1019 1638
160 104 52 26 156

409 113 57 20 ALL
487 113 56 20 FOR
563 111 107 22 GREED.

157 198 142 40 ignorant
310 209 8 30 ;
353 200 59 29 and
437 199 90 30 when
557 198 52 29 the
636 197 61 30 tale
724 206 61 20 was
816 196 107 38 ended,

156 269 38 30 he
214 269 118 30 rubbed
353 268 47 31 his
421 267 142 32 forehead
585 266 178 40 repeatedly
777 265 77 31 with
876 265 49 30 his

156 339 88 38 hand,
270 338 60 30 and
352 338 119 30 seemed
493 348 17 19 a
531 347 78 30 prey
632 338 32 28 to
680 346 83 20 some
785 335 140 41 hopeless

155 406 187 40 perplexity.

233 476 38 29 So
287 476 68 29 that
370 474 27 30 if
408 475 52 29 the
476 476 145 38 property
636 472 27 31 is
686 476 54 27 not
755 472 171 40 piu-chased

156 544 111 31 within
293 554 17 20 a
339 543 93 41 given
598 542 39 30 he
667 542 109 40 began,
839 542 87 30 there

157 614 99 40 might
282 614 96 29 result
408 624 17 18 a
454 612 130 40 positive
614 612 248 39 inconvenience,
865 630 37 4 —
902 622 24 19 -a

156 683 76 30 kind
258 683 33 30 of
314 683 140 38 obstacle,
459 701 42 3 —
501 685 32 27 to
559 682 53 30 the
636 681 233 31 establishment
896 681 31 31 of

156 752 226 29 Mademoiselle

236 821 29 30 A
301 820 76 30 kind
415 820 33 31 of
487 820 133 31 obstacle
637 820 7 31 !
723 820 114 31 echoed
873 821 53 30 the

156 889 139 30 Vicomte
308 899 7 30 ;
386 890 81 39 why,
499 889 27 30 it
554 890 104 30 would
691 890 39 29 be
759 890 82 39 ruin,
873 901 52 30 my

158 959 71 30 dear
255 957 166 40 Monsieur,
425 977 42 3 —
467 958 71 30 ruin
564 962 32 27 to
621 969 37 20 us
681 959 42 30 all
735 968 7 31 ;
778 959 47 30 for
851 960 76 29 such

157 1039 17 18 a
197 1027 80 40 parti
299 1038 32 19 as
354 1027 158 30 Monsieur
532 1028 37 29 de
586 1028 218 40 Champmorin
824 1028 27 31 is
873 1032 54 28 not

159 1100 31 26 to
205 1096 38 30 be
259 1096 96 30 found
369 1096 117 40 readily
501 1096 34 30 in
549 1097 53 30 the

201 1165 159 29 Monsieur
395 1165 37 29 de
466 1165 187 40 Verancour,
690 1166 64 31 like
790 1177 17 20 a
841 1171 88 37 great

159 1243 92 31 many
273 1233 106 40 people
402 1233 33 30 in
456 1233 48 31 his
525 1234 141 40 position,
684 1235 123 30 became
829 1247 99 29 press-

157 1302 54 40 ing
233 1302 53 30 the
301 1305 135 27 moment
457 1304 38 29 he
515 1304 61 29 had
592 1305 106 30 ceased
720 1308 32 28 to
767 1306 40 31 be
822 1317 105 31 super-

158 1370 107 31 ciUous
292 1372 60 30 and
378 1371 176 42 disdainful,
581 1375 61 29 and
667 1375 40 30 he
729 1386 62 21 was
814 1387 40 20 on
876 1378 53 30 the

161 1453 94 30 verge
271 1442 34 31 of
328 1442 163 43 becoming
506 1444 215 41 importunate.
767 1447 79 31 Now
863 1448 67 31 that
