1019 1638
160 104 52 27 272

410 112 59 20 ALL
489 111 57 21 FOR
565 111 108 21 GREED.

203 199 139 40 Scarcely
356 200 61 28 had
438 199 39 29 he
497 198 57 29 left
565 197 53 30 the
629 205 86 22 room
727 194 139 40 through
877 194 53 30 the

159 268 131 32 window
320 268 132 41 opening
482 278 40 20 on
551 267 53 30 the
633 268 129 37 terrace,
788 265 92 31 when
909 274 18 20 a

159 338 101 31 knock
276 349 83 19 came
381 340 32 27 at
434 338 53 29 the
510 337 82 29 door.
638 335 134 30 Vevette
795 333 126 39 started,

160 408 60 29 and
234 408 77 29 bade
332 407 54 30 the
408 406 109 31 visitor
542 408 96 35 enter,
655 404 79 31 with
759 414 19 20 a
802 403 128 40 beating

160 477 87 30 heart
272 476 61 30 and
363 476 164 40 quivering
552 475 95 30 voice.
695 474 33 29 It
752 484 64 21 was
842 473 88 30 Mere

160 546 141 30 Jubine's
337 545 136 30 Louison
504 544 79 32 with
623 554 17 20 a
676 543 92 31 letter
808 542 34 31 in
878 543 55 30 her

160 617 91 30 hand.
314 616 60 31 She
399 615 147 31 tendered
572 614 26 31 it
631 617 32 28 to
693 614 134 31 Vevette
856 613 77 31 with

160 697 18 19 a
204 689 132 37 curtsey,
368 685 110 41 saying
503 685 27 30 it
565 695 64 21 was
657 685 80 29 from
773 683 160 30 Monsieur

161 755 135 30 Richard
330 756 139 29 Prevost.
534 755 106 30 When
669 754 118 41 opened
817 754 25 30 it
871 764 62 21 was

162 826 96 30 found
283 828 32 28 to
346 825 123 31 contain
492 825 128 30 another
646 825 100 38 letter,
772 824 162 30 addressed

161 897 32 28 to
221 894 122 40 Felicie,
375 895 61 29 and
462 905 18 19 a
505 895 59 30 few
590 894 78 30 hnes
690 894 44 40 by
758 894 103 31 which
882 894 52 29 the

163 974 140 31 younger
336 963 89 31 sister
454 974 64 21 was
548 964 131 40 humbly
712 964 163 39 requested
903 967 32 27 to

164 1033 117 30 deliver
305 1033 54 30 the
392 1033 158 30 enclosure
580 1036 33 27 to
642 1033 54 30 the
731 1034 92 30 elder.
904 1033 32 31 It

380 1102 148 31 observed
541 1103 55 30 the
610 1103 113 40 writer,
776 1114 40 19 an
835 1106 49 28 act
906 1104 32 30 of

165 1171 119 40 charity
299 1172 6 30 !

241 1241 33 30 Is
314 1241 159 30 Monsieur
519 1242 135 31 Richard
705 1243 35 30 ill
753 1243 14 31 ?
843 1243 94 31 asked

165 1310 141 33 Vevette.
352 1312 64 30 The
439 1312 60 41 girl
519 1313 66 30 said
607 1314 54 29 she
684 1314 53 30 did
758 1317 55 28 not
834 1315 100 38 know,

165 1381 58 30 but
262 1381 53 30 did
351 1384 55 28 not
435 1382 93 31 think
567 1383 40 30 he
635 1394 64 20 was
739 1384 199 42 particularly

167 1453 106 37 strong
298 1450 33 30 in
353 1451 63 30 this
438 1452 92 39 damp
552 1453 144 38 weather,
715 1453 58 31 but
795 1455 68 30 that
886 1455 52 30 she
