1019 1638
224 98 77 21 POOR
321 98 155 21 MONSIEUR
495 93 161 26 RICHARD'S
674 100 115 19 RICHES.

845 92 51 27 115

133 186 108 36 cutter,
279 185 81 40 why,
397 186 52 29 the
484 186 187 30 woodcutter
704 186 61 29 had
798 189 32 27 to
859 187 38 29 be

133 253 144 30 released.
325 254 38 30 So
379 265 56 20 one
450 254 60 31 fine
526 255 60 41 day
601 255 50 30 old
670 255 131 40 Prosper
815 259 82 27 went

131 321 80 31 back
233 325 31 27 to
279 323 49 29 his
349 324 67 38 hut,
434 325 60 28 and
512 325 226 29 recommenced
758 325 49 29 his
827 336 69 19 avo-

132 391 125 31 cations.
304 392 65 31 But
398 403 32 20 so
456 393 147 39 repeUent
628 404 63 20 was
720 394 52 30 the
801 395 96 29 man's

132 463 118 36 nature,
275 461 68 29 that
368 461 52 29 the
449 461 115 39 having
592 461 79 29 been
697 472 16 18 a
735 462 105 29 victim
866 465 31 27 to

132 540 18 18 a
172 529 75 30 false
270 529 174 31 accusation
466 529 53 31 did
540 533 54 27 not
615 530 88 30 make
729 530 65 31 him
818 531 78 31 inte-

132 597 127 40 resting.
305 598 60 30 His
387 598 163 30 innocence
565 609 62 20 was
641 600 115 39 proved
777 600 120 40 beyond

132 667 41 29 all
189 667 105 39 doubt,
312 670 53 37 yet
380 667 107 39 people
503 667 140 30 shunned
657 667 64 30 him
736 678 32 20 as
783 668 111 39 before,

133 736 60 30 and
207 736 39 30 he
261 736 51 30 led
327 747 17 19 a
360 736 126 39 solitary
497 736 53 30 Use
566 747 41 28 up
623 736 33 30 in
669 737 49 29 his
733 738 109 29 woods.

175 805 64 29 The
270 815 68 19 sum
367 805 34 29 of
433 805 94 39 ready
564 815 110 29 money
703 805 98 30 stolen
836 816 61 21 was

131 873 104 38 found,
254 883 32 20 as
305 872 107 41 nearly
428 883 32 19 as
482 883 60 30 any
558 873 215 39 retrospective
799 875 97 30 calcu-

130 942 96 29 lation
249 942 89 29 could
360 941 38 30 be
424 942 96 38 made,
537 943 32 28 to
596 946 124 26 amount
746 945 31 27 to
803 943 92 30 about

128 1010 107 31 fifteen
260 1010 153 30 thousand
437 1009 100 30 francs
538 1029 43 3 —
581 1010 60 31 five
666 1010 152 31 thousand
837 1012 59 30 and

129 1081 60 30 odd
215 1081 156 29 hundreds
398 1080 33 29 in
456 1080 73 40 gold
554 1080 60 29 and
640 1080 101 39 sUver,
758 1081 60 29 and
843 1081 52 30 the

128 1153 62 28 rest
205 1150 33 30 in
253 1153 96 28 notes.
394 1150 65 30 The
475 1149 144 31 numbers
635 1149 33 31 of
686 1149 41 31 all
742 1150 52 30 the
809 1153 86 27 notes

128 1220 61 29 had
204 1223 54 26 not
281 1219 180 40 apparently
476 1219 78 29 been
579 1219 101 39 taken,
699 1219 148 39 although
862 1219 33 28 in

129 1299 18 19 a
172 1287 81 31 Uttle
287 1287 64 31 side
385 1288 117 31 drawer
535 1287 34 30 of
598 1286 117 31 Martin
740 1287 137 30 Prevost'
881 1298 14 19 s

128 1357 214 30 bureau-table
367 1367 63 20 was
459 1356 104 39 found,
591 1355 78 31 with
692 1356 52 29 the
771 1356 68 29 date
866 1355 32 31 of

130 1427 56 30 8th
209 1425 132 31 October
365 1425 124 32 written
515 1435 39 20 on
580 1424 34 39 it,
631 1435 17 19 a
664 1424 57 39 slip
748 1424 33 30 of
802 1435 93 28 paper
