1019 1638
141 89 33 26 38

393 96 58 19 ALL
471 95 58 20 FOR
549 92 110 22 GREED.

139 194 39 19 on
201 194 77 29 your
300 182 182 39 discretion;
514 180 87 30 these
624 177 107 40 things
753 178 85 28 must
860 177 54 28 not

140 254 38 29 be
207 253 105 30 talked
342 252 94 30 about
466 250 49 30 till
544 249 76 38 they
652 257 50 20 are
740 244 174 40 absolutely

320 392 63 30 this
413 390 26 31 is
476 392 55 28 not
567 387 175 41 absolutely

143 462 99 31 added
257 461 51 30 old
330 461 140 38 Prevost,
488 459 68 29 half
575 455 266 42 interrogatively,
859 455 59 30 and

143 532 101 39 fixing
272 530 50 30 his
355 533 62 27 two
449 527 88 32 small
566 527 81 30 keen
684 536 73 31 eyes
795 536 40 19 on
869 524 49 31 his

144 601 117 29 visitor.

221 669 93 39 Well,
318 687 43 4 —
361 679 18 19 a
394 667 151 41 marriage
569 667 27 30 is
613 667 73 40 only
703 665 112 31 settled
830 665 89 31 when

145 741 52 30 the
227 740 101 30 bridal
356 750 81 20 mass
467 738 26 31 is
720 737 119 41 replied
867 737 52 30 the

145 810 150 37 Vicomte,
314 808 165 39 evasively.

224 874 159 30 Monsieur
414 874 37 29 de
482 872 220 41 Champmorin
737 872 56 30 has
823 870 99 42 thirty

147 938 153 31 thousand
337 938 100 30 francs
467 948 18 19 a
521 947 74 31 year
758 936 166 31 continued

149 1007 118 30 Martin
289 1007 139 39 Prevost,
446 1009 55 28 not
524 1006 166 40 unloosing
713 1007 50 30 his
786 1006 138 41 piercing

151 1086 72 29 gaze
245 1075 78 30 from
345 1075 49 30 his
416 1075 136 31 hearer's
575 1078 218 29 countenance.
874 1075 50 32 He

151 1145 65 30 will
239 1145 78 30 have
344 1147 32 28 at
398 1145 50 30 his
471 1145 117 31 uncle's
611 1146 93 30 death
731 1157 17 20 a
775 1146 96 31 house
893 1146 34 31 in

151 1214 97 38 Paris,
266 1214 33 30 in
320 1214 53 31 the
395 1214 255 41 neighbourhood
670 1216 34 30 of
723 1217 53 29 the
793 1216 134 31 General

153 1284 75 30 Post
257 1283 104 39 Office,
401 1284 68 30 that
505 1284 66 32 will
609 1285 72 40 give
718 1286 71 33 him.
821 1286 107 31 fifteen

153 1354 152 29 thousand
328 1353 100 30 francs
450 1364 93 29 more,
560 1355 131 30 because
710 1355 70 31 that
801 1356 40 31 he
863 1355 65 33 will

155 1422 102 31 divide
272 1422 78 31 with
371 1422 49 30 his
443 1422 89 31 sister
543 1433 6 29 ;
584 1424 53 31 the
660 1426 91 29 uncle
774 1426 103 32 leaves
896 1429 32 28 to
