1019 1638
130 93 52 26 278

383 99 58 21 ALL
461 98 58 22 FOR
540 95 107 23 GREED.

131 188 103 31 would
249 187 40 30 sit
304 186 134 40 intently
454 183 111 41 gazing
580 184 32 28 at
633 181 53 30 the
701 179 110 40 image,
829 178 76 31 with

132 269 16 19 a
170 257 72 30 look
256 257 68 30 that
345 266 63 21 was
430 256 55 28 not
508 252 97 41 easdy
622 249 161 33 definable.
829 248 76 30 Was

131 327 24 30 it
171 338 91 28 envy,
278 337 33 18 or
327 335 64 20 was
406 324 26 30 it
447 323 118 40 merely
580 321 150 40 curiosity
742 320 14 30 ?

176 396 120 39 Except
321 395 47 30 for
393 394 53 30 the
471 393 125 39 powder
621 390 102 31 which
750 387 159 42 disguised

134 465 53 30 the
212 475 91 29 wavy
319 464 144 29 chestnut
487 460 77 40 hair,
568 479 43 3 —
611 460 68 30 that
705 459 95 39 thick,
818 460 89 28 natu-

134 534 80 40 rally
243 532 130 40 curling,
405 532 113 30 blonde
553 531 110 30 cendre
698 529 76 39 hair,
807 528 103 31 which

136 602 114 30 Felicie
273 602 124 29 dressed
424 611 32 19 so
485 599 198 41 exquisitely,
687 617 42 3 —
731 599 110 38 except
863 597 47 30 for

135 671 76 38 that,
232 669 185 41 everything
439 680 63 20 was
524 669 81 29 alike
628 668 33 30 in
682 668 54 30 the
758 669 51 28 too
832 667 76 30 cele-

135 740 109 29 brated
259 739 88 40 Lady
364 738 33 30 of
409 738 181 30 Verancour
612 737 61 30 and
694 737 56 30 her
766 737 144 30 descend-

137 810 52 28 ant
202 818 7 20 :
241 808 53 30 the
319 818 81 20 same
424 807 86 38 calm,
537 806 81 30 satin
642 806 78 39 skin,
747 806 77 31 with
847 806 64 41 just

137 878 122 39 enough
290 877 34 30 of
350 876 129 31 delicate
509 876 104 30 colour
650 879 32 27 to
712 879 130 37 prevent
872 875 39 31 its

136 946 94 40 being
253 946 69 40 pale
334 956 6 29 ;
364 946 53 30 the
442 956 82 20 same
548 945 89 31 small
661 956 82 28 nose,
768 945 77 32 with
872 945 39 31 its

137 1017 194 37 transparent
345 1015 125 30 nostrils
482 1024 7 30 ;
513 1015 53 30 the
584 1025 81 20 same
688 1015 223 41 finely-arched

138 1084 166 40 eyebrows,
333 1084 61 29 and
424 1083 159 41 strangely
614 1083 186 41 fascinating
831 1084 80 40 light

136 1154 85 29 hazel
246 1164 71 30 eyes
331 1163 6 29 ;
372 1154 52 29 the
452 1163 82 20 same
535 1172 43 3 —
578 1163 40 20 no
632 1154 6 29 !
667 1155 56 28 not
749 1153 85 40 quite
858 1154 53 29 the

137 1232 82 19 same
234 1221 116 30 mouth.
404 1221 65 30 The
494 1221 96 40 epoch
612 1222 62 30 had
690 1224 46 29 set
758 1222 41 31 its
815 1225 96 38 stamp

136 1290 96 38 there,
259 1290 60 30 and
341 1290 154 31 Lauzun's
520 1290 138 31 mistress
682 1292 62 29 had
767 1292 54 29 the
846 1292 65 30 rich

136 1359 246 30 full-blossomed
419 1359 59 39 lips
514 1359 69 31 that
615 1361 132 39 perhaps
778 1361 133 30 excused

137 1427 173 40 something
327 1431 54 27 out
397 1428 34 31 of
443 1429 93 30 much
551 1429 69 30 that
634 1430 77 39 they
727 1429 166 40 explained
905 1439 6 30 ;
