1019 1638
151 97 52 27 184

400 109 58 19 ALL
478 108 57 20 FOR
555 105 107 22 GREED.

193 195 31 31 It
240 195 25 30 is
282 206 17 19 a
315 196 108 40 dreary
439 195 61 30 and
515 192 228 31 unwholesome
763 188 156 32 existence

149 264 64 30 this
239 264 33 30 of
298 264 87 31 small
411 261 169 42 provincial
606 263 100 28 towns
732 259 33 29 in
792 259 125 29 France.

148 333 120 31 Devoid
291 334 34 30 of
343 334 41 30 all
399 333 68 30 that
483 332 141 37 elevates,
643 330 25 29 it
684 328 142 31 detaches
848 337 72 20 man

149 403 77 30 from
255 402 140 39 himself;
398 421 41 3 —
440 400 133 40 flinging
603 399 73 37 him,
710 408 33 20 as
772 397 26 30 it
827 408 89 27 were,

150 483 85 30 away
266 472 65 30 into
365 482 81 20 some
483 472 70 29 vast
585 469 129 30 interest
748 479 33 19 or
819 478 97 27 cause,

149 542 60 30 and
241 541 131 40 pinning
404 540 64 30 him
502 540 90 29 down
615 541 31 27 to
684 538 41 30 all
751 537 49 30 his
827 537 93 31 lower

150 614 96 27 wants
279 611 61 29 and
365 609 150 38 instincts,
550 607 178 41 paralysing
752 607 48 29 his
824 606 94 38 mind,

152 680 111 41 drying
278 690 42 29 up
335 679 49 30 his
399 679 87 30 heart
499 689 6 29 ;
530 678 69 39 and,
603 697 42 3 —
646 678 47 29 far
715 678 77 29 from
809 677 110 40 guard-

151 750 54 39 ing
240 749 65 29 him
343 748 78 30 from
456 748 76 39 vice,
537 767 42 2 —
581 748 73 40 only
691 746 127 40 making
854 745 66 32 vice

151 819 86 30 itself
260 828 96 21 worse
381 818 43 41 by
450 817 127 40 making
603 816 25 31 it
654 827 83 20 more
764 819 111 27 matter
891 816 32 30 of

151 888 68 28 fact.

197 957 33 30 If
249 957 52 30 the
324 956 80 30 little
427 959 84 27 town
532 955 33 31 of
584 956 29 29 D
715 955 61 30 had
798 955 61 30 had
881 954 41 31 all

152 1026 39 29 its
214 1026 110 29 houses
346 1025 157 39 unroofed,
529 1026 60 28 and
611 1024 82 30 their
721 1026 112 28 secrets
860 1024 61 30 laid

153 1095 71 30 bare
253 1094 42 41 by
326 1104 18 20 a
404 1094 100 30 diable
726 1105 64 31 you
819 1095 103 30 would

154 1164 77 30 have
248 1164 174 29 shuddered
436 1167 31 26 to
483 1164 66 30 find
571 1164 70 31 how
656 1164 93 30 much
771 1175 84 20 more
872 1165 50 30 de-

155 1233 113 40 graded
284 1233 52 30 the
351 1233 116 30 human
489 1234 115 40 species
619 1245 63 20 was
698 1235 86 29 there
799 1236 77 29 than
892 1235 32 30 in

153 1302 53 30 the
228 1302 101 40 larger
351 1306 103 27 centre
478 1303 33 30 of
531 1304 53 30 the
608 1304 111 40 capital
741 1304 101 40 itself;
877 1304 48 31 for

154 1382 62 31 you
231 1372 103 30 would
356 1372 77 30 have
456 1373 97 30 found
575 1374 41 29 all
638 1374 53 30 the
714 1374 95 31 levels
832 1374 92 30 much

155 1442 101 38 lower,
283 1442 59 30 and
367 1442 40 30 all
437 1443 52 30 the
520 1443 63 30 sins
610 1444 33 29 of
671 1445 170 39 sensuality
865 1446 60 29 and
