1019 1638
143 112 53 26 236

394 120 57 19 ALL
471 119 58 20 FOR
548 119 107 20 GREED.

394 206 175 40 something
599 205 33 30 of
662 205 53 30 the
745 206 79 28 most
853 202 56 31 im-

143 276 132 39 possible
311 276 76 30 kind
424 274 173 41 invariably
628 274 145 30 occurred
809 273 102 30 which

144 346 113 29 dashed
282 346 41 29 all
352 345 53 30 the
436 343 170 41 seemingly
633 353 32 20 so
690 342 221 31 well-founded

144 415 93 39 hopes
259 417 31 28 to
309 414 54 30 the
384 413 129 40 ground.
558 412 99 30 There
679 422 63 21 was
766 412 73 40 only
855 422 56 19 one

144 484 106 38 simple
288 483 156 40 operation
480 483 67 29 that
585 481 160 30 Monsieur
778 481 134 30 Richard

143 564 93 19 never
265 553 148 40 proposed
425 561 7 31 ;
460 553 61 29 and
546 552 68 30 that
643 561 64 21 was
732 553 32 28 to
792 550 119 40 dispose

145 623 33 30 of
197 633 60 30 any
273 622 157 30 securities
453 622 33 30 of
505 622 48 29 his
575 630 69 22 own
659 623 31 28 at
706 632 18 18 a
740 622 86 38 great
840 621 70 37 loss,

145 692 60 29 and
233 691 92 40 bring
354 692 52 29 the
436 691 144 39 proceeds
609 693 32 28 to
679 691 53 30 the
762 689 149 32 Vicomte.

144 761 51 30 No
210 761 6 30 !
240 761 25 30 it
280 771 63 21 was
364 761 113 41 always
493 771 18 20 a
526 760 142 40 question
685 760 33 30 of

145 832 53 29 the
218 841 110 30 money
344 831 78 29 from
448 841 82 19 some
553 841 57 19 one
633 831 70 38 else,
722 831 60 29 and
804 830 33 29 in
851 830 63 30 this

145 899 186 31 transaction
354 899 160 31 Monsieur
537 899 135 31 Richard
696 910 62 21 was
786 901 128 29 doomed

145 971 32 28 to
192 970 158 38 perpetual
371 969 267 39 disappointment.
684 970 46 29 As
746 972 31 28 to
793 970 122 41 buying

145 1038 54 31 the
256 1038 137 31 Grandes
623 1050 32 19 as
674 1039 49 30 his
741 1041 91 28 uncle
854 1041 61 29 had

145 1108 79 29 been
248 1108 94 40 ready
356 1111 31 27 to
411 1108 47 38 do,
483 1109 68 30 that
573 1119 62 21 was
662 1110 118 40 utterly
804 1113 54 27 out
885 1110 33 30 of

147 1178 53 29 the
230 1177 148 40 question.
432 1178 159 31 Monsieur
621 1179 136 31 Richard
785 1180 62 30 had
876 1191 40 20 no

146 1247 95 41 ready
275 1258 111 30 money
400 1257 7 30 ;
446 1248 184 41 everything
667 1260 62 20 was
767 1250 150 30 absorbed

147 1317 42 39 by
218 1316 63 30 this
310 1317 148 39 purchase
496 1318 34 29 of
562 1318 54 30 the
647 1318 269 33 Chateaubreville

149 1387 103 26 estate.

226 1455 31 29 It
276 1454 27 30 is
323 1466 17 19 a
359 1466 77 31 very
451 1456 101 42 heavy
852 1459 65 31 said
