1019 1638
806 99 52 28 285

266 107 21 20 A
306 107 144 20 PRUDENT
470 107 108 20 YOUNG
597 108 88 19 LADY.

135 190 136 32 Vevette
285 193 111 30 looked
415 204 43 29 up
473 194 78 29 from
565 194 55 29 her
635 196 136 37 tapestry
786 193 75 30 with

95 265 195 26 amazement.

172 330 39 30 In
227 331 87 30 Paris
381 333 112 29 echoed
508 333 52 29 the
575 332 148 30 Vicomte.

96 398 152 40 probably
263 409 42 29 so,
324 400 185 40 everything
524 411 101 29 passes
647 400 164 31 unnoticed
832 400 32 30 in

97 467 97 39 Paris,
220 478 33 20 as
283 468 33 30 in
345 470 41 28 all
416 472 87 37 great
531 473 117 27 centres
661 480 7 29 ;
702 470 56 30 but
783 471 81 30 what

100 537 122 39 earthly
248 537 112 30 chance
387 538 64 31 will
480 539 86 29 there
590 549 71 20 ever
683 538 38 31 be
751 538 34 31 of
811 549 53 20 our

100 605 94 40 being
210 605 67 31 able
293 609 32 27 to
341 609 52 36 get
408 609 32 27 to
455 606 87 30 Paris

144 675 99 29 There
265 686 62 19 was
343 686 17 18 a
375 686 93 28 pause
492 675 34 30 of
538 686 17 19 a
570 675 58 31 few
652 676 132 38 seconds,
809 676 59 29 and

101 744 77 30 then
208 744 114 30 Felicie
352 745 149 37 resumed,
533 744 33 30 in
595 755 18 19 a
641 747 71 27 tone
741 745 33 29 of
807 744 60 30 dis-

104 815 225 37 couragement,
373 813 77 30 after
498 813 122 39 musing
665 813 46 29 for
755 823 16 19 a
811 813 58 30 few

105 885 159 34 moments,
401 882 38 30 be
470 892 68 19 sure
552 890 7 30 ;
597 881 25 30 it
652 881 26 30 is
707 881 67 30 that
802 891 66 29 per-

104 951 105 39 petual
238 953 83 28 want
351 951 34 29 of
410 961 110 29 money
533 951 6 29 !
595 950 59 29 and
682 950 75 29 then
785 950 84 29 there

106 1031 83 18 came
212 1020 129 29 another
363 1019 120 30 sdence.

183 1089 89 39 Why
301 1088 26 29 is
444 1087 94 30 asked
566 1087 141 38 Vevette,
738 1086 130 40 timidly,

141 1159 68 29 that
229 1168 32 20 so
277 1158 93 29 much
392 1167 82 20 more
489 1167 111 29 money
615 1167 95 19 seems
732 1155 141 39 required

107 1227 48 30 for
184 1230 62 27 two
276 1226 107 40 people
418 1228 31 27 to
479 1226 61 29 live
570 1236 83 28 upon
681 1225 89 30 when
798 1225 75 39 they

108 1307 103 29 marry
241 1295 76 30 than
347 1294 74 29 each
449 1294 104 30 would
581 1294 65 28 find
681 1303 82 19 more
799 1293 74 29 than

109 1365 155 31 sufficient
278 1363 28 30 if
317 1363 76 40 they
409 1361 155 31 remained
579 1361 98 40 single
688 1361 14 30 ?
730 1360 31 31 A
776 1360 97 40 single

109 1445 71 20 man
196 1444 56 20 can
267 1433 62 30 live
352 1443 40 19 on
406 1442 76 28 very
504 1431 89 38 little,
612 1442 17 18 a
644 1431 97 39 single
757 1441 116 19 woman
