1019 1638
155 99 34 25 36

408 107 58 20 ALL
487 107 58 20 FOR
565 105 108 21 GREED.

154 193 47 30 his
216 194 98 29 hands
328 204 81 20 were
423 193 86 40 ugly,
525 192 61 30 and
600 191 53 30 the
668 189 80 30 nails
763 190 55 28 not
830 187 96 31 clean.

154 262 60 31 His
230 263 84 30 dress
329 272 63 21 was
407 260 149 41 slovenly,
574 260 61 29 and
649 259 40 30 he
704 258 112 31 looked
830 257 65 31 like
911 268 16 20 a

153 343 70 19 man
244 333 70 29 who
339 332 76 29 used
438 330 49 30 his
514 329 91 30 limbs
628 339 18 20 a
668 328 80 40 good
771 327 77 39 deal,
867 327 60 30 and

152 401 83 31 lived
250 401 93 30 much
365 400 33 30 in
420 400 54 31 the
491 410 79 29 open
592 398 46 30 air
653 398 33 29 in
709 398 42 29 all
766 397 160 31 weathers.

151 470 60 30 His
227 481 55 27 age
298 480 61 20 was
375 471 54 28 not
443 469 93 29 much
551 471 69 37 past
635 467 80 41 fifty.

192 539 148 30 Between
365 538 87 30 these
475 541 62 28 two
562 548 80 28 men,
669 547 58 20 one
751 537 89 29 made
865 537 59 30 and

149 609 52 30 the
217 609 87 29 other
319 608 119 29 marred
453 608 43 39 by
512 608 61 38 '89,
591 617 63 21 was
669 607 88 30 there
772 607 76 30 then
863 617 61 30 any

151 677 162 31 difference
328 680 32 27 at
376 676 41 31 all
429 677 13 30 ?
488 676 88 31 More
598 676 77 31 than
696 686 65 31 you
783 687 139 30 suppose,

149 747 56 30 but
228 747 85 39 quite
337 747 87 30 other
445 747 77 30 than
543 757 65 30 you
629 746 101 31 think.
788 747 61 30 For
870 747 53 30 the

149 820 131 37 present,
306 828 47 20 we
376 817 66 32 wiU
468 828 39 29 go
533 828 39 19 no
597 817 121 30 further
741 817 77 30 than
841 828 82 19 mere

149 898 133 19 manner.
328 887 47 31 As
389 888 76 40 they
481 890 48 28 sat
543 888 88 30 there
647 888 138 40 opposite
801 891 33 27 to
850 889 74 30 each

149 957 94 38 other,
271 957 116 30 Martin
413 957 131 30 Prevost
571 958 122 30 seemed
722 962 32 27 to
780 959 80 31 have
889 958 33 31 in

148 1037 92 29 many
254 1029 134 37 respects
403 1027 53 29 the
472 1028 173 40 advantage
661 1028 35 30 of
707 1028 53 31 the
775 1032 71 36 two,
864 1029 58 31 but

146 1095 38 30 he
199 1095 109 31 lacked
323 1106 56 20 one
398 1096 92 41 thing
504 1097 104 31 which
623 1099 53 29 the
691 1099 143 31 Vicomte
849 1100 69 39 had,

147 1166 59 28 and
221 1166 68 29 that
304 1176 57 19 one
376 1166 91 39 thing
481 1177 65 21 was
561 1178 77 20 ease.

188 1233 90 31 After
307 1234 117 41 having
453 1236 173 31 exhausted
655 1238 54 30 the
740 1238 120 42 subject
890 1240 32 30 of

146 1314 87 29 pears
243 1313 8 30 ;
253 1322 42 3 —
297 1304 51 29 old
362 1305 131 31 Prevost
508 1316 63 21 was
587 1317 18 20 a
626 1318 74 30 pear
715 1308 125 41 fancier,
859 1310 61 29 ancl

144 1373 53 30 the
213 1373 127 31 orchard
355 1376 32 28 at
409 1374 52 30 the
478 1374 139 32 Chateau
632 1387 64 22 was
718 1380 155 40 supposed
888 1382 31 28 to

143 1454 118 28 possess
288 1454 82 20 some
385 1445 206 42 wonderfully
607 1447 61 31 fine
692 1448 173 39 specimens
889 1451 33 30 of
