1019 1638
150 104 50 25 174

397 111 56 19 ALL
474 110 56 20 FOR
550 108 107 21 GREED.

149 197 44 31 for
218 198 52 29 the
299 197 94 30 house
419 206 62 21 was
507 194 129 39 terribly
663 193 99 38 damp,
787 190 60 31 and
872 190 39 30 he

149 267 88 31 could
258 270 54 27 not
334 266 96 30 afford
451 267 31 27 to
505 273 94 21 warm
621 261 34 39 it,
679 260 121 31 neither
822 260 91 29 could

149 337 38 29 he
202 336 96 30 afford
313 335 79 41 good
405 334 80 31 wine
505 336 31 27 to
559 332 81 39 light
662 341 42 29 up
719 330 54 30 the
788 329 71 30 fires
881 328 33 30 in

149 405 47 31 his
223 416 68 20 own
315 404 106 40 bodily
448 405 115 38 system
576 411 7 30 ;
618 400 61 31 and
705 410 32 20 so
763 399 39 30 he
829 409 84 29 grew

149 474 167 30 rheumatic
353 473 60 30 and
448 481 126 21 morose.
641 470 99 29 There
776 479 63 20 was
875 478 39 20 no

149 554 110 30 money
273 546 32 27 to
327 553 59 29 pay
403 542 46 29 for
464 539 160 42 anything,
642 539 60 30 and
724 538 53 30 the
800 538 29 29 D

150 612 207 40 tradespeople
379 621 79 20 were
486 609 149 40 eternally
658 607 190 40 clamouring
870 608 46 29 for

151 682 52 29 the
225 682 145 39 payment
392 680 33 29 of
443 679 81 30 their
540 678 86 30 small
648 677 81 31 bills.
775 677 32 30 It
822 687 61 21 was
899 688 17 19 a

152 751 153 30 wretched
346 752 77 27 state
460 749 34 30 of
534 747 163 38 existence,
738 748 60 29 and
839 750 77 27 most

153 819 153 31 wretched
322 818 53 31 did
391 818 50 31 old
456 818 145 31 Morville
616 818 65 29 find
696 817 33 30 it.

196 889 46 29 As
263 891 32 27 to
318 888 107 38 Raoul,
451 888 52 30 the
533 888 63 29 real
618 887 122 41 misery,
765 887 151 37 however,

154 968 61 21 was
231 957 46 30 for
292 957 72 38 him,
382 957 70 31 who
467 957 60 29 had
541 967 94 20 never
650 959 54 37 yet
719 955 198 40 complained.

155 1026 50 30 He
232 1026 135 30 attained
392 1026 52 30 the
471 1036 56 29 age
554 1025 34 30 of
602 1028 212 37 .twenty-two,
843 1024 77 31 with

156 1094 236 40 comparatively
420 1105 39 19 no
490 1094 161 30 education
685 1096 31 27 at
746 1094 49 29 all.
856 1094 65 29 But

155 1164 72 29 here
242 1164 118 29 Nature
376 1164 212 39 compensated
603 1163 46 31 for
664 1163 42 31 all
721 1163 199 31 deficiencies.

158 1232 63 30 The
237 1232 87 41 boy's
340 1232 137 40 energies
492 1243 80 21 were
588 1243 32 20 so
643 1244 75 27 rare,
736 1233 49 31 his
807 1233 115 31 intelli-

159 1312 93 29 gence
274 1312 63 20 was
359 1312 33 20 so
414 1302 114 40 bright,
553 1303 49 29 his
625 1303 98 30 desire
745 1305 32 28 to
800 1304 123 39 acquire

159 1371 180 40 knowledge
366 1381 31 20 so
429 1372 106 41 steady
563 1373 60 30 and
649 1376 114 38 strong,
792 1374 69 29 that
886 1374 38 29 he

160 1442 149 39 managed
331 1444 31 27 to
391 1452 103 29 scrape
522 1442 142 39 together
685 1453 40 20 an
747 1447 126 27 amount
896 1444 32 30 of
