1019 1638
247 80 120 20 MARTIN
389 71 160 30 PREVOST'S
569 80 158 20 AMBITION.

829 72 34 26 73

97 164 34 30 of
151 165 54 30 the
227 165 131 32 Prevost
378 166 94 40 stock,
489 166 39 31 he
543 165 103 33 would
668 176 94 20 never
784 166 79 30 have

96 234 116 31 known
234 236 71 30 how
320 239 30 27 to
367 237 88 29 make
480 237 53 29 the
555 236 136 30 fortunes
713 236 75 40 they
803 236 60 30 had

97 303 98 31 made.
240 305 50 30 No
301 314 7 30 ;
333 305 71 39 stiff,
419 305 89 40 sharp
524 305 51 30 old
588 304 117 31 Martin
721 305 139 38 Prevost,

97 383 33 19 as
145 373 40 29 he
201 376 47 27 sat
262 374 95 39 there,
373 374 261 40 straight-hacked
653 375 60 29 and
732 374 41 29 all
793 374 34 30 of
846 385 17 19 a

96 441 96 40 piece,
210 452 63 21 was
293 443 53 30 the
362 442 124 32 evident
501 442 137 42 superior
653 443 34 30 of
704 443 68 30 that
792 443 70 30 fair-

97 511 116 40 haired,
246 512 208 39 round-faced,
487 512 127 30 delicate
647 523 105 29 young
781 523 80 18 man.

99 581 65 30 But
190 581 76 30 then
290 581 63 30 this
368 581 27 30 is
415 592 17 19 a
447 582 181 39 degenerate
644 591 65 30 age,
727 581 60 30 and
809 581 53 30 the

98 661 112 29 money
224 650 116 40 having
355 651 78 29 been
450 651 87 29 made
551 651 43 39 by
608 650 97 39 wiser,
724 653 139 37 stronger

99 729 79 28 men,
207 719 25 30 it
246 730 63 20 was
335 720 123 39 enough
472 720 67 30 that
564 719 52 30 the
635 718 148 31 mediocre
805 719 57 30 but

98 788 87 40 truly
214 788 128 29 amiable
379 788 148 29 inheritor
556 788 34 29 of
622 787 26 30 it
676 787 41 30 all
752 787 109 30 should

97 856 89 31 make
202 867 18 20 a
234 857 80 39 good
328 867 55 20 use
399 856 34 31 of
448 856 25 31 it
483 866 7 30 ;
493 875 42 3 —
536 857 60 29 and
613 856 68 30 that
703 855 157 31 Monsieur

96 926 135 29 Richard
246 925 212 39 undoubtedly
472 925 103 31 would
590 926 47 29 do.

168 995 81 31 Now
263 995 68 30 that
354 995 17 29 I
388 995 79 30 have
482 994 94 40 given
589 1005 63 29 you
666 996 79 28 most
760 993 33 31 of
804 993 53 30 the

93 1075 160 29 necessary
269 1064 109 30 detaUs
401 1065 93 29 about
516 1075 78 29 your
618 1066 68 38 stay
701 1064 33 29 in
759 1063 97 39 Paris,

92 1134 61 30 and
189 1134 53 30 the
271 1133 151 41 principal
457 1132 115 31 friends
601 1143 64 31 you
693 1132 64 32 will
792 1132 65 30 find

228 1203 66 30 said
317 1203 50 29 old
390 1203 138 39 Prevost,
547 1201 180 41 continuing
748 1212 17 19 a
787 1212 69 19 con-

91 1273 155 31 versation
271 1273 104 40 begun
397 1283 81 20 some
500 1272 68 30 half
579 1282 40 20 an
639 1271 78 31 hour
743 1271 110 38 before,

173 1342 27 32 is
223 1353 161 30 necessary
399 1342 67 30 that
489 1342 16 29 I
529 1341 110 30 should
660 1341 112 29 inform
793 1350 63 30 you

90 1413 34 31 of
135 1413 83 32 what
234 1423 52 29 my
301 1412 88 40 plans
404 1412 46 29 for
465 1422 78 30 your
557 1411 104 30 future
