1019 1638
114 93 51 25 292

365 100 58 19 ALL
443 99 58 20 FOR
520 97 108 22 GREED.

112 187 48 29 his
190 187 108 40 might.
505 183 123 39 Felicie,
666 182 84 41 you!
810 181 72 30 You

112 256 102 31 would
229 266 103 29 marry
348 254 159 31 Monsieur
522 252 136 31 Richard
669 252 13 31 ?

242 326 26 29 is
283 325 160 30 Monsieur
465 323 137 31 Richard
617 322 69 32 who
702 321 105 31 would
830 323 53 27 not

111 405 102 30 marry
235 405 58 29 me,
451 393 53 30 she
526 392 120 40 replied
668 392 78 31 with
769 392 112 39 imper-

111 465 142 28 turbable
268 464 156 29 calmness.

188 534 72 30 You
274 533 104 31 would
394 536 126 28 consent
543 536 31 27 to
593 532 38 30 be
647 532 144 30 Madame
807 532 74 30 Pre-

237 603 165 31 continued
428 603 55 30 her
506 603 109 38 father,
641 602 179 39 unheeding
842 603 40 28 all

112 673 230 39 interruptions.

438 742 158 31 answered
611 741 64 39 she,
692 741 33 31 in
741 752 17 19 a
774 741 110 30 milder

112 816 82 35 tone,
220 812 61 30 and
304 812 77 31 with
411 823 78 19 even
515 822 83 20 more
629 812 149 30 calmness
808 811 76 29 than

112 882 104 30 before
228 891 6 29 ;
289 881 58 31 but
371 881 17 30 I
412 881 104 31 would
542 884 127 27 consent
694 884 32 27 to
751 880 38 31 be
816 881 65 29 Ma-

113 952 87 29 dame
230 951 37 30 de
293 951 269 30 ChateaubreviUe
587 951 77 31 with
694 962 17 18 a
741 951 143 30 hundred

112 1021 153 29 thousand
288 1021 100 29 francs
411 1021 34 29 of
464 1021 128 39 income,
610 1021 61 30 and
694 1024 32 27 to
741 1021 63 30 live
819 1022 67 28 half

115 1091 52 29 the
184 1101 72 30 year
280 1090 33 31 in
333 1090 97 39 Paris,
448 1091 102 31 where
565 1091 53 31 the
642 1091 70 31 title
728 1091 33 30 of
785 1091 100 31 Count

112 1161 104 30 would
230 1160 38 30 be
283 1171 73 29 easy
371 1163 32 27 to

188 1229 30 31 A
233 1232 105 39 pretty
351 1230 101 41 thing,
469 1230 121 40 indeed,
608 1231 47 30 for
758 1232 125 30 sneered

113 1299 52 29 the
180 1299 150 31 Vicomte.
408 1299 31 31 A
454 1299 70 31 title
547 1300 95 40 given
664 1301 44 41 by
723 1301 160 31 Monsieur

112 1368 173 41 Bonaparte
298 1370 6 29 !
350 1370 96 39 Why,
465 1380 63 30 you
550 1370 106 31 would
678 1370 38 31 be
740 1370 143 31 ashamed

112 1441 31 26 to
159 1448 80 20 wear
