1019 1638
165 97 54 26 230

231 110 4 5 •
420 106 57 19 ALL
498 106 57 19 FOR
575 104 107 21 GREED.

211 192 96 30 These
349 193 107 38 words,
493 192 146 39 whereby
674 190 52 30 the
763 189 80 31 Cure
878 188 60 32 had

166 262 115 41 merely
295 261 147 31 intended
467 264 31 28 to
525 260 127 41 impress
680 270 39 20 on
745 259 49 30 his
814 259 122 30 hearers

166 331 52 29 the
235 330 150 41 certainty
401 331 34 29 of
453 329 194 39 retribution,
666 329 60 29 and
741 328 54 30 the
810 330 124 28 matter-

166 399 107 30 of-fact
299 399 88 30 truth
411 398 33 31 of
473 397 114 40 Gospel
618 397 168 39 teachings,
816 396 119 30 seemed

165 470 31 27 to
227 468 77 30 have
338 467 106 30 struck
468 477 18 19 a
508 469 123 37 strange
664 469 98 27 terror
795 464 64 31 into
883 465 51 31 the

167 535 98 31 entire
301 535 225 40 congregation.
598 535 65 29 The
700 534 172 30 remainder
905 535 33 29 of

165 615 79 19 mass
267 615 63 19 was
355 605 145 29 attended
529 607 32 27 to
587 603 33 31 in
647 603 121 39 silence,
796 604 61 30 and
882 603 52 31 the

166 672 160 40 departing
342 673 100 31 crowd
461 673 180 39 exchanged
663 673 92 29 silent
778 672 156 40 greetings

166 752 39 19 on
220 741 51 30 the
287 742 158 30 threshold
460 742 34 30 of
513 742 52 30 the
581 742 124 30 church.
763 741 64 30 The
851 741 83 31 wind

166 809 63 30 still
258 810 120 30 howled
407 810 148 41 pitifully,
588 811 60 28 and
685 810 53 30 the
767 809 67 30 rain
863 809 71 30 beat

165 878 119 40 against
299 879 52 29 the
366 878 156 40 windows,
540 879 61 30 and
622 879 53 30 the
691 878 149 41 lowering
858 889 75 31 grey

164 948 58 38 sky
237 947 109 30 looked
361 947 62 30 like
439 958 17 19 a
470 948 72 38 pall.

206 1016 104 30 When
333 1016 53 30 the
412 1016 59 30 last
486 1015 189 41 parishioner
692 1016 62 30 had
776 1017 154 39 departed,

164 1084 98 30 Raoul
277 1084 38 29 de
330 1083 144 32 Morvdle
498 1084 56 31 left
577 1084 48 30 his
647 1084 127 31 father's
793 1085 64 30 side
873 1087 60 29 and

162 1155 82 28 went
272 1153 79 30 back
379 1153 65 30 into
474 1153 52 30 the
560 1154 115 30 church
705 1157 31 27 to
767 1154 83 32 fetch
879 1156 54 31 the

161 1222 204 40 prayer-book
380 1222 39 30 he
442 1223 61 30 had
525 1223 122 30 mislaid
669 1234 83 30 upon
773 1224 50 30 his
838 1225 91 30 chair.

316 1291 139 39 Prosper,
482 1292 110 31 what's
617 1293 53 30 the
893 1296 38 29 he

161 1359 176 40 exclaimed,
355 1371 42 29 as,
415 1371 39 20 on
478 1362 129 40 turning
632 1364 100 29 round
756 1367 32 27 to
812 1374 39 31 go
878 1369 53 27 out

160 1429 41 40 by
217 1430 52 29 the
285 1429 161 40 side-door,
461 1431 39 30 he
515 1442 62 21 saw
592 1432 53 31 the
661 1434 190 31 woodcutter
867 1435 64 31 still
