1019 1638
285 79 20 21 A
325 80 82 20 VERY
427 80 98 21 SMALL
545 81 100 20 TOWN.

816 76 33 25 17

121 163 31 31 A
196 164 106 41 laugh,
341 166 153 40 indulged
542 167 33 30 in
623 169 149 39 together,
808 170 42 40 by

78 233 143 31 Madame
255 235 79 31 Jean
379 237 60 29 and
480 237 152 39 Madelon,
663 238 119 30 seemed
819 242 31 27 to

77 304 148 29 establish
239 315 92 27 peace
346 305 145 31 between
505 306 93 30 them.

155 373 31 30 It
201 374 104 30 would
320 375 38 29 be
374 386 18 18 a
406 375 62 30 fine
486 375 83 40 sight
584 378 32 28 to
631 387 49 19 see
696 376 83 31 what
795 377 52 30 she

81 442 55 30 has
160 442 120 40 bought
304 447 32 27 at
537 446 126 29 sneered
686 446 161 40 Madelon;

113 514 62 29 two
195 515 149 37 potatoes,
363 514 86 29 three
476 514 104 39 olives,
599 515 60 29 and
685 525 39 19 an
750 515 98 38 onion,

83 581 111 39 maybe
210 581 7 30 !
264 581 88 41 They
378 583 38 29 do
453 593 54 30 say
530 583 67 30 that
627 594 39 19 on
689 584 60 29 fast
778 585 73 39 days

83 650 122 30 Celeste
222 661 103 20 serves
341 663 41 26 up
398 652 61 29 fish
473 663 18 18 a
510 652 87 30 week
613 652 50 30 old
675 653 6 29 !

316 721 113 30 echoed
458 721 141 30 Madame
629 722 95 39 Jean;

82 791 53 28 out
151 790 33 29 of
208 800 49 19 sea
273 800 33 19 or
320 790 82 30 river
417 801 98 19 comes
538 801 18 19 a
574 790 67 30 deal
655 793 50 27 too
721 791 70 29 dear
807 791 44 29 for

79 859 54 31 the
156 858 141 32 Chateau
310 859 6 30 !
393 859 60 30 She
485 859 62 30 laid
576 870 18 19 a
623 860 228 40 tremendously

79 939 149 28 pompous
253 931 107 27 accent
386 939 40 18 on
452 928 53 30 the
529 928 68 30 first
621 928 136 40 syllable.
835 929 16 29 I

78 1007 68 21 was
172 1007 75 20 once
274 996 100 30 inside
401 996 81 31 their
509 997 96 38 doors,
623 997 60 29 and
708 996 33 30 in
759 996 92 40 going

79 1076 87 30 away
183 1066 17 28 I
216 1066 61 29 had
290 1066 67 40 just
377 1068 32 27 to
426 1076 79 19 cross
523 1066 53 29 the
592 1065 206 40 dining-room
818 1076 33 19 as

78 1135 77 40 they
169 1145 80 21 were
277 1134 126 40 coining
428 1134 33 30 in
484 1138 32 27 to
537 1134 117 30 dinner.
701 1135 33 29 If
754 1135 96 40 you'll

78 1204 120 30 believe
227 1215 58 28 me,
315 1204 86 29 there
432 1214 71 28 was,
521 1203 120 30 besides
670 1214 18 19 a
714 1214 75 29 soup
819 1204 32 29 of

78 1274 94 30 bread
192 1274 62 30 and
275 1276 105 36 water,
400 1272 131 40 nothing
546 1273 57 30 but
624 1272 105 31 lentils
752 1273 60 30 and
833 1283 17 19 a

77 1344 55 30 red
151 1342 135 40 herring.
332 1342 73 39 But,
425 1342 82 30 Lord
519 1342 6 30 !
553 1342 126 31 weren't
702 1342 75 39 they
801 1343 46 28 set

78 1415 55 26 out
165 1412 34 29 in
228 1412 61 29 fine
326 1412 93 29 silver
454 1412 102 29 dishes
571 1412 5 29 !
638 1412 31 29 It
698 1421 63 20 was
796 1410 51 31 the

123 1491 67 19 vol.
209 1491 20 19 i.
491 1491 14 19 c
