1019 1638
813 97 52 26 137

381 104 61 20 THE
461 104 120 20 LOVERS.

99 187 26 31 it
140 188 53 30 she
209 189 43 30 let
267 190 115 30 herself
401 192 53 28 out
473 190 60 30 and
547 190 42 38 in,
607 190 91 30 when
714 190 53 30 she
782 193 82 27 went

99 260 33 27 to
147 258 53 29 the
221 259 115 29 church
356 270 32 19 or
404 259 52 30 the
471 259 187 40 presbytere.
706 259 65 29 The
794 259 70 40 only

102 326 152 31 occasions
285 338 39 19 on
349 327 102 31 which
475 327 133 31 Vevette
636 338 33 20 or
696 328 55 29 her
778 327 86 31 sister

100 406 72 19 ever
198 397 110 30 moved
333 397 93 30 about
452 397 85 30 alone
559 407 80 20 were
659 397 95 30 these.
801 397 63 29 The

100 465 116 30 church
238 466 60 29 and
320 465 178 41 presbytere
522 466 62 29 had
607 465 161 41 originally
788 465 76 31 been

100 535 221 39 dependencies
342 535 33 29 of
392 535 52 29 the
461 534 144 39 Chateau,
624 535 61 28 and
704 535 52 28 the
778 535 86 29 small

99 604 130 30 number
245 604 33 30 of
298 607 137 27 servants
450 603 33 30 in
498 604 52 30 the
565 604 177 30 Verancour
756 604 106 30 house-

99 673 74 28 hold
202 673 88 28 made
320 673 25 28 it
381 672 182 29 convenient
592 673 67 28 that
694 672 169 29 sometimes

103 743 52 29 the
171 752 106 31 young
292 742 94 30 ladies
408 742 110 30 should
533 744 129 27 venture
677 742 184 29 unattended

99 806 78 30 from
197 806 81 30 their
301 817 69 19 own
385 806 200 38 garden-gate
601 807 31 28 to
647 806 53 28 the
723 805 138 40 sacristy-

99 875 83 28 door.

142 944 39 29 In
195 944 53 29 the
264 943 126 30 interior
406 943 33 29 of
461 943 52 29 the
529 942 140 30 Pavilion
683 942 85 29 there
783 952 77 20 were

96 1015 61 28 two
168 1022 99 20 rooms
281 1021 6 30 ;
305 1022 56 19 one
372 1011 103 30 rather
486 1011 91 39 large,
591 1011 52 30 the
656 1011 85 29 other
752 1021 17 19 a
780 1021 80 19 mere

96 1082 77 29 dark
188 1082 102 35 closet,
309 1083 31 27 at
354 1081 54 29 the
423 1080 86 37 back,
527 1080 132 30 without
674 1090 16 19 a
705 1079 139 31 window.

138 1150 105 30 When
258 1150 51 30 the
325 1149 67 40 pah-
405 1150 61 29 had
481 1149 124 30 entered
619 1149 60 29 and
694 1148 100 30 closed
807 1148 51 30 the

94 1220 83 38 glass
193 1220 80 37 door,
292 1220 52 28 the
359 1229 106 30 young
480 1229 71 19 man
564 1219 99 30 threw
679 1218 42 29 off
732 1218 48 29 his
795 1218 61 37 hat,

94 1289 61 30 and
169 1288 116 40 raising
296 1288 159 31 Vevette's
470 1289 82 30 hand
566 1291 31 28 to
613 1288 48 30 his
676 1287 67 40 lips,
756 1287 102 30 kissed

93 1358 25 30 it
134 1358 133 40 silently,
286 1358 60 29 and
360 1358 76 30 with
452 1369 17 18 a
490 1360 62 28 sort
567 1358 33 29 of
619 1368 92 29 grave
726 1359 130 37 rapture.

94 1429 59 29 She
169 1427 63 30 laid
247 1428 55 29 her
316 1426 204 39 prayer-book
536 1427 97 30 down.
