1019 1638
830 105 53 27 277

291 110 21 20 A
331 111 144 21 PRUDENT
494 110 108 22 YOUNG
621 112 87 20 LADY.

116 194 226 32 contributions
372 197 34 30 of
433 198 42 30 all
503 198 92 30 kinds
621 208 84 30 upon
729 199 52 29 the
806 199 77 29 male

115 263 182 39 population
319 265 48 30 for
389 277 94 29 many
501 267 124 39 leagues
649 267 106 29 round.
801 267 82 30 Mar-

115 330 67 31 ried
198 343 34 19 or
248 333 108 39 single,
368 335 42 29 all
423 334 72 40 paid
510 335 115 30 tribute
636 344 7 30 ;
667 336 59 29 and
741 336 51 29 the
809 336 73 30 evil-

115 402 139 38 tongued
279 403 140 31 declared
441 405 68 29 that
533 405 42 29 all
600 405 109 30 classes
731 416 79 20 were
832 405 51 29 ad-

116 469 113 31 mitted
264 471 81 31 alike
374 476 32 27 to
442 476 135 36 compete
606 473 48 30 for
682 474 55 29 her
766 473 116 31 favom'.

117 539 89 30 Some
235 544 83 27 went
350 552 77 20 even
450 543 128 38 further,
599 543 61 29 and
684 543 108 29 hinted
818 543 65 29 that

114 609 54 29 the
183 613 124 35 present
323 610 140 31 Vicomte
478 621 62 22 was
555 612 53 29 the
629 622 55 20 son
704 612 33 29 of
756 622 17 19 a
794 612 87 30 Sous-

115 677 106 31 Preset
245 678 34 30 of
300 679 53 30 the
377 679 134 40 Empire,
533 680 101 30 whom
660 680 53 30 she
737 680 146 40 certainly

114 746 61 29 had
205 748 151 38 managed
392 750 32 27 to
453 758 142 28 preserve
625 748 79 29 from
734 748 149 30 dismissal

113 816 99 28 under
227 816 52 28 the
295 815 204 29 Restoration.

157 886 45 28 La
216 885 81 29 belle
312 885 143 29 Madame
470 886 37 28 de
519 885 178 29 Verancour
711 895 61 19 was
787 887 54 27 not
853 886 32 28 of

113 964 17 20 a
145 953 149 40 rehgious
308 956 75 27 turn
398 953 35 30 of
450 953 94 30 mind.
591 953 59 30 She
666 953 53 30 did
734 956 54 27 not
803 964 80 20 even

113 1028 87 29 grow
216 1018 115 30 devout
345 1016 77 31 with
445 1017 50 29 old
520 1027 64 30 age,
602 1017 58 29 but
683 1016 80 39 died,
781 1016 25 30 it
820 1027 62 21 was

113 1086 74 40 said,
205 1086 34 30 in
253 1096 40 20 an
308 1086 171 40 altogether
495 1085 237 40 unsatisfactory
748 1096 133 19 manner.

113 1155 67 30 Her
195 1154 139 41 portrait,
345 1153 128 41 painted
489 1153 43 41 by
547 1153 141 30 Madame
704 1153 133 38 Lebrun,
851 1153 32 30 in

113 1226 53 30 the
181 1224 59 30 full
261 1226 135 28 costume
415 1223 34 29 of
467 1223 55 29 her
542 1223 103 39 palmy
662 1223 75 39 clays
753 1222 33 29 of
807 1222 75 29 Ver-

114 1294 111 39 sailles,
256 1294 88 38 hung
374 1291 35 30 in
436 1292 53 30 the
524 1290 238 40 drawing-room
783 1289 100 32 which

113 1364 54 30 the
182 1366 62 28 two
262 1361 104 32 sisters
378 1361 61 29 had
454 1360 150 39 arranged
616 1361 31 28 at
661 1359 52 30 the
727 1358 136 31 Chateau
874 1368 7 29 ;

113 1433 61 29 and
188 1432 91 32 when
299 1429 114 31 Felicie
434 1428 160 40 happened
611 1431 32 27 to
661 1428 37 30 be
716 1428 95 39 alone,
830 1428 52 30 she
