1019 1638
148 73 52 27 106

397 82 58 19 ALL
474 82 58 19 FOR
552 80 107 21 GREED.

149 169 60 30 and
238 169 196 31 calculations
463 169 48 30 till
542 168 95 39 eight.
687 166 45 30 At
762 166 86 41 eight
877 165 39 31 he

148 239 170 30 sometimes
345 239 73 30 took
445 250 17 18 a
489 238 87 30 stroll
602 237 34 31 in
657 237 53 31 the
733 237 125 40 garden,
884 246 32 20 or

147 318 77 21 even
238 319 18 20 a
271 309 84 30 short
369 308 82 32 walk
466 311 53 28 out
535 308 34 30 of
588 307 97 38 doors,
704 307 56 30 but
783 318 32 18 as
832 307 84 30 often

146 377 38 29 he
213 377 155 30 remained
396 378 33 29 in
458 377 48 30 his
537 388 68 19 own
635 387 93 19 room.
775 376 61 30 Till
862 379 54 27 ten

147 446 115 31 o'clock
282 446 100 41 began
404 447 134 39 striking
560 446 24 31 it
600 457 62 21 was
677 448 55 28 not
754 456 160 30 necessary

147 516 66 30 that
228 527 61 30 any
304 527 55 19 one
380 517 110 29 should
511 517 39 29 be
566 516 183 39 acquainted
764 515 78 31 with
864 516 52 30 the

147 585 210 31 whereabouts
381 586 33 30 of
436 585 116 31 Martin
572 586 149 38 Prevost;
745 585 59 31 but
826 585 90 31 when

148 655 53 29 the
223 655 89 29 tenth
335 655 100 30 stroke
457 655 61 30 had
541 655 106 30 struck
669 655 79 29 from
770 666 17 18 a
810 655 104 40 dusty,

147 724 125 41 wheezy
295 724 50 30 old
368 724 84 30 clock
474 724 33 30 in
528 725 54 29 the
603 734 136 30 passage,
765 724 151 41 instantly

149 793 52 30 the
216 793 85 30 voice
318 793 33 30 of
373 793 140 30 Madame
528 793 78 31 Jean
621 804 62 21 was
706 797 32 27 to
760 793 38 31 be
821 794 95 30 heard

149 862 112 40 calling
284 865 52 27 out
358 862 33 30 in
412 873 17 19 a
451 863 73 29 loud
546 865 79 36 tone,
677 863 169 39 Monsieur,
864 863 52 30 the

149 932 154 30 breakfast
318 932 26 30 is

191 1002 88 38 Now,
318 1002 98 39 when,
456 1013 39 19 on
528 1002 68 30 that
633 1002 74 31 fatal
743 1002 171 42 Thursday,

150 1070 140 30 Madame
324 1071 104 30 Jean's
457 1071 86 31 voice
577 1072 61 30 had
667 1074 68 28 sent
765 1072 83 30 forth
877 1072 42 31 its

149 1140 123 39 regular
313 1140 66 39 caU,
423 1141 131 40 nothing
596 1141 120 31 stirred.
776 1142 143 31 Madame

151 1209 102 31 Jean's
275 1212 116 38 temper
406 1221 62 20 was
490 1213 32 28 at
543 1222 73 19 once
638 1211 141 31 irritated
798 1212 45 41 by
858 1212 62 31 this

151 1279 84 39 piece
271 1279 34 30 of
336 1280 248 41 unpunctuahty,
622 1281 60 31 and
719 1281 79 31 after
834 1282 86 30 three

152 1348 132 31 minutes
324 1349 61 30 had
426 1350 122 39 elapsed
589 1350 53 31 she
683 1353 144 38 repeated
868 1353 52 30 the

152 1429 163 20 summons.
361 1418 70 31 Still
451 1430 38 20 no
506 1430 126 21 answer.
678 1421 142 30 Madame
843 1422 77 29 Jean
