1019 1638
160 75 34 26 74

412 84 58 19 ALL
491 83 58 20 FOR
569 82 109 21 GREED.

234 171 74 41 Any
323 171 67 30 that
414 182 64 29 you
500 170 78 29 form
597 169 16 29 I
631 168 79 30 shall
884 177 47 21 re-

157 240 83 39 plied
254 241 53 30 the
323 241 130 38 nephew
467 239 79 31 with
561 250 17 20 a
593 239 78 31 bow.

345 310 158 31 answered
525 309 53 31 the
594 309 52 30 old
665 319 72 19 man
753 318 33 20 as
802 307 129 40 blandly

156 391 32 19 as
203 380 26 30 it
243 380 52 40 lay
311 380 32 29 in
357 380 49 29 his
422 382 110 27 nature
546 381 33 28 to
595 379 48 29 do.
740 377 80 31 have
836 387 95 20 never

155 450 60 30 had
227 460 61 30 any
304 449 166 41 complaint
484 452 32 28 to
532 449 89 30 make
638 448 34 31 of
684 458 71 31 you,
774 447 137 31 Richard
923 457 6 28 ;

155 530 62 29 you
242 519 80 30 have
348 519 115 41 always
486 519 80 30 been
592 518 145 31 obedient
760 518 62 29 and
843 517 86 31 well-

156 588 183 39 conducted;
361 589 61 29 and
432 588 121 41 though
568 599 63 30 you
646 588 80 30 have
741 597 40 21 no
792 589 75 28 turn
882 586 48 31 for

154 657 110 39 affairs,
294 658 16 30 I
337 658 139 30 consider
500 669 62 30 you
588 657 192 41 thoroughly
803 657 125 40 capable

155 727 33 30 of
220 727 93 41 doing
344 728 97 35 credit
477 731 32 28 to
538 728 54 31 the
621 728 137 40 position
795 728 17 29 I
850 728 79 30 have

154 797 154 31 achieved.
362 798 72 30 You
461 800 77 28 start
564 799 79 30 from
669 799 105 30 where
801 799 17 29 I
842 799 88 30 leave

154 867 48 37 off,
218 867 143 31 Richard.
408 868 16 30 I
440 868 117 31 remain
572 879 18 20 a
605 869 151 40 plodding
776 868 151 41 plebeian.

153 937 71 29 You
240 939 83 28 must
340 937 38 30 be
395 948 16 19 a
427 938 185 39 gentleman.
659 938 73 31 You
747 942 85 28 must
848 949 79 21 com-

152 1005 82 40 plete
249 1006 140 40 yourself
400 1007 44 41 by
459 1007 160 41 marriage.
656 1008 16 30 I
688 1009 80 30 have
783 1009 67 30 told
865 1021 63 29 you

153 1087 71 19 ever
254 1076 82 30 since
360 1087 62 30 you
446 1087 81 21 were
558 1088 18 20 a
605 1078 62 41 boy
698 1079 34 30 of
758 1079 107 31 fifteen
895 1082 32 28 to

152 1144 71 30 look
245 1144 132 32 forward
398 1148 32 28 to
445 1146 77 30 that.
569 1147 17 29 I
613 1148 80 30 have
713 1148 67 31 told
806 1159 63 31 you
895 1152 32 28 to

152 1214 176 30 familiarise
353 1215 142 40 yourself
516 1215 79 32 with
619 1217 53 30 the
697 1218 109 40 people
837 1220 90 30 down

152 1285 31 28 at
194 1283 52 31 the
259 1283 139 31 Chateau
413 1296 33 19 as
461 1286 94 30 much
569 1297 33 20 as
617 1297 65 31 you
697 1288 100 31 could.
821 1289 86 30 Well
920 1290 6 30 !

151 1353 73 41 why
240 1354 38 30 do
293 1365 63 30 you
372 1355 95 30 shake
482 1367 79 28 your
575 1357 80 31 head

229 1423 145 40 Because,
393 1424 73 31 dear
490 1426 101 40 uncle,
610 1426 16 31 I
651 1427 80 31 have
754 1428 90 38 tried,
870 1430 55 30 but
