1019 1638
157 77 34 26 84

407 85 59 20 ALL
485 84 58 21 FOR
562 82 107 22 GREED.

158 172 146 30 scribable
342 182 94 20 sneer.
539 170 73 30 You
649 178 50 20 are

158 241 63 31 The
243 241 128 40 nephew
397 240 123 31 started.
601 239 15 29 I
641 238 86 30 don't
749 247 89 20 mean
859 237 69 30 that

158 322 60 28 you
233 311 102 31 would
358 310 76 30 steal
446 320 8 29 ;
478 310 56 29 but
550 319 62 30 you
627 308 96 30 won't
738 317 69 31 pay.
854 306 72 30 You

158 383 81 27 want
268 383 31 27 to
329 380 99 41 enjoy,
456 383 32 27 to
519 378 91 42 enjoy
640 378 125 40 always,
794 377 134 31 without

158 449 93 40 doing
266 449 151 41 anything
434 449 69 38 else,
522 449 60 29 and
597 459 63 29 you
675 449 84 29 want
773 449 32 28 to
821 457 107 29 escape

158 520 115 39 paying
287 520 47 29 for
348 520 25 29 it
385 529 9 30 ;
417 520 94 29 that's
531 519 84 31 what
638 519 16 29 I
678 518 58 30 call
760 517 165 39 dishonest,

158 590 61 29 and
247 589 68 30 that
344 589 26 30 is
395 589 53 30 the
478 587 226 32 characteristic
732 587 33 30 of
788 598 64 29 you
877 587 50 29 all.

159 659 64 28 The
246 669 69 18 men
338 658 34 30 of
393 669 53 29 my
461 658 74 30 time
557 658 125 30 worked
704 658 61 29 and
787 656 72 41 paid
889 656 41 30 its

160 728 56 30 full
231 727 82 40 price
329 727 46 31 for
390 728 154 30 whatever
559 728 76 40 they
650 726 156 32 achieved.
843 726 87 31 Look

160 800 30 27 at
227 808 47 19 me
288 807 7 29 ;
330 797 66 30 I've
429 797 124 31 worked
589 797 47 30 for
672 797 84 40 forty
786 808 98 29 years,
887 815 44 4 —

161 868 123 29 worked
298 868 85 38 hard,
401 868 60 28 and
475 868 133 39 plodded
627 870 55 27 not
703 868 73 39 only
793 867 138 40 through

160 936 94 39 work,
276 936 57 30 but
357 936 136 39 through
515 935 169 40 privations
707 936 61 30 and
793 935 138 40 through

161 1005 217 30 humiliations.
437 1005 49 30 Do
516 1016 61 29 you
611 1016 131 29 suppose
773 1006 16 28 I
821 1005 111 29 should

161 1085 71 20 ever
246 1074 78 30 have
339 1074 78 30 been
437 1084 32 20 as
491 1075 135 40 wealthy
643 1085 32 20 as
698 1075 17 29 I
738 1085 49 20 am
810 1074 27 30 if
856 1075 76 41 they

161 1145 69 29 who
245 1145 78 29 have
344 1144 111 39 helped
476 1146 32 28 to
531 1144 106 30 enrich
659 1156 48 18 me
730 1145 61 30 had
815 1145 118 30 dreamt

162 1213 15 30 I
213 1223 62 21 was
312 1212 163 31 ambitious
487 1213 13 31 ?
559 1214 50 30 No
624 1214 6 30 !
691 1214 16 30 I
745 1215 80 29 have
854 1215 78 29 been

163 1283 213 40 scrupulously
390 1283 110 30 honest
516 1283 163 40 according
694 1286 33 28 to
742 1284 53 29 the
810 1287 123 36 present

163 1353 89 29 value
268 1352 33 30 of
313 1353 53 29 the
380 1353 93 38 word,
485 1353 58 29 but
555 1353 17 29 I
587 1353 79 30 have
681 1354 132 39 profited
827 1354 43 40 by
881 1354 53 30 the

162 1422 189 31 weaknesses
367 1422 33 31 of
417 1433 51 29 my
487 1422 197 40 neighbours,
703 1424 61 30 and
787 1424 16 30 I
826 1424 109 30 should
