1019 1638
152 72 34 26 80

404 81 59 20 ALL
482 81 58 20 FOR
560 80 108 21 GREED.

152 168 101 30 whom
276 179 51 20 are
349 179 48 20 we
423 168 177 38 concerned,
625 166 28 30 if
679 169 55 27 not
757 165 78 32 with
859 165 63 30 Ve-

147 240 83 27 vette
243 238 14 29 ?

189 307 60 31 His
264 307 129 40 nephew
409 306 122 40 gasped,
551 306 69 38 and,
638 305 48 29 for
702 315 17 19 a
735 307 136 27 moment
887 315 33 19 or

145 380 71 35 two,
234 377 90 30 could
338 379 55 27 not
409 375 101 40 speak.

342 446 84 31 what
448 445 56 30 ails
526 444 54 31 the
747 443 171 30 exclaimed

146 516 50 31 old
218 516 138 38 Prevost,
375 514 186 40 transfixing
583 514 53 29 the
657 514 150 40 unhappy
827 513 90 30 Mon-

145 586 83 29 sieur
242 585 135 30 Richard
391 584 78 31 with
487 595 17 20 a
526 584 72 31 look
620 584 69 30 that
712 593 63 21 was
802 582 60 31 full
888 582 34 31 of

145 656 53 30 the
213 655 142 31 bitterest
371 657 162 37 contempt.
609 654 74 30 You
697 654 128 30 haven't
840 654 78 29 been

145 724 130 40 offering
296 735 79 29 your
396 725 91 38 hand,
504 724 79 30 have
606 735 72 29 you,
702 726 32 27 to
757 723 162 30 Monsieur

145 795 38 30 de
210 793 242 40 Champmorin's
482 793 160 40 charming
662 793 88 31 bride
761 803 8 30 ;
792 796 33 27 to
850 793 68 30 that

333 863 85 30 Here
441 863 40 30 he
507 863 129 40 stopped
663 863 94 39 short,
787 863 61 29 and
878 873 40 20 no

145 933 117 40 epithet
292 943 91 28 came,
415 933 58 30 but
502 933 53 30 the
591 932 180 41 expression
802 933 33 30 of
868 932 50 31 his

145 1006 206 27 coimtenance
388 1013 62 20 was
494 1005 54 27 not
593 1002 256 42 complimentary
886 1006 32 27 to

145 1072 228 30 Mademoiselle
410 1072 124 30 Felicie.
640 1073 136 30 Richard
795 1073 7 30 !
879 1073 39 30 he

144 1143 150 38 resumed,
319 1142 33 30 in
376 1152 17 20 a
419 1153 77 30 very
519 1142 79 31 calm
623 1145 81 37 tone,
766 1153 64 31 you
853 1143 66 31 will

145 1212 38 30 do
206 1211 71 31 well
299 1214 31 27 to
356 1211 94 31 listen
475 1215 32 27 to
531 1212 85 31 what
643 1212 16 30 I
686 1223 55 30 say
754 1223 6 20 :
796 1213 17 30 I
840 1213 79 31 have

147 1282 127 29 decided
294 1282 67 30 that
384 1282 231 30 Mademoiselle
640 1283 179 31 Genevieve
843 1284 77 30 shall

146 1352 39 30 be
200 1362 78 31 your
293 1351 80 41 wife,
391 1353 61 29 and
476 1363 39 19 on
535 1353 69 30 that
626 1353 159 30 condition
801 1355 16 29 I
841 1355 78 30 have

146 1422 66 31 told
233 1433 64 30 you
318 1422 84 32 what
424 1433 18 20 a
463 1421 135 42 position
620 1434 63 31 you
707 1424 78 30 shall
808 1424 91 41 enjoy
913 1435 7 30 ;
