<?xml version="1.0" encoding="UTF-8"?>
<alto xmlns:xsi="http://www.w3.org/2001/XMLSchema-instance" xsi:noNamespaceSchemaLocation="http://www.bl.uk/schemas/alto/alto-1-4.xsd" xmlns:xlink="http://www.w3.org/1999/xlink">
	<Description>
		<MeasurementUnit>mm10</MeasurementUnit>
		<sourceImageInformation>
			<fileName>//head1/IN/2007-46/A0010904365.1/000323.jp2</fileName>
		</sourceImageInformation>
		<OCRProcessing ID="OCRPROCESSING_1">
			<preProcessingStep>
				<processingSoftware>
					<softwareCreator>CCS Content Conversion Specialists GmbH, Germany</softwareCreator>
					<softwareName>CCS docWORKS</softwareName>
					<softwareVersion>6.1-0.62</softwareVersion>
				</processingSoftware>
			</preProcessingStep>
			<ocrProcessingStep>
				<processingSoftware>
					<softwareCreator>ABBYY (BIT Software), Russia</softwareCreator>
					<softwareName>Finereader</softwareName>
				</processingSoftware>
			</ocrProcessingStep>
		</OCRProcessing>
	</Description>
	<Styles>
		<TextStyle ID="TXT_0" FONTSIZE="11" FONTFAMILY="Courier New"/>
		<TextStyle ID="TXT_1" FONTSIZE="10" FONTFAMILY="Courier New"/>
		<ParagraphStyle ID="PAR_RIGHT" ALIGN="Right"/>
		<ParagraphStyle ID="PAR_LEFT" ALIGN="Left"/>
	</Styles>
	<Layout>
		<Page ID="P307" PHYSICAL_IMG_NR="307" HEIGHT="1638" WIDTH="1019" PRINTED_IMG_NR="289" POSITION="Right" ACCURACY="72.34">
			<TopMargin ID="P307_TM00001" HPOS="0" VPOS="0" WIDTH="1019" HEIGHT="133">
				<TextBlock ID="P307_TB00001" HPOS="808" VPOS="105" WIDTH="52" HEIGHT="27" STYLEREFS="TXT_0 PAR_RIGHT">
					<TextLine ID="P307_TL00001" HPOS="808" VPOS="105" WIDTH="52" HEIGHT="27">
						<String ID="P307_ST00001" HPOS="808" VPOS="105" WIDTH="52" HEIGHT="27" CONTENT="289" WC="1.00" CC="000"/>
					</TextLine>
				</TextBlock>
				<TextBlock ID="P307_TB00002" HPOS="269" VPOS="110" WIDTH="418" HEIGHT="22" STYLEREFS="TXT_1 PAR_LEFT">
					<TextLine ID="P307_TL00002" HPOS="270" VPOS="111" WIDTH="417" HEIGHT="21">
						<String ID="P307_ST00002" HPOS="270" VPOS="111" WIDTH="20" HEIGHT="19" CONTENT="A" WC="0.57" CC="4"/>
						<SP ID="P307_SP00001" HPOS="290" VPOS="130" WIDTH="20"/>
						<String ID="P307_ST00003" HPOS="310" VPOS="111" WIDTH="143" HEIGHT="21" CONTENT="PRUDENT" WC="0.75" CC="6600003"/>
						<SP ID="P307_SP00002" HPOS="453" VPOS="132" WIDTH="21"/>
						<String ID="P307_ST00004" HPOS="474" VPOS="112" WIDTH="106" HEIGHT="20" CONTENT="YOUNG" WC="0.61" CC="42705"/>
						<SP ID="P307_SP00003" HPOS="580" VPOS="132" WIDTH="20"/>
						<String ID="P307_ST00005" HPOS="600" VPOS="112" WIDTH="87" HEIGHT="20" CONTENT="LADY." WC="0.80" CC="50040"/>
					</TextLine>
				</TextBlock>
			</TopMargin>
			<LeftMargin ID="P307_LM00001" HPOS="0" VPOS="133" WIDTH="92" HEIGHT="1408"/>
			<RightMargin ID="P307_RM00001" HPOS="865" VPOS="133" WIDTH="154" HEIGHT="1408"/>
			<BottomMargin ID="P307_BM00001" HPOS="0" VPOS="1541" WIDTH="1019" HEIGHT="97"/>
			<PrintSpace ID="P307_PS00001" HPOS="92" VPOS="133" WIDTH="773" HEIGHT="1408">
				<TextBlock ID="P307_TB00003" HPOS="92" VPOS="196" WIDTH="769" HEIGHT="249" STYLEREFS="TXT_1 PAR_LEFT">
					<TextLine ID="P307_TL00003" HPOS="94" VPOS="196" WIDTH="767" HEIGHT="43">
						<String ID="P307_ST00006" HPOS="94" VPOS="196" WIDTH="119" HEIGHT="41" CONTENT="stoutly" WC="0.85" CC="2007000"/>
						<SP ID="P307_SP00004" HPOS="213" VPOS="237" WIDTH="22"/>
						<String ID="P307_ST00007" HPOS="235" VPOS="196" WIDTH="160" HEIGHT="32" CONTENT="Monsieur" WC="0.67" CC="00750076"/>
						<SP ID="P307_SP00005" HPOS="395" VPOS="237" WIDTH="22"/>
						<String ID="P307_ST00008" HPOS="417" VPOS="198" WIDTH="37" HEIGHT="30" CONTENT="de" WC="0.88" CC="02"/>
						<SP ID="P307_SP00006" HPOS="454" VPOS="237" WIDTH="19"/>
						<String ID="P307_ST00009" HPOS="473" VPOS="198" WIDTH="196" HEIGHT="40" CONTENT="Verancour;" WC="0.63" CC="7050710753"/>
						<SP ID="P307_SP00007" HPOS="669" VPOS="238" WIDTH="27"/>
						<String ID="P307_ST00010" HPOS="696" VPOS="199" WIDTH="93" HEIGHT="40" CONTENT='"just' WC="0.65" CC="40650"/>
						<SP ID="P307_SP00008" HPOS="789" VPOS="239" WIDTH="21"/>
						<String ID="P307_ST00011" HPOS="810" VPOS="199" WIDTH="51" HEIGHT="30" CONTENT="the" WC="0.74" CC="060"/>
					</TextLine>
					<TextLine ID="P307_TL00004" HPOS="94" VPOS="267" WIDTH="767" HEIGHT="39">
						<String ID="P307_ST00012" HPOS="94" VPOS="267" WIDTH="144" HEIGHT="39" CONTENT="contrary" WC="0.80" CC="00607000"/>
						<String ID="P307_ST00013" HPOS="251" VPOS="276" WIDTH="8" HEIGHT="30" CONTENT=";" WC="0.57" CC="4"/>
						<SP ID="P307_SP00009" HPOS="259" VPOS="306" WIDTH="44"/>
						<String ID="P307_ST00014" HPOS="303" VPOS="267" WIDTH="16" HEIGHT="29" CONTENT="I" WC="0.85" CC="1"/>
						<SP ID="P307_SP00010" HPOS="319" VPOS="306" WIDTH="30"/>
						<String ID="P307_ST00015" HPOS="349" VPOS="267" WIDTH="65" HEIGHT="30" CONTENT="told" WC="0.82" CC="3030"/>
						<SP ID="P307_SP00011" HPOS="414" VPOS="306" WIDTH="30"/>
						<String ID="P307_ST00016" HPOS="444" VPOS="267" WIDTH="65" HEIGHT="30" CONTENT="him" WC="0.68" CC="720"/>
						<SP ID="P307_SP00012" HPOS="509" VPOS="306" WIDTH="30"/>
						<String ID="P307_ST00017" HPOS="539" VPOS="267" WIDTH="68" HEIGHT="31" CONTENT="that" WC="0.81" CC="0700"/>
						<SP ID="P307_SP00013" HPOS="607" VPOS="306" WIDTH="28"/>
						<String ID="P307_ST00018" HPOS="635" VPOS="267" WIDTH="28" HEIGHT="31" CONTENT="if" WC="1.00" CC="00"/>
						<SP ID="P307_SP00014" HPOS="663" VPOS="306" WIDTH="26"/>
						<String ID="P307_ST00019" HPOS="689" VPOS="268" WIDTH="38" HEIGHT="30" CONTENT="he" WC="0.61" CC="70"/>
						<SP ID="P307_SP00015" HPOS="727" VPOS="306" WIDTH="29"/>
						<String ID="P307_ST00020" HPOS="756" VPOS="268" WIDTH="61" HEIGHT="30" CONTENT="had" WC="0.48" CC="707"/>
						<SP ID="P307_SP00016" HPOS="817" VPOS="306" WIDTH="28"/>
						<String ID="P307_ST00021" HPOS="845" VPOS="279" WIDTH="16" HEIGHT="19" CONTENT="a" WC="0.10" CC="8"/>
					</TextLine>
					<TextLine ID="P307_TL00005" HPOS="93" VPOS="333" WIDTH="768" HEIGHT="44">
						<String ID="P307_ST00022" HPOS="93" VPOS="333" WIDTH="143" HEIGHT="31" CONTENT="hundred" WC="0.83" CC="6500000"/>
						<SP ID="P307_SP00017" HPOS="236" VPOS="364" WIDTH="23"/>
						<String ID="P307_ST00023" HPOS="259" VPOS="335" WIDTH="154" HEIGHT="31" CONTENT="thousand" WC="0.56" CC="07375064"/>
						<SP ID="P307_SP00018" HPOS="413" VPOS="366" WIDTH="23"/>
						<String ID="P307_ST00024" HPOS="436" VPOS="336" WIDTH="100" HEIGHT="30" CONTENT="francs" WC="0.71" CC="220606"/>
						<SP ID="P307_SP00019" HPOS="536" VPOS="366" WIDTH="24"/>
						<String ID="P307_ST00025" HPOS="560" VPOS="347" WIDTH="18" HEIGHT="19" CONTENT="a" WC="1.00" CC="0"/>
						<SP ID="P307_SP00020" HPOS="578" VPOS="366" WIDTH="23"/>
						<String ID="P307_ST00026" HPOS="601" VPOS="347" WIDTH="73" HEIGHT="30" CONTENT="year" WC="0.86" CC="0005"/>
						<SP ID="P307_SP00021" HPOS="674" VPOS="377" WIDTH="26"/>
						<String ID="P307_ST00027" HPOS="700" VPOS="338" WIDTH="39" HEIGHT="28" CONTENT="he" WC="0.66" CC="60"/>
						<SP ID="P307_SP00022" HPOS="739" VPOS="377" WIDTH="24"/>
						<String ID="P307_ST00028" HPOS="763" VPOS="337" WIDTH="98" HEIGHT="40" CONTENT="might" WC="0.76" CC="04070"/>
					</TextLine>
					<TextLine ID="P307_TL00006" HPOS="94" VPOS="403" WIDTH="406" HEIGHT="42">
						<String ID="P307_ST00029" HPOS="94" VPOS="403" WIDTH="137" HEIGHT="41" CONTENT="actually" WC="0.89" CC="00070000"/>
						<SP ID="P307_SP00023" HPOS="231" VPOS="444" WIDTH="15"/>
						<String ID="P307_ST00030" HPOS="246" VPOS="414" WIDTH="103" HEIGHT="30" CONTENT="marry" WC="0.74" CC="25050"/>
						<SP ID="P307_SP00024" HPOS="349" VPOS="444" WIDTH="15"/>
						<String ID="P307_ST00031" HPOS="364" VPOS="415" WIDTH="18" HEIGHT="19" CONTENT="a" WC="1.00" CC="0"/>
						<SP ID="P307_SP00025" HPOS="382" VPOS="444" WIDTH="15"/>
						<String ID="P307_ST00032" HPOS="397" VPOS="405" WIDTH="103" HEIGHT="40" CONTENT='lady."' WC="0.76" CC="004045"/>
					</TextLine>
				</TextBlock>
				<TextBlock ID="P307_TB00004" HPOS="93" VPOS="473" WIDTH="767" HEIGHT="180" STYLEREFS="TXT_1 PAR_LEFT">
					<TextLine ID="P307_TL00007" HPOS="141" VPOS="473" WIDTH="719" HEIGHT="42">
						<String ID="P307_ST00033" HPOS="141" VPOS="474" WIDTH="18" HEIGHT="15" CONTENT='"' WC="0.55" CC="4"/>
						<SP ID="P307_SP00026" HPOS="159" VPOS="489" WIDTH="12"/>
						<String ID="P307_ST00034" HPOS="171" VPOS="473" WIDTH="97" HEIGHT="39" CONTENT='Yes,"' WC="0.64" CC="50632"/>
						<SP ID="P307_SP00027" HPOS="268" VPOS="512" WIDTH="38"/>
						<String ID="P307_ST00035" HPOS="306" VPOS="475" WIDTH="172" HEIGHT="40" CONTENT="responded" WC="0.63" CC="607007506"/>
						<SP ID="P307_SP00028" HPOS="478" VPOS="515" WIDTH="48"/>
						<String ID="P307_ST00036" HPOS="526" VPOS="475" WIDTH="113" HEIGHT="30" CONTENT="Felicie" WC="0.88" CC="7010000"/>
						<SP ID="P307_SP00029" HPOS="639" VPOS="515" WIDTH="47"/>
						<String ID="P307_ST00037" HPOS="686" VPOS="476" WIDTH="76" HEIGHT="30" CONTENT="with" WC="0.70" CC="0227"/>
						<SP ID="P307_SP00030" HPOS="762" VPOS="515" WIDTH="47"/>
						<String ID="P307_ST00038" HPOS="809" VPOS="476" WIDTH="51" HEIGHT="29" CONTENT="the" WC="0.66" CC="270"/>
					</TextLine>
					<TextLine ID="P307_TL00008" HPOS="95" VPOS="543" WIDTH="765" HEIGHT="41">
						<String ID="P307_ST00039" HPOS="95" VPOS="545" WIDTH="142" HEIGHT="28" CONTENT="sweetest" WC="0.82" CC="60000340"/>
						<SP ID="P307_SP00031" HPOS="237" VPOS="573" WIDTH="24"/>
						<String ID="P307_ST00040" HPOS="261" VPOS="543" WIDTH="34" HEIGHT="30" CONTENT="of" WC="0.79" CC="40"/>
						<SP ID="P307_SP00032" HPOS="295" VPOS="573" WIDTH="23"/>
						<String ID="P307_ST00041" HPOS="318" VPOS="543" WIDTH="41" HEIGHT="30" CONTENT="all" WC="0.86" CC="040"/>
						<SP ID="P307_SP00033" HPOS="359" VPOS="573" WIDTH="22"/>
						<String ID="P307_ST00042" HPOS="381" VPOS="543" WIDTH="93" HEIGHT="30" CONTENT="feline" WC="0.73" CC="002570"/>
						<SP ID="P307_SP00034" HPOS="474" VPOS="573" WIDTH="24"/>
						<String ID="P307_ST00043" HPOS="498" VPOS="544" WIDTH="123" HEIGHT="40" CONTENT="glances" WC="0.80" CC="0004206"/>
						<SP ID="P307_SP00035" HPOS="621" VPOS="584" WIDTH="22"/>
						<String ID="P307_ST00044" HPOS="643" VPOS="545" WIDTH="60" HEIGHT="30" CONTENT="and" WC="0.79" CC="060"/>
						<SP ID="P307_SP00036" HPOS="703" VPOS="584" WIDTH="22"/>
						<String ID="P307_ST00045" HPOS="725" VPOS="548" WIDTH="118" HEIGHT="27" CONTENT="accents" WC="0.67" CC="0420635"/>
						<String ID="P307_ST00046" HPOS="855" VPOS="554" WIDTH="5" HEIGHT="28" CONTENT=";" WC="1.00" CC="0"/>
					</TextLine>
					<TextLine ID="P307_TL00009" HPOS="98" VPOS="611" WIDTH="677" HEIGHT="42">
						<String ID="P307_ST00047" HPOS="98" VPOS="613" WIDTH="17" HEIGHT="14" CONTENT='"' WC="0.67" CC="3"/>
						<SP ID="P307_SP00037" HPOS="115" VPOS="627" WIDTH="13"/>
						<String ID="P307_ST00048" HPOS="128" VPOS="611" WIDTH="58" HEIGHT="30" CONTENT="but" WC="0.75" CC="070"/>
						<SP ID="P307_SP00038" HPOS="186" VPOS="641" WIDTH="15"/>
						<String ID="P307_ST00049" HPOS="201" VPOS="621" WIDTH="64" HEIGHT="30" CONTENT="you" WC="0.72" CC="016"/>
						<SP ID="P307_SP00039" HPOS="265" VPOS="651" WIDTH="15"/>
						<String ID="P307_ST00050" HPOS="280" VPOS="611" WIDTH="53" HEIGHT="31" CONTENT="did" WC="0.76" CC="070"/>
						<SP ID="P307_SP00040" HPOS="333" VPOS="651" WIDTH="15"/>
						<String ID="P307_ST00051" HPOS="348" VPOS="615" WIDTH="55" HEIGHT="27" CONTENT="not" WC="0.64" CC="504"/>
						<SP ID="P307_SP00041" HPOS="403" VPOS="651" WIDTH="14"/>
						<String ID="P307_ST00052" HPOS="417" VPOS="613" WIDTH="56" HEIGHT="29" CONTENT="tell" WC="0.95" CC="2000"/>
						<SP ID="P307_SP00042" HPOS="473" VPOS="651" WIDTH="15"/>
						<String ID="P307_ST00053" HPOS="488" VPOS="612" WIDTH="25" HEIGHT="30" CONTENT="it" WC="1.00" CC="00"/>
						<SP ID="P307_SP00043" HPOS="513" VPOS="651" WIDTH="15"/>
						<String ID="P307_ST00054" HPOS="528" VPOS="613" WIDTH="64" HEIGHT="30" CONTENT="him" WC="0.75" CC="700"/>
						<String ID="P307_ST00055" HPOS="593" VPOS="632" WIDTH="42" HEIGHT="4" CONTENT="—" WC="0.20" CC="8"/>
						<String ID="P307_ST00056" HPOS="635" VPOS="614" WIDTH="140" HEIGHT="39" CONTENT='kindly."' WC="0.67" CC="55740002"/>
					</TextLine>
				</TextBlock>
				<TextBlock ID="P307_TB00005" HPOS="93" VPOS="679" WIDTH="768" HEIGHT="248" STYLEREFS="TXT_1 PAR_LEFT">
					<TextLine ID="P307_TL00010" HPOS="142" VPOS="680" WIDTH="718" HEIGHT="41">
						<String ID="P307_ST00057" HPOS="142" VPOS="680" WIDTH="170" HEIGHT="40" CONTENT='"Humph!' WC="0.59" CC="4760072"/>
						<SP ID="P307_SP00044" HPOS="312" VPOS="720" WIDTH="17"/>
						<String ID="P307_ST00058" HPOS="329" VPOS="692" WIDTH="32" HEIGHT="18" CONTENT="as" WC="0.68" CC="06"/>
						<SP ID="P307_SP00045" HPOS="361" VPOS="720" WIDTH="16"/>
						<String ID="P307_ST00059" HPOS="377" VPOS="683" WIDTH="32" HEIGHT="28" CONTENT="to" WC="0.79" CC="04"/>
						<SP ID="P307_SP00046" HPOS="409" VPOS="720" WIDTH="15"/>
						<String ID="P307_ST00060" HPOS="424" VPOS="681" WIDTH="99" HEIGHT="39" CONTENT='that,"' WC="0.76" CC="070033"/>
						<SP ID="P307_SP00047" HPOS="523" VPOS="720" WIDTH="18"/>
						<String ID="P307_ST00061" HPOS="541" VPOS="682" WIDTH="132" HEIGHT="39" CONTENT="grunted" WC="0.72" CC="0567000"/>
						<SP ID="P307_SP00048" HPOS="673" VPOS="721" WIDTH="15"/>
						<String ID="P307_ST00062" HPOS="688" VPOS="682" WIDTH="54" HEIGHT="30" CONTENT="her" WC="0.63" CC="703"/>
						<SP ID="P307_SP00049" HPOS="742" VPOS="721" WIDTH="11"/>
						<String ID="P307_ST00063" HPOS="753" VPOS="682" WIDTH="107" HEIGHT="39" CONTENT="father," WC="0.70" CC="4057003"/>
					</TextLine>
					<TextLine ID="P307_TL00011" HPOS="98" VPOS="748" WIDTH="763" HEIGHT="43">
						<String ID="P307_ST00064" HPOS="98" VPOS="750" WIDTH="18" HEIGHT="16" CONTENT='"' WC="0.58" CC="4"/>
						<SP ID="P307_SP00050" HPOS="116" VPOS="766" WIDTH="11"/>
						<String ID="P307_ST00065" HPOS="127" VPOS="748" WIDTH="17" HEIGHT="31" CONTENT="I" WC="1.00" CC="0"/>
						<SP ID="P307_SP00051" HPOS="144" VPOS="779" WIDTH="16"/>
						<String ID="P307_ST00066" HPOS="160" VPOS="749" WIDTH="87" HEIGHT="30" CONTENT="don't" WC="0.75" CC="13700"/>
						<SP ID="P307_SP00052" HPOS="247" VPOS="779" WIDTH="15"/>
						<String ID="P307_ST00067" HPOS="262" VPOS="749" WIDTH="92" HEIGHT="31" CONTENT="know" WC="0.79" CC="0700"/>
						<SP ID="P307_SP00053" HPOS="354" VPOS="780" WIDTH="11"/>
						<String ID="P307_ST00068" HPOS="365" VPOS="750" WIDTH="71" HEIGHT="31" CONTENT="how" WC="0.42" CC="709"/>
						<SP ID="P307_SP00054" HPOS="436" VPOS="781" WIDTH="12"/>
						<String ID="P307_ST00069" HPOS="448" VPOS="750" WIDTH="16" HEIGHT="30" CONTENT="I" WC="0.95" CC="0"/>
						<SP ID="P307_SP00055" HPOS="464" VPOS="781" WIDTH="16"/>
						<String ID="P307_ST00070" HPOS="480" VPOS="751" WIDTH="66" HEIGHT="29" CONTENT="told" WC="0.85" CC="0500"/>
						<SP ID="P307_SP00056" HPOS="546" VPOS="781" WIDTH="14"/>
						<String ID="P307_ST00071" HPOS="560" VPOS="751" WIDTH="25" HEIGHT="29" CONTENT="it" WC="0.92" CC="00"/>
						<SP ID="P307_SP00057" HPOS="585" VPOS="781" WIDTH="15"/>
						<String ID="P307_ST00072" HPOS="600" VPOS="751" WIDTH="72" HEIGHT="29" CONTENT="him." WC="0.69" CC="7500"/>
						<SP ID="P307_SP00058" HPOS="672" VPOS="781" WIDTH="33"/>
						<String ID="P307_ST00073" HPOS="705" VPOS="751" WIDTH="16" HEIGHT="29" CONTENT="I" WC="0.68" CC="3"/>
						<SP ID="P307_SP00059" HPOS="721" VPOS="781" WIDTH="13"/>
						<String ID="P307_ST00074" HPOS="734" VPOS="761" WIDTH="127" HEIGHT="30" CONTENT="suppose" WC="0.72" CC="6700050"/>
					</TextLine>
					<TextLine ID="P307_TL00012" HPOS="95" VPOS="818" WIDTH="766" HEIGHT="41">
						<String ID="P307_ST00075" HPOS="95" VPOS="819" WIDTH="16" HEIGHT="29" CONTENT="I" WC="1.00" CC="0"/>
						<SP ID="P307_SP00060" HPOS="111" VPOS="848" WIDTH="25"/>
						<String ID="P307_ST00076" HPOS="136" VPOS="818" WIDTH="67" HEIGHT="30" CONTENT="told" WC="0.97" CC="1000"/>
						<SP ID="P307_SP00061" HPOS="203" VPOS="848" WIDTH="22"/>
						<String ID="P307_ST00077" HPOS="225" VPOS="818" WIDTH="26" HEIGHT="30" CONTENT="it" WC="0.98" CC="00"/>
						<SP ID="P307_SP00062" HPOS="251" VPOS="848" WIDTH="20"/>
						<String ID="P307_ST00078" HPOS="271" VPOS="818" WIDTH="66" HEIGHT="30" CONTENT="him" WC="0.62" CC="730"/>
						<SP ID="P307_SP00063" HPOS="337" VPOS="848" WIDTH="21"/>
						<String ID="P307_ST00079" HPOS="358" VPOS="819" WIDTH="67" HEIGHT="40" CONTENT="just" WC="0.57" CC="2751"/>
						<SP ID="P307_SP00064" HPOS="425" VPOS="859" WIDTH="22"/>
						<String ID="P307_ST00080" HPOS="447" VPOS="830" WIDTH="33" HEIGHT="18" CONTENT="as" WC="0.79" CC="04"/>
						<SP ID="P307_SP00065" HPOS="480" VPOS="859" WIDTH="16"/>
						<String ID="P307_ST00081" HPOS="496" VPOS="819" WIDTH="16" HEIGHT="30" CONTENT="I" WC="1.00" CC="0"/>
						<SP ID="P307_SP00066" HPOS="512" VPOS="859" WIDTH="15"/>
						<String ID="P307_ST00082" HPOS="527" VPOS="819" WIDTH="103" HEIGHT="31" CONTENT="would" WC="0.55" CC="90740"/>
						<SP ID="P307_SP00067" HPOS="630" VPOS="859" WIDTH="22"/>
						<String ID="P307_ST00083" HPOS="652" VPOS="820" WIDTH="77" HEIGHT="30" CONTENT="have" WC="0.66" CC="7060"/>
						<SP ID="P307_SP00068" HPOS="729" VPOS="859" WIDTH="22"/>
						<String ID="P307_ST00084" HPOS="751" VPOS="820" WIDTH="65" HEIGHT="30" CONTENT="told" WC="0.75" CC="0405"/>
						<SP ID="P307_SP00069" HPOS="816" VPOS="859" WIDTH="22"/>
						<String ID="P307_ST00085" HPOS="838" VPOS="820" WIDTH="23" HEIGHT="30" CONTENT="it" WC="0.62" CC="61"/>
					</TextLine>
					<TextLine ID="P307_TL00013" HPOS="94" VPOS="887" WIDTH="469" HEIGHT="40">
						<String ID="P307_ST00086" HPOS="94" VPOS="898" WIDTH="61" HEIGHT="29" CONTENT="any" WC="0.79" CC="060"/>
						<SP ID="P307_SP00070" HPOS="155" VPOS="927" WIDTH="16"/>
						<String ID="P307_ST00087" HPOS="171" VPOS="887" WIDTH="88" HEIGHT="31" CONTENT="other" WC="0.72" CC="30703"/>
						<SP ID="P307_SP00071" HPOS="259" VPOS="927" WIDTH="16"/>
						<String ID="P307_ST00088" HPOS="275" VPOS="898" WIDTH="71" HEIGHT="20" CONTENT="man" WC="0.75" CC="007"/>
						<SP ID="P307_SP00072" HPOS="346" VPOS="927" WIDTH="15"/>
						<String ID="P307_ST00089" HPOS="361" VPOS="888" WIDTH="34" HEIGHT="31" CONTENT="of" WC="0.83" CC="30"/>
						<SP ID="P307_SP00073" HPOS="395" VPOS="927" WIDTH="11"/>
						<String ID="P307_ST00090" HPOS="406" VPOS="888" WIDTH="49" HEIGHT="30" CONTENT="his" WC="0.59" CC="605"/>
						<SP ID="P307_SP00074" HPOS="455" VPOS="927" WIDTH="15"/>
						<String ID="P307_ST00091" HPOS="470" VPOS="889" WIDTH="93" HEIGHT="30" CONTENT='sort."' WC="0.76" CC="303302"/>
					</TextLine>
				</TextBlock>
				<TextBlock ID="P307_TB00006" HPOS="92" VPOS="955" WIDTH="773" HEIGHT="527" STYLEREFS="TXT_1 PAR_LEFT">
					<TextLine ID="P307_TL00014" HPOS="140" VPOS="956" WIDTH="722" HEIGHT="42">
						<String ID="P307_ST00092" HPOS="140" VPOS="958" WIDTH="19" HEIGHT="16" CONTENT='"' WC="0.54" CC="4"/>
						<SP ID="P307_SP00075" HPOS="159" VPOS="974" WIDTH="10"/>
						<String ID="P307_ST00093" HPOS="169" VPOS="956" WIDTH="53" HEIGHT="31" CONTENT="Ah" WC="0.63" CC="07"/>
						<String ID="P307_ST00094" HPOS="235" VPOS="957" WIDTH="7" HEIGHT="30" CONTENT="!" WC="0.90" CC="0"/>
						<SP ID="P307_SP00076" HPOS="242" VPOS="987" WIDTH="38"/>
						<String ID="P307_ST00095" HPOS="280" VPOS="957" WIDTH="57" HEIGHT="30" CONTENT="but" WC="0.39" CC="673"/>
						<SP ID="P307_SP00077" HPOS="337" VPOS="987" WIDTH="37"/>
						<String ID="P307_ST00096" HPOS="374" VPOS="968" WIDTH="62" HEIGHT="30" CONTENT="you" WC="0.76" CC="007"/>
						<SP ID="P307_SP00078" HPOS="436" VPOS="998" WIDTH="38"/>
						<String ID="P307_ST00097" HPOS="474" VPOS="968" WIDTH="58" HEIGHT="28" CONTENT="see," WC="0.76" CC="5004"/>
						<SP ID="P307_SP00079" HPOS="532" VPOS="998" WIDTH="32"/>
						<String ID="P307_ST00098" HPOS="564" VPOS="957" WIDTH="108" HEIGHT="39" CONTENT="father," WC="0.76" CC="0007053"/>
						<SP ID="P307_SP00080" HPOS="672" VPOS="998" WIDTH="33"/>
						<String ID="P307_ST00099" HPOS="705" VPOS="958" WIDTH="79" HEIGHT="39" CONTENT="dear," WC="0.85" CC="00033"/>
						<SP ID="P307_SP00081" HPOS="784" VPOS="998" WIDTH="32"/>
						<String ID="P307_ST00100" HPOS="816" VPOS="968" WIDTH="46" HEIGHT="22" CONTENT="we" WC="1.00" CC="00"/>
					</TextLine>
					<TextLine ID="P307_TL00015" HPOS="94" VPOS="1026" WIDTH="768" HEIGHT="41">
						<String ID="P307_ST00101" HPOS="94" VPOS="1027" WIDTH="111" HEIGHT="30" CONTENT="should" WC="0.68" CC="470600"/>
						<SP ID="P307_SP00082" HPOS="205" VPOS="1057" WIDTH="21"/>
						<String ID="P307_ST00102" HPOS="226" VPOS="1026" WIDTH="39" HEIGHT="31" CONTENT="be" WC="0.65" CC="60"/>
						<SP ID="P307_SP00083" HPOS="265" VPOS="1057" WIDTH="17"/>
						<String ID="P307_ST00103" HPOS="282" VPOS="1036" WIDTH="32" HEIGHT="21" CONTENT="so" WC="0.60" CC="34"/>
						<SP ID="P307_SP00084" HPOS="314" VPOS="1057" WIDTH="17"/>
						<String ID="P307_ST00104" HPOS="331" VPOS="1026" WIDTH="116" HEIGHT="31" CONTENT="careful" WC="0.79" CC="2041060"/>
						<SP ID="P307_SP00085" HPOS="447" VPOS="1057" WIDTH="15"/>
						<String ID="P307_ST00105" HPOS="462" VPOS="1027" WIDTH="34" HEIGHT="30" CONTENT="of" WC="0.88" CC="20"/>
						<SP ID="P307_SP00086" HPOS="496" VPOS="1057" WIDTH="18"/>
						<String ID="P307_ST00106" HPOS="514" VPOS="1027" WIDTH="130" HEIGHT="40" CONTENT="hurting" WC="0.55" CC="7570370"/>
						<SP ID="P307_SP00087" HPOS="644" VPOS="1067" WIDTH="22"/>
						<String ID="P307_ST00107" HPOS="666" VPOS="1028" WIDTH="52" HEIGHT="29" CONTENT="the" WC="0.75" CC="070"/>
						<SP ID="P307_SP00088" HPOS="718" VPOS="1067" WIDTH="16"/>
						<String ID="P307_ST00108" HPOS="734" VPOS="1027" WIDTH="128" HEIGHT="40" CONTENT="feelings" WC="0.78" CC="00051505"/>
					</TextLine>
					<TextLine ID="P307_TL00016" HPOS="94" VPOS="1095" WIDTH="771" HEIGHT="31">
						<String ID="P307_ST00109" HPOS="94" VPOS="1095" WIDTH="34" HEIGHT="31" CONTENT="of" WC="0.75" CC="05"/>
						<SP ID="P307_SP00089" HPOS="128" VPOS="1126" WIDTH="29"/>
						<String ID="P307_ST00110" HPOS="157" VPOS="1095" WIDTH="89" HEIGHT="31" CONTENT="those" WC="0.81" CC="07100"/>
						<SP ID="P307_SP00090" HPOS="246" VPOS="1126" WIDTH="22"/>
						<String ID="P307_ST00111" HPOS="268" VPOS="1095" WIDTH="134" HEIGHT="31" CONTENT="beneath" WC="0.78" CC="0070017"/>
						<SP ID="P307_SP00091" HPOS="402" VPOS="1126" WIDTH="22"/>
						<String ID="P307_ST00112" HPOS="424" VPOS="1106" WIDTH="45" HEIGHT="19" CONTENT="us." WC="0.58" CC="660"/>
						<SP ID="P307_SP00092" HPOS="469" VPOS="1126" WIDTH="46"/>
						<String ID="P307_ST00113" HPOS="515" VPOS="1095" WIDTH="76" HEIGHT="30" CONTENT="Men" WC="0.80" CC="005"/>
						<SP ID="P307_SP00093" HPOS="591" VPOS="1126" WIDTH="22"/>
						<String ID="P307_ST00114" HPOS="613" VPOS="1095" WIDTH="85" HEIGHT="31" CONTENT="don't" WC="0.63" CC="31705"/>
						<SP ID="P307_SP00094" HPOS="698" VPOS="1126" WIDTH="22"/>
						<String ID="P307_ST00115" HPOS="720" VPOS="1095" WIDTH="91" HEIGHT="31" CONTENT="think" WC="0.64" CC="07270"/>
						<SP ID="P307_SP00095" HPOS="811" VPOS="1126" WIDTH="23"/>
						<String ID="P307_ST00116" HPOS="834" VPOS="1096" WIDTH="31" HEIGHT="30" CONTENT="of" WC="1.00" CC="00"/>
					</TextLine>
					<TextLine ID="P307_TL00017" HPOS="94" VPOS="1165" WIDTH="766" HEIGHT="41">
						<String ID="P307_ST00117" HPOS="94" VPOS="1166" WIDTH="77" HEIGHT="40" CONTENT="that," WC="0.66" CC="37023"/>
						<String ID="P307_ST00118" HPOS="176" VPOS="1184" WIDTH="42" HEIGHT="4" CONTENT="—" WC="0.20" CC="8"/>
						<String ID="P307_ST00119" HPOS="219" VPOS="1176" WIDTH="120" HEIGHT="20" CONTENT="women" WC="0.85" CC="00007"/>
						<SP ID="P307_SP00096" HPOS="339" VPOS="1206" WIDTH="15"/>
						<String ID="P307_ST00120" HPOS="354" VPOS="1166" WIDTH="48" HEIGHT="30" CONTENT="do." WC="0.86" CC="021"/>
						<SP ID="P307_SP00097" HPOS="402" VPOS="1206" WIDTH="47"/>
						<String ID="P307_ST00121" HPOS="449" VPOS="1166" WIDTH="81" HEIGHT="29" CONTENT="Poor" WC="0.59" CC="7044"/>
						<SP ID="P307_SP00098" HPOS="530" VPOS="1206" WIDTH="16"/>
						<String ID="P307_ST00122" HPOS="546" VPOS="1165" WIDTH="158" HEIGHT="30" CONTENT="Monsieur" WC="0.61" CC="04672063"/>
						<SP ID="P307_SP00099" HPOS="704" VPOS="1206" WIDTH="15"/>
						<String ID="P307_ST00123" HPOS="719" VPOS="1166" WIDTH="141" HEIGHT="38" CONTENT="Richard," WC="0.70" CC="70060702"/>
					</TextLine>
					<TextLine ID="P307_TL00018" HPOS="94" VPOS="1234" WIDTH="769" HEIGHT="41">
						<String ID="P307_ST00124" HPOS="94" VPOS="1244" WIDTH="63" HEIGHT="31" CONTENT="you" WC="0.72" CC="007"/>
						<SP ID="P307_SP00100" HPOS="157" VPOS="1275" WIDTH="15"/>
						<String ID="P307_ST00125" HPOS="172" VPOS="1244" WIDTH="60" HEIGHT="29" CONTENT="see," WC="0.83" CC="2004"/>
						<SP ID="P307_SP00101" HPOS="232" VPOS="1275" WIDTH="13"/>
						<String ID="P307_ST00126" HPOS="245" VPOS="1234" WIDTH="27" HEIGHT="30" CONTENT="is" WC="0.66" CC="06"/>
						<SP ID="P307_SP00102" HPOS="272" VPOS="1275" WIDTH="16"/>
						<String ID="P307_ST00127" HPOS="288" VPOS="1234" WIDTH="186" HEIGHT="32" CONTENT="somewhere" WC="0.86" CC="100007030"/>
						<SP ID="P307_SP00103" HPOS="474" VPOS="1275" WIDTH="16"/>
						<String ID="P307_ST00128" HPOS="490" VPOS="1234" WIDTH="94" HEIGHT="30" CONTENT="about" WC="0.57" CC="07463"/>
						<SP ID="P307_SP00104" HPOS="584" VPOS="1275" WIDTH="14"/>
						<String ID="P307_ST00129" HPOS="598" VPOS="1234" WIDTH="53" HEIGHT="30" CONTENT="the" WC="0.75" CC="070"/>
						<SP ID="P307_SP00105" HPOS="651" VPOS="1275" WIDTH="15"/>
						<String ID="P307_ST00130" HPOS="666" VPOS="1234" WIDTH="113" HEIGHT="30" CONTENT="richest" WC="0.62" CC="5047062"/>
						<SP ID="P307_SP00106" HPOS="779" VPOS="1275" WIDTH="14"/>
						<String ID="P307_ST00131" HPOS="793" VPOS="1244" WIDTH="70" HEIGHT="19" CONTENT="man" WC="0.73" CC="070"/>
					</TextLine>
					<TextLine ID="P307_TL00019" HPOS="93" VPOS="1303" WIDTH="770" HEIGHT="41">
						<String ID="P307_ST00132" HPOS="93" VPOS="1304" WIDTH="34" HEIGHT="29" CONTENT="in" WC="0.63" CC="07"/>
						<SP ID="P307_SP00107" HPOS="127" VPOS="1333" WIDTH="21"/>
						<String ID="P307_ST00133" HPOS="148" VPOS="1304" WIDTH="54" HEIGHT="29" CONTENT="the" WC="0.75" CC="070"/>
						<SP ID="P307_SP00108" HPOS="202" VPOS="1333" WIDTH="23"/>
						<String ID="P307_ST00134" HPOS="225" VPOS="1304" WIDTH="201" HEIGHT="40" CONTENT="department," WC="0.74" CC="00005700643"/>
						<SP ID="P307_SP00109" HPOS="426" VPOS="1344" WIDTH="26"/>
						<String ID="P307_ST00135" HPOS="452" VPOS="1303" WIDTH="121" HEIGHT="30" CONTENT="besides" WC="0.72" CC="7050006"/>
						<SP ID="P307_SP00110" HPOS="573" VPOS="1344" WIDTH="22"/>
						<String ID="P307_ST00136" HPOS="595" VPOS="1303" WIDTH="93" HEIGHT="40" CONTENT="being" WC="0.71" CC="70070"/>
						<SP ID="P307_SP00111" HPOS="688" VPOS="1344" WIDTH="22"/>
						<String ID="P307_ST00137" HPOS="710" VPOS="1304" WIDTH="52" HEIGHT="29" CONTENT="the" WC="0.60" CC="470"/>
						<SP ID="P307_SP00112" HPOS="762" VPOS="1344" WIDTH="22"/>
						<String ID="P307_ST00138" HPOS="784" VPOS="1307" WIDTH="79" HEIGHT="26" CONTENT="most" WC="0.84" CC="0050"/>
					</TextLine>
					<TextLine ID="P307_TL00020" HPOS="94" VPOS="1372" WIDTH="769" HEIGHT="42">
						<String ID="P307_ST00139" HPOS="94" VPOS="1372" WIDTH="130" HEIGHT="31" CONTENT="amiable" WC="0.85" CC="0000730"/>
						<SP ID="P307_SP00113" HPOS="224" VPOS="1403" WIDTH="30"/>
						<String ID="P307_ST00140" HPOS="254" VPOS="1373" WIDTH="61" HEIGHT="30" CONTENT="and" WC="0.77" CC="060"/>
						<SP ID="P307_SP00114" HPOS="315" VPOS="1403" WIDTH="29"/>
						<String ID="P307_ST00141" HPOS="344" VPOS="1373" WIDTH="122" HEIGHT="41" CONTENT="worthy" WC="0.80" CC="004070"/>
						<SP ID="P307_SP00115" HPOS="466" VPOS="1414" WIDTH="30"/>
						<String ID="P307_ST00142" HPOS="496" VPOS="1382" WIDTH="106" HEIGHT="31" CONTENT="young" WC="0.64" CC="04670"/>
						<SP ID="P307_SP00116" HPOS="602" VPOS="1414" WIDTH="33"/>
						<String ID="P307_ST00143" HPOS="635" VPOS="1382" WIDTH="72" HEIGHT="20" CONTENT="man" WC="0.76" CC="007"/>
						<SP ID="P307_SP00117" HPOS="707" VPOS="1414" WIDTH="35"/>
						<String ID="P307_ST00144" HPOS="742" VPOS="1372" WIDTH="33" HEIGHT="30" CONTENT="in" WC="0.66" CC="06"/>
						<SP ID="P307_SP00118" HPOS="775" VPOS="1414" WIDTH="36"/>
						<String ID="P307_ST00145" HPOS="811" VPOS="1372" WIDTH="52" HEIGHT="30" CONTENT="the" WC="0.71" CC="260"/>
					</TextLine>
					<TextLine ID="P307_TL00021" HPOS="93" VPOS="1441" WIDTH="770" HEIGHT="41">
						<String ID="P307_ST00146" HPOS="93" VPOS="1443" WIDTH="106" HEIGHT="31" CONTENT="world." WC="0.69" CC="904400"/>
						<SP ID="P307_SP00119" HPOS="199" VPOS="1474" WIDTH="47"/>
						<String ID="P307_ST00147" HPOS="246" VPOS="1443" WIDTH="39" HEIGHT="30" CONTENT="So" WC="0.50" CC="45"/>
						<SP ID="P307_SP00120" HPOS="285" VPOS="1474" WIDTH="23"/>
						<String ID="P307_ST00148" HPOS="308" VPOS="1443" WIDTH="150" HEIGHT="39" CONTENT="perfectly" WC="0.95" CC="000000300"/>
						<SP ID="P307_SP00121" HPOS="458" VPOS="1482" WIDTH="22"/>
						<String ID="P307_ST00149" HPOS="480" VPOS="1441" WIDTH="254" HEIGHT="41" CONTENT="right-thinking." WC="0.73" CC="400702074700600"/>
						<SP ID="P307_SP00122" HPOS="734" VPOS="1482" WIDTH="52"/>
						<String ID="P307_ST00150" HPOS="786" VPOS="1442" WIDTH="38" HEIGHT="29" CONTENT="In" WC="0.60" CC="34"/>
						<SP ID="P307_SP00123" HPOS="824" VPOS="1482" WIDTH="22"/>
						<String ID="P307_ST00151" HPOS="846" VPOS="1453" WIDTH="17" HEIGHT="18" CONTENT="a" WC="0.11" CC="8"/>
					</TextLine>
				</TextBlock>
				<TextBlock ID="P307_TB00007" HPOS="135" VPOS="1521" WIDTH="366" HEIGHT="20" STYLEREFS="TXT_1 PAR_LEFT">
					<TextLine ID="P307_TL00022" HPOS="136" VPOS="1521" WIDTH="365" HEIGHT="20">
						<String ID="P307_ST00152" HPOS="136" VPOS="1522" WIDTH="68" HEIGHT="19" CONTENT="VOL." WC="0.65" CC="6042"/>
						<SP ID="P307_SP00124" HPOS="204" VPOS="1541" WIDTH="17"/>
						<String ID="P307_ST00153" HPOS="221" VPOS="1522" WIDTH="22" HEIGHT="19" CONTENT="i." WC="0.83" CC="03"/>
						<SP ID="P307_SP00125" HPOS="243" VPOS="1541" WIDTH="239"/>
						<String ID="P307_ST00154" HPOS="482" VPOS="1521" WIDTH="19" HEIGHT="20" CONTENT="u" WC="0.34" CC="6"/>
					</TextLine>
				</TextBlock>
			</PrintSpace>
		</Page>
	</Layout>
</alto>
