1019 1638
342 102 62 19 THE
424 101 119 20 LOVERS.

777 95 50 26 141

291 187 87 31 there
393 187 26 31 is
435 198 77 31 your
526 187 110 40 virtue,
655 188 59 30 and
729 189 101 29 virtue

64 254 27 31 is
114 257 150 39 strength.
311 257 66 31 Our
402 257 69 31 love
494 268 55 20 can
571 268 70 20 save
663 268 46 28 us,
727 258 56 30 but
805 257 26 31 it

65 329 83 27 must
170 326 38 30 be
225 329 115 38 strong.
385 327 61 31 We
461 338 50 19 are
531 327 93 40 going
646 330 32 27 to
693 328 38 29 be
747 338 82 29 sepa-

186 414 43 3 —
234 395 63 31 this
322 406 63 21 was
419 397 122 29 uttered
569 396 77 31 with
675 407 18 19 a
722 396 109 31 visible

66 465 98 29 effort.
242 465 97 30 Don't
360 466 37 29 be
413 466 140 38 alarmed,
571 476 52 29 my
639 468 92 27 sweet
754 476 55 19 one
822 475 7 30 ;

66 534 87 30 there
180 533 26 30 is
231 544 40 20 no
298 533 170 40 separation
493 534 139 30 between
656 534 87 30 those
762 534 69 30 who

66 603 98 40 reaUy
191 603 78 30 love.
313 603 61 29 We
401 603 78 29 shaU
503 603 38 29 be
567 613 105 19 nearer
697 606 32 26 to
759 604 73 28 each

68 671 88 30 other
181 672 91 30 when
298 671 16 30 I
341 682 50 19 am
415 671 34 30 in
474 671 87 30 Paris
581 672 59 29 and
661 682 63 30 you
748 672 81 38 here,

67 742 77 29 than
159 752 62 30 you
243 742 61 29 and
326 752 60 30 any
402 742 33 29 of
454 742 86 29 those
555 742 68 29 who
639 752 50 18 are
705 741 63 29 side
789 742 43 40 by

69 810 64 31 side
148 810 77 32 with
251 821 62 30 you
328 810 64 32 will
418 810 47 31 be.
511 810 16 30 I
543 820 49 20 am
611 813 54 27 not
684 810 97 30 afraid
803 811 31 30 of

68 880 53 30 the
147 879 79 39 trial,
244 880 141 38 Vevette,
411 880 60 29 and
496 879 150 30 therefore
668 890 62 30 you
755 880 77 29 need

68 952 55 27 not
144 949 38 30 be
208 959 41 20 so.
306 948 57 41 My
389 948 99 30 father
511 948 89 30 sends
622 958 47 19 me
691 951 31 27 to
745 947 87 30 Paris

66 1021 33 27 to
126 1020 86 27 enter
236 1018 54 29 the
313 1017 100 30 offices
435 1017 34 30 of
491 1017 53 30 the
570 1016 143 30 Ministre
738 1017 37 30 de
803 1017 29 30 la

68 1087 120 31 Marine
203 1097 33 20 as
252 1097 39 19 an
309 1085 116 41 unpaid
440 1085 91 39 clerk,
535 1104 43 3 —
578 1085 52 30 the
653 1085 127 30 interest
802 1085 32 30 of

68 1167 52 29 my
146 1156 90 29 uncle
265 1156 54 29 the
344 1154 141 31 Admiral
513 1154 55 30 has
595 1153 146 32 achieved
770 1154 62 30 this

69 1224 140 31 enviable
235 1223 141 40 position,
380 1242 42 3 —
423 1223 56 31 but
504 1223 68 30 that
601 1223 26 30 is
649 1223 115 40 merely
779 1223 53 30 the

68 1293 179 41 beginning.
305 1293 16 29 I
346 1293 79 30 have
447 1292 126 30 another
598 1292 80 39 plan.
725 1292 15 29 I
767 1291 65 32 will

69 1362 89 32 make
173 1372 52 29 my
242 1372 68 20 own
325 1371 101 19 career
440 1361 46 29 for

331 1429 192 38 interrupted
555 1429 140 37 Vevette,
724 1429 106 38 aghast
