1019 1638
789 87 52 26 139

357 96 62 19 THE
439 95 120 20 LOVERS.

79 180 64 30 fear
263 182 61 29 and
349 182 39 29 he
413 183 82 30 drew
520 182 54 29 her
600 181 64 30 still
688 181 94 29 closer
811 184 31 26 to

81 249 74 30 him.

122 319 135 31 Vevette
271 330 63 21 was
349 321 40 28 all
411 321 104 38 paUor,
533 320 59 29 and
610 320 74 29 then
699 319 89 40 again
803 319 39 29 all

80 398 56 20 one
152 388 100 39 blush,
271 390 60 29 and
345 389 128 40 panting
488 389 76 31 with
577 392 97 27 terror
688 389 60 29 and
763 398 79 20 emo-

80 456 75 30 tion.
245 458 96 30 What
370 458 64 30 wi\l
462 458 122 29 become
614 457 33 30 of
672 467 37 19 us
723 457 6 30 !
790 457 52 29 she

80 525 83 31 cried
176 536 7 29 ;
207 526 61 30 and
281 525 77 32 with
372 536 18 20 a
406 526 124 38 sudden,
544 525 143 31 chUdlike
703 525 137 39 impulse,

80 595 55 29 she
150 595 54 29 hid
225 596 56 29 her
302 596 65 29 face
381 607 83 28 upon
484 597 55 28 her
560 596 109 30 lover's
692 596 148 37 shoulder,

81 666 60 29 and
156 665 88 30 burst
258 665 65 30 into
339 669 88 26 tears.

125 734 117 40 Gently
268 745 32 19 as
326 745 17 18 a
368 735 119 29 mother
512 735 78 29 stills
613 735 54 29 her
692 735 77 29 babe
792 734 51 29 did

81 803 100 30 Raoul
207 803 94 30 strive
330 806 32 27 to
389 803 77 30 calm
491 804 59 29 and
575 803 102 40 pacify
702 803 140 30 Vevette.

115 872 58 40 My
196 882 76 30 very
423 871 65 30 said
513 872 47 38 he,
585 872 91 30 when
700 872 52 29 the
778 872 65 29 first

80 951 165 30 paroxysm
260 951 63 20 was
344 951 79 27 over,
472 940 28 30 if
519 950 62 31 you
595 939 65 32 will
678 939 102 31 foUow
792 950 50 30 my

80 1010 147 38 counsels,
245 1010 61 29 and
320 1009 28 30 if
366 1020 62 30 you
443 1019 56 20 can
520 1009 66 40 rely
601 1019 82 29 upon
698 1008 143 41 yourself,

79 1079 40 29 all
135 1078 65 31 will
222 1088 83 20 come
327 1077 93 40 right.
467 1077 82 40 Only
575 1088 117 20 answer
713 1088 47 18 me
782 1080 61 27 two

80 1148 165 39 questions,
269 1147 48 30 Do
334 1157 61 31 you
417 1147 68 30 love
507 1156 57 29 me,
582 1146 132 31 Vevette
726 1146 14 30 ?
784 1146 59 30 and

79 1227 33 20 as
134 1217 39 29 he
195 1217 122 29 uttered
338 1216 52 30 the
412 1216 107 38 words,
544 1216 38 29 he
604 1215 110 30 looked
735 1219 31 26 at
788 1215 55 29 her

80 1286 77 30 with
178 1285 49 30 his
241 1286 98 30 whole
362 1286 66 29 soul
450 1285 33 30 in
504 1285 48 30 his
567 1295 80 30 eyes.
693 1285 59 30 She
767 1295 75 29 gave

80 1366 38 19 no
145 1355 88 40 reply
258 1354 33 30 in
316 1355 107 37 words,
451 1354 57 30 but
533 1364 33 20 as
591 1355 55 29 her
671 1364 71 30 eyes
768 1353 74 29 sank

79 1425 103 30 before
206 1424 56 39 his,
290 1424 53 29 she
369 1423 91 40 again
484 1423 54 30 hid
560 1424 55 29 her
639 1423 65 30 face
731 1432 38 20 on
794 1421 48 30 his
