1019 1638
176 75 50 25 108

424 82 58 20 ALL
502 82 57 20 FOR
579 81 106 21 GREED.

173 170 137 30 between
332 170 154 39 sobbings,
505 169 60 29 and
588 177 124 31 spasms,
730 166 60 30 and
811 174 127 28 swoons,

172 239 25 31 it
218 249 62 21 was
302 239 73 40 long
400 241 69 38 past
493 248 81 20 noon
596 237 104 31 before
726 247 61 29 any
809 234 131 31 rational

171 309 165 39 testimony
351 309 90 30 could
455 309 38 30 be
508 308 159 31 extracted
681 308 78 29 from
774 306 73 30 him.

213 379 97 30 What
333 389 62 21 was
422 379 126 40 quickly
574 377 122 40 enough
722 375 130 32 reaUsed
878 384 63 21 was

170 448 62 30 this
248 448 87 30 smaU
348 447 130 31 number
490 447 34 30 of
535 447 77 30 facts
624 456 5 29 ;
632 465 43 3 —
675 445 119 30 Martin
808 445 133 29 Prevost

170 519 61 28 had
253 518 78 29 been
352 517 200 30 assassinated
572 516 78 30 after
672 516 39 29 he
725 525 63 21 was
805 513 132 39 dressed,

170 587 60 29 and
251 587 61 29 had
332 587 104 39 begun
458 586 48 30 his
529 585 83 41 daily
635 584 206 41 occupations,
867 594 71 19 con-

171 657 169 39 sequently,
368 657 138 31 between
536 657 51 29 the
617 657 94 28 hours
741 655 34 29 of
802 654 49 30 six
878 654 61 30 and

170 728 61 28 ten.
276 725 50 30 He
348 726 60 30 had
430 726 78 30 been
530 725 105 31 struck
657 725 79 30 from
757 723 117 31 behind
896 723 42 40 by

170 805 17 18 a
206 795 100 39 heavy
320 795 91 29 blunt
433 794 191 39 instrument,
643 805 40 18 no
706 796 82 27 trace
804 793 138 31 whereof

171 864 88 30 could
288 864 37 30 be
352 864 103 38 found,
488 863 59 30 and
576 864 53 30 the
658 863 82 31 blow
769 863 62 30 had
861 862 78 31 been

171 933 81 29 dealt
273 932 78 31 with
372 933 75 29 such
469 933 80 29 force
575 932 68 30 that
669 933 53 28 the
748 931 190 41 probability

170 1012 62 20 was
260 1002 68 30 that
356 1002 52 30 the
439 1001 129 31 assassin
598 1012 63 20 was
690 1012 18 19 a
738 1011 71 21 man
839 1001 99 30 under

171 1071 113 30 middle
299 1082 65 27 age.

213 1141 50 29 He
297 1141 60 29 had
391 1141 78 29 been
502 1141 163 29 murdered
695 1141 43 40 by
769 1152 82 19 some
883 1152 56 19 one

171 1209 139 40 entering
336 1210 52 29 the
418 1210 95 29 house
539 1209 79 31 from
643 1209 141 40 without,
814 1210 47 31 for
887 1211 52 31 the

171 1279 87 29 mode
284 1279 34 29 of
348 1281 142 27 entrance
519 1290 63 20 was
618 1279 178 31 discovered
830 1280 109 30 almost

171 1347 138 41 directly.
355 1347 45 31 At
421 1348 53 30 the
495 1349 59 29 end
569 1348 34 30 of
623 1349 52 30 the
695 1359 127 31 passage
838 1349 101 31 which

171 1417 124 31 divided
320 1418 53 29 the
396 1418 104 37 house,
519 1419 60 29 and
593 1429 56 19 ran
663 1419 79 30 from
762 1419 54 30 the
832 1422 106 28 street-
