1019 1638
264 91 63 22 THE
346 93 159 22 MARRIAGE
524 94 141 21 PORTION.

816 89 33 26 23

83 178 130 29 covered
227 179 78 30 with
319 182 128 29 account
467 180 95 31 books
577 182 60 29 and
656 192 116 30 papers,
791 184 57 28 and

83 246 40 31 he
138 247 73 31 held
226 258 39 20 an
281 259 78 28 open
374 250 90 30 letter
479 250 33 29 in
526 250 49 30 his
589 251 92 29 hand.

126 317 120 31 Martin
269 319 132 31 Prevost
419 330 63 20 was
507 321 93 29 about
625 320 162 41 sixty-two
818 332 31 18 or

83 386 97 40 three,
208 388 61 29 and
299 389 120 39 though
448 389 39 30 he
517 389 110 30 looked
656 392 105 37 strong
791 390 58 30 and

84 455 73 31 bien
198 466 154 30 conserve,
375 457 65 31 still
476 458 40 30 he
552 458 110 30 looked
698 458 49 30 his
785 469 64 30 age.

84 525 52 30 He
165 537 64 20 was
255 527 96 29 above
380 527 53 30 the
462 527 115 30 middle
609 527 117 40 height,
755 531 94 36 gaunt

85 595 103 30 rather
214 596 77 30 than
313 606 95 30 spare,
434 596 77 30 with
534 607 18 19 a
578 597 82 40 bony
683 597 104 39 frame,
811 607 38 19 an

87 664 147 30 immense
264 665 176 39 hook-nose,
464 665 60 30 and
552 668 61 28 two
644 665 95 39 small,
761 665 88 39 sharp

84 744 80 30 eyes,
190 734 85 40 quite
313 734 80 30 close
430 735 148 40 together.
641 735 97 29 There
767 745 80 20 were

83 803 95 30 about
206 803 66 29 him
301 803 41 30 all
371 803 53 30 the
454 803 85 39 signs
568 803 33 30 of
619 814 103 29 power
751 803 33 30 of
810 814 39 19 an

83 872 126 31 inferior
239 873 88 30 order
339 882 7 30 ;
373 883 104 29 power
506 873 34 30 of
572 872 155 40 plodding,
745 883 102 28 power

82 942 35 30 of
156 942 180 38 endurance,
362 942 60 29 and
454 941 138 40 capacity
622 941 34 30 of
684 941 163 39 privation,

81 1012 61 29 and
170 1011 54 30 the
261 1010 153 41 unfailing
443 1010 102 31 marks
583 1010 34 31 of
654 1009 193 41 acquisitive-

81 1091 78 28 ness,
162 1100 43 3 —
205 1081 53 30 the
281 1080 157 40 rapacious
465 1090 56 31 eye
536 1080 60 30 and
607 1080 90 29 hand.
762 1079 86 30 Look

81 1153 32 28 at
254 1151 39 29 he
320 1150 74 39 said,
423 1150 33 30 in
476 1160 40 19 an
539 1160 99 30 angry
652 1151 81 36 tone,
750 1158 33 21 as
808 1148 39 30 he

78 1221 104 30 thrust
197 1220 65 30 into
277 1220 143 30 Madame
446 1219 104 31 Jean's
564 1218 114 40 fingers
697 1218 52 30 the
771 1228 77 29 open

79 1289 92 31 letter
190 1289 40 30 he
249 1289 73 30 held
342 1289 33 29 in
394 1288 49 30 his
466 1298 68 20 own
546 1296 8 31 ;
677 1286 100 31 fellow
792 1286 55 29 has

75 1359 67 41 just
167 1359 79 30 been
268 1359 82 38 here,
368 1358 61 30 and
455 1357 16 30 I
495 1357 78 31 have
596 1355 66 31 told
685 1355 64 30 him
778 1355 69 29 that

78 1423 28 29 if
124 1423 40 29 he
179 1423 81 29 can't
272 1422 80 30 clear
359 1421 127 31 himself
506 1421 34 30 of
557 1420 86 30 these
659 1418 187 31 accusations
