1019 1638
144 91 31 24 70

393 98 59 19 ALL
472 98 58 19 FOR
550 96 107 21 GREED.

218 187 64 29 But
298 197 62 29 you
382 186 101 38 know,
502 184 85 30 don't
610 193 71 30 you,
700 181 68 31 that
786 181 39 30 he
841 180 27 30 is
884 182 30 28 to

143 256 37 30 be
196 256 195 38 enormously
538 252 163 31 remarked
716 252 144 29 Vevette.

337 325 77 40 they
429 324 58 31 call
625 322 101 30 added
746 320 170 41 scornfully

143 397 55 28 her
214 396 97 29 sister.

343 476 61 30 any
420 475 56 21 one
492 463 105 32 would
623 463 58 30 call
819 462 99 39 urged

145 535 142 31 Vevette.
514 533 125 39 Felicie,
666 533 77 40 they
773 543 56 30 say
868 531 50 31 old

148 606 129 28 Prevost
314 605 55 29 has
402 605 96 29 above
531 614 18 20 a
586 603 143 30 hundred
766 602 154 30 thousand

149 675 100 29 francs
264 684 18 20 a
296 684 82 30 year,
396 674 61 30 and
471 673 39 30 he
525 673 66 31 will
606 673 87 30 leave
709 683 95 29 every
815 682 105 29 penny

149 747 31 26 to
193 743 159 30 Monsieur
366 743 143 30 Richard.
540 743 106 30 You'll
663 754 50 19 see
728 742 75 30 he'll
818 753 102 30 marry

149 824 57 20 one
237 813 34 31 of
297 814 52 30 the
380 813 167 40 daughters
577 813 34 31 of
636 813 88 30 those
755 823 165 20 nouveaux

149 883 108 38 riches,
276 884 60 30 and
358 884 65 40 buy
438 883 41 31 all
502 884 28 29 D
635 894 56 20 one
707 883 34 31 of
758 883 87 30 these
861 882 59 31 fine

227 1021 31 30 A
283 1021 142 31 hundred
454 1022 154 30 thousand
638 1022 101 30 francs
769 1032 18 20 a

149 1092 144 39 repeated
315 1091 158 40 musingly
490 1092 123 39 Felicie,
632 1103 33 19 as
683 1092 77 41 they
774 1092 148 40 prepared

150 1164 32 27 to
209 1164 87 27 enter
319 1161 52 31 the
398 1161 104 31 house.
583 1162 86 30 He'll
694 1162 72 40 give
788 1162 50 30 his
852 1162 70 31 wife

152 1230 158 31 diamonds
340 1231 61 30 and
430 1242 60 20 run
519 1232 105 31 horses
655 1235 32 28 at
724 1233 54 30 the

151 1300 74 30 And
254 1300 75 30 then
359 1301 54 29 she
440 1301 118 40 sighed,
586 1302 60 30 and
673 1302 67 31 said
766 1303 156 41 devoutly,

187 1370 98 31 What
300 1381 18 20 a
332 1371 136 31 horrible
485 1374 78 29 state
580 1373 33 29 of
625 1373 107 39 things
