1019 1638
157 92 36 26 26

413 99 59 20 ALL
492 99 59 20 FOR
571 96 108 23 GREED.

159 187 237 40 unintelligible,
424 187 59 30 but
508 183 104 33 which
638 182 122 31 seemed
786 182 32 28 to
837 178 98 41 imply

158 256 68 31 that
256 257 53 30 she
338 257 92 30 knew
450 255 101 31 better
575 253 76 30 than
681 254 32 28 to
744 249 129 40 indulge
903 248 32 30 in

156 326 53 30 the
239 326 144 40 slightest
412 325 96 30 alarm
537 320 177 43 respecting
739 320 55 30 the
818 319 117 40 gallant

155 396 83 39 body
253 396 35 30 of
307 396 160 30 defenders
484 393 33 31 of
535 393 55 31 the
606 394 88 29 state.

364 464 71 30 look
472 474 63 29 you
572 463 83 37 here,
871 458 63 32 said

156 534 159 29 Monsieur
335 534 140 38 Prevost,
493 533 92 30 when
605 531 50 31 his
679 529 255 42 prime-minister

154 602 62 30 had
237 602 169 30 concluded
427 602 56 30 her
503 601 125 40 perusal
651 600 33 30 of
715 600 54 30 the
789 599 144 30 adminis-

154 672 113 30 trative
305 672 116 40 appeal,
489 682 53 30 my
578 670 87 31 mind
700 670 27 31 is
763 671 89 30 made
882 681 50 30 up.

154 742 134 41 Prosper
325 742 101 30 Morel
464 752 74 30 goes
575 741 95 32 about
706 740 50 32 his
793 740 141 32 business

158 815 32 28 at
226 812 54 31 the
314 813 61 30 end
411 812 34 31 of
485 812 55 31 the
577 812 118 31 month.
763 812 54 31 I'll
855 812 79 31 have

155 883 124 40 nobody
305 883 33 29 of
371 882 49 30 his
450 882 78 30 kind
557 882 96 31 about
682 893 50 19 me
745 892 7 30 ;
794 882 28 30 it
851 893 80 19 com-

154 951 149 41 promises
333 952 83 30 one's
446 951 144 41 position.
645 952 59 31 It's
730 952 183 31 intolerable
924 961 7 31 ;

154 1021 38 30 he
209 1021 78 30 shall
302 1021 86 30 leave
403 1024 32 27 at
450 1021 53 30 the
519 1022 60 29 end
596 1021 33 30 of
648 1022 54 29 the

211 1091 145 30 Madame
380 1090 79 31 Jean
481 1091 98 30 shook
600 1092 56 29 her
678 1092 89 30 head.
855 1092 77 30 He's

154 1160 78 30 been
247 1160 72 30 here
336 1160 122 30 sixteen
612 1161 142 40 objected
770 1162 63 31 she.

373 1230 73 30 does
482 1230 69 31 that
794 1233 137 31 retorted

154 1299 55 28 her
224 1301 122 26 master.

231 1367 60 30 His
306 1367 72 31 wife
393 1378 64 20 was
471 1369 54 30 the
540 1369 86 31 little
643 1371 84 30 one's

231 1437 80 31 That
325 1437 55 31 has
395 1437 132 41 nothing
542 1442 32 28 to
590 1441 39 29 do
645 1441 78 31 with
