1019 1638
833 82 35 25 25

289 87 63 20 THE
371 87 159 22 MARRIAGE
550 88 139 21 PORTION.

99 171 34 30 in
153 171 149 41 flagrante
324 173 110 31 delicto
446 183 6 30 ;
480 174 60 30 and
561 174 158 30 Monsieur
743 175 125 30 Riviere

101 242 56 29 has
172 242 125 41 already
313 243 89 31 twice
418 243 189 40 complained
623 243 33 31 of
674 243 65 30 him
765 247 31 27 to
821 254 48 19 me

103 310 153 42 officially.
316 311 47 31 As
391 313 54 29 the
481 324 71 18 man
580 312 26 30 is
639 313 160 40 employed
828 313 41 40 by

103 391 71 29 you,
192 381 61 30 and
273 392 33 19 as
325 381 132 40 nothing
472 381 103 32 would
590 381 71 40 give
683 392 48 20 me
752 385 117 37 greater

102 450 81 40 pain,
205 451 42 29 sir
276 452 61 29 and
365 452 158 29 honoured
553 452 163 39 colleague,
734 452 76 29 than
838 454 31 28 to

102 519 79 31 have
207 522 32 28 to
264 519 72 31 take
363 530 61 30 any
450 523 82 36 steps
558 520 156 40 annoying
735 523 31 27 to
797 530 70 30 you,

104 589 16 29 I
159 591 131 27 venture
327 591 31 27 to
396 589 60 40 beg
492 589 68 29 that
597 600 62 29 you
708 589 63 30 will
817 590 51 28 ad-

103 658 122 31 monish
253 658 66 30 him
347 659 61 30 and
431 658 81 30 force
544 658 65 30 him
650 662 31 27 to
718 669 151 20 renounce

103 728 50 30 his
182 728 218 40 malpractices,
422 728 33 29 in
495 728 116 30 default
650 728 33 30 of
714 728 102 31 which
854 729 15 28 I

104 798 111 30 should
259 798 39 30 be
346 797 123 41 obliged
505 801 31 27 to
573 798 128 39 proceed
737 797 77 31 with
853 808 16 19 a

102 867 106 39 rigour
245 867 18 29 I
300 867 110 29 should
440 867 111 39 deeply
580 867 131 39 deplore,
739 867 60 28 and
823 868 46 28 set

103 936 54 30 the
173 935 210 39 gendarmerie
399 935 33 30 in
450 935 109 31 action.

305 1005 16 29 I
340 1004 124 38 remain,
483 1005 60 37 &c,

535 1073 126 38 Collot,

142 1215 105 30 When
276 1215 142 28 Madame
443 1213 78 30 Jean
550 1212 129 30 reached
708 1212 52 30 the
784 1213 82 29 word

99 1284 219 41 gendarmerie,
362 1283 53 30 she
460 1282 46 31 for
551 1281 116 31 certain
717 1281 149 30 excellent

98 1365 123 21 reasons
238 1354 103 32 which
366 1364 47 21 we
440 1353 77 30 shall
543 1353 91 30 know
660 1351 84 38 later,
763 1350 103 30 curled

97 1425 56 30 her
175 1425 44 38 lip
241 1424 34 30 in
299 1423 128 39 disdain,
440 1423 60 30 and
524 1421 154 31 muttered
695 1419 171 41 something
