1019 1638
232 80 122 21 MARTIN
375 73 160 28 PREVOST'S
554 81 157 20 AMBITION.

812 72 36 27 77

84 165 51 31 old
172 166 157 32 Prevost's
366 167 204 41 indisputable
607 166 146 41 capacity,
789 167 60 30 and

84 236 91 31 knew
195 236 64 30 also
284 237 71 31 how
377 237 88 30 small
487 247 69 19 men
575 237 60 28 had
652 236 87 29 made
763 245 85 20 enor-

84 315 88 20 mous
208 305 138 31 fortunes
363 315 7 31 ;
415 306 61 30 and
511 307 31 28 at
577 305 52 30 the
666 304 183 39 concluding

84 374 110 38 phrase
210 375 39 29 he
264 375 133 30 blushed
411 375 41 29 all
467 385 72 19 over
553 374 76 30 with
644 373 126 39 deUght.

226 443 25 31 it
280 454 80 21 were
386 443 140 41 possible,
559 444 70 29 dear
808 442 39 31 he

85 513 180 39 exclaimed,
362 514 103 31 would
487 513 111 30 indeed
617 514 37 29 be
673 524 17 19 a
711 513 136 30 brilliant

86 583 105 27 dream
205 582 91 28 for—
297 601 41 3 —

384 651 192 40 interrupted
603 652 53 29 the
686 652 50 29 old
768 662 78 28 man,

120 721 113 41 you've
250 731 77 30 gone
343 722 60 29 and
424 721 117 30 formed
563 731 80 20 some
658 720 188 39 inclination,

86 801 32 19 as
134 790 107 39 people
258 790 58 30 call
338 790 33 39 it,
388 790 47 29 for
450 790 67 29 that
541 790 133 30 scornful
695 789 135 40 princess
841 799 7 30 ;

85 860 69 29 that
168 859 26 30 is
211 859 33 30 of
261 869 40 20 no
317 862 63 27 sort
403 859 33 30 of
455 869 206 29 consequence
730 859 61 29 and
809 858 39 30 he

85 928 108 30 waved
212 928 49 29 his
283 928 90 39 hand,
392 938 32 19 as
442 927 28 30 if
490 927 114 40 setting
620 927 83 30 aside
718 927 40 30 all
774 928 75 29 such

84 1006 163 30 nonsense;
365 997 86 30 there
463 996 26 31 is
500 1007 39 20 no
551 997 86 29 harm
649 996 33 30 in
693 996 32 31 it.
752 997 97 30 What

83 1066 27 31 is
136 1066 167 40 important
328 1066 27 30 is
381 1066 67 30 that
476 1066 16 29 I
521 1066 73 30 hold
624 1066 85 30 those
731 1066 118 30 Veran-

84 1147 88 20 cours
188 1137 34 29 in
236 1147 53 30 my
304 1136 91 39 hand,
413 1137 60 29 and
493 1136 67 30 that
576 1147 39 19 on
630 1136 53 30 the
699 1137 60 40 day
774 1135 76 31 after

84 1210 186 36 to-morrow,
294 1216 38 20 on
359 1206 170 41 Thursday,
553 1208 33 28 at
607 1208 61 29 two
692 1205 122 39 o'clock,
834 1204 16 30 I

84 1277 78 31 shall
188 1279 57 37 put
270 1287 54 30 my
348 1276 156 39 signature
531 1276 64 30 side
617 1276 43 40 by
684 1276 64 30 side
774 1275 76 32 with

84 1346 161 31 Monsieur
264 1346 30 30 le
316 1345 149 31 Vicomte'
469 1356 13 20 s
509 1348 31 28 to
564 1356 39 20 an
625 1347 49 29 act
697 1345 67 30 that
787 1343 63 32 will

84 1417 89 31 make
189 1415 65 31 him
269 1426 53 28 my
338 1415 181 39 dependent.
564 1414 50 31 He
637 1415 55 29 has
715 1414 66 30 sold
802 1424 48 19 me
