1019 1638
798 89 51 27 189

334 96 154 20 MONSIEUR
506 96 86 20 LEON.

90 179 159 42 equipage,
268 183 59 29 and
341 183 53 29 the
409 182 130 40 position
555 183 40 29 of
599 182 157 30 Monsieur
768 183 82 29 Leon

91 249 123 31 became
230 261 17 19 a
263 251 77 29 sohd
356 262 64 18 one.

137 321 66 30 One
226 332 70 19 man
323 322 85 30 alone
430 323 103 30 would
557 332 92 20 never
675 324 123 28 consent
824 324 30 27 to

93 392 79 30 have
188 393 151 40 anything
355 395 31 28 to
402 394 37 29 do
455 393 76 31 with
551 393 156 30 Monsieur
722 393 131 39 Dupisez,

96 461 61 29 and
171 461 68 30 that
253 472 71 19 man
339 472 61 20 was
417 462 49 30 old
488 461 116 30 Martin
625 462 136 30 Prevost.
807 461 49 29 He

96 530 128 30 resisted
247 531 40 29 all
313 531 67 29 that
406 531 127 29 amiable
559 531 134 40 person's
718 531 140 39 repeated

97 601 145 37 attempts
268 602 32 27 to
326 599 149 39 captivate
500 599 72 39 him,
601 599 60 30 and
685 599 90 32 when
800 610 58 29 any

99 669 33 29 of
151 668 81 30 their
253 668 186 41 neighbours
460 668 134 30 affirmed
616 669 66 29 that
704 668 157 30 Monsieur

101 737 85 30 Leon
207 737 61 29 had
290 737 87 29 made
399 737 48 29 his
462 737 130 39 fortune,
610 737 60 29 and
684 747 61 20 was
760 747 17 18 a
797 737 64 29 rich

100 816 79 28 man,
216 806 39 30 he
289 806 171 40 invariably
490 806 163 38 answered,
724 806 77 30 That
836 806 24 30 is

102 875 83 29 what
199 885 46 19 we
261 875 78 29 shall
354 885 48 18 see
418 885 81 18 some

145 943 248 40 Unfortunately,
418 942 33 30 in
474 942 52 30 the
550 941 53 31 life
627 942 34 30 of
681 942 74 30 such
779 943 85 29 small

102 1015 99 27 towns
223 1023 32 18 as
278 1012 28 29 D
415 1012 52 29 the
489 1012 161 29 attraction
671 1012 110 40 hardly
796 1023 70 19 ever

102 1081 110 30 eluded
239 1080 25 31 is
288 1081 52 30 the
365 1080 73 31 cafe.
483 1080 146 31 Business
654 1081 59 29 and
737 1081 129 31 idleness

103 1151 69 29 lead
197 1153 31 27 to
253 1150 25 30 it
304 1149 88 30 alike.
439 1149 107 30 Either
572 1149 25 30 it
621 1150 25 29 is
672 1151 52 29 the
748 1151 119 29 natural

103 1220 86 39 place
216 1219 33 31 of
275 1219 209 40 appointment
509 1218 46 31 for
584 1219 87 30 those
696 1220 68 30 who
791 1220 76 30 have

105 1289 101 30 affairs
230 1300 39 19 on
292 1289 90 39 hand,
410 1300 33 18 or
466 1288 25 30 it
514 1288 26 30 is
564 1289 51 29 the
639 1289 120 30 natural
785 1290 83 39 place

105 1359 47 30 for
167 1359 87 29 those
276 1361 32 27 to
324 1358 112 40 lounge
456 1357 33 30 in
504 1357 68 31 who
588 1358 77 30 have
681 1369 39 19 no
736 1360 133 39 employ-

105 1431 85 29 ment
215 1428 47 30 for
287 1427 81 31 their
393 1427 101 30 hours.
540 1426 73 31 And
643 1438 40 26 so,
713 1427 77 31 from
819 1429 50 30 the
