1019 1638
127 92 54 26 286

378 100 58 19 ALL
455 99 58 20 FOR
533 98 107 21 GREED.

130 197 39 19 on
184 187 67 39 less,
269 189 62 38 yet,
349 187 90 30 when
454 185 25 30 it
494 185 27 30 is
536 195 18 19 a
569 182 142 41 question
727 181 34 30 of
779 191 117 30 marry-

130 255 62 41 ing,
207 259 53 27 ten
274 255 90 31 times
378 254 82 31 their
474 254 118 29 income
604 261 127 31 appears
746 252 55 29 not
815 252 32 28 to
859 249 37 30 be

395 403 53 30 my
492 403 74 29 poor
763 387 137 42 rejoined

133 464 121 38 Felicie,
272 463 225 40 dogmatically,
553 460 163 32 well-born
738 459 108 40 people
862 458 38 31 do

132 536 54 27 not
212 543 101 30 marry
339 535 32 27 to
396 531 70 39 Uve,
489 531 58 30 but
571 533 33 27 to
628 532 166 37 represent.
840 529 61 30 We

134 602 78 29 have
227 604 32 27 to
273 602 117 38 uphold
405 612 56 19 our
482 600 133 30 families
630 600 61 29 and
706 610 55 19 our
775 609 105 20 names
893 608 7 30 ;

135 672 60 29 and
225 681 55 20 our
310 671 77 40 duty
416 670 27 30 is
479 673 31 27 to
540 670 72 30 take
642 679 67 20 care
745 669 69 30 that
849 668 53 30 the

135 740 138 30 children
288 740 68 31 who
372 740 128 30 succeed
514 750 37 19 us
574 750 50 19 are
640 739 129 30 enabled
784 741 32 28 to
832 749 70 30 sup-

136 812 69 37 port
219 809 81 30 their
315 809 133 40 position
463 809 33 30 in
510 809 54 30 life
579 809 77 30 with
672 808 131 41 dignity.
842 809 60 30 We

137 880 79 30 have
239 881 54 28 not
318 881 62 38 yet,
406 878 34 30 in
463 878 79 40 spite
566 878 34 30 of
623 878 41 30 all
691 878 211 39 Revolutions,

140 960 83 19 come
245 951 32 27 to
299 949 75 29 such
389 959 17 18 a
421 950 78 28 state
516 948 33 29 of
567 948 107 40 things
689 959 32 19 as
743 948 27 30 is
786 948 66 30 said
873 951 32 27 to

140 1018 82 30 exist
236 1021 140 36 amongst
391 1018 53 30 the
459 1017 140 40 English,
613 1019 112 38 where,
743 1018 16 30 I
775 1018 128 39 believe,

140 1090 61 28 two
217 1087 186 30 individuals
419 1088 135 39 actually
569 1098 103 30 marry
687 1088 130 30 because
832 1089 75 40 they

140 1157 78 30 have
240 1156 94 30 taken
356 1166 82 20 some
460 1156 171 41 imaginary
654 1157 91 41 fancy
768 1158 47 29 for
835 1159 73 29 each

144 1226 94 38 other,
256 1226 61 29 and
338 1225 33 30 in
392 1226 81 29 their
494 1226 77 41 folly
594 1230 93 27 count
709 1227 47 31 for
778 1228 131 40 nothing

144 1294 52 31 the
226 1294 121 31 fortune
377 1295 61 30 and
466 1295 93 30 social
588 1296 146 40 standing
764 1298 33 29 of
830 1298 81 30 then-

145 1364 146 30 children.
336 1364 50 31 No
399 1365 6 31 !
429 1376 47 21 we
504 1366 79 31 have
613 1369 54 28 not
692 1370 55 38 yet
773 1378 84 20 come
880 1370 31 28 to
