1019 1638
147 91 51 25 190

397 101 57 19 ALL
475 101 57 19 FOR
552 99 109 21 GREED.

144 190 109 37 notaiy
269 198 33 19 or
324 198 96 19 avoue
445 187 90 30 clown
557 188 31 27 to
604 185 53 29 the
680 184 151 38 labourer,
855 184 60 30 and

144 256 78 30 from
243 257 53 29 the
318 259 89 38 petty
429 256 173 30 tradesman
624 264 43 29 up
690 255 31 28 to
737 253 52 30 the
806 253 108 40 neigh-

143 325 132 41 bouring
302 325 111 40 squire,
441 336 62 29 you
530 335 50 19 are
610 325 105 38 pretty
741 322 116 31 certain
883 325 31 28 to

144 405 51 30 see,
219 396 52 29 the
298 394 96 30 entire
420 394 79 30 male
523 392 180 41 population
728 392 34 30 of
784 402 17 20 a
827 393 87 30 small

143 468 83 27 town
255 465 60 29 and
344 463 40 32 its
414 463 143 30 environs
588 463 74 29 send
693 462 41 29 its
763 462 150 30 members

143 533 203 40 successively
361 535 31 28 to
408 533 53 30 the
480 532 74 39 cafe,
557 551 44 3 —
602 531 95 31 above
712 531 50 39 all,
780 531 29 31 if
826 532 86 30 there

142 603 38 28 be
195 602 57 29 but
267 613 64 18 one.

184 671 116 30 Martin
322 672 131 30 Prevost
475 672 60 28 and
556 670 49 30 his
627 671 139 40 nephew,
791 672 120 39 though

142 751 31 20 so
197 740 162 31 dissimilar
381 740 33 30 in
437 741 40 30 all
500 740 82 31 their
604 751 93 30 ways,
723 751 80 21 were
830 741 80 31 alike

141 810 32 29 in
199 810 71 39 this,
298 811 67 30 that
390 811 121 30 neither
537 822 72 19 ever
635 813 45 28 set
706 811 64 30 foot
795 811 33 30 in
857 811 53 31 the

141 880 63 30 cafe
216 889 7 30 ;
254 880 61 30 and
336 880 67 30 that
425 890 62 20 was
509 880 84 30 what
616 880 91 30 could
731 880 38 30 be
793 880 64 30 said
880 881 33 29 of

139 959 39 18 no
195 949 86 28 other
297 948 172 29 individual
484 949 33 28 in
532 949 29 28 D
651 973 6 4 .

182 1017 43 29 M.
258 1017 36 30 de
324 1017 186 39 Verancour,
544 1028 39 20 on
616 1018 52 30 the
700 1018 87 30 other
816 1019 89 39 hand,

138 1086 103 29 would
276 1086 200 40 occasionally
508 1087 87 29 stroll
629 1086 41 39 in,
703 1087 61 30 and
794 1088 114 41 gratify

138 1154 125 30 himself
284 1154 77 31 with
387 1165 17 19 a
698 1167 33 19 or
756 1157 25 30 it
807 1157 101 40 might

138 1225 37 29 be
205 1235 17 18 a
464 1225 164 40 according
658 1228 32 28 to
719 1227 54 30 the
803 1238 105 20 season

138 1304 33 20 or
193 1293 52 30 the
271 1292 74 31 time
369 1293 34 30 of
425 1293 52 30 the
501 1294 59 41 day
583 1297 31 27 at
636 1295 104 30 which
764 1296 49 30 his
835 1297 73 30 visit

137 1373 62 20 was
227 1363 80 39 paid.
353 1363 125 30 Within
508 1364 53 30 the
586 1365 60 31 last
672 1366 236 31 twelvemonths

138 1432 98 30 Raoul
253 1433 35 29 de
304 1433 144 30 Morville
470 1434 62 29 had
554 1435 93 30 taken
662 1438 32 28 to
710 1436 198 40 frequenting
