1019 1638
818 100 54 27 205

272 106 63 21 THE
354 106 95 21 FEAST
470 106 57 21 FOR
547 106 61 21 THE
628 106 88 21 DEAD.

152 190 86 32 Well
253 192 6 30 !
282 191 26 31 it
333 192 26 30 is
381 195 68 27 true
462 201 7 31 ;
492 193 67 29 that
574 203 61 20 was
651 203 17 19 a
685 192 89 40 thing
790 193 84 30 often

111 260 66 31 said
193 261 34 30 of
239 272 55 19 om-
316 261 109 31 friend.
470 262 95 40 Many
580 262 106 39 people
708 263 166 38 pretended

110 330 76 41 they
200 340 81 20 were
296 330 97 30 afraid
409 331 33 29 of
460 330 65 30 him
535 340 7 30 ;
565 331 57 29 but
636 331 86 29 those
737 331 69 30 who
823 331 52 29 did

111 408 33 20 so
170 409 80 21 were
280 399 114 41 always
419 399 96 30 found
540 401 31 28 to
597 399 38 30 be
658 399 219 30 half-and-half

111 471 134 36 natures,
263 468 79 30 faint
357 469 90 39 souls,
464 469 69 30 who
549 468 121 40 quailed
692 469 59 29 less
773 469 102 30 before

112 537 147 30 darkness
273 538 76 29 than
363 537 102 31 before
481 537 88 39 hght.

155 606 147 30 Between
317 607 51 29 old
390 607 129 29 Prevost
542 607 59 29 and
622 607 52 29 the
691 606 79 30 Cure
791 608 85 29 there

112 675 61 30 had
198 675 79 30 been
295 686 17 19 a
335 678 62 27 sort
412 675 33 30 of
464 675 75 30 tacit
558 675 204 40 compromise,
782 686 93 20 some-

112 745 84 30 what
214 745 78 29 after
315 745 53 29 the
389 744 120 30 fashion
524 745 34 29 of
577 745 68 29 that
659 744 101 31 which
783 745 95 30 exists

112 813 34 30 in
176 813 116 30 France
321 813 138 31 between
495 813 53 30 the
579 813 123 30 Church
730 813 60 30 and
825 813 53 30 the

114 882 84 30 State
209 891 7 30 ;
241 882 82 39 each,
341 885 31 27 at
393 882 126 39 bottom,
537 881 165 40 regarding
724 882 52 30 the
792 882 86 30 other

113 962 32 19 as
161 961 18 19 a
193 961 161 29 necessary
369 950 69 30 evd.
484 950 64 29 The
568 950 79 30 Cure
670 950 145 39 couldn't,
833 951 45 29 for

113 1020 53 30 the
181 1019 53 30 Use
247 1019 33 30 of
291 1019 73 39 him,
376 1022 113 27 esteem
500 1018 117 31 Martin
631 1019 137 38 Prevost,
783 1019 46 30 for
840 1019 38 30 he

112 1099 63 21 was
189 1089 47 29 far
244 1090 51 28 too
311 1098 70 19 sure
397 1088 34 29 of
442 1088 52 29 the
506 1087 116 30 latter's
637 1087 142 30 usm-ious
791 1098 87 20 exac-

112 1157 82 31 tions
206 1167 8 30 ;
238 1157 60 30 and
323 1156 48 31 his
394 1156 119 41 charity
528 1156 60 30 and
611 1155 48 31 his
675 1156 129 41 honesty
819 1157 60 30 had

113 1227 91 29 bouts
220 1226 33 29 of
272 1226 77 29 hard
372 1225 135 40 fighting
521 1225 77 31 with
619 1225 72 30 each
707 1225 87 30 other
809 1236 71 20 over

114 1295 52 30 the
183 1295 154 40 grandson
352 1294 33 30 of
397 1294 52 30 the
465 1294 92 31 Swiss
572 1294 82 30 valet
669 1294 37 29 de
718 1294 140 29 chambre
872 1304 6 28 ;

114 1384 42 3 —
157 1365 55 39 for,
231 1365 43 29 let
299 1363 26 30 it
349 1364 38 29 be
410 1363 133 39 avowed,
568 1363 53 30 the
645 1361 79 32 Cure
747 1372 71 29 was,
851 1362 32 30 of

114 1435 52 30 the
183 1437 70 35 two,
271 1443 83 21 more
370 1433 109 30 honest
494 1442 77 21 even
586 1432 75 30 than
675 1430 174 31 charitable.
