1019 1638
137 79 34 25 56

388 86 58 20 ALL
467 86 57 20 FOR
544 84 111 22 GREED.

136 175 38 29 he
191 174 61 39 did,
271 175 60 29 and
346 174 67 30 that
434 173 24 30 it
473 182 63 21 was
551 169 181 32 incumbent
746 180 85 29 upon
844 168 66 30 him

136 246 31 28 at
189 255 61 30 any
265 246 64 28 cost
351 246 32 28 to
405 243 38 31 be
464 242 85 31 what
571 241 40 30 he
634 240 98 30 called
879 241 31 28 to

135 313 48 30 his

177 384 65 29 The
265 384 129 29 chateau
417 385 31 27 at
471 382 29 30 D
611 379 110 41 might,
745 390 73 29 ages
841 389 67 30 ago,

136 454 77 30 have
243 453 78 30 been
351 463 39 19 an
420 451 160 40 agreeable
611 450 105 38 abode,
749 449 91 31 when
870 448 40 30 its

136 532 169 30 possessors
328 522 62 29 had
412 521 116 30 wealth
551 518 154 32 sufficient
728 521 32 28 to
780 528 129 31 procure

136 591 83 31 what
230 600 81 21 were
326 590 53 30 the
394 589 128 31 relative
535 589 144 30 comforts
694 589 61 29 and
770 588 140 30 luxuries

138 660 33 29 of
189 660 53 29 the
264 659 115 40 period,
403 659 59 30 but
483 659 26 30 it
523 669 63 21 was
609 669 18 19 a
641 657 162 31 miserable
825 657 85 41 place

137 728 47 31 for
198 731 61 28 two
282 738 106 30 young
402 738 120 20 women
537 730 32 27 to
584 727 121 30 inhabit
721 727 33 30 in
769 738 56 19 our
841 727 68 40 day.

138 797 96 40 Built,
259 807 32 20 as
314 807 50 19 are
391 797 85 30 often
500 795 138 31 baronial
665 796 109 30 castles
799 795 34 31 in
858 796 52 30 the

138 870 76 28 west
249 867 33 31 of
314 867 126 39 France,
477 866 213 41 considerably
724 866 100 32 below
858 866 52 31 the

139 936 113 40 village
274 947 34 19 or
329 939 84 28 town
435 937 175 39 dependent
632 947 84 29 upon
736 936 25 30 it
782 936 33 30 in
835 937 75 40 days

140 1005 33 30 of
186 1016 82 30 yore,
286 1005 41 31 its
342 1006 67 30 first
423 1005 204 31 unavoidable
649 1006 62 30 evil
727 1016 62 21 was
805 1006 104 40 damp-

140 1086 77 27 ness,
236 1075 60 30 and
311 1078 83 28 want
409 1075 34 30 of
462 1075 45 30 air
522 1086 39 20 on
584 1075 41 31 all
649 1075 81 32 sides
753 1086 71 22 save
843 1086 65 21 one.

140 1145 31 29 It
205 1156 62 19 was
296 1145 160 40 decidedly
485 1146 229 31 unwholesome
727 1156 7 30 ;
736 1165 43 4 —
779 1157 41 20 no
854 1157 56 20 one

141 1213 109 31 denied
279 1214 76 31 that.
401 1215 94 39 Then,
528 1215 152 41 although
709 1216 26 30 it
764 1227 63 21 was
857 1219 53 28 not

140 1284 83 39 large
246 1284 33 30 of
298 1284 41 30 its
360 1284 85 39 kind,
463 1285 26 30 it
503 1296 64 21 was
589 1286 93 30 much
696 1288 52 29 too
763 1286 85 41 large
864 1286 46 31 for

139 1352 40 32 its
213 1352 197 41 inhabitants,
442 1355 61 29 and
536 1355 76 40 they
641 1356 62 30 had
732 1358 33 29 to
793 1356 117 31 huddle

139 1422 184 32 themselves
351 1423 65 31 into
445 1423 86 33 holes
561 1425 61 31 and
648 1436 130 28 corners,
807 1426 103 31 where
