1019 1638
333 119 155 21 MONSIEUR
506 120 87 20 LEON.

802 115 51 25 187

92 214 93 30 many
200 205 79 38 who,
329 206 37 29 de
388 206 80 40 parti
600 207 61 29 had
676 206 126 31 decided
823 210 31 28 to

93 272 78 40 keep
188 273 83 31 aloof
290 274 78 30 from
390 275 72 29 him.
507 276 64 28 The
587 276 144 29 deceased
753 276 103 30 doctor

92 341 61 29 had
169 342 56 29 left
248 342 48 30 his
313 354 55 19 son
383 354 17 18 a
415 343 111 41 goodly
541 344 94 30 house
650 344 33 29 in
705 345 52 29 the
772 344 82 40 prin-

93 409 80 39 cipal
188 413 94 28 street
297 412 33 29 of
342 412 29 29 D
459 436 6 14 ,
484 413 66 38 and,
568 412 119 30 instead
702 414 33 28 of
747 414 109 39 selling

94 478 35 39 it,
147 479 55 29 the
219 480 65 29 said
299 491 54 19 son
372 481 134 40 jauntily
523 481 109 39 opined
653 482 67 30 that
741 483 39 29 he
795 493 61 21 was

93 547 68 30 rich
187 548 124 40 enough
339 552 32 27 to
396 549 78 40 keep
503 549 34 40 it,
565 550 60 30 and
654 550 67 30 that
745 550 25 30 it
795 561 61 20 was

94 617 139 39 pleasant
254 620 31 27 to
308 618 78 30 have
402 629 17 18 a
434 619 89 29 home
545 618 33 30 in
599 619 52 29 the
674 621 67 37 spot
755 619 100 31 where

95 685 39 29 he
158 696 62 21 was
251 686 85 39 bom,
363 687 60 29 and
445 687 111 39 where,
582 697 32 20 as
639 687 39 30 he
701 697 62 21 was
789 698 66 29 gra-

94 752 119 42 ciously
234 754 123 40 pleased
378 757 31 27 to
433 755 134 39 observe,
591 756 39 28 he
652 756 91 29 loved
765 766 89 30 every

95 832 57 19 one
182 823 60 29 and
272 833 92 30 every
394 833 56 19 one
479 823 89 30 loved
597 823 73 30 him.
721 823 72 30 And
825 834 31 20 so

94 886 159 30 Monsieur
276 887 85 29 Leon
383 887 75 29 used
484 889 31 27 to
540 897 82 19 come
647 887 83 29 often
755 890 31 26 to
810 887 46 29 his

93 955 138 39 paternal
253 954 146 39 mansion,
426 955 60 29 and
508 957 68 38 stay
591 956 85 28 there
699 956 45 29 for
766 966 17 19 a
798 956 59 31 few

93 1023 102 32 weeks
210 1026 31 27 at
262 1034 17 19 a
298 1023 83 39 time,
400 1024 59 30 and
481 1023 25 31 it
521 1034 62 21 was
605 1025 163 29 rumoured
789 1025 68 30 that

92 1104 18 18 a
133 1095 106 37 strong
261 1092 162 30 attraction
437 1103 62 19 was
522 1092 155 30 exercised
700 1103 71 20 over
792 1093 65 29 him

92 1162 42 40 by
160 1162 53 30 the
237 1161 70 32 wife
332 1161 34 31 of
392 1162 53 29 the
471 1161 81 40 Juge
578 1161 38 30 de
639 1161 88 30 Paix.
783 1162 73 30 This

91 1232 82 39 lady,
191 1231 120 39 though
331 1230 48 30 his
396 1230 107 39 senior,
523 1231 59 29 and
596 1241 70 20 now
680 1233 68 37 past
763 1231 91 40 forty,

92 1310 63 21 was
179 1298 63 31 stiU
264 1298 189 40 undeniably
474 1298 174 39 handsome,
671 1299 60 29 and
752 1298 107 40 people

91 1368 136 30 asserted
249 1368 68 29 that
338 1367 39 30 he
393 1367 90 30 could
504 1370 54 27 not
580 1367 103 30 loosen
703 1368 51 29 the
771 1367 88 30 chain

92 1436 77 31 with
186 1435 101 32 which
310 1435 52 29 she
384 1435 60 29 had
459 1434 104 30 bound
578 1434 72 30 him.
695 1435 162 39 However,
