1019 1638
376 91 62 21 THE
458 91 124 21 SISTERS.

826 88 33 25 55

94 174 96 40 veins,
222 176 77 40 they
327 177 81 41 fully
437 177 129 41 enjoyed
594 177 53 31 the
675 178 186 41 advantages

95 244 60 30 and
193 244 233 42 disadvantages
464 247 33 30 of
529 247 52 30 the
617 246 132 41 position
785 248 75 40 they

94 313 170 31 attributed
300 318 31 27 to
368 315 191 40 themselves,
598 316 60 30 and
697 316 33 30 in
767 326 91 31 many

93 382 154 32 instances
277 394 77 31 gave
384 386 230 40 extraordinary
644 386 154 40 examples
829 387 33 29 of

94 452 284 31 self-renunciation
408 455 61 29 and
497 454 34 30 of
557 454 132 31 sacrifice
718 458 32 27 to
775 455 81 31 what

91 521 76 41 they
190 523 119 30 termed
337 522 53 31 the
415 525 119 38 respect
559 523 47 30 for
634 523 80 30 their
743 534 110 19 names.

92 590 66 30 Our
172 590 110 40 friend,
306 591 53 31 the
381 592 120 40 worthy
520 591 139 31 Vicomte
682 593 36 29 de
738 592 116 31 Veran-

91 669 81 28 cour,
193 670 63 21 was
278 670 17 20 a
320 660 61 30 fine
408 660 152 40 specimen
586 661 33 30 of
641 661 49 30 his
711 661 85 39 kind,
825 662 32 29 of

91 729 84 29 what
203 729 40 29 he
273 729 97 30 called
398 729 48 31 his
680 729 49 31 He
758 730 94 40 really

90 808 63 20 was
183 798 91 30 allied
307 801 31 28 to
368 799 155 30 whatever
551 810 62 20 was
642 799 126 39 noblest,
801 802 53 27 not

91 867 74 39 only
190 867 33 29 in
252 867 47 29 his
330 867 198 39 department,
557 867 57 30 but
640 878 32 19 as
697 867 46 30 far
768 878 86 29 away

89 945 32 20 as
141 935 68 30 that
228 935 197 40 magnificent
448 936 112 40 temple
578 936 136 31 whereof
734 936 74 40 they
824 937 34 29 of

88 1004 53 29 the
163 1004 141 30 Parisian
323 1005 164 39 Faubourg
510 1005 42 29 St.
571 1004 144 30 Germain
737 1015 50 19 are
801 1005 53 29 the

89 1072 76 41 high
187 1072 118 41 priests.
351 1072 51 31 He
421 1083 62 20 was
498 1083 76 30 very
596 1083 82 30 poor,
696 1073 61 30 had
778 1073 77 30 been

89 1142 123 40 obliged
241 1144 31 28 to
303 1143 126 29 educate
458 1142 116 40 poorly,
607 1143 59 29 and
695 1142 61 30 had
785 1152 69 20 con-

89 1211 131 30 demned
267 1213 32 28 to
343 1221 93 30 many
479 1210 178 41 privations,
702 1211 49 30 his
796 1213 60 29 two

90 1281 176 39 daughters,
291 1281 101 31 whom
414 1281 39 29 he
477 1281 107 40 dearly
605 1281 107 39 loved;
742 1280 58 29 but
821 1279 38 30 he

90 1351 112 30 looked
227 1361 83 30 upon
335 1350 50 31 his
415 1353 132 38 poverty
573 1360 32 20 as
630 1360 18 20 a
674 1348 185 37 distinction,

92 1421 62 30 and
176 1420 135 39 thought
333 1420 26 30 it
380 1430 63 22 was
466 1420 49 30 his
540 1420 77 39 duty
639 1421 31 28 to
692 1417 116 31 behave
831 1427 31 20 as
