1019 1638
181 114 234 23 MADEMOISELLE
435 109 143 28 FELICIE's
597 117 147 20 HUSBAND.

797 110 51 26 241

271 202 58 30 but
351 203 51 29 old
402 221 36 4 —
438 213 81 30 -very
639 204 134 29 retorted
798 204 51 29 the

87 269 143 32 Vicomte
241 281 6 29 ;
319 275 52 28 out
391 273 33 30 of
443 273 132 40 keeping
589 273 77 30 with
680 274 53 29 the
748 273 101 30 habits

88 339 35 30 of
142 341 126 29 modern
388 342 39 30 he
450 342 118 30 seemed
591 345 31 27 at
645 353 16 18 a
683 342 60 30 loss
765 342 46 30 for
832 353 17 19 a

87 419 110 29 proper
214 413 88 35 term,
352 411 33 30 of
402 412 125 29 modern
647 412 38 29 he
700 411 149 30 hesitated

88 478 99 38 again.

164 547 72 30 You
266 558 88 20 mean
385 552 53 27 out
467 549 34 30 of
532 549 132 40 keeping
693 549 76 30 with
797 549 52 30 the

88 616 103 29 habits
236 617 33 29 of
314 618 30 29 la
388 618 96 39 petite
786 618 63 29 said

89 684 142 39 Richard,
251 686 122 40 coming
396 690 32 27 to
448 686 48 31 his
525 687 170 30 assistance.
774 687 73 36 But,

88 755 159 29 Monsieur
263 756 28 29 le
496 756 98 29 added
612 756 48 39 he,
744 756 105 29 intend

87 827 32 27 to
144 823 130 39 furnish,
300 825 60 29 and
386 824 17 30 I
429 825 77 39 hope
532 824 77 40 keep
633 835 41 28 up
700 823 148 31 Chateau-

87 894 128 30 breville
239 905 40 18 on
302 905 17 18 a
344 894 78 29 scale
442 897 54 26 not
520 894 84 39 quite
628 893 147 40 unfitting
797 893 52 29 the

87 964 185 38 importance
288 964 33 29 of
333 964 52 29 the

167 1033 64 30 The
262 1033 93 30 deuce
385 1043 62 30 you
477 1033 46 38 do,
556 1043 52 30 my
638 1032 71 30 dear
737 1032 109 29 fellow.

87 1102 95 40 Why,
196 1102 83 38 then,
294 1102 97 40 you'll
407 1104 53 27 not
474 1101 38 30 be
529 1101 66 30 able
611 1104 32 27 to
659 1101 37 30 do
711 1100 26 30 it
751 1100 96 30 under

87 1181 17 19 a
119 1171 140 29 hunch-ed
274 1171 152 29 thousand
440 1170 101 30 francs
556 1181 17 19 a

207 1241 37 29 do
270 1242 54 27 not
351 1243 92 26 count
468 1250 83 30 upon
575 1239 93 40 doing
694 1239 25 30 it
744 1239 46 30 for
816 1249 30 20 so

215 1310 157 30 answered
385 1309 131 39 humbly
531 1308 158 31 Monsieur
705 1308 141 29 Richard.

160 1379 91 29 Peste
264 1379 6 29 !
323 1378 167 41 ejaculated
506 1377 158 30 Monsieur
679 1378 37 29 de
732 1376 114 31 Veran-

86 1457 80 28 cour,
188 1448 59 29 and
268 1448 52 30 the
341 1447 72 32 look
435 1446 102 31 which
561 1446 211 39 accompanied
795 1446 51 29 the

127 1527 67 20 VOL.
208 1527 21 19 I.
467 1526 20 21 B
