1019 1638
279 101 63 20 THE
361 101 159 20 MARRIAGE
540 101 139 20 PORTION.

828 94 33 26 41

99 185 46 31 bit
160 186 43 41 by
218 186 55 39 bit,
288 187 57 30 but
356 188 115 40 wholly
483 188 60 29 and
558 189 31 28 to
604 188 53 29 the
673 188 58 29 last
745 188 118 38 morsel,

97 255 43 41 by
151 256 53 30 the
220 267 140 28 pressure
376 257 33 30 of
421 257 117 31 Martin
552 257 138 30 Prevost'
695 267 13 20 s
723 257 67 30 able
806 258 58 29 and

98 324 118 39 pitdess
232 326 92 30 hand.

173 394 39 30 So
236 405 62 30 you
325 395 103 31 would
453 398 158 36 mortgage
641 395 60 29 Les
729 394 136 31 Grandes

98 463 174 41 Bruyeres;
296 465 103 30 would
552 464 39 29 he
607 464 144 40 abruptly
773 464 92 29 asked

98 532 92 31 when
219 533 39 29 he
295 533 91 31 knew
417 534 41 29 all
486 533 39 30 he
554 533 122 31 wanted
704 536 32 27 to
765 532 99 31 know.

132 602 93 38 Well,
243 602 159 29 Monsieur
424 602 29 29 le
468 602 149 39 Vicomte,
641 612 63 30 you
726 612 49 19 are
798 601 67 30 best

99 670 68 30 able
204 673 32 28 to
273 681 54 30 say
356 671 84 31 what
475 670 118 30 income
629 670 68 30 that
725 670 140 30 valuable

98 742 145 38 property
255 740 99 40 yields
370 751 62 30 you
488 740 60 29 and
563 739 159 30 Monsieur
737 740 128 30 Prevost

99 809 192 29 commented
314 819 84 29 upon
420 809 85 29 these
520 808 100 31 words
642 808 76 31 with
740 819 17 18 a
779 808 86 30 smile

97 877 234 39 imperceptibly
347 877 134 31 ironical.

174 946 60 30 Les
261 946 138 30 Grandes
429 946 155 40 Bruyeres
613 956 62 20 was
706 946 51 29 the
787 949 77 26 most

96 1016 141 30 valuable
265 1015 122 40 portion
412 1015 33 30 of
468 1025 52 30 my
543 1014 321 40 great-grandfather's

95 1084 99 31 whole
221 1088 96 26 estate
343 1084 33 30 in
402 1084 62 30 this
488 1086 69 37 part
579 1084 34 29 of
633 1084 52 29 the

94 1154 118 39 replied
228 1154 120 39 quietly
363 1153 161 31 Monsieur
538 1153 37 30 de
591 1152 186 31 Verancour.

259 1242 42 3 —
302 1233 62 31 yes,
398 1222 147 40 granted;
583 1222 57 29 but
668 1222 84 30 what
782 1221 26 30 is
837 1221 24 30 it

94 1303 69 21 now
174 1293 14 30 ?
231 1293 97 29 What
344 1292 71 30 does
431 1291 25 30 it
470 1290 85 40 yield
569 1301 62 29 you
642 1290 13 31 ?

257 1362 72 30 me?
376 1361 81 30 That
486 1360 26 31 is
541 1360 172 40 altogether
736 1358 125 30 another

93 1432 100 39 thing.
240 1432 16 29 I
287 1442 49 19 am
370 1434 50 27 too
450 1440 74 30 poor
560 1433 31 27 to
629 1429 77 30 farm
742 1427 75 31 such
845 1438 16 17 a
