1019 1638
153 92 35 25 40

400 101 58 19 ALL
478 100 58 20 FOR
556 99 108 21 GREED.

152 187 228 30 Mademoiselle
405 187 114 31 Felicie
541 186 27 30 is
583 195 77 31 very
683 184 110 39 clever,
812 183 61 31 and
896 194 31 20 so

153 256 115 42 saintly
283 268 18 19 a
315 268 110 29 person
439 257 70 30 that
524 256 54 30 she
594 254 105 32 would
713 254 132 39 perhaps
865 253 62 31 win

150 327 65 30 him
229 327 66 31 into
310 328 101 30 better
426 326 132 31 conduct
568 335 8 30 ;
578 343 43 4 —
621 325 61 29 and
698 325 83 38 then,
801 324 33 29 in
849 334 78 30 your

151 397 115 40 society
281 408 72 18 man
375 397 60 29 and
457 395 72 31 wife
544 396 80 29 have
648 404 32 21 so
695 393 83 31 little
793 394 80 30 need
894 396 33 28 to

150 467 37 29 be
210 467 141 39 together
364 467 6 30 !
417 466 34 30 If
469 466 46 30 les
538 475 210 21 convenances
763 475 51 19 are
838 464 87 30 satis-

149 536 69 38 fied,
236 536 68 30 that
326 536 26 30 is
374 536 54 30 the
444 535 144 30 essential
602 535 97 39 point,
703 553 43 4 —
746 535 53 29 the
814 537 64 28 rest
899 535 27 30 is

151 606 72 40 only
250 605 33 30 of
304 615 207 30 consequence
538 604 34 31 in
598 615 56 20 our
678 605 86 39 class,
787 605 33 30 in
845 605 80 30 little

148 674 126 30 humble
297 674 186 30 households
494 684 7 29 ;
504 693 42 3 —
546 674 59 30 but
627 674 38 30 do
688 674 56 30 tell
766 685 49 19 me
826 685 7 29 ;
862 685 63 31 you

149 745 103 39 surely
268 744 78 30 have
369 754 40 20 no
433 744 169 40 objections
625 746 32 28 to
672 745 91 29 make
785 747 32 28 to
833 745 89 30 Mon-

148 814 82 30 sieur
246 815 37 29 de
300 814 218 38 Champmorin
528 814 15 31 ?

191 883 49 30 No
253 883 6 30 !
284 883 52 30 the
367 883 89 30 truth
479 883 62 30 had
565 886 32 28 to
622 894 84 20 come
733 888 63 35 out,
823 885 98 31 whole

146 953 61 30 and
222 953 106 30 entire.
375 953 160 30 Monsieur
550 955 38 29 de
604 954 181 32 Verancour
806 956 61 30 had
881 966 40 21 no

146 1017 152 41 objection
313 1018 157 31 whatever
492 1021 32 28 to
546 1020 91 29 make
659 1023 33 28 to
707 1021 162 30 Monsieur
884 1022 37 30 de

146 1087 216 39 Champmorin
372 1098 7 29 ;
403 1088 58 31 but
476 1089 160 32 Monsieur
651 1091 38 30 de
702 1091 219 41 Champmorin

142 1157 87 30 made
267 1167 56 20 one
361 1159 87 29 small
484 1160 209 39 requirement
732 1162 33 30 of
799 1162 74 41 him,
877 1182 42 4 —

142 1226 131 40 namely,
306 1227 68 31 that
403 1228 69 31 that
500 1233 81 27 most
607 1231 226 40 accomplished
859 1235 60 29 and

141 1298 79 28 most
246 1296 115 41 saintly
386 1308 119 29 person,
533 1299 232 34 Mademoiselle
791 1303 124 40 Felicie,

142 1365 110 31 should
267 1366 78 31 have
362 1377 16 19 a
395 1367 52 30 dot
463 1369 34 29 of
516 1380 83 20 some
616 1374 64 28 sort
703 1383 34 19 or
752 1373 86 31 kind.
886 1375 32 31 It

140 1434 61 30 had
215 1437 31 28 to
262 1446 83 19 come
362 1439 62 36 out,
443 1438 60 30 and
518 1438 26 31 it
559 1440 53 30 did
628 1451 85 21 come
729 1446 63 35 out,
810 1445 108 32 drawn
