1019 1638
275 93 63 21 THE
358 94 158 20 MARRIAGE
536 94 139 20 PORTION.

825 88 35 26 37

93 173 109 30 almost
225 173 119 32 extinct
367 177 77 28 sorts
458 184 7 30 ;
468 193 42 4 —
511 174 158 31 Monsieur
691 175 37 30 de
743 175 117 31 Veran-

93 252 74 20 cour
197 244 152 40 suddenly
363 244 137 40 plunged
522 244 64 30 into
608 244 53 30 the
684 244 116 41 subject
816 244 44 31 for

93 311 103 31 which
225 313 39 30 he
293 313 61 31 had
385 324 31 20 so
446 314 194 41 impatiently
667 314 112 40 sought
808 314 52 30 the

93 384 124 35 present
232 381 170 32 interview.

263 462 50 20 are
336 451 121 31 curious
479 454 32 28 to
533 452 92 30 know
647 452 53 30 the
722 452 138 30 business

93 519 104 31 which
218 520 107 39 brings
347 531 51 19 me
418 523 32 28 to
472 531 63 30 you
737 521 64 29 said
822 521 38 29 he

94 593 78 31 with
187 604 17 20 a
220 594 95 30 smile.
362 594 61 30 Old
437 595 131 30 Prevost
586 595 108 30 bowed
709 594 102 41 stiffly,
829 605 31 20 as

96 663 120 40 though
238 663 39 29 he
292 663 117 30 wished
430 665 33 28 to
485 663 86 29 mark
593 664 68 29 that
679 664 38 28 he
733 674 61 19 was
808 666 52 27 not

98 731 122 30 curious
235 734 31 27 at
281 731 49 30 all.
397 730 92 39 Well,
508 730 16 30 I
540 731 77 30 have
634 741 17 19 a
667 734 85 36 great
767 735 93 26 secret

96 803 32 28 to
143 801 56 29 tell
221 811 71 30 you,
311 801 60 29 and
387 800 16 30 I
419 800 67 40 rely
501 800 132 40 entirely
649 811 38 19 on
709 811 77 29 your
802 800 58 30 dis-

96 868 124 39 cretion,
238 868 47 31 for
308 868 75 30 such
404 868 107 39 things
526 871 82 27 must
630 870 54 28 not
706 868 37 30 be
758 868 102 30 talked

94 938 103 30 about.
243 937 17 30 I
290 947 49 20 am
369 937 94 40 going
491 940 32 27 to
552 947 103 30 marry
684 947 52 30 my
766 937 94 30 eldest

94 1007 153 39 daughter

171 1077 43 29 To
241 1075 159 31 Monsieur
430 1075 37 30 de
768 1074 78 31 inter

93 1146 112 39 rupted
220 1145 51 31 old
286 1145 130 30 Prevost
431 1144 33 30 in
479 1155 17 19 a
512 1144 133 39 freezing
660 1146 79 27 tone.

137 1216 65 29 The
231 1215 142 29 Vicomte
402 1224 62 20 was
494 1223 76 30 very
599 1223 73 20 near
701 1212 108 40 giving
845 1222 14 19 a

93 1285 111 31 visible
220 1287 85 37 start,
324 1283 57 31 but
397 1283 54 30 did
465 1286 54 26 not
535 1283 37 29 do
589 1293 40 19 so.

257 1354 98 40 really
370 1364 50 19 are
436 1363 18 19 a
475 1351 153 41 magician
639 1352 6 30 !
694 1350 166 30 exclaimed

92 1426 39 30 he
147 1425 78 31 with
240 1435 18 19 a
272 1424 104 39 laugh,
510 1422 41 30 all
573 1421 53 30 the
642 1431 80 19 same
739 1420 16 29 I
772 1422 88 26 count
