<?xml version="1.0" encoding="UTF-8"?>
<alto xmlns:xsi="http://www.w3.org/2001/XMLSchema-instance" xsi:noNamespaceSchemaLocation="http://www.bl.uk/schemas/alto/alto-1-4.xsd" xmlns:xlink="http://www.w3.org/1999/xlink">
	<Description>
		<MeasurementUnit>mm10</MeasurementUnit>
		<sourceImageInformation>
			<fileName>//head1/IN/2007-46/A0010904365.1/000093.jp2</fileName>
		</sourceImageInformation>
		<OCRProcessing ID="OCRPROCESSING_1">
			<preProcessingStep>
				<processingSoftware>
					<softwareCreator>CCS Content Conversion Specialists GmbH, Germany</softwareCreator>
					<softwareName>CCS docWORKS</softwareName>
					<softwareVersion>6.1-0.62</softwareVersion>
				</processingSoftware>
			</preProcessingStep>
			<ocrProcessingStep>
				<processingSoftware>
					<softwareCreator>ABBYY (BIT Software), Russia</softwareCreator>
					<softwareName>Finereader</softwareName>
				</processingSoftware>
			</ocrProcessingStep>
		</OCRProcessing>
	</Description>
	<Styles>
		<TextStyle ID="TXT_0" FONTSIZE="11" FONTFAMILY="Courier New"/>
		<TextStyle ID="TXT_1" FONTSIZE="10" FONTFAMILY="Courier New"/>
		<ParagraphStyle ID="PAR_RIGHT" ALIGN="Right"/>
		<ParagraphStyle ID="PAR_LEFT" ALIGN="Left"/>
	</Styles>
	<Layout>
		<Page ID="P81" PHYSICAL_IMG_NR="81" HEIGHT="1638" WIDTH="1019" PRINTED_IMG_NR="63" POSITION="Right" ACCURACY="71.14">
			<TopMargin ID="P81_TM00001" HPOS="0" VPOS="0" WIDTH="1019" HEIGHT="89">
				<TextBlock ID="P81_TB00001" HPOS="803" VPOS="63" WIDTH="32" HEIGHT="25" STYLEREFS="TXT_0 PAR_RIGHT">
					<TextLine ID="P81_TL00001" HPOS="803" VPOS="63" WIDTH="32" HEIGHT="25">
						<String ID="P81_ST00001" HPOS="803" VPOS="63" WIDTH="32" HEIGHT="25" CONTENT="63" WC="1.00" CC="00"/>
					</TextLine>
				</TextBlock>
				<TextBlock ID="P81_TB00002" HPOS="352" VPOS="69" WIDTH="206" HEIGHT="20" STYLEREFS="TXT_1 PAR_LEFT">
					<TextLine ID="P81_TL00002" HPOS="352" VPOS="70" WIDTH="206" HEIGHT="19">
						<String ID="P81_ST00002" HPOS="352" VPOS="70" WIDTH="64" HEIGHT="19" CONTENT="THE" WC="0.51" CC="751"/>
						<SP ID="P81_SP00001" HPOS="416" VPOS="89" WIDTH="19"/>
						<String ID="P81_ST00003" HPOS="435" VPOS="70" WIDTH="123" HEIGHT="19" CONTENT="SISTERS." WC="0.78" CC="14004600"/>
					</TextLine>
				</TextBlock>
			</TopMargin>
			<LeftMargin ID="P81_LM00001" HPOS="0" VPOS="89" WIDTH="72" HEIGHT="1350"/>
			<RightMargin ID="P81_RM00001" HPOS="846" VPOS="89" WIDTH="173" HEIGHT="1350"/>
			<BottomMargin ID="P81_BM00001" HPOS="0" VPOS="1439" WIDTH="1019" HEIGHT="199"/>
			<PrintSpace ID="P81_PS00001" HPOS="72" VPOS="89" WIDTH="774" HEIGHT="1350">
				<TextBlock ID="P81_TB00003" HPOS="72" VPOS="154" WIDTH="767" HEIGHT="308" STYLEREFS="TXT_1 PAR_LEFT">
					<TextLine ID="P81_TL00003" HPOS="73" VPOS="155" WIDTH="765" HEIGHT="31">
						<String ID="P81_ST00004" HPOS="73" VPOS="155" WIDTH="137" HEIGHT="31" CONTENT="claimed." WC="0.92" CC="03010000"/>
						<SP ID="P81_SP00002" HPOS="210" VPOS="186" WIDTH="49"/>
						<String ID="P81_ST00005" HPOS="259" VPOS="159" WIDTH="18" HEIGHT="15" CONTENT='"' WC="0.55" CC="4"/>
						<SP ID="P81_SP00003" HPOS="277" VPOS="186" WIDTH="11"/>
						<String ID="P81_ST00006" HPOS="288" VPOS="157" WIDTH="64" HEIGHT="29" CONTENT="The" WC="0.49" CC="770"/>
						<SP ID="P81_SP00004" HPOS="352" VPOS="186" WIDTH="15"/>
						<String ID="P81_ST00007" HPOS="367" VPOS="157" WIDTH="63" HEIGHT="29" CONTENT="real" WC="0.83" CC="3002"/>
						<SP ID="P81_SP00005" HPOS="430" VPOS="186" WIDTH="14"/>
						<String ID="P81_ST00008" HPOS="444" VPOS="157" WIDTH="61" HEIGHT="29" CONTENT="fact" WC="0.96" CC="0010"/>
						<SP ID="P81_SP00006" HPOS="505" VPOS="186" WIDTH="16"/>
						<String ID="P81_ST00009" HPOS="521" VPOS="155" WIDTH="26" HEIGHT="31" CONTENT="is" WC="0.65" CC="06"/>
						<SP ID="P81_SP00007" HPOS="547" VPOS="186" WIDTH="15"/>
						<String ID="P81_ST00010" HPOS="562" VPOS="166" WIDTH="77" HEIGHT="20" CONTENT="even" WC="0.81" CC="0007"/>
						<SP ID="P81_SP00008" HPOS="639" VPOS="186" WIDTH="14"/>
						<String ID="P81_ST00011" HPOS="653" VPOS="166" WIDTH="95" HEIGHT="20" CONTENT="worse" WC="0.68" CC="04640"/>
						<SP ID="P81_SP00009" HPOS="748" VPOS="186" WIDTH="15"/>
						<String ID="P81_ST00012" HPOS="763" VPOS="156" WIDTH="75" HEIGHT="30" CONTENT="than" WC="0.63" CC="0707"/>
					</TextLine>
					<TextLine ID="P81_TL00004" HPOS="73" VPOS="225" WIDTH="764" HEIGHT="42">
						<String ID="P81_ST00013" HPOS="73" VPOS="226" WIDTH="84" HEIGHT="30" CONTENT="what" WC="0.82" CC="0700"/>
						<SP ID="P81_SP00010" HPOS="157" VPOS="256" WIDTH="22"/>
						<String ID="P81_ST00014" HPOS="179" VPOS="226" WIDTH="16" HEIGHT="29" CONTENT="I" WC="0.82" CC="1"/>
						<SP ID="P81_SP00011" HPOS="195" VPOS="256" WIDTH="23"/>
						<String ID="P81_ST00015" HPOS="218" VPOS="225" WIDTH="66" HEIGHT="31" CONTENT="said" WC="0.77" CC="6020"/>
						<SP ID="P81_SP00012" HPOS="284" VPOS="256" WIDTH="11"/>
						<String ID="P81_ST00016" HPOS="295" VPOS="225" WIDTH="66" HEIGHT="42" CONTENT="just" WC="0.75" CC="0720"/>
						<SP ID="P81_SP00013" HPOS="361" VPOS="267" WIDTH="18"/>
						<String ID="P81_ST00017" HPOS="379" VPOS="237" WIDTH="70" HEIGHT="21" CONTENT="now" WC="0.31" CC="739"/>
						<String ID="P81_ST00018" HPOS="460" VPOS="236" WIDTH="6" HEIGHT="30" CONTENT=";" WC="0.59" CC="4"/>
						<SP ID="P81_SP00014" HPOS="466" VPOS="267" WIDTH="23"/>
						<String ID="P81_ST00019" HPOS="489" VPOS="226" WIDTH="53" HEIGHT="31" CONTENT="the" WC="0.53" CC="670"/>
						<SP ID="P81_SP00015" HPOS="542" VPOS="267" WIDTH="19"/>
						<String ID="P81_ST00020" HPOS="561" VPOS="225" WIDTH="64" HEIGHT="31" CONTENT="real" WC="0.76" CC="5004"/>
						<SP ID="P81_SP00016" HPOS="625" VPOS="267" WIDTH="18"/>
						<String ID="P81_ST00021" HPOS="643" VPOS="225" WIDTH="61" HEIGHT="31" CONTENT="fact" WC="0.92" CC="0011"/>
						<SP ID="P81_SP00017" HPOS="704" VPOS="267" WIDTH="18"/>
						<String ID="P81_ST00022" HPOS="722" VPOS="225" WIDTH="35" HEIGHT="39" CONTENT="is," WC="0.72" CC="052"/>
						<SP ID="P81_SP00018" HPOS="757" VPOS="267" WIDTH="13"/>
						<String ID="P81_ST00023" HPOS="770" VPOS="225" WIDTH="67" HEIGHT="30" CONTENT="that" WC="0.67" CC="5700"/>
					</TextLine>
					<TextLine ID="P81_TL00005" HPOS="74" VPOS="295" WIDTH="764" HEIGHT="40">
						<String ID="P81_ST00024" HPOS="74" VPOS="295" WIDTH="54" HEIGHT="30" CONTENT="the" WC="0.62" CC="370"/>
						<SP ID="P81_SP00019" HPOS="128" VPOS="325" WIDTH="20"/>
						<String ID="P81_ST00025" HPOS="148" VPOS="295" WIDTH="174" HEIGHT="40" CONTENT="misguided" WC="0.66" CC="056073008"/>
						<SP ID="P81_SP00020" HPOS="322" VPOS="335" WIDTH="15"/>
						<String ID="P81_ST00026" HPOS="337" VPOS="306" WIDTH="119" HEIGHT="20" CONTENT="woman" WC="0.65" CC="90007"/>
						<SP ID="P81_SP00021" HPOS="456" VPOS="335" WIDTH="16"/>
						<String ID="P81_ST00027" HPOS="472" VPOS="295" WIDTH="74" HEIGHT="30" CONTENT="took" WC="0.69" CC="0506"/>
						<SP ID="P81_SP00022" HPOS="546" VPOS="335" WIDTH="19"/>
						<String ID="P81_ST00028" HPOS="565" VPOS="296" WIDTH="52" HEIGHT="29" CONTENT="the" WC="0.60" CC="470"/>
						<SP ID="P81_SP00023" HPOS="617" VPOS="335" WIDTH="15"/>
						<String ID="P81_ST00029" HPOS="632" VPOS="295" WIDTH="62" HEIGHT="30" CONTENT="veil" WC="0.97" CC="0000"/>
						<SP ID="P81_SP00024" HPOS="694" VPOS="335" WIDTH="16"/>
						<String ID="P81_ST00030" HPOS="710" VPOS="295" WIDTH="128" HEIGHT="29" CONTENT="because" WC="0.62" CC="7050760"/>
					</TextLine>
					<TextLine ID="P81_TL00006" HPOS="76" VPOS="364" WIDTH="763" HEIGHT="41">
						<String ID="P81_ST00031" HPOS="76" VPOS="364" WIDTH="53" HEIGHT="30" CONTENT="she" WC="0.52" CC="670"/>
						<SP ID="P81_SP00025" HPOS="129" VPOS="394" WIDTH="17"/>
						<String ID="P81_ST00032" HPOS="146" VPOS="364" WIDTH="90" HEIGHT="30" CONTENT="could" WC="0.86" CC="00600"/>
						<SP ID="P81_SP00026" HPOS="236" VPOS="394" WIDTH="15"/>
						<String ID="P81_ST00033" HPOS="251" VPOS="368" WIDTH="54" HEIGHT="27" CONTENT="not" WC="0.77" CC="006"/>
						<SP ID="P81_SP00027" HPOS="305" VPOS="395" WIDTH="14"/>
						<String ID="P81_ST00034" HPOS="319" VPOS="375" WIDTH="103" HEIGHT="30" CONTENT="marry" WC="0.77" CC="00560"/>
						<SP ID="P81_SP00028" HPOS="422" VPOS="405" WIDTH="14"/>
						<String ID="P81_ST00035" HPOS="436" VPOS="364" WIDTH="52" HEIGHT="31" CONTENT="the" WC="0.70" CC="170"/>
						<SP ID="P81_SP00029" HPOS="488" VPOS="405" WIDTH="22"/>
						<String ID="P81_ST00036" HPOS="510" VPOS="374" WIDTH="70" HEIGHT="20" CONTENT="man" WC="0.81" CC="005"/>
						<SP ID="P81_SP00030" HPOS="580" VPOS="405" WIDTH="20"/>
						<String ID="P81_ST00037" HPOS="600" VPOS="364" WIDTH="53" HEIGHT="30" CONTENT="she" WC="0.52" CC="770"/>
						<SP ID="P81_SP00031" HPOS="653" VPOS="405" WIDTH="22"/>
						<String ID="P81_ST00038" HPOS="675" VPOS="364" WIDTH="164" HEIGHT="39" CONTENT="pretended" WC="0.61" CC="070057805"/>
					</TextLine>
					<TextLine ID="P81_TL00007" HPOS="78" VPOS="434" WIDTH="189" HEIGHT="28">
						<String ID="P81_ST00039" HPOS="78" VPOS="434" WIDTH="53" HEIGHT="28" CONTENT="she" WC="0.45" CC="771"/>
						<SP ID="P81_SP00032" HPOS="131" VPOS="462" WIDTH="15"/>
						<String ID="P81_ST00040" HPOS="146" VPOS="434" WIDTH="121" HEIGHT="28" CONTENT='loved."' WC="0.86" CC="0400004"/>
					</TextLine>
				</TextBlock>
				<TextBlock ID="P81_TB00004" HPOS="77" VPOS="502" WIDTH="763" HEIGHT="178" STYLEREFS="TXT_1 PAR_LEFT">
					<TextLine ID="P81_TL00008" HPOS="124" VPOS="502" WIDTH="716" HEIGHT="40">
						<String ID="P81_ST00041" HPOS="124" VPOS="502" WIDTH="93" HEIGHT="31" CONTENT='"But' WC="0.55" CC="4660"/>
						<SP ID="P81_SP00033" HPOS="217" VPOS="533" WIDTH="25"/>
						<String ID="P81_ST00042" HPOS="242" VPOS="502" WIDTH="40" HEIGHT="30" CONTENT="he" WC="0.63" CC="70"/>
						<SP ID="P81_SP00034" HPOS="282" VPOS="533" WIDTH="25"/>
						<String ID="P81_ST00043" HPOS="307" VPOS="513" WIDTH="63" HEIGHT="21" CONTENT="was" WC="0.88" CC="003"/>
						<SP ID="P81_SP00035" HPOS="370" VPOS="534" WIDTH="24"/>
						<String ID="P81_ST00044" HPOS="394" VPOS="502" WIDTH="55" HEIGHT="30" CONTENT="her" WC="0.68" CC="701"/>
						<SP ID="P81_SP00036" HPOS="449" VPOS="534" WIDTH="24"/>
						<String ID="P81_ST00045" HPOS="473" VPOS="502" WIDTH="97" HEIGHT="40" CONTENT="equal." WC="0.88" CC="007000"/>
						<SP ID="P81_SP00037" HPOS="570" VPOS="542" WIDTH="50"/>
						<String ID="P81_ST00046" HPOS="620" VPOS="502" WIDTH="16" HEIGHT="30" CONTENT="I" WC="0.92" CC="0"/>
						<SP ID="P81_SP00038" HPOS="636" VPOS="542" WIDTH="23"/>
						<String ID="P81_ST00047" HPOS="659" VPOS="502" WIDTH="118" HEIGHT="31" CONTENT="believe" WC="0.86" CC="7000001"/>
						<SP ID="P81_SP00039" HPOS="777" VPOS="542" WIDTH="26"/>
						<String ID="P81_ST00048" HPOS="803" VPOS="502" WIDTH="37" HEIGHT="29" CONTENT="he" WC="0.63" CC="70"/>
					</TextLine>
					<TextLine ID="P81_TL00009" HPOS="78" VPOS="571" WIDTH="762" HEIGHT="40">
						<String ID="P81_ST00049" HPOS="78" VPOS="583" WIDTH="62" HEIGHT="19" CONTENT="was" WC="0.88" CC="003"/>
						<SP ID="P81_SP00040" HPOS="140" VPOS="602" WIDTH="20"/>
						<String ID="P81_ST00050" HPOS="160" VPOS="572" WIDTH="56" HEIGHT="29" CONTENT="her" WC="0.57" CC="705"/>
						<SP ID="P81_SP00041" HPOS="216" VPOS="602" WIDTH="16"/>
						<String ID="P81_ST00051" HPOS="232" VPOS="582" WIDTH="68" HEIGHT="21" CONTENT="own" WC="0.75" CC="007"/>
						<SP ID="P81_SP00042" HPOS="300" VPOS="603" WIDTH="22"/>
						<String ID="P81_ST00052" HPOS="322" VPOS="571" WIDTH="135" HEIGHT="39" CONTENT='cousin,"' WC="0.57" CC="24760742"/>
						<SP ID="P81_SP00043" HPOS="457" VPOS="610" WIDTH="17"/>
						<String ID="P81_ST00053" HPOS="474" VPOS="572" WIDTH="97" HEIGHT="39" CONTENT="urged" WC="0.53" CC="75900"/>
						<SP ID="P81_SP00044" HPOS="571" VPOS="611" WIDTH="14"/>
						<String ID="P81_ST00054" HPOS="585" VPOS="572" WIDTH="141" HEIGHT="38" CONTENT="Vevette," WC="0.82" CC="70003003"/>
						<SP ID="P81_SP00045" HPOS="726" VPOS="611" WIDTH="11"/>
						<String ID="P81_ST00055" HPOS="737" VPOS="571" WIDTH="103" HEIGHT="30" CONTENT="blush" SUBS_TYPE="HypPart1" SUBS_CONTENT="blushing" WC="0.52" CC="706670"/>
						<HYP CONTENT="-"/>
					</TextLine>
					<TextLine ID="P81_TL00010" HPOS="80" VPOS="640" WIDTH="466" HEIGHT="40">
						<String ID="P81_ST00056" HPOS="80" VPOS="641" WIDTH="55" HEIGHT="39" CONTENT="ing" SUBS_TYPE="HypPart2" SUBS_CONTENT="blushing" WC="0.76" CC="070"/>
						<SP ID="P81_SP00046" HPOS="135" VPOS="680" WIDTH="16"/>
						<String ID="P81_ST00057" HPOS="151" VPOS="641" WIDTH="111" HEIGHT="39" CONTENT="deeply" WC="0.95" CC="000020"/>
						<SP ID="P81_SP00047" HPOS="262" VPOS="680" WIDTH="16"/>
						<String ID="P81_ST00058" HPOS="278" VPOS="644" WIDTH="30" HEIGHT="27" CONTENT="at" WC="0.98" CC="00"/>
						<SP ID="P81_SP00048" HPOS="308" VPOS="680" WIDTH="17"/>
						<String ID="P81_ST00059" HPOS="325" VPOS="641" WIDTH="56" HEIGHT="29" CONTENT="her" WC="0.60" CC="704"/>
						<SP ID="P81_SP00049" HPOS="381" VPOS="680" WIDTH="14"/>
						<String ID="P81_ST00060" HPOS="395" VPOS="640" WIDTH="151" HEIGHT="40" CONTENT="audacity." WC="0.82" CC="066030000"/>
					</TextLine>
				</TextBlock>
				<TextBlock ID="P81_TB00005" HPOS="81" VPOS="707" WIDTH="764" HEIGHT="389" STYLEREFS="TXT_1 PAR_LEFT">
					<TextLine ID="P81_TL00011" HPOS="128" VPOS="708" WIDTH="716" HEIGHT="42">
						<String ID="P81_ST00061" HPOS="128" VPOS="709" WIDTH="137" HEIGHT="40" CONTENT='"Equal,' WC="0.61" CC="4097013"/>
						<SP ID="P81_SP00050" HPOS="265" VPOS="749" WIDTH="24"/>
						<String ID="P81_ST00062" HPOS="289" VPOS="709" WIDTH="140" HEIGHT="40" CONTENT='maybe,"' WC="0.83" CC="0007004"/>
						<SP ID="P81_SP00051" HPOS="429" VPOS="749" WIDTH="26"/>
						<String ID="P81_ST00063" HPOS="455" VPOS="708" WIDTH="135" HEIGHT="42" CONTENT="rejoined" WC="0.79" CC="70200600"/>
						<SP ID="P81_SP00052" HPOS="590" VPOS="750" WIDTH="25"/>
						<String ID="P81_ST00064" HPOS="615" VPOS="709" WIDTH="121" HEIGHT="38" CONTENT="Felicie," WC="0.77" CC="80024300"/>
						<SP ID="P81_SP00053" HPOS="736" VPOS="750" WIDTH="23"/>
						<String ID="P81_ST00065" HPOS="759" VPOS="709" WIDTH="85" HEIGHT="29" CONTENT='"but' WC="0.52" CC="4760"/>
					</TextLine>
					<TextLine ID="P81_TL00012" HPOS="82" VPOS="777" WIDTH="762" HEIGHT="42">
						<String ID="P81_ST00066" HPOS="82" VPOS="779" WIDTH="75" HEIGHT="40" CONTENT="they" WC="0.81" CC="0700"/>
						<SP ID="P81_SP00054" HPOS="157" VPOS="819" WIDTH="15"/>
						<String ID="P81_ST00067" HPOS="172" VPOS="779" WIDTH="62" HEIGHT="29" CONTENT="had" WC="0.75" CC="700"/>
						<SP ID="P81_SP00055" HPOS="234" VPOS="819" WIDTH="21"/>
						<String ID="P81_ST00068" HPOS="255" VPOS="788" WIDTH="39" HEIGHT="20" CONTENT="no" WC="0.48" CC="73"/>
						<SP ID="P81_SP00056" HPOS="294" VPOS="819" WIDTH="23"/>
						<String ID="P81_ST00069" HPOS="317" VPOS="788" WIDTH="110" HEIGHT="30" CONTENT="money" WC="0.78" CC="03700"/>
						<SP ID="P81_SP00057" HPOS="427" VPOS="819" WIDTH="19"/>
						<String ID="P81_ST00070" HPOS="446" VPOS="777" WIDTH="139" HEIGHT="31" CONTENT="between" WC="0.80" CC="6000007"/>
						<SP ID="P81_SP00058" HPOS="585" VPOS="819" WIDTH="19"/>
						<String ID="P81_ST00071" HPOS="604" VPOS="777" WIDTH="91" HEIGHT="39" CONTENT="them," WC="0.85" CC="07000"/>
						<SP ID="P81_SP00059" HPOS="695" VPOS="819" WIDTH="19"/>
						<String ID="P81_ST00072" HPOS="714" VPOS="779" WIDTH="59" HEIGHT="29" CONTENT="and" WC="0.77" CC="060"/>
						<SP ID="P81_SP00060" HPOS="773" VPOS="819" WIDTH="19"/>
						<String ID="P81_ST00073" HPOS="792" VPOS="778" WIDTH="52" HEIGHT="30" CONTENT="the" WC="0.75" CC="070"/>
					</TextLine>
					<TextLine ID="P81_TL00013" HPOS="82" VPOS="850" WIDTH="763" HEIGHT="41">
						<String ID="P81_ST00074" HPOS="82" VPOS="854" WIDTH="124" HEIGHT="37" CONTENT="parents" WC="0.72" CC="0060706"/>
						<SP ID="P81_SP00061" HPOS="206" VPOS="891" WIDTH="23"/>
						<String ID="P81_ST00075" HPOS="229" VPOS="850" WIDTH="103" HEIGHT="32" CONTENT="would" WC="0.55" CC="95700"/>
						<SP ID="P81_SP00062" HPOS="332" VPOS="891" WIDTH="23"/>
						<String ID="P81_ST00076" HPOS="355" VPOS="853" WIDTH="54" HEIGHT="27" CONTENT="not" WC="0.65" CC="703"/>
						<SP ID="P81_SP00063" HPOS="409" VPOS="891" WIDTH="24"/>
						<String ID="P81_ST00077" HPOS="433" VPOS="850" WIDTH="72" HEIGHT="30" CONTENT="hear" WC="0.71" CC="7004"/>
						<SP ID="P81_SP00064" HPOS="505" VPOS="891" WIDTH="24"/>
						<String ID="P81_ST00078" HPOS="529" VPOS="850" WIDTH="33" HEIGHT="30" CONTENT="of" WC="0.99" CC="00"/>
						<SP ID="P81_SP00065" HPOS="562" VPOS="891" WIDTH="26"/>
						<String ID="P81_ST00079" HPOS="588" VPOS="850" WIDTH="34" HEIGHT="30" CONTENT="it." WC="0.87" CC="021"/>
						<SP ID="P81_SP00066" HPOS="622" VPOS="891" WIDTH="45"/>
						<String ID="P81_ST00080" HPOS="667" VPOS="850" WIDTH="49" HEIGHT="30" CONTENT="No" WC="0.76" CC="04"/>
						<SP ID="P81_SP00067" HPOS="716" VPOS="891" WIDTH="15"/>
						<String ID="P81_ST00081" HPOS="731" VPOS="851" WIDTH="6" HEIGHT="30" CONTENT="!" WC="0.61" CC="3"/>
						<SP ID="P81_SP00068" HPOS="737" VPOS="891" WIDTH="28"/>
						<String ID="P81_ST00082" HPOS="765" VPOS="861" WIDTH="80" HEIGHT="20" CONTENT="mere" WC="0.84" CC="0060"/>
					</TextLine>
					<TextLine ID="P81_TL00014" HPOS="81" VPOS="920" WIDTH="764" HEIGHT="39">
						<String ID="P81_ST00083" HPOS="81" VPOS="920" WIDTH="111" HEIGHT="30" CONTENT="Marie-" WC="0.85" CC="003500"/>
						<String ID="P81_ST00084" HPOS="196" VPOS="920" WIDTH="99" HEIGHT="30" CONTENT="Claire" WC="0.81" CC="500050"/>
						<SP ID="P81_SP00069" HPOS="295" VPOS="950" WIDTH="16"/>
						<String ID="P81_ST00085" HPOS="311" VPOS="920" WIDTH="16" HEIGHT="28" CONTENT="I" WC="1.00" CC="0"/>
						<SP ID="P81_SP00070" HPOS="327" VPOS="950" WIDTH="16"/>
						<String ID="P81_ST00086" HPOS="343" VPOS="920" WIDTH="78" HEIGHT="39" CONTENT="hope" WC="0.68" CC="7500"/>
						<SP ID="P81_SP00071" HPOS="421" VPOS="959" WIDTH="25"/>
						<String ID="P81_ST00087" HPOS="446" VPOS="921" WIDTH="146" HEIGHT="38" CONTENT="repented" WC="0.67" CC="30907500"/>
						<SP ID="P81_SP00072" HPOS="592" VPOS="959" WIDTH="23"/>
						<String ID="P81_ST00088" HPOS="615" VPOS="920" WIDTH="33" HEIGHT="29" CONTENT="of" WC="0.85" CC="20"/>
						<SP ID="P81_SP00073" HPOS="648" VPOS="959" WIDTH="17"/>
						<String ID="P81_ST00089" HPOS="665" VPOS="920" WIDTH="55" HEIGHT="29" CONTENT="her" WC="0.61" CC="703"/>
						<SP ID="P81_SP00074" HPOS="720" VPOS="959" WIDTH="20"/>
						<String ID="P81_ST00090" HPOS="740" VPOS="930" WIDTH="105" HEIGHT="28" CONTENT="errors," WC="0.70" CC="0640054"/>
					</TextLine>
					<TextLine ID="P81_TL00015" HPOS="81" VPOS="987" WIDTH="764" HEIGHT="40">
						<String ID="P81_ST00091" HPOS="81" VPOS="988" WIDTH="57" HEIGHT="30" CONTENT="but" WC="0.52" CC="760"/>
						<SP ID="P81_SP00075" HPOS="138" VPOS="1018" WIDTH="22"/>
						<String ID="P81_ST00092" HPOS="160" VPOS="987" WIDTH="33" HEIGHT="31" CONTENT="in" WC="0.63" CC="07"/>
						<SP ID="P81_SP00076" HPOS="193" VPOS="1018" WIDTH="14"/>
						<String ID="P81_ST00093" HPOS="207" VPOS="987" WIDTH="85" HEIGHT="40" CONTENT="plain" WC="0.75" CC="00037"/>
						<SP ID="P81_SP00077" HPOS="292" VPOS="1027" WIDTH="14"/>
						<String ID="P81_ST00094" HPOS="306" VPOS="991" WIDTH="94" HEIGHT="27" CONTENT="terms" WC="0.74" CC="00606"/>
						<SP ID="P81_SP00078" HPOS="400" VPOS="1027" WIDTH="23"/>
						<String ID="P81_ST00095" HPOS="423" VPOS="987" WIDTH="25" HEIGHT="30" CONTENT="it" WC="0.98" CC="00"/>
						<SP ID="P81_SP00079" HPOS="448" VPOS="1027" WIDTH="23"/>
						<String ID="P81_ST00096" HPOS="471" VPOS="991" WIDTH="110" HEIGHT="27" CONTENT="cannot" WC="0.73" CC="107700"/>
						<SP ID="P81_SP00080" HPOS="581" VPOS="1027" WIDTH="14"/>
						<String ID="P81_ST00097" HPOS="595" VPOS="987" WIDTH="38" HEIGHT="31" CONTENT="be" WC="0.63" CC="70"/>
						<SP ID="P81_SP00081" HPOS="633" VPOS="1027" WIDTH="16"/>
						<String ID="P81_ST00098" HPOS="649" VPOS="987" WIDTH="108" HEIGHT="31" CONTENT="denied" WC="0.67" CC="007606"/>
						<SP ID="P81_SP00082" HPOS="757" VPOS="1027" WIDTH="24"/>
						<String ID="P81_ST00099" HPOS="781" VPOS="988" WIDTH="64" HEIGHT="30" CONTENT="that" WC="0.50" CC="0766"/>
					</TextLine>
					<TextLine ID="P81_TL00016" HPOS="83" VPOS="1056" WIDTH="494" HEIGHT="40">
						<String ID="P81_ST00100" HPOS="83" VPOS="1058" WIDTH="52" HEIGHT="29" CONTENT="she" WC="0.54" CC="670"/>
						<SP ID="P81_SP00083" HPOS="135" VPOS="1087" WIDTH="16"/>
						<String ID="P81_ST00101" HPOS="151" VPOS="1056" WIDTH="166" HEIGHT="40" CONTENT="positively" WC="0.86" CC="0050030030"/>
						<SP ID="P81_SP00084" HPOS="317" VPOS="1096" WIDTH="16"/>
						<String ID="P81_ST00102" HPOS="333" VPOS="1056" WIDTH="70" HEIGHT="30" CONTENT="died" WC="0.92" CC="0003"/>
						<SP ID="P81_SP00085" HPOS="403" VPOS="1096" WIDTH="14"/>
						<String ID="P81_ST00103" HPOS="417" VPOS="1056" WIDTH="47" HEIGHT="30" CONTENT="for" WC="0.37" CC="944"/>
						<SP ID="P81_SP00086" HPOS="464" VPOS="1096" WIDTH="14"/>
						<String ID="P81_ST00104" HPOS="478" VPOS="1056" WIDTH="99" HEIGHT="30" CONTENT='love."' WC="0.76" CC="037003"/>
					</TextLine>
				</TextBlock>
				<TextBlock ID="P81_TB00006" HPOS="82" VPOS="1124" WIDTH="764" HEIGHT="239" STYLEREFS="TXT_1 PAR_LEFT">
					<TextLine ID="P81_TL00017" HPOS="129" VPOS="1125" WIDTH="717" HEIGHT="41">
						<String ID="P81_ST00105" HPOS="129" VPOS="1125" WIDTH="101" HEIGHT="31" CONTENT='"And' WC="0.70" CC="4070"/>
						<String ID="P81_ST00106" HPOS="230" VPOS="1144" WIDTH="43" HEIGHT="3" CONTENT="—" WC="0.20" CC="8"/>
						<String ID="P81_ST00107" HPOS="273" VPOS="1125" WIDTH="105" HEIGHT="41" CONTENT="reaUy," WC="0.76" CC="600700"/>
						<SP ID="P81_SP00087" HPOS="378" VPOS="1166" WIDTH="28"/>
						<String ID="P81_ST00108" HPOS="406" VPOS="1125" WIDTH="145" HEIGHT="39" CONTENT='Felicie,"' WC="0.75" CC="700205033"/>
						<SP ID="P81_SP00088" HPOS="551" VPOS="1166" WIDTH="35"/>
						<String ID="P81_ST00109" HPOS="586" VPOS="1125" WIDTH="175" HEIGHT="30" CONTENT="murmured" WC="0.69" CC="06205603"/>
						<SP ID="P81_SP00089" HPOS="761" VPOS="1166" WIDTH="32"/>
						<String ID="P81_ST00110" HPOS="793" VPOS="1125" WIDTH="53" HEIGHT="30" CONTENT="her" WC="0.63" CC="703"/>
					</TextLine>
					<TextLine ID="P81_TL00018" HPOS="83" VPOS="1194" WIDTH="763" HEIGHT="41">
						<String ID="P81_ST00111" HPOS="83" VPOS="1196" WIDTH="89" HEIGHT="30" CONTENT="sister" WC="0.68" CC="733401"/>
						<SP ID="P81_SP00090" HPOS="172" VPOS="1226" WIDTH="24"/>
						<String ID="P81_ST00112" HPOS="196" VPOS="1195" WIDTH="210" HEIGHT="40" CONTENT="tremblingly," WC="0.81" CC="040070070002"/>
						<SP ID="P81_SP00091" HPOS="406" VPOS="1235" WIDTH="23"/>
						<String ID="P81_ST00113" HPOS="429" VPOS="1194" WIDTH="78" HEIGHT="31" CONTENT="after" WC="0.86" CC="00006"/>
						<SP ID="P81_SP00092" HPOS="507" VPOS="1235" WIDTH="22"/>
						<String ID="P81_ST00114" HPOS="529" VPOS="1205" WIDTH="17" HEIGHT="19" CONTENT="a" WC="1.00" CC="0"/>
						<SP ID="P81_SP00093" HPOS="546" VPOS="1235" WIDTH="23"/>
						<String ID="P81_ST00115" HPOS="569" VPOS="1205" WIDTH="93" HEIGHT="30" CONTENT="pause" WC="0.56" CC="80750"/>
						<SP ID="P81_SP00094" HPOS="662" VPOS="1235" WIDTH="24"/>
						<String ID="P81_ST00116" HPOS="686" VPOS="1195" WIDTH="34" HEIGHT="30" CONTENT="of" WC="0.98" CC="00"/>
						<SP ID="P81_SP00095" HPOS="720" VPOS="1235" WIDTH="28"/>
						<String ID="P81_ST00117" HPOS="748" VPOS="1206" WIDTH="18" HEIGHT="19" CONTENT="a" WC="0.42" CC="5"/>
						<SP ID="P81_SP00096" HPOS="766" VPOS="1235" WIDTH="23"/>
						<String ID="P81_ST00118" HPOS="789" VPOS="1195" WIDTH="57" HEIGHT="30" CONTENT="few" WC="0.67" CC="009"/>
					</TextLine>
					<TextLine ID="P81_TL00019" HPOS="83" VPOS="1263" WIDTH="763" HEIGHT="41">
						<String ID="P81_ST00119" HPOS="83" VPOS="1265" WIDTH="134" HEIGHT="38" CONTENT="seconds," WC="0.63" CC="60007753"/>
						<SP ID="P81_SP00097" HPOS="217" VPOS="1303" WIDTH="21"/>
						<String ID="P81_ST00120" HPOS="238" VPOS="1266" WIDTH="18" HEIGHT="15" CONTENT='"' WC="0.54" CC="4"/>
						<SP ID="P81_SP00098" HPOS="256" VPOS="1303" WIDTH="13"/>
						<String ID="P81_ST00121" HPOS="269" VPOS="1264" WIDTH="37" HEIGHT="30" CONTENT="do" WC="0.61" CC="70"/>
						<SP ID="P81_SP00099" HPOS="306" VPOS="1303" WIDTH="16"/>
						<String ID="P81_ST00122" HPOS="322" VPOS="1274" WIDTH="62" HEIGHT="30" CONTENT="you" WC="0.77" CC="006"/>
						<SP ID="P81_SP00100" HPOS="384" VPOS="1304" WIDTH="23"/>
						<String ID="P81_ST00123" HPOS="407" VPOS="1263" WIDTH="92" HEIGHT="31" CONTENT="think" WC="0.66" CC="07161"/>
						<SP ID="P81_SP00101" HPOS="499" VPOS="1304" WIDTH="23"/>
						<String ID="P81_ST00124" HPOS="522" VPOS="1264" WIDTH="67" HEIGHT="30" CONTENT="that" WC="0.81" CC="0700"/>
						<SP ID="P81_SP00102" HPOS="589" VPOS="1304" WIDTH="26"/>
						<String ID="P81_ST00125" HPOS="615" VPOS="1263" WIDTH="24" HEIGHT="31" CONTENT="it" WC="1.00" CC="00"/>
						<SP ID="P81_SP00103" HPOS="639" VPOS="1304" WIDTH="26"/>
						<String ID="P81_ST00126" HPOS="665" VPOS="1263" WIDTH="26" HEIGHT="31" CONTENT="is" WC="0.79" CC="04"/>
						<SP ID="P81_SP00104" HPOS="691" VPOS="1304" WIDTH="26"/>
						<String ID="P81_ST00127" HPOS="717" VPOS="1274" WIDTH="31" HEIGHT="20" CONTENT="so" WC="0.42" CC="64"/>
						<SP ID="P81_SP00105" HPOS="748" VPOS="1304" WIDTH="25"/>
						<String ID="P81_ST00128" HPOS="773" VPOS="1274" WIDTH="73" HEIGHT="30" CONTENT="very" WC="0.61" CC="0069"/>
					</TextLine>
					<TextLine ID="P81_TL00020" HPOS="83" VPOS="1332" WIDTH="339" HEIGHT="31">
						<String ID="P81_ST00129" HPOS="83" VPOS="1333" WIDTH="140" HEIGHT="30" CONTENT="dreadful" WC="0.82" CC="07000060"/>
						<SP ID="P81_SP00106" HPOS="223" VPOS="1363" WIDTH="18"/>
						<String ID="P81_ST00130" HPOS="241" VPOS="1344" WIDTH="18" HEIGHT="18" CONTENT="a" WC="1.00" CC="0"/>
						<SP ID="P81_SP00107" HPOS="259" VPOS="1363" WIDTH="14"/>
						<String ID="P81_ST00131" HPOS="273" VPOS="1332" WIDTH="92" HEIGHT="30" CONTENT="crime" WC="0.88" CC="05000"/>
						<SP ID="P81_SP00108" HPOS="365" VPOS="1363" WIDTH="13"/>
						<String ID="P81_ST00132" HPOS="378" VPOS="1333" WIDTH="14" HEIGHT="30" CONTENT="?" WC="0.16" CC="8"/>
						<SP ID="P81_SP00109" HPOS="392" VPOS="1363" WIDTH="12"/>
						<String ID="P81_ST00133" HPOS="404" VPOS="1333" WIDTH="18" HEIGHT="16" CONTENT='"' WC="0.76" CC="2"/>
					</TextLine>
				</TextBlock>
				<TextBlock ID="P81_TB00007" HPOS="128" VPOS="1401" WIDTH="716" HEIGHT="38" STYLEREFS="TXT_1 PAR_RIGHT">
					<TextLine ID="P81_TL00021" HPOS="129" VPOS="1401" WIDTH="715" HEIGHT="38">
						<String ID="P81_ST00134" HPOS="129" VPOS="1403" WIDTH="184" HEIGHT="31" CONTENT='"Think?"' WC="0.53" CC="40727572"/>
						<SP ID="P81_SP00110" HPOS="313" VPOS="1434" WIDTH="33"/>
						<String ID="P81_ST00135" HPOS="346" VPOS="1403" WIDTH="134" HEIGHT="30" CONTENT="retorted" WC="0.84" CC="50034000"/>
						<SP ID="P81_SP00111" HPOS="480" VPOS="1434" WIDTH="32"/>
						<String ID="P81_ST00136" HPOS="512" VPOS="1402" WIDTH="52" HEIGHT="31" CONTENT="the" WC="0.66" CC="270"/>
						<SP ID="P81_SP00112" HPOS="564" VPOS="1434" WIDTH="38"/>
						<String ID="P81_ST00137" HPOS="602" VPOS="1402" WIDTH="93" HEIGHT="31" CONTENT="other." WC="0.72" CC="207060"/>
						<SP ID="P81_SP00113" HPOS="695" VPOS="1434" WIDTH="64"/>
						<String ID="P81_ST00138" HPOS="759" VPOS="1401" WIDTH="85" HEIGHT="38" CONTENT='"Oh,' WC="0.45" CC="4574"/>
					</TextLine>
				</TextBlock>
			</PrintSpace>
		</Page>
	</Layout>
</alto>
