1019 1638
306 96 69 22 LESS
395 97 85 21 THAN
502 99 17 19 A
540 98 111 24 SQUIRE.

812 93 50 26 177

101 180 34 30 of
151 181 169 39 provincial
334 182 162 42 prejudice,
514 183 27 30 if
559 183 25 31 it
600 194 70 20 ever
685 185 131 30 adhered
831 188 30 27 to

100 249 74 40 him,
199 250 33 31 in
254 251 48 31 his
324 254 100 39 rough
447 256 116 27 contact
585 254 77 30 with
683 254 52 30 the
756 255 103 38 world,

102 319 53 30 did
183 320 49 30 his
258 325 115 27 utmost
398 323 162 30 whenever
589 323 38 30 he
654 334 81 19 came
761 326 31 27 to
819 325 42 28 La

102 389 189 31 Morvilhere
317 394 31 27 to
372 395 87 27 atone
481 392 47 30 for
554 392 47 31 his
623 393 147 30 brother's
798 404 63 20 sus-

102 459 196 39 ceptibilities
328 462 59 29 and
418 462 103 39 stupid
550 462 151 39 mistakes,
734 464 60 28 and
823 464 38 29 he

101 538 94 20 never
224 529 93 30 failed
347 533 31 27 to
403 530 57 30 call
486 541 82 29 upon
594 531 114 30 Martin
734 531 127 31 Prevost

103 607 73 19 once
193 608 33 19 or
245 598 88 31 twice
349 599 112 40 during
483 599 47 30 his
552 602 67 38 stay
635 600 32 29 in
688 601 52 28 the
755 601 105 39 neigh-

101 666 166 40 bourhood,
293 668 60 29 and
374 668 171 40 invariably
567 668 73 30 took
665 668 47 30 his
734 669 127 39 nephew

101 735 76 31 with
192 736 65 30 him
273 747 39 20 on
326 737 86 30 these
428 737 159 30 occasions.

144 808 64 30 But
234 808 81 30 since
342 808 52 30 the
417 812 107 26 return
547 809 33 29 of
602 809 50 30 the
675 812 60 27 two
758 809 101 30 sisters

100 877 78 29 from
215 876 80 30 their
325 879 130 27 convent
485 879 30 27 at
552 877 138 39 Poitiers,
722 877 51 29 the
804 887 55 19 one

99 940 163 31 attraction
283 940 47 30 for
353 940 98 30 Raoul
467 940 36 30 de
526 940 142 30 Morville
690 940 33 30 in
745 940 28 29 D

98 1020 62 19 was
176 1009 51 29 the
244 1008 145 30 Chateau.
435 1009 63 29 The
521 1011 121 37 pretext
657 1019 61 19 was
734 1019 17 19 a
766 1009 91 40 ready

97 1088 64 20 one.
209 1078 98 30 Raoul
321 1078 60 29 had
401 1077 78 30 been
494 1077 163 41 devotedly
672 1077 140 30 attached
826 1080 31 27 to

96 1147 48 30 his
171 1148 76 29 dead
270 1147 95 29 sister.
412 1147 96 29 There
535 1157 61 20 was
621 1147 57 29 but
704 1157 55 19 one
785 1157 72 30 year

95 1217 140 31 between
256 1216 53 30 the
324 1219 69 35 two,
412 1216 60 29 and
493 1216 39 29 he
547 1226 61 21 was
632 1215 119 30 sixteen
766 1216 90 30 when

95 1286 98 30 Marie
210 1285 77 30 died.
326 1285 50 29 He
392 1285 125 29 himself
527 1295 62 20 was
604 1287 83 28 wont
701 1287 32 27 to
750 1295 52 30 say
817 1285 38 29 he

94 1356 111 30 should
226 1365 94 21 never
342 1354 38 31 be
403 1354 140 30 consoled
565 1354 46 30 for
633 1354 54 29 her
709 1353 69 38 loss,
796 1353 60 29 and

93 1426 67 29 that
181 1425 24 30 it
221 1425 61 29 had
296 1424 78 30 been
389 1434 18 18 a
421 1423 123 30 heavier
558 1423 80 30 blow
653 1426 32 26 to
700 1422 63 30 him
779 1432 76 20 even

135 1504 67 20 VOL.
220 1504 20 20 I.
466 1501 21 21 N
