1019 1638
811 75 33 24 49

259 79 64 20 THE
342 79 158 20 MARRIAGE
520 79 141 20 PORTION.

210 165 92 39 again
316 166 143 39 repeated
474 165 50 31 old
539 166 137 38 Prevost,
691 166 156 41 following

80 233 50 31 his
149 233 109 31 visitor
280 237 32 28 to
331 235 54 30 the
409 236 72 29 door
505 235 33 30 of
556 235 52 30 the
632 246 83 19 room
727 245 7 30 ;
792 236 55 30 but

80 303 85 29 don't
180 303 101 39 forget
304 303 227 31 Mademoiselle
555 304 140 30 Vevette.
742 304 58 31 She
822 304 25 30 is

80 382 17 19 a
106 382 76 31 very
198 372 159 41 charming
368 383 104 31 young
481 373 80 40 lady,
574 373 59 30 and
648 373 51 30 the
715 373 58 30 law
785 372 62 31 will

80 441 81 30 force
176 452 64 29 you
258 444 32 28 to
306 441 71 40 give
399 441 149 41 precisely
562 441 53 30 the
636 452 80 20 same
736 442 111 30 advan-

81 513 86 35 tages
182 513 31 28 to
229 511 53 30 the
296 513 62 28 two

125 579 106 31 When
246 579 160 31 Monsieur
420 579 29 31 le
464 579 140 31 Vicomte
621 580 35 29 de
672 579 175 31 Verancour

82 659 63 20 was
160 649 34 30 in
208 649 53 30 the
278 651 101 37 street,
398 649 60 30 and
473 648 148 40 trudging
635 649 88 29 home
739 659 32 19 as
789 648 58 30 fast

84 728 32 19 as
136 717 39 30 he
191 717 99 39 could,
307 717 33 30 in
358 718 87 29 order
467 720 30 27 to
518 717 87 31 write
627 717 42 39 by
688 720 68 36 post
775 717 72 30 time

83 790 31 27 to
145 787 52 30 the
231 786 216 40 Champmorin
475 789 109 37 notary
613 786 67 30 that
716 786 40 30 all
788 796 59 21 was

85 856 86 29 made
195 855 119 30 smooth
330 866 71 19 now
415 855 47 29 for
482 855 53 29 the
583 854 122 40 placing
750 854 32 29 of
800 854 47 29 his

85 924 152 40 daughter
252 923 115 31 Felicie
382 923 34 30 in
430 924 54 29 her
500 927 76 26 most
592 922 146 31 romantic

233 993 40 29 he
296 1003 94 19 never
413 1003 73 19 once
510 992 92 29 asked
621 991 124 30 himself
766 991 81 30 what

84 1062 145 40 impeded
244 1062 50 30 old
314 1061 117 31 Martin
449 1061 129 30 Prevost
597 1064 31 27 to
648 1060 71 30 take
738 1060 74 29 such
832 1071 15 18 a

84 1131 96 41 lively
195 1131 128 31 interest
337 1131 34 30 in
385 1131 53 30 the
453 1131 121 39 destiny
585 1131 33 29 of
636 1130 47 29 his
699 1129 148 40 daughter

84 1201 141 29 Vevette.

129 1478 67 19 VOL.
213 1476 19 21 I.

496 1473 13 18 E
