1019 1638
789 102 50 25 121

356 111 62 19 THE
437 110 120 20 LOVERS.

77 195 140 30 hawkers
239 199 79 27 term
343 196 26 31 it
381 207 7 29 ;
420 198 60 28 and
501 207 79 20 were
602 196 139 30 FeUcie's
763 207 76 18 mar-

75 264 85 40 riage
176 265 78 31 with
276 266 158 30 Monsieur
456 266 36 30 de
509 265 214 40 Champmorin
747 269 32 27 to
803 265 36 31 be

76 334 193 41 definitively
291 336 118 29 broken
434 336 47 38 off,
508 336 51 29 she
585 335 100 39 might
710 336 31 29 at
768 346 71 19 once

74 403 106 41 resign
194 405 117 30 herself
333 408 32 27 to
389 406 53 29 the
464 405 149 40 blessings
640 405 34 30 of
696 404 143 40 spinster-

73 474 91 38 hood,
181 474 47 29 for
243 474 54 29 she
311 474 62 30 had
393 474 60 30 few
469 485 32 19 or
522 485 39 19 no
610 473 229 41 extraordinary

279 553 32 20 as
327 542 133 31 Finance
475 541 166 39 Ministers,
659 541 33 30 in
707 542 51 30 the
774 541 64 30 face

74 612 34 30 of
133 623 19 19 a
182 612 111 38 deficit,
326 615 79 27 term
435 612 33 38 it,
500 614 31 27 to
561 612 54 29 fall
643 612 78 29 back
746 623 90 28 upon.

73 681 115 31 Felicie
204 682 61 29 had
281 684 53 37 got
353 681 66 41 just
432 691 71 20 now
517 681 54 30 her
597 691 56 20 one
679 681 111 30 chance
806 680 32 30 in

72 750 91 30 hand.
231 750 60 30 She
328 750 103 31 would
467 750 109 40 hardly
613 752 53 37 get
701 750 134 29 another.

71 820 82 30 How
168 820 111 30 should
302 820 52 29 she
368 820 13 29 ?
436 819 60 30 She
511 820 90 29 could
622 821 54 28 not
690 819 39 30 be
744 818 92 31 taken

69 890 94 30 about
196 892 32 28 to
260 889 274 40 watering-places,
537 908 43 3 —
580 889 86 30 there
698 899 62 20 was
795 899 40 19 no

67 969 112 29 money
208 958 47 29 for
285 958 68 29 that
381 960 64 27 sort
474 958 34 30 of
540 957 99 40 thing,
641 976 44 3 —
685 958 60 29 and
781 957 53 30 she

65 1028 90 30 could
170 1030 55 27 not
240 1037 77 20 even
332 1026 125 31 achieve
472 1037 18 19 a
503 1026 75 31 visit
599 1029 32 27 to
646 1026 87 30 Paris
743 1035 8 30 ;
774 1026 55 39 for,

63 1097 120 30 besides
205 1097 54 29 the
282 1096 167 40 pecuniary
465 1095 149 41 question,
633 1095 52 30 she
709 1096 60 29 had
792 1106 40 19 no

61 1166 132 31 relation
206 1166 87 30 there
309 1166 69 31 who
393 1165 104 32 would
518 1164 72 31 take
605 1164 100 31 notice
721 1164 34 30 of
776 1164 55 30 her

61 1236 185 38 unmarried,
265 1247 33 18 or
321 1236 72 39 help
419 1236 56 28 her
499 1237 32 27 to
554 1237 53 37 get
628 1245 18 19 a
668 1234 139 29 husband
823 1234 5 29 !

60 1306 51 30 No
122 1314 7 31 ;
153 1304 28 31 if
193 1315 61 30 any
269 1304 139 41 unlucky
424 1304 217 30 circumstance
663 1303 167 40 prevented

60 1373 230 32 Mademoiselle
303 1373 113 30 FeUcie
427 1374 79 28 from
516 1372 161 40 becoming
688 1372 140 29 Madame

60 1445 37 29 de
114 1441 225 39 Champmorin,
358 1442 52 30 she
425 1442 104 31 would
549 1441 110 39 simply
675 1441 54 30 fall
751 1440 77 30 back
