1019 1638
832 71 31 25 61

381 76 64 20 THE
465 76 122 20 SISTERS.

102 169 63 20 was
192 161 181 41 apparently
399 162 109 40 gazing
537 165 32 28 at
594 173 141 30 vacancy,
764 163 102 30 whilst

101 229 54 30 the
171 232 81 28 tears
266 241 81 19 were
363 231 162 40 gathering
540 231 33 29 in
587 232 55 29 her
658 241 79 30 eyes.

178 298 17 30 I
206 309 64 21 was
281 299 146 41 thinking
439 300 33 30 of
483 300 30 30 la
524 311 81 20 mere

102 362 66 30 said
194 363 133 30 Vevette
354 364 107 40 gently
474 374 7 29 ;
550 364 52 30 the
629 364 96 30 sound
751 364 34 30 of
814 364 52 30 the

102 431 142 40 Angelus
267 432 152 41 suddenly
433 433 158 30 reminded
612 443 47 20 me
675 433 33 30 of
726 433 64 39 her,
807 434 59 29 and

103 501 34 29 of
150 511 55 19 our
221 504 131 27 convent

179 569 46 30 La
246 580 83 20 mere
354 570 213 31 Marie-Claire
581 581 62 20 was
659 581 32 20 so
707 570 159 40 devotedly

104 639 73 29 fond
193 639 34 29 of
245 649 71 30 you,
334 639 69 30 that
420 639 25 30 it
462 639 26 29 is
510 650 39 19 no
564 640 123 29 wonder
702 650 62 29 you
779 639 87 30 loved

103 706 64 39 her,
185 707 61 29 and
274 710 102 36 regret
405 707 55 30 her
489 718 69 21 now
581 707 79 31 she's
822 718 44 19 re-

100 775 105 40 joined
217 775 123 39 Felicie,
357 775 77 31 with
453 776 103 30 rather
570 786 18 20 a
602 776 188 30 sententious
805 776 45 30 air
860 786 6 29 ;

137 845 64 38 but,
219 845 46 29 for
288 856 16 18 a
328 845 162 29 well-born
513 856 126 28 woman,
658 845 16 29 I
698 848 82 27 must
804 856 62 29 say,

102 912 141 38 Vevette,
259 912 67 30 that
341 922 17 20 a
373 922 96 20 worse
485 912 139 40 example
640 923 55 20 can
710 913 109 40 hardly
830 914 36 29 be

103 981 166 30 conceived
286 981 74 30 than
376 981 52 30 the
444 991 56 20 one
516 981 53 30 she

247 1060 63 30 you
332 1049 98 41 really
453 1049 91 31 think
569 1050 77 39 that,
821 1051 46 29 in-

100 1119 108 40 quired
223 1120 53 29 the
291 1129 139 31 younger
445 1119 68 40 girl,
526 1119 124 41 timidly
665 1120 114 40 adding
793 1120 75 30 with

99 1201 17 18 a
154 1189 69 41 sigh
236 1200 6 19 :
299 1190 79 29 Poor
401 1190 80 38 dear,
504 1193 93 27 sweet
633 1200 82 20 mere
752 1189 112 30 Marie-

100 1259 100 31 Claire
212 1259 7 31 !
242 1259 70 31 how
337 1259 103 40 lovely
464 1259 54 30 she
536 1270 62 20 was
611 1259 6 30 !
641 1259 60 30 and
715 1259 70 31 how
804 1259 62 29 like

99 1340 39 19 an
153 1329 90 40 angel
264 1329 52 29 she
340 1329 110 30 looked
472 1329 34 30 in
531 1329 53 30 the
599 1329 58 30 last
672 1329 59 30 few
746 1329 121 29 months

99 1404 34 29 of
153 1404 56 29 her
223 1403 53 30 life
291 1403 7 30 !
