1019 1638
358 105 153 21 MONSIEUR
529 98 86 28 LfiON.

814 99 51 27 183

107 199 73 29 seas,
199 190 61 30 and
273 191 77 29 both
364 202 50 19 are
429 192 58 29 full
502 193 33 29 of
555 192 127 30 sublime
697 196 107 37 poetry
815 203 7 29 ;
825 211 42 4 —

107 258 56 29 but
179 259 86 29 there
280 259 27 30 is
322 270 38 20 no
376 264 107 37 poetry
499 260 32 30 in
546 271 17 19 a
577 261 89 39 pond,
686 261 59 30 and
759 271 39 20 no
815 261 52 30 life

108 327 33 30 in
157 338 17 19 a
190 328 94 39 canal,
301 329 47 29 for
362 329 120 30 neither
502 330 54 29 has
578 340 60 29 any
654 330 108 39 depths
783 332 32 27 to
830 330 37 29 be

109 397 120 30 stirred.
274 398 97 30 What
385 398 27 30 is
434 398 212 31 non-Parisian
665 398 33 30 in
713 398 113 30 France
842 398 26 30 is

110 463 53 28 not
179 462 83 29 rural
278 472 33 19 or
325 462 206 40 agricultural,
549 462 24 29 it
594 462 25 29 is
634 462 150 40 narrowly
799 472 67 30 pro-

110 529 122 30 vincial.
279 530 49 30 On
356 541 18 19 a
402 541 126 28 narrow,
561 530 124 31 shallow
715 530 85 38 scale,
830 541 38 18 an

113 599 155 30 imitation
298 600 26 29 is
356 601 111 39 sought
498 603 31 27 to
551 601 37 29 be
613 600 152 40 produced
791 600 33 29 of
853 610 17 19 a

113 668 137 40 gigantic
265 669 108 38 model,
391 669 68 38 and,
477 669 62 29 Uke
555 669 39 29 all
610 668 174 38 imitations,
802 668 25 29 it
842 668 27 29 is

113 749 17 18 a
146 738 118 29 failure.
304 739 31 29 It
351 738 25 29 is
392 738 84 40 truly
488 749 32 18 as
535 749 17 18 a
567 739 82 39 pond
660 740 30 27 to
706 748 17 19 a
736 748 57 28 sea,
811 738 59 29 and

113 817 33 19 as
161 817 40 20 no
216 807 63 29 real
295 806 233 40 ground-swells
550 817 88 19 move
653 806 33 38 it,
704 806 60 29 and
785 816 32 19 as
831 816 39 18 no

113 877 63 28 real
199 875 206 31 storm-winds
427 875 66 30 lash
514 874 34 40 it,
574 875 25 30 it
621 874 34 39 is,
682 885 32 19 as
736 885 18 19 a
779 875 89 39 pond,

113 944 122 38 lifeless,
268 944 61 29 and
357 944 25 29 it
419 946 162 36 stagnates.
642 944 139 38 Nothing
816 943 57 29 but

114 1014 115 30 disease
249 1013 26 30 is
295 1015 31 28 to
341 1013 38 30 be
395 1012 110 41 gained
524 1013 42 40 by
587 1012 98 40 living
705 1012 113 40 always
834 1022 39 20 on

113 1084 52 30 the
180 1083 98 30 banks
294 1082 33 31 of
346 1093 17 19 a
378 1083 89 39 pond,
486 1082 60 29 and
567 1082 72 30 thus
660 1082 24 29 it
699 1082 26 29 is
740 1082 67 29 that
821 1082 52 28 the

113 1156 68 27 true
204 1152 168 40 provincial
394 1151 32 30 in
442 1152 114 29 France
572 1151 140 30 breathes
735 1151 72 40 only
821 1150 52 30 the

115 1222 111 30 odours
250 1220 33 30 of
302 1220 181 39 stagnation,
510 1231 33 18 or
564 1220 27 28 if
609 1220 39 28 he
671 1219 144 30 mistakes
830 1219 45 29 for

114 1286 54 30 life
184 1286 60 29 and
266 1284 128 41 activity
415 1284 48 30 his
480 1292 68 23 own
570 1286 143 37 attempts
735 1286 31 27 to
788 1282 87 30 ruffle

114 1358 54 29 the
191 1358 118 36 waters,
334 1355 38 29 he
395 1354 115 40 merely
533 1354 141 30 succeeds
696 1353 33 30 in
751 1352 124 39 stirring

116 1437 42 27 up
174 1425 83 30 mud.
