1019 1638
814 109 53 26 203

270 115 62 20 THE
352 116 95 19 FEAST
466 115 57 20 FOR
542 116 62 19 THE
624 115 87 20 DEAD.

106 199 111 31 honest
243 211 71 20 man
337 202 68 30 that
431 212 71 20 ever
526 201 154 31 breathed.
730 201 50 30 He
806 212 62 20 was

107 268 78 41 ugly
217 270 61 29 and
307 270 161 39 awkward,
499 270 92 40 being
627 270 83 39 large
739 269 127 41 jointed,

108 339 92 37 stout,
226 338 60 30 and
304 338 150 41 ungainly
472 338 33 30 in
527 338 48 30 his
597 340 193 37 movements,
808 339 60 29 and

107 406 117 41 having
246 418 17 19 a
282 407 55 40 big
361 409 99 28 round
482 408 87 38 head,
586 407 76 31 with
681 418 18 19 a
713 407 83 40 large
814 407 53 30 flat

107 474 74 30 face.
227 475 63 30 Yet
311 476 53 30 the
379 475 85 41 kind,
481 475 133 31 truthful
636 475 176 40 expression
837 475 33 29 of

107 542 48 31 his
172 544 118 30 ox-like
306 554 75 31 grey
397 555 70 30 eyes
482 544 118 31 invited
618 544 171 30 confidence
807 544 60 30 and

105 611 137 41 inspired
265 623 139 29 courage.
448 613 224 31 Downhearted
695 613 106 39 people
823 613 42 30 al-

105 691 85 30 ways
208 684 83 28 went
312 684 32 28 to
362 681 65 31 him
447 682 60 29 and
526 691 82 20 came
629 691 85 31 away
729 682 134 30 cheered.

105 748 51 30 He
175 759 62 20 was
260 749 33 30 of
313 760 18 19 a
356 750 169 40 singularly
547 750 177 29 undaunted
747 752 116 37 nature,

105 818 91 31 loved
217 819 42 30 aU
280 829 79 29 men,
376 820 61 29 and
458 819 101 30 feared
580 818 138 40 nothing.
762 818 104 31 When

105 897 17 19 a
138 887 179 30 misfortune
339 888 159 40 happened
519 890 32 27 to
573 898 39 19 an
633 887 176 30 unbeliever
826 888 38 29 he

105 967 61 21 was
182 956 43 41 by
239 956 68 30 that
326 956 204 31 unbeliever's
552 956 64 30 side
630 967 39 19 an
684 956 78 30 hour
776 956 85 38 after,

103 1025 109 40 giving
235 1025 65 30 him
325 1025 52 30 the
403 1024 143 40 practical
574 1025 70 39 help
669 1025 39 30 he
737 1025 123 39 needed,

102 1094 60 29 and
183 1093 173 41 invariably
374 1093 109 41 saying
504 1094 67 29 that
593 1094 79 38 good
695 1093 167 31 Christians

102 1163 121 30 wanted
252 1162 65 30 him
346 1162 46 30 far
421 1162 60 30 less
505 1162 75 30 than
605 1162 60 30 bad
695 1172 79 21 ones.
831 1163 31 30 It

100 1241 63 21 was
197 1230 156 30 notorious
381 1230 68 29 that
477 1230 91 31 when
596 1231 78 29 Pere
702 1231 160 30 Vincent's

100 1310 66 21 cow
195 1299 80 40 died,
303 1300 60 29 and
392 1299 56 31 left
472 1298 64 31 him
561 1298 117 40 ruined,
704 1299 158 31 Monsieur

100 1370 28 28 le
160 1368 80 31 Cure
271 1378 77 29 gave
376 1366 65 31 him
470 1367 52 30 the
551 1377 102 20 means
684 1367 33 30 of
742 1367 119 41 buying

99 1436 128 31 another
248 1438 53 28 out
320 1436 33 30 of
372 1435 48 30 his
442 1445 67 22 own
523 1446 90 29 purse
626 1445 8 30 ;
658 1436 59 29 and
737 1446 31 19 as
784 1436 77 30 Pere
