1019 1638
271 100 63 21 THE
354 101 159 21 MARRIAGE
533 102 139 20 PORTION.

821 95 35 27 43

93 185 217 40 Champmorin
335 198 63 20 was
426 187 113 41 letting
567 187 125 31 himself
718 198 39 30 go
784 188 73 30 dirt-

93 255 95 40 cheap
211 257 32 28 at
267 256 75 29 such
365 267 18 18 a
406 256 91 40 price.
544 257 31 29 It
594 267 62 20 was
679 267 17 19 a
720 257 139 39 splendid

127 323 171 39 placement
367 325 47 30 for
455 325 227 30 Mademoiselle
726 325 113 31 Felicie
851 335 8 30 ;

94 403 94 31 every
210 395 83 28 atom
316 394 33 29 of
372 395 169 39 advantage
564 405 62 20 was
649 405 39 19 on
709 395 55 29 her
786 394 72 30 side.

94 462 115 31 Words
253 463 94 30 failed
382 463 180 31 wherewith
605 467 31 27 to
679 464 87 40 paint
808 465 53 29 the

96 542 149 30 generous
272 532 283 30 disinterestedness
581 533 34 29 of
640 533 159 30 Monsieur
824 533 37 30 de

96 601 217 40 Champmorin
326 611 6 30 ;
366 602 58 30 but
448 602 83 38 then,
556 612 32 20 as
611 602 48 30 his
681 605 109 38 notary
815 613 45 19 re-

96 670 135 39 marked,
258 670 66 30 .this
348 681 63 19 was
442 681 17 19 a
782 671 79 30 Such

97 750 62 20 was
188 740 53 30 the
271 750 111 20 excuse
412 740 105 39 urged,
549 740 89 30 when
672 740 61 30 this
762 740 99 30 bride-

97 819 114 29 groom,
243 808 33 30 in
311 809 75 29 such
414 809 77 39 high
527 809 141 29 financial
697 809 163 38 condition,

97 877 165 30 consented
287 880 33 27 to
345 877 39 30 be
409 877 170 40 purchased
604 877 47 30 for
679 878 52 29 the
761 878 100 40 paltry

97 957 68 18 sum
195 947 34 29 of
255 946 85 40 sixty
370 947 153 29 thousand
551 947 100 29 francs
663 947 6 29 !
707 946 73 30 And
809 947 52 29 the

94 1014 105 40 public
221 1025 80 20 were
324 1015 148 39 expected
493 1018 32 27 to
548 1015 92 40 adopt
661 1014 48 30 his
730 1014 80 32 view
832 1014 32 31 of

94 1085 54 29 the
184 1084 195 39 transaction,
411 1085 60 28 and
508 1084 57 29 call
599 1084 25 29 it
653 1095 17 18 a

95 1155 29 29 d'
127 1165 106 20 amour
245 1155 6 30 !
343 1154 66 30 But
442 1153 161 41 unluckily
633 1152 157 31 Monsieur
827 1154 36 29 de

95 1224 179 30 Verancour
289 1223 61 30 had
364 1226 55 27 not
434 1223 52 30 the
502 1223 84 40 sixty
598 1223 152 30 thousand
764 1223 99 29 francs

95 1296 32 28 to
150 1293 71 41 give
234 1294 6 29 !
286 1293 48 30 Do
349 1293 84 30 what
454 1293 39 29 he
508 1292 110 38 would,
637 1292 38 30 he
698 1292 90 30 could
809 1294 53 27 not

96 1373 104 30 scrape
222 1363 85 30 them
328 1362 149 40 together.
532 1361 82 39 This,
640 1361 148 38 however,
813 1361 50 28 led

96 1432 117 40 merely
225 1434 31 27 to
268 1431 168 41 prolonged
448 1430 169 31 discussion
629 1430 59 30 and
700 1432 31 27 to
746 1429 53 29 the
814 1439 47 19 ac-
