1019 1638
275 108 21 21 A
314 109 144 20 PRUDENT
479 109 107 20 YOUNG
605 109 87 20 LADY.

813 101 52 27 283

100 192 70 32 that
193 204 56 20 our
271 205 90 20 name
386 196 110 29 should
518 206 39 29 go
581 195 177 40 a-begging.
804 196 62 28 The

101 263 169 40 daughters
287 264 33 30 of
338 264 171 31 illustrious
524 265 110 30 houses
650 275 50 19 are
721 267 55 27 not
798 274 68 20 con-

101 332 136 30 strained
259 335 32 27 to
306 333 53 29 the
382 344 81 19 same
478 334 80 29 little
579 333 129 40 prudish
722 333 144 40 practices

101 412 33 18 as
149 401 88 30 those
253 402 35 29 of
309 402 164 40 bourgeois
491 402 108 40 origin,
617 403 60 29 and
700 402 100 30 where
815 402 51 30 the

101 470 121 30 honour
237 471 34 29 of
287 471 53 29 the
354 481 68 19 race
437 471 26 29 is
479 473 32 28 at
532 471 86 30 stake
632 471 74 40 they
721 473 82 27 must
817 471 49 40 lay

102 539 84 30 aside
204 539 165 41 prejudice,
387 540 60 29 and
472 550 48 20 see
543 539 84 31 what
649 539 26 30 is
695 539 67 30 best
784 542 30 28 to
829 539 37 30 be

103 609 86 38 done,
204 608 67 41 just
297 619 40 28 as,
356 608 33 30 in
411 609 87 29 other
520 619 80 30 ages,
618 609 74 40 they
706 608 111 38 would,
834 608 32 30 in

101 677 53 30 the
166 677 129 30 absence
308 677 34 30 of
353 688 17 19 a
382 677 147 40 garrison,
543 677 77 30 have
635 677 60 29 had
710 679 31 27 to
757 677 109 29 defend

101 747 53 29 the
178 747 138 37 chateau,
343 756 81 20 arms
449 746 33 29 in
505 746 90 29 hand.
641 745 16 30 I
681 745 91 31 know
794 754 72 29 poor

101 815 161 30 Monsieur
284 815 37 29 de
345 813 217 41 Champmorin
576 814 54 29 has
645 813 78 30 been
745 812 121 40 obliged

100 887 32 26 to

143 953 160 31 Monsieur
333 953 37 29 de
400 952 178 29 Verancour
607 949 87 30 made
723 959 18 20 a
765 959 99 20 move-

100 1025 93 26 ment.

254 1091 27 30 is
310 1092 55 28 not
394 1091 32 29 to
450 1089 39 30 be
511 1087 130 38 blamed,
820 1096 44 19 re-

100 1160 107 31 sumed
231 1158 133 40 FeUcie;
484 1158 83 28 must
591 1157 54 28 not
668 1154 38 31 be
728 1154 136 39 blamed;

99 1240 46 20 we
160 1229 79 30 have
261 1226 132 41 nothing
408 1229 32 27 to
458 1224 146 41 reproach
625 1223 65 29 him
704 1222 85 39 with,
806 1222 58 29 and

99 1300 25 29 it
145 1298 105 31 would
272 1297 40 31 be
336 1295 161 39 unseemly
519 1293 60 30 and
602 1301 106 30 wrong
730 1290 33 30 in
782 1300 37 19 us
833 1292 31 27 to

99 1368 74 30 bear
187 1367 54 30 the
257 1366 144 38 slightest
415 1362 115 32 ill-wdl
545 1360 132 33 towards

174 1436 16 29 I
206 1436 73 29 bear
292 1434 66 30 him
380 1443 39 20 no
442 1431 115 32 ill-wiU
784 1429 77 28 mut-
