1019 1638
270 119 63 21 THE
352 113 161 27 vicomte's
532 120 159 20 troubles.

813 115 51 25 163

104 203 111 40 picion,
232 206 61 28 and
322 217 53 29 my
400 206 99 30 father
527 209 81 27 must
637 210 53 26 not
719 207 92 31 know
836 208 34 29 of

105 273 83 31 what
204 273 17 30 I
237 284 48 19 am
301 274 92 30 about
404 277 32 27 to
452 274 62 30 ask.
560 274 71 30 You
644 285 72 20 once
731 275 65 30 told
807 286 56 28 me,

105 341 91 31 when
222 343 17 29 I
269 353 62 20 was
357 344 72 39 only
454 354 18 18 a
500 344 69 39 boy,
594 344 67 29 that
690 344 27 29 if
751 345 16 28 I
797 355 70 20 ever

105 411 116 30 needed
244 412 71 40 help
331 412 17 30 I
364 415 81 27 must
467 412 91 41 apply
573 416 32 27 to
620 423 70 30 you.
736 413 16 30 I
776 413 37 30 do
836 424 31 19 so

105 490 77 20 now.
230 481 16 29 I
262 492 48 18 am
325 481 33 29 in
373 481 136 30 absolute
524 482 78 29 need
624 482 33 29 of
675 482 52 29 the
751 492 66 19 sum
839 484 33 27 of

105 551 61 28 two
188 549 153 30 thousand
362 549 107 30 francs.
516 550 16 29 I
555 550 77 30 have
654 561 39 20 no
715 561 102 20 means
840 552 32 29 of

108 617 120 41 getting
254 618 33 38 it,
291 637 41 3 —
334 619 59 29 and
418 619 28 29 if
475 619 16 29 I
519 620 37 28 do
582 622 53 27 not
662 622 50 37 get
738 620 33 38 it,
795 620 16 29 I
831 630 39 19 no

107 686 107 40 longer
229 697 66 19 care
311 687 46 30 for
379 687 52 29 hfe
446 687 7 30 !
497 687 57 40 My
569 687 111 38 future,
698 698 53 30 my
765 688 105 39 happi-

109 765 78 29 ness,
205 756 183 40 everything
402 757 96 39 hangs
514 767 82 29 upon
618 756 69 38 this,
705 759 32 27 to
751 767 71 30 you,
840 767 31 19 so

110 820 118 40 trifling
243 831 16 19 a
276 831 74 27 sum,
369 821 59 29 and
439 831 17 19 a
470 820 86 31 week
575 821 93 30 hence
685 820 63 32 will
769 821 37 30 be
822 824 50 27 too

110 889 61 30 late
186 889 6 30 !
237 889 49 30 Do
306 891 54 28 not
381 889 43 30 let
445 899 48 20 me
515 889 54 30 ask
591 889 33 30 in
638 889 79 30 vain.
764 890 15 29 I
795 890 77 29 have

110 957 139 30 believed
269 957 32 29 in
316 968 78 29 your
408 958 107 38 words,
534 958 16 28 I
575 958 77 29 have
674 958 94 29 rehed
790 969 82 28 upon

110 1036 70 30 you,
193 1026 17 29 I
225 1026 77 30 have
316 1036 39 20 no
371 1026 86 30 other
471 1036 146 20 resource.
661 1026 58 30 For
734 1027 51 29 the
801 1026 71 30 sake

110 1096 34 29 of
162 1096 53 29 the
230 1095 153 39 gratitude
403 1095 74 40 they
493 1106 54 29 say
561 1106 78 29 your
660 1096 117 29 mother
800 1106 72 19 once

111 1165 85 30 owed
210 1167 32 27 to
257 1164 90 38 mine,
364 1164 72 38 help
451 1174 47 20 me
509 1174 77 21 now.

274 1233 102 29 Yours
392 1233 170 39 devotedly,

453 1301 107 29 Raoul
575 1311 38 19 de

155 1438 134 31 Richard
304 1448 83 29 grew
402 1438 67 39 pale
491 1438 58 29 and
563 1438 53 29 red
638 1438 187 39 alternately,
843 1449 30 19 as
