1019 1638
839 92 36 26 27

288 98 64 20 THE
371 98 159 21 MARRIAGE
550 98 139 21 PORTION.

198 182 49 32 No
261 193 8 31 ;
271 203 43 3 —
315 184 16 30 I
369 184 91 31 know
496 184 27 31 it
558 185 132 38 hasn't,"
730 185 144 31 observed

105 252 54 30 the
189 263 129 30 woman,
373 254 131 39 nothing
536 256 32 28 at
604 254 41 30 all
657 263 8 30 ;
667 272 43 4 —
711 254 72 40 only
822 254 52 30 she

105 322 95 30 saved
233 322 49 31 his
311 322 54 31 life
394 323 91 30 when
518 323 39 30 he
590 323 61 30 had
678 323 53 30 the
760 322 114 41 typhus

104 391 94 40 fever,
216 392 61 30 and
298 392 60 30 lost
380 392 56 30 her
459 403 69 21 own
550 392 43 40 by
610 392 142 40 catching

300 461 53 30 the
380 461 83 30 devd
491 462 55 29 has
577 462 68 29 that
673 461 34 30 in
737 471 135 20 common

104 530 77 31 with
227 530 56 30 her
573 530 134 40 growled
755 530 117 30 Martin

104 600 139 29 Prevost.
322 600 64 29 The
402 600 145 29 woman's

178 668 64 30 Yes
253 678 7 30 ;
276 668 58 30 but
362 668 70 31 how
457 668 27 30 is
505 668 53 30 the
580 679 71 19 man
670 670 31 27 to
728 667 72 40 gain
825 667 47 29 his

103 737 95 30 bread
211 737 29 30 if
258 738 39 29 he
312 737 101 30 leaves
428 738 73 29 here
511 737 13 30 ?
569 736 149 41 persisted
733 736 139 30 Madame

102 807 86 30 Jean.
282 806 78 31 He's
389 809 32 28 at
449 806 89 30 home
568 817 17 19 a
613 806 74 39 long
715 815 69 30 way
816 804 48 38 off,

103 878 90 29 down
221 876 34 30 in
276 876 95 30 Basse
394 876 163 40 Bretagne,
583 876 60 29 and
664 875 64 30 he's
751 877 53 37 got
832 884 39 20 no

99 946 92 29 home
206 948 32 27 at
253 944 42 31 aU
310 944 91 32 when
415 944 39 31 he
469 947 69 36 gets

243 1017 85 27 must
452 1013 117 41 replied
584 1012 118 32 Martin
725 1013 141 30 Prevost.

142 1084 199 41 "Begging's
385 1083 161 32 forbidden
588 1083 42 41 by
816 1093 50 19 an-

97 1155 117 32 swered
236 1154 143 30 Madame
398 1154 87 30 Jean.
564 1153 51 29 He
634 1155 83 27 must
735 1152 76 30 steal
831 1161 35 21 or

98 1225 40 28 he
154 1226 82 27 must

171 1294 94 39 WeU,
292 1294 38 30 he
357 1296 82 28 must
463 1303 47 30 go,
529 1292 93 31 that's
821 1301 44 19 re-

93 1364 107 41 joined
214 1364 56 30 her
284 1366 121 28 master.

137 1434 142 30 Madame
302 1433 78 30 Jean
391 1432 85 31 fixed
502 1442 17 20 a
535 1431 84 38 hard,
637 1430 73 31 bold
733 1429 72 31 look
827 1440 39 20 on
