<?xml version="1.0" encoding="UTF-8"?>
<alto xmlns:xsi="http://www.w3.org/2001/XMLSchema-instance" xsi:noNamespaceSchemaLocation="http://www.bl.uk/schemas/alto/alto-1-4.xsd" xmlns:xlink="http://www.w3.org/1999/xlink">
	<Description>
		<MeasurementUnit>mm10</MeasurementUnit>
		<sourceImageInformation>
			<fileName>//head1/IN/2007-46/A0010904365.1/000136.jp2</fileName>
		</sourceImageInformation>
		<OCRProcessing ID="OCRPROCESSING_1">
			<preProcessingStep>
				<processingSoftware>
					<softwareCreator>CCS Content Conversion Specialists GmbH, Germany</softwareCreator>
					<softwareName>CCS docWORKS</softwareName>
					<softwareVersion>6.1-0.62</softwareVersion>
				</processingSoftware>
			</preProcessingStep>
			<ocrProcessingStep>
				<processingSoftware>
					<softwareCreator>ABBYY (BIT Software), Russia</softwareCreator>
					<softwareName>Finereader</softwareName>
				</processingSoftware>
			</ocrProcessingStep>
		</OCRProcessing>
	</Description>
	<Styles>
		<TextStyle ID="TXT_0" FONTSIZE="11" FONTFAMILY="Courier New"/>
		<TextStyle ID="TXT_1" FONTSIZE="9" FONTFAMILY="Courier New"/>
		<ParagraphStyle ID="PAR_LEFT" ALIGN="Left"/>
		<ParagraphStyle ID="PAR_CENTER" ALIGN="Center"/>
	</Styles>
	<Layout>
		<Page ID="P122" PHYSICAL_IMG_NR="122" HEIGHT="1638" WIDTH="1019" PRINTED_IMG_NR="104" POSITION="Left" ACCURACY="70.97">
			<TopMargin ID="P122_TM00001" HPOS="0" VPOS="0" WIDTH="1019" HEIGHT="100">
				<TextBlock ID="P122_TB00001" HPOS="151" VPOS="73" WIDTH="50" HEIGHT="26" STYLEREFS="TXT_0 PAR_LEFT">
					<TextLine ID="P122_TL00001" HPOS="151" VPOS="73" WIDTH="50" HEIGHT="26">
						<String ID="P122_ST00001" HPOS="151" VPOS="73" WIDTH="50" HEIGHT="26" CONTENT="104" WC="1.00" CC="000"/>
					</TextLine>
				</TextBlock>
				<TextBlock ID="P122_TB00002" HPOS="397" VPOS="77" WIDTH="260" HEIGHT="23" STYLEREFS="TXT_1 PAR_CENTER">
					<TextLine ID="P122_TL00002" HPOS="398" VPOS="78" WIDTH="255" HEIGHT="22">
						<String ID="P122_ST00002" HPOS="398" VPOS="80" WIDTH="58" HEIGHT="20" CONTENT="ALL" WC="0.49" CC="950"/>
						<SP ID="P122_SP00001" HPOS="456" VPOS="100" WIDTH="19"/>
						<String ID="P122_ST00003" HPOS="475" VPOS="80" WIDTH="58" HEIGHT="20" CONTENT="FOR" WC="0.67" CC="315"/>
						<SP ID="P122_SP00002" HPOS="533" VPOS="100" WIDTH="20"/>
						<String ID="P122_ST00004" HPOS="553" VPOS="78" WIDTH="100" HEIGHT="22" CONTENT="GREED" WC="0.59" CC="55106"/>
					</TextLine>
				</TextBlock>
			</TopMargin>
			<LeftMargin ID="P122_LM00001" HPOS="0" VPOS="100" WIDTH="134" HEIGHT="1356"/>
			<RightMargin ID="P122_RM00001" HPOS="915" VPOS="100" WIDTH="104" HEIGHT="1356"/>
			<BottomMargin ID="P122_BM00001" HPOS="0" VPOS="1456" WIDTH="1019" HEIGHT="182"/>
			<PrintSpace ID="P122_PS00001" HPOS="134" VPOS="100" WIDTH="781" HEIGHT="1356">
				<TextBlock ID="P122_TB00003" HPOS="140" VPOS="160" WIDTH="775" HEIGHT="800" STYLEREFS="TXT_1 PAR_LEFT">
					<TextLine ID="P122_TL00003" HPOS="147" VPOS="160" WIDTH="768" HEIGHT="48">
						<String ID="P122_ST00005" HPOS="147" VPOS="168" WIDTH="219" HEIGHT="40" CONTENT="preventively," WC="0.70" CC="0409074600302"/>
						<SP ID="P122_SP00003" HPOS="366" VPOS="208" WIDTH="26"/>
						<String ID="P122_ST00006" HPOS="392" VPOS="167" WIDTH="138" HEIGHT="40" CONTENT="severely" WC="0.87" CC="40005000"/>
						<SP ID="P122_SP00004" HPOS="530" VPOS="208" WIDTH="14"/>
						<String ID="P122_ST00007" HPOS="544" VPOS="164" WIDTH="127" HEIGHT="38" CONTENT="treated," WC="0.72" CC="55006003"/>
						<SP ID="P122_SP00005" HPOS="671" VPOS="208" WIDTH="18"/>
						<String ID="P122_ST00008" HPOS="689" VPOS="162" WIDTH="144" HEIGHT="31" CONTENT="harassed" WC="0.71" CC="60703700"/>
						<SP ID="P122_SP00006" HPOS="833" VPOS="208" WIDTH="22"/>
						<String ID="P122_ST00009" HPOS="855" VPOS="160" WIDTH="60" HEIGHT="31" CONTENT="and" WC="0.60" CC="470"/>
					</TextLine>
					<TextLine ID="P122_TL00004" HPOS="147" VPOS="232" WIDTH="767" HEIGHT="45">
						<String ID="P122_ST00010" HPOS="147" VPOS="237" WIDTH="127" HEIGHT="31" CONTENT="worried" WC="0.59" CC="9566000"/>
						<SP ID="P122_SP00007" HPOS="274" VPOS="268" WIDTH="29"/>
						<String ID="P122_ST00011" HPOS="303" VPOS="238" WIDTH="32" HEIGHT="30" CONTENT="in" WC="0.41" CC="47"/>
						<SP ID="P122_SP00008" HPOS="335" VPOS="268" WIDTH="30"/>
						<String ID="P122_ST00012" HPOS="365" VPOS="247" WIDTH="92" HEIGHT="30" CONTENT="every" WC="0.68" CC="09050"/>
						<SP ID="P122_SP00009" HPOS="457" VPOS="277" WIDTH="29"/>
						<String ID="P122_ST00013" HPOS="486" VPOS="235" WIDTH="132" HEIGHT="41" CONTENT="possible" WC="0.67" CC="03652700"/>
						<SP ID="P122_SP00010" HPOS="618" VPOS="277" WIDTH="26"/>
						<String ID="P122_ST00014" HPOS="644" VPOS="245" WIDTH="78" HEIGHT="29" CONTENT="way," WC="0.93" CC="0002"/>
						<SP ID="P122_SP00011" HPOS="722" VPOS="277" WIDTH="30"/>
						<String ID="P122_ST00015" HPOS="752" VPOS="232" WIDTH="162" HEIGHT="31" CONTENT="examined" WC="0.62" CC="09004509"/>
					</TextLine>
					<TextLine ID="P122_TL00005" HPOS="147" VPOS="301" WIDTH="767" HEIGHT="43">
						<String ID="P122_ST00016" HPOS="147" VPOS="307" WIDTH="59" HEIGHT="30" CONTENT="and" WC="0.50" CC="770"/>
						<SP ID="P122_SP00012" HPOS="206" VPOS="337" WIDTH="16"/>
						<String ID="P122_ST00017" HPOS="222" VPOS="306" WIDTH="265" HEIGHT="38" CONTENT="cross-examined," WC="0.64" CC="235660490006033"/>
						<SP ID="P122_SP00013" HPOS="487" VPOS="344" WIDTH="19"/>
						<String ID="P122_ST00018" HPOS="506" VPOS="305" WIDTH="60" HEIGHT="29" CONTENT="and" WC="0.76" CC="070"/>
						<SP ID="P122_SP00014" HPOS="566" VPOS="344" WIDTH="13"/>
						<String ID="P122_ST00019" HPOS="579" VPOS="305" WIDTH="54" HEIGHT="29" CONTENT="the" WC="0.75" CC="070"/>
						<SP ID="P122_SP00015" HPOS="633" VPOS="344" WIDTH="15"/>
						<String ID="P122_ST00020" HPOS="648" VPOS="303" WIDTH="140" HEIGHT="40" CONTENT="palpable" WC="0.74" CC="40200750"/>
						<SP ID="P122_SP00016" HPOS="788" VPOS="344" WIDTH="23"/>
						<String ID="P122_ST00021" HPOS="811" VPOS="301" WIDTH="103" HEIGHT="41" CONTENT="proofs" WC="0.81" CC="040007"/>
					</TextLine>
					<TextLine ID="P122_TL00006" HPOS="146" VPOS="373" WIDTH="768" HEIGHT="40">
						<String ID="P122_ST00022" HPOS="146" VPOS="377" WIDTH="33" HEIGHT="29" CONTENT="of" WC="1.00" CC="00"/>
						<SP ID="P122_SP00017" HPOS="179" VPOS="406" WIDTH="21"/>
						<String ID="P122_ST00023" HPOS="200" VPOS="377" WIDTH="48" HEIGHT="29" CONTENT="his" WC="0.48" CC="716"/>
						<SP ID="P122_SP00018" HPOS="248" VPOS="406" WIDTH="21"/>
						<String ID="P122_ST00024" HPOS="269" VPOS="376" WIDTH="172" HEIGHT="37" CONTENT="innocence," WC="0.66" CC="6760407000"/>
						<SP ID="P122_SP00019" HPOS="441" VPOS="413" WIDTH="18"/>
						<String ID="P122_ST00025" HPOS="459" VPOS="374" WIDTH="102" HEIGHT="32" CONTENT="which" WC="0.61" CC="07047"/>
						<SP ID="P122_SP00020" HPOS="561" VPOS="413" WIDTH="23"/>
						<String ID="P122_ST00026" HPOS="584" VPOS="373" WIDTH="121" HEIGHT="31" CONTENT="seemed" WC="0.78" CC="750000"/>
						<SP ID="P122_SP00021" HPOS="705" VPOS="413" WIDTH="21"/>
						<String ID="P122_ST00027" HPOS="726" VPOS="375" WIDTH="31" HEIGHT="28" CONTENT="to" WC="0.50" CC="44"/>
						<SP ID="P122_SP00022" HPOS="757" VPOS="413" WIDTH="20"/>
						<String ID="P122_ST00028" HPOS="777" VPOS="373" WIDTH="137" HEIGHT="29" CONTENT="increase" WC="0.62" CC="37044055"/>
					</TextLine>
					<TextLine ID="P122_TL00007" HPOS="145" VPOS="442" WIDTH="767" HEIGHT="43">
						<String ID="P122_ST00029" HPOS="145" VPOS="447" WIDTH="107" HEIGHT="29" CONTENT="almost" WC="0.84" CC="000053"/>
						<SP ID="P122_SP00023" HPOS="252" VPOS="476" WIDTH="15"/>
						<String ID="P122_ST00030" HPOS="267" VPOS="445" WIDTH="119" HEIGHT="40" CONTENT="hourly," WC="0.75" CC="7070002"/>
						<SP ID="P122_SP00024" HPOS="386" VPOS="485" WIDTH="18"/>
						<String ID="P122_ST00031" HPOS="404" VPOS="455" WIDTH="80" HEIGHT="20" CONTENT="were" WC="0.85" CC="0050"/>
						<SP ID="P122_SP00025" HPOS="484" VPOS="485" WIDTH="21"/>
						<String ID="P122_ST00032" HPOS="505" VPOS="443" WIDTH="140" HEIGHT="31" CONTENT="received" WC="0.87" CC="00300700"/>
						<SP ID="P122_SP00026" HPOS="645" VPOS="485" WIDTH="15"/>
						<String ID="P122_ST00033" HPOS="660" VPOS="442" WIDTH="78" HEIGHT="31" CONTENT="with" WC="0.53" CC="9017"/>
						<SP ID="P122_SP00027" HPOS="738" VPOS="485" WIDTH="13"/>
						<String ID="P122_ST00034" HPOS="751" VPOS="445" WIDTH="103" HEIGHT="37" CONTENT="regret" WC="0.83" CC="300600"/>
						<SP ID="P122_SP00028" HPOS="854" VPOS="485" WIDTH="16"/>
						<String ID="P122_ST00035" HPOS="870" VPOS="442" WIDTH="42" HEIGHT="40" CONTENT="by" WC="0.88" CC="20"/>
					</TextLine>
					<TextLine ID="P122_TL00008" HPOS="143" VPOS="511" WIDTH="767" HEIGHT="44">
						<String ID="P122_ST00036" HPOS="143" VPOS="516" WIDTH="48" HEIGHT="29" CONTENT="his" WC="0.29" CC="766"/>
						<SP ID="P122_SP00029" HPOS="191" VPOS="545" WIDTH="43"/>
						<String ID="P122_ST00037" HPOS="234" VPOS="525" WIDTH="142" HEIGHT="30" CONTENT="pursuers" WC="0.44" CC="07878066"/>
						<String ID="P122_ST00038" HPOS="378" VPOS="533" WIDTH="41" HEIGHT="3" CONTENT="—" WC="0.20" CC="8"/>
						<String ID="P122_ST00039" HPOS="419" VPOS="514" WIDTH="58" HEIGHT="30" CONTENT="but" WC="0.51" CC="860"/>
						<SP ID="P122_SP00030" HPOS="477" VPOS="555" WIDTH="42"/>
						<String ID="P122_ST00040" HPOS="519" VPOS="514" WIDTH="75" HEIGHT="40" CONTENT="they" WC="0.81" CC="0700"/>
						<SP ID="P122_SP00031" HPOS="594" VPOS="555" WIDTH="44"/>
						<String ID="P122_ST00041" HPOS="638" VPOS="522" WIDTH="80" HEIGHT="22" CONTENT="were" WC="0.59" CC="9060"/>
						<SP ID="P122_SP00032" HPOS="718" VPOS="555" WIDTH="43"/>
						<String ID="P122_ST00042" HPOS="761" VPOS="511" WIDTH="149" HEIGHT="31" CONTENT="received." WC="0.90" CC="103020000"/>
					</TextLine>
					<TextLine ID="P122_TL00009" HPOS="143" VPOS="581" WIDTH="769" HEIGHT="44">
						<String ID="P122_ST00043" HPOS="143" VPOS="585" WIDTH="129" HEIGHT="40" CONTENT="Beyond" WC="0.79" CC="600060"/>
						<SP ID="P122_SP00033" HPOS="272" VPOS="625" WIDTH="35"/>
						<String ID="P122_ST00044" HPOS="307" VPOS="583" WIDTH="217" HEIGHT="40" CONTENT="presumption," WC="0.72" CC="040570050073"/>
						<SP ID="P122_SP00034" HPOS="524" VPOS="625" WIDTH="32"/>
						<String ID="P122_ST00045" HPOS="556" VPOS="582" WIDTH="132" HEIGHT="39" CONTENT="nothing" WC="0.56" CC="6027670"/>
						<SP ID="P122_SP00035" HPOS="688" VPOS="625" WIDTH="29"/>
						<String ID="P122_ST00046" HPOS="717" VPOS="581" WIDTH="126" HEIGHT="40" CONTENT="pointed" WC="0.81" CC="0007500"/>
						<SP ID="P122_SP00036" HPOS="843" VPOS="625" WIDTH="38"/>
						<String ID="P122_ST00047" HPOS="881" VPOS="584" WIDTH="31" HEIGHT="26" CONTENT="at" WC="0.83" CC="03"/>
					</TextLine>
					<TextLine ID="P122_TL00010" HPOS="142" VPOS="651" WIDTH="769" HEIGHT="42">
						<String ID="P122_ST00048" HPOS="142" VPOS="655" WIDTH="130" HEIGHT="38" CONTENT="Prosper" WC="0.73" CC="7004006"/>
						<SP ID="P122_SP00037" HPOS="272" VPOS="693" WIDTH="21"/>
						<String ID="P122_ST00049" HPOS="293" VPOS="653" WIDTH="33" HEIGHT="29" CONTENT="in" WC="0.52" CC="27"/>
						<SP ID="P122_SP00038" HPOS="326" VPOS="693" WIDTH="14"/>
						<String ID="P122_ST00050" HPOS="340" VPOS="653" WIDTH="53" HEIGHT="29" CONTENT="the" WC="0.73" CC="070"/>
						<SP ID="P122_SP00039" HPOS="393" VPOS="693" WIDTH="15"/>
						<String ID="P122_ST00051" HPOS="408" VPOS="652" WIDTH="108" HEIGHT="30" CONTENT="details" WC="0.90" CC="0000007"/>
						<SP ID="P122_SP00040" HPOS="516" VPOS="693" WIDTH="16"/>
						<String ID="P122_ST00052" HPOS="532" VPOS="652" WIDTH="33" HEIGHT="30" CONTENT="of" WC="0.70" CC="60"/>
						<SP ID="P122_SP00041" HPOS="565" VPOS="693" WIDTH="18"/>
						<String ID="P122_ST00053" HPOS="583" VPOS="652" WIDTH="53" HEIGHT="30" CONTENT="the" WC="0.75" CC="070"/>
						<SP ID="P122_SP00042" HPOS="636" VPOS="693" WIDTH="16"/>
						<String ID="P122_ST00054" HPOS="652" VPOS="651" WIDTH="101" HEIGHT="39" CONTENT="crime," WC="0.83" CC="060004"/>
						<String ID="P122_ST00055" HPOS="757" VPOS="670" WIDTH="42" HEIGHT="3" CONTENT="—" WC="0.20" CC="8"/>
						<String ID="P122_ST00056" HPOS="801" VPOS="653" WIDTH="110" HEIGHT="37" CONTENT="except" WC="0.88" CC="201003"/>
					</TextLine>
					<TextLine ID="P122_TL00011" HPOS="141" VPOS="721" WIDTH="769" HEIGHT="40">
						<String ID="P122_ST00057" HPOS="141" VPOS="724" WIDTH="67" HEIGHT="30" CONTENT="that" WC="0.61" CC="4703"/>
						<SP ID="P122_SP00043" HPOS="208" VPOS="754" WIDTH="22"/>
						<String ID="P122_ST00058" HPOS="230" VPOS="722" WIDTH="25" HEIGHT="31" CONTENT="it" WC="0.78" CC="22"/>
						<SP ID="P122_SP00044" HPOS="255" VPOS="754" WIDTH="21"/>
						<String ID="P122_ST00059" HPOS="276" VPOS="724" WIDTH="82" HEIGHT="28" CONTENT="must" WC="0.60" CC="0743"/>
						<SP ID="P122_SP00045" HPOS="358" VPOS="754" WIDTH="21"/>
						<String ID="P122_ST00060" HPOS="379" VPOS="722" WIDTH="77" HEIGHT="30" CONTENT="have" WC="0.82" CC="7000"/>
						<SP ID="P122_SP00046" HPOS="456" VPOS="754" WIDTH="22"/>
						<String ID="P122_ST00061" HPOS="478" VPOS="721" WIDTH="77" HEIGHT="30" CONTENT="been" WC="0.64" CC="7006"/>
						<SP ID="P122_SP00047" HPOS="555" VPOS="754" WIDTH="16"/>
						<String ID="P122_ST00062" HPOS="571" VPOS="721" WIDTH="176" HEIGHT="30" CONTENT="committed" WC="0.86" CC="300050300"/>
						<SP ID="P122_SP00048" HPOS="747" VPOS="754" WIDTH="22"/>
						<String ID="P122_ST00063" HPOS="769" VPOS="721" WIDTH="43" HEIGHT="40" CONTENT="by" WC="0.63" CC="70"/>
						<SP ID="P122_SP00049" HPOS="812" VPOS="761" WIDTH="16"/>
						<String ID="P122_ST00064" HPOS="828" VPOS="732" WIDTH="82" HEIGHT="19" CONTENT="some" WC="0.86" CC="5000"/>
					</TextLine>
					<TextLine ID="P122_TL00012" HPOS="143" VPOS="790" WIDTH="767" HEIGHT="41">
						<String ID="P122_ST00065" HPOS="143" VPOS="803" WIDTH="56" HEIGHT="20" CONTENT="one" WC="0.67" CC="360"/>
						<SP ID="P122_SP00050" HPOS="199" VPOS="823" WIDTH="14"/>
						<String ID="P122_ST00066" HPOS="213" VPOS="793" WIDTH="70" HEIGHT="30" CONTENT="who" WC="0.75" CC="070"/>
						<SP ID="P122_SP00051" HPOS="283" VPOS="823" WIDTH="15"/>
						<String ID="P122_ST00067" HPOS="298" VPOS="803" WIDTH="62" HEIGHT="19" CONTENT="was" WC="0.80" CC="006"/>
						<SP ID="P122_SP00052" HPOS="360" VPOS="823" WIDTH="15"/>
						<String ID="P122_ST00068" HPOS="375" VPOS="791" WIDTH="173" HEIGHT="40" CONTENT="intimately" WC="0.89" CC="0700000030"/>
						<SP ID="P122_SP00053" HPOS="548" VPOS="831" WIDTH="15"/>
						<String ID="P122_ST00069" HPOS="563" VPOS="791" WIDTH="183" HEIGHT="40" CONTENT="acquainted" WC="0.76" CC="0006027600"/>
						<SP ID="P122_SP00054" HPOS="746" VPOS="831" WIDTH="15"/>
						<String ID="P122_ST00070" HPOS="761" VPOS="790" WIDTH="78" HEIGHT="31" CONTENT="with" WC="0.67" CC="0057"/>
						<SP ID="P122_SP00055" HPOS="839" VPOS="831" WIDTH="20"/>
						<String ID="P122_ST00071" HPOS="859" VPOS="791" WIDTH="51" HEIGHT="30" CONTENT="old" WC="0.87" CC="120"/>
					</TextLine>
					<TextLine ID="P122_TL00013" HPOS="142" VPOS="860" WIDTH="767" HEIGHT="41">
						<String ID="P122_ST00072" HPOS="142" VPOS="862" WIDTH="154" HEIGHT="30" CONTENT="Prevost's" WC="0.72" CC="750014006"/>
						<SP ID="P122_SP00056" HPOS="296" VPOS="892" WIDTH="22"/>
						<String ID="P122_ST00073" HPOS="318" VPOS="860" WIDTH="110" HEIGHT="39" CONTENT="habits," WC="0.65" CC="5070074"/>
						<SP ID="P122_SP00057" HPOS="428" VPOS="899" WIDTH="26"/>
						<String ID="P122_ST00074" HPOS="454" VPOS="861" WIDTH="59" HEIGHT="30" CONTENT="and" WC="0.76" CC="070"/>
						<SP ID="P122_SP00058" HPOS="513" VPOS="899" WIDTH="20"/>
						<String ID="P122_ST00075" HPOS="533" VPOS="860" WIDTH="77" HEIGHT="32" CONTENT="with" WC="0.81" CC="0007"/>
						<SP ID="P122_SP00059" HPOS="610" VPOS="899" WIDTH="21"/>
						<String ID="P122_ST00076" HPOS="631" VPOS="861" WIDTH="53" HEIGHT="30" CONTENT="the" WC="0.75" CC="070"/>
						<SP ID="P122_SP00060" HPOS="684" VPOS="899" WIDTH="15"/>
						<String ID="P122_ST00077" HPOS="699" VPOS="870" WIDTH="85" HEIGHT="31" CONTENT="ways" WC="0.58" CC="9006"/>
						<SP ID="P122_SP00061" HPOS="784" VPOS="901" WIDTH="24"/>
						<String ID="P122_ST00078" HPOS="808" VPOS="861" WIDTH="34" HEIGHT="30" CONTENT="of" WC="1.00" CC="00"/>
						<SP ID="P122_SP00062" HPOS="842" VPOS="901" WIDTH="18"/>
						<String ID="P122_ST00079" HPOS="860" VPOS="860" WIDTH="49" HEIGHT="31" CONTENT="his" WC="0.44" CC="726"/>
					</TextLine>
					<TextLine ID="P122_TL00014" HPOS="141" VPOS="931" WIDTH="102" HEIGHT="29">
						<String ID="P122_ST00080" HPOS="141" VPOS="931" WIDTH="102" HEIGHT="29" CONTENT="house." WC="0.57" CC="667500"/>
					</TextLine>
				</TextBlock>
				<TextBlock ID="P122_TB00004" HPOS="134" VPOS="998" WIDTH="772" HEIGHT="458" STYLEREFS="TXT_1 PAR_LEFT">
					<TextLine ID="P122_TL00015" HPOS="184" VPOS="998" WIDTH="722" HEIGHT="32">
						<String ID="P122_ST00081" HPOS="184" VPOS="1000" WIDTH="64" HEIGHT="29" CONTENT="The" WC="0.75" CC="070"/>
						<SP ID="P122_SP00063" HPOS="248" VPOS="1029" WIDTH="21"/>
						<String ID="P122_ST00082" HPOS="269" VPOS="999" WIDTH="88" HEIGHT="31" CONTENT="mode" WC="0.86" CC="0050"/>
						<SP ID="P122_SP00064" HPOS="357" VPOS="1030" WIDTH="16"/>
						<String ID="P122_ST00083" HPOS="373" VPOS="999" WIDTH="33" HEIGHT="31" CONTENT="of" WC="0.67" CC="60"/>
						<SP ID="P122_SP00065" HPOS="406" VPOS="1030" WIDTH="19"/>
						<String ID="P122_ST00084" HPOS="425" VPOS="999" WIDTH="53" HEIGHT="30" CONTENT="the" WC="0.75" CC="070"/>
						<SP ID="P122_SP00066" HPOS="478" VPOS="1030" WIDTH="22"/>
						<String ID="P122_ST00085" HPOS="500" VPOS="998" WIDTH="216" HEIGHT="31" CONTENT="assassination" WC="0.62" CC="0660661700707"/>
						<SP ID="P122_SP00067" HPOS="716" VPOS="1030" WIDTH="14"/>
						<String ID="P122_ST00086" HPOS="730" VPOS="1009" WIDTH="63" HEIGHT="21" CONTENT="was" WC="0.61" CC="047"/>
						<SP ID="P122_SP00068" HPOS="793" VPOS="1030" WIDTH="22"/>
						<String ID="P122_ST00087" HPOS="815" VPOS="1000" WIDTH="91" HEIGHT="30" CONTENT="toler" SUBS_TYPE="HypPart1" SUBS_CONTENT="tolerably" WC="0.88" CC="003030"/>
						<HYP CONTENT="-"/>
					</TextLine>
					<TextLine ID="P122_TL00016" HPOS="141" VPOS="1068" WIDTH="765" HEIGHT="40">
						<String ID="P122_ST00088" HPOS="141" VPOS="1069" WIDTH="71" HEIGHT="39" CONTENT="ably" SUBS_TYPE="HypPart2" SUBS_CONTENT="tolerably" WC="0.80" CC="0700"/>
						<SP ID="P122_SP00069" HPOS="212" VPOS="1108" WIDTH="29"/>
						<String ID="P122_ST00089" HPOS="241" VPOS="1069" WIDTH="88" HEIGHT="29" CONTENT="clear." WC="0.84" CC="500040"/>
						<SP ID="P122_SP00070" HPOS="329" VPOS="1108" WIDTH="50"/>
						<String ID="P122_ST00090" HPOS="379" VPOS="1068" WIDTH="64" HEIGHT="29" CONTENT="The" WC="0.82" CC="050"/>
						<SP ID="P122_SP00071" HPOS="443" VPOS="1108" WIDTH="30"/>
						<String ID="P122_ST00091" HPOS="473" VPOS="1068" WIDTH="106" HEIGHT="30" CONTENT="victim" WC="0.88" CC="042000"/>
						<SP ID="P122_SP00072" HPOS="579" VPOS="1108" WIDTH="30"/>
						<String ID="P122_ST00092" HPOS="609" VPOS="1070" WIDTH="84" HEIGHT="28" CONTENT="must" WC="0.65" CC="0670"/>
						<SP ID="P122_SP00073" HPOS="693" VPOS="1108" WIDTH="28"/>
						<String ID="P122_ST00093" HPOS="721" VPOS="1069" WIDTH="79" HEIGHT="30" CONTENT="have" WC="0.56" CC="7090"/>
						<SP ID="P122_SP00074" HPOS="800" VPOS="1108" WIDTH="29"/>
						<String ID="P122_ST00094" HPOS="829" VPOS="1069" WIDTH="77" HEIGHT="31" CONTENT="been" WC="0.65" CC="7006"/>
					</TextLine>
					<TextLine ID="P122_TL00017" HPOS="138" VPOS="1137" WIDTH="768" HEIGHT="40">
						<String ID="P122_ST00095" HPOS="138" VPOS="1137" WIDTH="142" HEIGHT="40" CONTENT="standing" WC="0.71" CC="70060170"/>
						<SP ID="P122_SP00075" HPOS="280" VPOS="1177" WIDTH="22"/>
						<String ID="P122_ST00096" HPOS="302" VPOS="1137" WIDTH="33" HEIGHT="30" CONTENT="in" WC="0.42" CC="47"/>
						<SP ID="P122_SP00076" HPOS="335" VPOS="1177" WIDTH="22"/>
						<String ID="P122_ST00097" HPOS="357" VPOS="1137" WIDTH="83" HEIGHT="31" CONTENT="front" WC="0.61" CC="05670"/>
						<SP ID="P122_SP00077" HPOS="440" VPOS="1177" WIDTH="16"/>
						<String ID="P122_ST00098" HPOS="456" VPOS="1137" WIDTH="33" HEIGHT="31" CONTENT="of" WC="1.00" CC="00"/>
						<SP ID="P122_SP00078" HPOS="489" VPOS="1177" WIDTH="18"/>
						<String ID="P122_ST00099" HPOS="507" VPOS="1137" WIDTH="48" HEIGHT="31" CONTENT="his" WC="0.34" CC="756"/>
						<SP ID="P122_SP00079" HPOS="555" VPOS="1177" WIDTH="17"/>
						<String ID="P122_ST00100" HPOS="572" VPOS="1138" WIDTH="62" HEIGHT="30" CONTENT="safe" WC="0.79" CC="7010"/>
						<SP ID="P122_SP00080" HPOS="634" VPOS="1177" WIDTH="15"/>
						<String ID="P122_ST00101" HPOS="649" VPOS="1138" WIDTH="92" HEIGHT="30" CONTENT="when" WC="0.63" CC="0707"/>
						<SP ID="P122_SP00081" HPOS="741" VPOS="1177" WIDTH="14"/>
						<String ID="P122_ST00102" HPOS="755" VPOS="1138" WIDTH="54" HEIGHT="30" CONTENT="the" WC="0.72" CC="070"/>
						<SP ID="P122_SP00082" HPOS="809" VPOS="1177" WIDTH="15"/>
						<String ID="P122_ST00103" HPOS="824" VPOS="1138" WIDTH="82" HEIGHT="32" CONTENT="blow" WC="0.45" CC="7409"/>
					</TextLine>
					<TextLine ID="P122_TL00018" HPOS="136" VPOS="1206" WIDTH="767" HEIGHT="40">
						<String ID="P122_ST00104" HPOS="136" VPOS="1217" WIDTH="61" HEIGHT="20" CONTENT="was" WC="0.80" CC="005"/>
						<SP ID="P122_SP00083" HPOS="197" VPOS="1237" WIDTH="16"/>
						<String ID="P122_ST00105" HPOS="213" VPOS="1207" WIDTH="89" HEIGHT="29" CONTENT="dealt." WC="0.94" CC="000030"/>
						<SP ID="P122_SP00084" HPOS="302" VPOS="1237" WIDTH="32"/>
						<String ID="P122_ST00106" HPOS="334" VPOS="1206" WIDTH="64" HEIGHT="30" CONTENT="The" WC="0.75" CC="070"/>
						<SP ID="P122_SP00085" HPOS="398" VPOS="1237" WIDTH="14"/>
						<String ID="P122_ST00107" HPOS="412" VPOS="1207" WIDTH="82" HEIGHT="30" CONTENT="blow" WC="0.81" CC="7000"/>
						<SP ID="P122_SP00086" HPOS="494" VPOS="1237" WIDTH="15"/>
						<String ID="P122_ST00108" HPOS="509" VPOS="1218" WIDTH="62" HEIGHT="19" CONTENT="was" WC="0.48" CC="905"/>
						<SP ID="P122_SP00087" HPOS="571" VPOS="1237" WIDTH="17"/>
						<String ID="P122_ST00109" HPOS="588" VPOS="1207" WIDTH="82" HEIGHT="30" CONTENT="dealt" WC="0.80" CC="00702"/>
						<SP ID="P122_SP00088" HPOS="670" VPOS="1237" WIDTH="14"/>
						<String ID="P122_ST00110" HPOS="684" VPOS="1207" WIDTH="80" HEIGHT="31" CONTENT="from" WC="0.71" CC="0460"/>
						<SP ID="P122_SP00089" HPOS="764" VPOS="1238" WIDTH="14"/>
						<String ID="P122_ST00111" HPOS="778" VPOS="1207" WIDTH="125" HEIGHT="39" CONTENT="behind," WC="0.61" CC="7074700"/>
					</TextLine>
					<TextLine ID="P122_TL00019" HPOS="136" VPOS="1275" WIDTH="768" HEIGHT="42">
						<String ID="P122_ST00112" HPOS="136" VPOS="1276" WIDTH="60" HEIGHT="30" CONTENT="and" WC="0.76" CC="070"/>
						<SP ID="P122_SP00090" HPOS="196" VPOS="1306" WIDTH="24"/>
						<String ID="P122_ST00113" HPOS="220" VPOS="1275" WIDTH="77" HEIGHT="31" CONTENT="with" WC="0.76" CC="0207"/>
						<SP ID="P122_SP00091" HPOS="297" VPOS="1306" WIDTH="30"/>
						<String ID="P122_ST00114" HPOS="327" VPOS="1275" WIDTH="233" HEIGHT="42" CONTENT="extraordinary" WC="0.70" CC="0972004006050"/>
						<SP ID="P122_SP00092" HPOS="560" VPOS="1317" WIDTH="28"/>
						<String ID="P122_ST00115" HPOS="588" VPOS="1276" WIDTH="136" HEIGHT="30" CONTENT="coolness" WC="0.68" CC="03007077"/>
						<SP ID="P122_SP00093" HPOS="724" VPOS="1317" WIDTH="26"/>
						<String ID="P122_ST00116" HPOS="750" VPOS="1278" WIDTH="61" HEIGHT="29" CONTENT="and" WC="0.65" CC="270"/>
						<SP ID="P122_SP00094" HPOS="811" VPOS="1317" WIDTH="31"/>
						<String ID="P122_ST00117" HPOS="842" VPOS="1289" WIDTH="62" HEIGHT="19" CONTENT="cer" SUBS_TYPE="HypPart1" SUBS_CONTENT="certainty" WC="0.84" CC="0050"/>
						<HYP CONTENT="-"/>
					</TextLine>
					<TextLine ID="P122_TL00020" HPOS="135" VPOS="1345" WIDTH="770" HEIGHT="41">
						<String ID="P122_ST00118" HPOS="135" VPOS="1345" WIDTH="100" HEIGHT="41" CONTENT="tainty" SUBS_TYPE="HypPart2" SUBS_CONTENT="certainty" WC="0.72" CC="201750"/>
						<SP ID="P122_SP00095" HPOS="235" VPOS="1386" WIDTH="16"/>
						<String ID="P122_ST00119" HPOS="251" VPOS="1345" WIDTH="59" HEIGHT="30" CONTENT="and" WC="0.76" CC="070"/>
						<SP ID="P122_SP00096" HPOS="310" VPOS="1386" WIDTH="15"/>
						<String ID="P122_ST00120" HPOS="325" VPOS="1345" WIDTH="89" HEIGHT="31" CONTENT="force." WC="0.86" CC="025000"/>
						<SP ID="P122_SP00097" HPOS="414" VPOS="1386" WIDTH="48"/>
						<String ID="P122_ST00121" HPOS="462" VPOS="1345" WIDTH="44" HEIGHT="32" CONTENT="Of" WC="0.85" CC="20"/>
						<SP ID="P122_SP00098" HPOS="506" VPOS="1386" WIDTH="11"/>
						<String ID="P122_ST00122" HPOS="517" VPOS="1346" WIDTH="53" HEIGHT="31" CONTENT="the" WC="0.75" CC="070"/>
						<SP ID="P122_SP00099" HPOS="570" VPOS="1386" WIDTH="15"/>
						<String ID="P122_ST00123" HPOS="585" VPOS="1347" WIDTH="87" HEIGHT="30" CONTENT="three" WC="0.70" CC="07700"/>
						<SP ID="P122_SP00100" HPOS="672" VPOS="1386" WIDTH="16"/>
						<String ID="P122_ST00124" HPOS="688" VPOS="1347" WIDTH="131" HEIGHT="31" CONTENT="medical" WC="0.90" CC="0006000"/>
						<SP ID="P122_SP00101" HPOS="819" VPOS="1386" WIDTH="15"/>
						<String ID="P122_ST00125" HPOS="834" VPOS="1359" WIDTH="71" HEIGHT="19" CONTENT="men" WC="0.75" CC="006"/>
					</TextLine>
					<TextLine ID="P122_TL00021" HPOS="135" VPOS="1415" WIDTH="769" HEIGHT="41">
						<String ID="P122_ST00126" HPOS="135" VPOS="1415" WIDTH="68" HEIGHT="29" CONTENT="who" WC="0.32" CC="972"/>
						<SP ID="P122_SP00102" HPOS="203" VPOS="1444" WIDTH="20"/>
						<String ID="P122_ST00127" HPOS="223" VPOS="1425" WIDTH="79" HEIGHT="20" CONTENT="were" WC="0.63" CC="9040"/>
						<SP ID="P122_SP00103" HPOS="302" VPOS="1445" WIDTH="23"/>
						<String ID="P122_ST00128" HPOS="325" VPOS="1415" WIDTH="97" HEIGHT="30" CONTENT="called" WC="1.00" CC="000000"/>
						<SP ID="P122_SP00104" HPOS="422" VPOS="1445" WIDTH="21"/>
						<String ID="P122_ST00129" HPOS="443" VPOS="1415" WIDTH="33" HEIGHT="30" CONTENT="in" WC="0.50" CC="36"/>
						<SP ID="P122_SP00105" HPOS="476" VPOS="1445" WIDTH="21"/>
						<String ID="P122_ST00130" HPOS="497" VPOS="1418" WIDTH="32" HEIGHT="28" CONTENT="to" WC="1.00" CC="00"/>
						<SP ID="P122_SP00106" HPOS="529" VPOS="1446" WIDTH="23"/>
						<String ID="P122_ST00131" HPOS="552" VPOS="1416" WIDTH="75" HEIGHT="30" CONTENT="visit" WC="0.86" CC="00600"/>
						<SP ID="P122_SP00107" HPOS="627" VPOS="1446" WIDTH="21"/>
						<String ID="P122_ST00132" HPOS="648" VPOS="1417" WIDTH="53" HEIGHT="30" CONTENT="the" WC="0.75" CC="070"/>
						<SP ID="P122_SP00108" HPOS="701" VPOS="1447" WIDTH="24"/>
						<String ID="P122_ST00133" HPOS="725" VPOS="1428" WIDTH="112" HEIGHT="28" CONTENT="corpse," WC="0.77" CC="0050603"/>
						<SP ID="P122_SP00109" HPOS="837" VPOS="1456" WIDTH="26"/>
						<String ID="P122_ST00134" HPOS="863" VPOS="1418" WIDTH="41" HEIGHT="30" CONTENT="all" WC="1.00" CC="000"/>
					</TextLine>
				</TextBlock>
			</PrintSpace>
		</Page>
	</Layout>
</alto>
