1019 1638
187 88 32 25 18

438 96 59 19 ALL
518 94 57 21 for
595 93 109 22 greed.

186 181 199 41 Wednesday
415 182 33 30 of
474 182 54 29 the
556 180 226 40 quatre-temps
820 175 38 30 de
889 172 73 41 Sep-

186 251 127 30 tembre.
376 251 68 30 I've
477 249 166 32 wondered
677 249 32 28 to
745 243 116 43 myself
894 253 70 20 ever

187 320 83 30 since
293 321 76 29 then
392 320 84 30 what
500 318 26 30 it
551 317 28 30 is
602 317 77 39 they
697 315 64 30 live
784 323 85 31 upon
883 322 6 30 ;
917 312 47 31 for

189 389 52 30 the
265 389 85 31 wind
379 389 68 30 that
476 387 107 39 blows,
606 387 144 29 however
779 383 131 41 healthy
939 382 25 31 it

187 468 72 30 may
273 459 47 38 be,
338 459 96 31 won't
448 458 79 39 keep
550 457 84 40 body
650 455 61 31 and
734 453 68 32 soul
822 453 142 41 together

188 527 33 29 in
236 527 87 30 three
339 538 164 28 grown-up

265 596 77 31 Live
512 596 172 30 exclaimed
693 595 110 30 almost
819 594 142 41 savagely

188 664 153 31 Madelon.
535 676 84 29 upon
645 664 82 31 their
754 674 68 21 own
851 663 110 41 impor-

188 738 89 26 tance
292 735 6 29 !

319 805 39 29 be
505 805 162 30 remarked
690 806 54 30 the
765 805 195 40 concdiatory

189 884 57 20 one
263 874 34 30 of
316 874 53 31 the
380 885 107 30 group,
535 875 76 41 they
627 876 37 30 do
680 875 120 31 believe
816 875 33 31 in
864 876 96 30 them-

190 944 98 29 selves
302 944 6 29 !

400 1016 155 29 muttered
593 1016 144 31 Madame
775 1016 87 39 Jean,
932 1019 29 28 to

189 1080 89 30 make
319 1093 42 28 up
391 1083 48 30 for
468 1084 124 42 nobody
624 1086 89 30 else's
739 1087 162 40 -believing
930 1087 31 30 in

548 1226 99 30 added
682 1226 156 40 Madelon,
864 1227 99 31 "let's

189 1298 49 21 see
256 1289 84 31 what
371 1291 120 32 Celeste
521 1294 55 31 has
607 1298 54 38 got
690 1296 34 30 in
753 1298 54 30 the
833 1309 71 30 way
934 1300 29 28 of

190 1358 78 30 flesh
295 1359 46 30 for
371 1361 86 31 these
488 1365 158 40 grandees,
672 1366 47 31 for
749 1367 52 30 it's
831 1371 55 28 not
911 1369 52 30 the

187 1431 223 39 quatre-temps
435 1432 37 31 de
499 1433 179 41 Septembre
702 1447 79 29 now,
803 1440 62 29 and
888 1439 75 40 they
