1019 1638
160 113 51 25 158

411 120 55 19 ALL
487 120 56 19 FOR
563 118 106 21 GREED.

161 206 113 30 shaken
308 217 56 28 me,
398 206 89 30 could
516 204 72 40 give
617 214 48 19 me
702 203 74 29 such
806 202 120 30 intense

162 275 71 40 pain
245 286 7 29 ;
289 275 57 30 but
375 275 119 38 indeed,
527 272 159 31 Monsieur
715 272 28 30 le
773 271 151 39 Vicomte,

159 357 77 29 your
251 347 162 28 statement
433 344 103 30 makes
551 353 48 20 me
621 341 160 31 miserable
803 341 123 41 beyond

158 415 106 31 words.
310 415 47 29 Do
379 424 62 30 you
463 412 121 40 require
599 422 49 20 me
670 414 32 27 to
719 421 54 31 say
788 411 69 30 that
871 421 53 31 my

159 484 141 30 devotion
315 486 31 27 to
369 494 77 30 your
461 482 107 41 famdy
583 481 27 31 is
625 481 132 31 without
779 481 120 30 bounds
912 481 14 30 ?

159 552 135 31 Obscure
323 563 33 20 as
386 553 16 29 I
433 563 56 27 am,
523 551 16 30 I
570 562 70 30 may
670 551 38 30 be
735 551 129 30 allowed
893 553 31 28 to

160 632 123 29 express
312 632 52 29 my
390 621 164 40 gratitude.
599 620 88 30 Your
716 619 148 31 kindness
893 623 31 27 to

158 701 48 19 me
221 690 81 31 since
323 701 53 30 my
391 689 179 31 misfortune
589 689 55 30 has
666 689 88 30 made
775 700 49 19 me
846 700 78 30 your

159 761 90 30 slave.
295 761 16 28 I
334 761 102 30 would
459 760 70 40 give
551 770 53 30 my
626 759 53 29 life
701 762 33 27 to
754 769 87 20 serve
864 770 60 30 any

159 829 33 30 of
363 829 64 30 The
456 828 140 31 Vicomte
631 828 111 30 looked
775 828 149 41 benignly

158 910 82 28 upon
267 899 49 30 his
345 899 132 39 inferior,
510 899 60 29 and
604 899 121 29 seemed
759 900 31 27 to
820 901 105 37 accept

157 967 48 30 his
245 967 133 31 sacrifice
414 967 77 31 with
531 967 193 40 indulgence.
822 967 74 39 But,

158 1037 164 30 continued
347 1037 134 30 Richard
505 1037 139 39 Prevost,
760 1037 26 30 is
814 1040 54 27 out
895 1037 32 30 of

157 1118 51 28 my
223 1118 102 28 power
339 1109 32 28 to
387 1108 37 28 do

328 1179 52 27 out
396 1176 33 30 of
448 1187 78 30 your
720 1177 137 30 retorted
871 1177 53 30 the

157 1245 148 39 Vicomte,
334 1245 146 40 forgetful
507 1245 33 30 of
567 1245 186 40 everything
779 1256 71 20 save
876 1246 48 30 his

157 1325 67 21 own
250 1315 100 30 needs.
430 1314 109 42 Surely
565 1325 62 31 you
654 1326 56 20 can
738 1315 79 41 keep
847 1327 76 30 your

157 1385 114 29 uncle's

232 1453 135 41 Perhaps
396 1456 31 28 at
457 1464 81 20 some
568 1454 77 30 later
808 1455 113 39 replied
