1019 1638
286 82 64 19 THE
369 82 159 20 MARRIAGE
548 82 139 20 PORTION.

833 76 34 26 29

102 166 44 41 by
167 167 76 31 both
264 167 159 32 Monsieur
446 168 130 31 Prevost
596 169 60 30 and
675 169 121 39 herself,
813 170 56 29 but

103 238 67 30 that
185 238 39 29 he
241 238 110 30 should
365 238 100 30 retain
481 238 48 30 his
546 238 84 31 office
654 238 33 30 of
705 238 162 39 bucheron,

103 308 61 29 and
188 308 54 29 the
268 308 96 30 abode
394 308 25 30 it
449 309 125 29 secured
603 312 31 26 to
663 308 64 29 him
757 308 32 29 in
818 309 51 29 the

103 377 103 39 forest,
233 388 40 20 on
299 377 155 31 condition
481 378 33 30 of
544 378 79 40 good
645 378 168 31 behaviour
838 378 31 30 in

103 447 113 27 future.

146 515 107 32 While
280 515 62 31 this
369 515 170 31 discussion
553 526 63 21 was
634 516 93 40 going
754 526 39 20 on
815 527 55 29 up-

104 585 99 39 stairs,
230 585 127 29 another
393 584 81 30 little
507 595 97 28 scene,
633 585 33 29 in
699 585 172 29 immediate

106 654 179 31 connection
310 654 78 31 with
413 654 33 38 it,
473 664 62 21 was
561 654 94 39 being
683 654 125 30 enacted
834 664 38 20 on

105 724 53 29 the
182 723 218 40 ground-floor.
461 722 63 29 The
542 722 131 31 window
699 723 33 29 of
759 733 17 19 a
790 733 82 19 room

106 796 32 27 at
163 792 53 30 the
240 791 78 31 back
347 791 34 30 of
413 791 54 30 the
495 791 104 38 house,
620 790 125 41 looking
768 801 72 21 over
855 801 17 20 a

104 862 100 39 paved
219 863 95 36 court,
332 861 60 29 and
407 860 121 40 beyond
543 860 68 30 that
625 862 31 28 to
678 860 54 30 the
747 861 122 39 garden,

104 940 63 21 was
183 940 86 29 open,
282 929 60 29 and
357 928 104 30 seated
476 931 30 27 at
522 928 25 30 it
561 939 62 20 was
638 939 18 19 a
671 939 105 29 young
791 939 79 28 man,

103 999 34 30 in
166 1009 19 19 a
208 997 207 40 well-padded
445 996 171 39 arm-chair,
637 996 146 41 listlessly
813 998 59 29 ancl

103 1069 92 41 lazdy
221 1068 142 40 smoking
400 1078 17 19 a
454 1067 91 40 cigar.
591 1067 31 30 A
659 1067 123 32 shadow
818 1068 54 30 fell

103 1149 99 20 across
217 1138 74 39 him,
308 1137 155 41 projected
478 1137 43 40 by
535 1137 54 29 the
604 1136 98 40 figure
718 1137 33 29 of
770 1147 18 19 a
801 1147 71 19 man

102 1209 69 30 who
197 1208 110 40 passed
329 1207 33 30 in
385 1207 82 30 front
492 1206 34 31 of
557 1206 54 31 the
633 1217 78 29 open
729 1206 139 38 window,

103 1278 61 30 and
178 1277 133 31 touched
325 1276 49 30 his
390 1287 54 27 cap
460 1286 33 20 as
506 1276 39 29 he
562 1276 53 29 did
630 1286 41 20 so.

180 1346 88 30 Good
283 1347 68 39 day,
543 1344 65 31 said
622 1345 52 30 the
684 1354 105 31 young
804 1354 68 19 man

103 1418 33 28 in
153 1427 38 19 an
207 1416 138 30 indolent
359 1418 71 28 tone
447 1414 33 31 of
499 1414 94 31 voice.
