<?xml version="1.0" encoding="UTF-8"?>
<alto xmlns:xsi="http://www.w3.org/2001/XMLSchema-instance" xsi:noNamespaceSchemaLocation="http://www.bl.uk/schemas/alto/alto-1-4.xsd" xmlns:xlink="http://www.w3.org/1999/xlink">
	<Description>
		<MeasurementUnit>mm10</MeasurementUnit>
		<sourceImageInformation>
			<fileName>//head1/IN/2007-46/A0010904365.1/000280.jp2</fileName>
		</sourceImageInformation>
		<OCRProcessing ID="OCRPROCESSING_1">
			<preProcessingStep>
				<processingSoftware>
					<softwareCreator>CCS Content Conversion Specialists GmbH, Germany</softwareCreator>
					<softwareName>CCS docWORKS</softwareName>
					<softwareVersion>6.1-0.62</softwareVersion>
				</processingSoftware>
			</preProcessingStep>
			<ocrProcessingStep>
				<processingSoftware>
					<softwareCreator>ABBYY (BIT Software), Russia</softwareCreator>
					<softwareName>Finereader</softwareName>
				</processingSoftware>
			</ocrProcessingStep>
		</OCRProcessing>
	</Description>
	<Styles>
		<TextStyle ID="TXT_0" FONTSIZE="11" FONTFAMILY="Courier New"/>
		<TextStyle ID="TXT_1" FONTSIZE="9" FONTFAMILY="Courier New"/>
		<ParagraphStyle ID="PAR_LEFT" ALIGN="Left"/>
		<ParagraphStyle ID="PAR_CENTER" ALIGN="Center"/>
	</Styles>
	<Layout>
		<Page ID="P264" PHYSICAL_IMG_NR="264" HEIGHT="1638" WIDTH="1019" PRINTED_IMG_NR="246" POSITION="Left" ACCURACY="70.74">
			<TopMargin ID="P264_TM00001" HPOS="0" VPOS="0" WIDTH="1019" HEIGHT="120">
				<TextBlock ID="P264_TB00001" HPOS="142" VPOS="92" WIDTH="51" HEIGHT="23" STYLEREFS="TXT_0 PAR_LEFT">
					<TextLine ID="P264_TL00001" HPOS="142" VPOS="92" WIDTH="51" HEIGHT="23">
						<String ID="P264_ST00001" HPOS="142" VPOS="92" WIDTH="51" HEIGHT="23" CONTENT="246" WC="1.00" CC="000"/>
					</TextLine>
				</TextBlock>
				<TextBlock ID="P264_TB00002" HPOS="391" VPOS="97" WIDTH="261" HEIGHT="23" STYLEREFS="TXT_1 PAR_CENTER">
					<TextLine ID="P264_TL00002" HPOS="391" VPOS="98" WIDTH="261" HEIGHT="22">
						<String ID="P264_ST00002" HPOS="391" VPOS="100" WIDTH="58" HEIGHT="20" CONTENT="ALL" WC="0.49" CC="365"/>
						<SP ID="P264_SP00001" HPOS="449" VPOS="120" WIDTH="20"/>
						<String ID="P264_ST00003" HPOS="469" VPOS="99" WIDTH="58" HEIGHT="21" CONTENT="FOR" WC="0.54" CC="607"/>
						<SP ID="P264_SP00002" HPOS="527" VPOS="120" WIDTH="19"/>
						<String ID="P264_ST00004" HPOS="546" VPOS="98" WIDTH="106" HEIGHT="22" CONTENT="GREED." WC="0.57" CC="673450"/>
					</TextLine>
				</TextBlock>
			</TopMargin>
			<LeftMargin ID="P264_LM00001" HPOS="0" VPOS="117" WIDTH="141" HEIGHT="1362"/>
			<RightMargin ID="P264_RM00001" HPOS="914" VPOS="117" WIDTH="105" HEIGHT="1362"/>
			<BottomMargin ID="P264_BM00001" HPOS="0" VPOS="1479" WIDTH="1019" HEIGHT="159"/>
			<PrintSpace ID="P264_PS00001" HPOS="141" VPOS="117" WIDTH="773" HEIGHT="1362">
				<TextBlock ID="P264_TB00003" HPOS="142" VPOS="180" WIDTH="765" HEIGHT="250" STYLEREFS="TXT_1 PAR_LEFT">
					<TextLine ID="P264_TL00003" HPOS="143" VPOS="182" WIDTH="764" HEIGHT="44">
						<String ID="P264_ST00005" HPOS="143" VPOS="188" WIDTH="29" HEIGHT="27" CONTENT="to" WC="0.64" CC="70"/>
						<SP ID="P264_SP00003" HPOS="172" VPOS="215" WIDTH="18"/>
						<String ID="P264_ST00006" HPOS="190" VPOS="186" WIDTH="38" HEIGHT="29" CONTENT="be" WC="0.54" CC="71"/>
						<SP ID="P264_SP00004" HPOS="228" VPOS="215" WIDTH="14"/>
						<String ID="P264_ST00007" HPOS="242" VPOS="186" WIDTH="97" HEIGHT="40" CONTENT="pitied" WC="0.84" CC="021500"/>
						<SP ID="P264_SP00005" HPOS="339" VPOS="226" WIDTH="11"/>
						<String ID="P264_ST00008" HPOS="350" VPOS="188" WIDTH="16" HEIGHT="14" CONTENT='"' WC="0.60" CC="3"/>
						<String ID="P264_ST00009" HPOS="370" VPOS="205" WIDTH="42" HEIGHT="3" CONTENT="—" WC="0.20" CC="8"/>
						<String ID="P264_ST00010" HPOS="413" VPOS="185" WIDTH="199" HEIGHT="39" CONTENT="insinuating," WC="0.54" CC="076578054702"/>
						<SP ID="P264_SP00006" HPOS="612" VPOS="226" WIDTH="19"/>
						<String ID="P264_ST00011" HPOS="631" VPOS="194" WIDTH="32" HEIGHT="19" CONTENT="as" WC="0.78" CC="04"/>
						<SP ID="P264_SP00007" HPOS="663" VPOS="226" WIDTH="23"/>
						<String ID="P264_ST00012" HPOS="686" VPOS="182" WIDTH="26" HEIGHT="31" CONTENT="it" WC="0.92" CC="01"/>
						<SP ID="P264_SP00008" HPOS="712" VPOS="226" WIDTH="22"/>
						<String ID="P264_ST00013" HPOS="734" VPOS="192" WIDTH="88" HEIGHT="28" CONTENT="were," WC="0.72" CC="00633"/>
						<SP ID="P264_SP00009" HPOS="822" VPOS="226" WIDTH="18"/>
						<String ID="P264_ST00014" HPOS="840" VPOS="182" WIDTH="67" HEIGHT="29" CONTENT="that" WC="0.82" CC="0700"/>
					</TextLine>
					<TextLine ID="P264_TL00004" HPOS="143" VPOS="252" WIDTH="764" HEIGHT="41">
						<String ID="P264_ST00015" HPOS="143" VPOS="255" WIDTH="226" HEIGHT="31" CONTENT="Mademoiselle" WC="0.93" CC="000000160000"/>
						<SP ID="P264_SP00010" HPOS="369" VPOS="286" WIDTH="12"/>
						<String ID="P264_ST00016" HPOS="381" VPOS="255" WIDTH="122" HEIGHT="38" CONTENT="Felicie," WC="0.77" CC="70410004"/>
						<String ID="P264_ST00017" HPOS="507" VPOS="273" WIDTH="43" HEIGHT="3" CONTENT="—" WC="0.20" CC="8"/>
						<String ID="P264_ST00018" HPOS="550" VPOS="254" WIDTH="116" HEIGHT="39" CONTENT="having" WC="0.67" CC="703070"/>
						<SP ID="P264_SP00011" HPOS="666" VPOS="293" WIDTH="15"/>
						<String ID="P264_ST00019" HPOS="681" VPOS="253" WIDTH="79" HEIGHT="30" CONTENT="been" WC="0.56" CC="7027"/>
						<SP ID="P264_SP00012" HPOS="760" VPOS="293" WIDTH="11"/>
						<String ID="P264_ST00020" HPOS="771" VPOS="252" WIDTH="94" HEIGHT="30" CONTENT="faUen" WC="0.73" CC="00705"/>
						<SP ID="P264_SP00013" HPOS="865" VPOS="293" WIDTH="12"/>
						<String ID="P264_ST00021" HPOS="877" VPOS="252" WIDTH="30" HEIGHT="30" CONTENT="in" WC="0.63" CC="07"/>
					</TextLine>
					<TextLine ID="P264_TL00005" HPOS="143" VPOS="321" WIDTH="762" HEIGHT="43">
						<String ID="P264_ST00022" HPOS="143" VPOS="324" WIDTH="66" HEIGHT="30" CONTENT="love" WC="0.81" CC="4300"/>
						<SP ID="P264_SP00014" HPOS="209" VPOS="354" WIDTH="10"/>
						<String ID="P264_ST00023" HPOS="219" VPOS="324" WIDTH="84" HEIGHT="40" CONTENT="with," WC="0.71" CC="04072"/>
						<SP ID="P264_SP00015" HPOS="303" VPOS="364" WIDTH="9"/>
						<String ID="P264_ST00024" HPOS="312" VPOS="324" WIDTH="191" HEIGHT="40" CONTENT="unprovided" WC="0.71" CC="5605001900"/>
						<SP ID="P264_SP00016" HPOS="503" VPOS="364" WIDTH="10"/>
						<String ID="P264_ST00025" HPOS="513" VPOS="334" WIDTH="32" HEIGHT="19" CONTENT="as" WC="0.65" CC="06"/>
						<SP ID="P264_SP00017" HPOS="545" VPOS="364" WIDTH="10"/>
						<String ID="P264_ST00026" HPOS="555" VPOS="323" WIDTH="54" HEIGHT="30" CONTENT="she" WC="0.52" CC="670"/>
						<SP ID="P264_SP00018" HPOS="609" VPOS="364" WIDTH="9"/>
						<String ID="P264_ST00027" HPOS="618" VPOS="333" WIDTH="63" HEIGHT="20" CONTENT="was" WC="0.48" CC="905"/>
						<SP ID="P264_SP00019" HPOS="681" VPOS="364" WIDTH="9"/>
						<String ID="P264_ST00028" HPOS="690" VPOS="321" WIDTH="77" HEIGHT="32" CONTENT="with" WC="0.50" CC="9207"/>
						<SP ID="P264_SP00020" HPOS="767" VPOS="364" WIDTH="11"/>
						<String ID="P264_ST00029" HPOS="778" VPOS="332" WIDTH="61" HEIGHT="30" CONTENT="any" WC="0.75" CC="070"/>
						<SP ID="P264_SP00021" HPOS="839" VPOS="364" WIDTH="5"/>
						<String ID="P264_ST00030" HPOS="844" VPOS="322" WIDTH="61" HEIGHT="37" CONTENT="dot," WC="0.94" CC="0002"/>
					</TextLine>
					<TextLine ID="P264_TL00006" HPOS="143" VPOS="392" WIDTH="713" HEIGHT="38">
						<String ID="P264_ST00031" HPOS="143" VPOS="412" WIDTH="41" HEIGHT="2" CONTENT="—" WC="0.20" CC="8"/>
						<String ID="P264_ST00032" HPOS="186" VPOS="394" WIDTH="89" HEIGHT="30" CONTENT="could" WC="0.88" CC="00500"/>
						<SP ID="P264_SP00022" HPOS="275" VPOS="424" WIDTH="15"/>
						<String ID="P264_ST00033" HPOS="290" VPOS="397" WIDTH="54" HEIGHT="27" CONTENT="not" WC="0.74" CC="601"/>
						<SP ID="P264_SP00023" HPOS="344" VPOS="424" WIDTH="14"/>
						<String ID="P264_ST00034" HPOS="358" VPOS="394" WIDTH="39" HEIGHT="30" CONTENT="be" WC="0.64" CC="70"/>
						<SP ID="P264_SP00024" HPOS="397" VPOS="424" WIDTH="15"/>
						<String ID="P264_ST00035" HPOS="412" VPOS="394" WIDTH="73" HEIGHT="29" CONTENT="held" WC="0.81" CC="7000"/>
						<SP ID="P264_SP00025" HPOS="485" VPOS="424" WIDTH="15"/>
						<String ID="P264_ST00036" HPOS="500" VPOS="392" WIDTH="172" HEIGHT="38" CONTENT="altogether" WC="0.81" CC="0023000705"/>
						<SP ID="P264_SP00026" HPOS="672" VPOS="430" WIDTH="14"/>
						<String ID="P264_ST00037" HPOS="686" VPOS="392" WIDTH="170" HEIGHT="29" CONTENT="blameless." WC="0.76" CC="7300000660"/>
					</TextLine>
				</TextBlock>
				<TextBlock ID="P264_TB00004" HPOS="143" VPOS="460" WIDTH="769" HEIGHT="727" STYLEREFS="TXT_1 PAR_LEFT">
					<TextLine ID="P264_TL00007" HPOS="186" VPOS="461" WIDTH="724" HEIGHT="41">
						<String ID="P264_ST00038" HPOS="186" VPOS="463" WIDTH="133" HEIGHT="29" CONTENT="Richard" WC="0.50" CC="7657070"/>
						<SP ID="P264_SP00027" HPOS="319" VPOS="492" WIDTH="18"/>
						<String ID="P264_ST00039" HPOS="337" VPOS="464" WIDTH="130" HEIGHT="28" CONTENT="Prevost" WC="0.60" CC="7507060"/>
						<SP ID="P264_SP00028" HPOS="467" VPOS="492" WIDTH="22"/>
						<String ID="P264_ST00040" HPOS="489" VPOS="461" WIDTH="159" HEIGHT="30" CONTENT="abstained" WC="0.68" CC="075160700"/>
						<SP ID="P264_SP00029" HPOS="648" VPOS="492" WIDTH="22"/>
						<String ID="P264_ST00041" HPOS="670" VPOS="461" WIDTH="47" HEIGHT="30" CONTENT="for" WC="0.74" CC="025"/>
						<SP ID="P264_SP00030" HPOS="717" VPOS="492" WIDTH="15"/>
						<String ID="P264_ST00042" HPOS="732" VPOS="461" WIDTH="87" HEIGHT="30" CONTENT="three" WC="0.59" CC="57403"/>
						<SP ID="P264_SP00031" HPOS="819" VPOS="492" WIDTH="16"/>
						<String ID="P264_ST00043" HPOS="835" VPOS="462" WIDTH="75" HEIGHT="40" CONTENT="days" WC="0.82" CC="0007"/>
					</TextLine>
					<TextLine ID="P264_TL00008" HPOS="143" VPOS="530" WIDTH="767" HEIGHT="41">
						<String ID="P264_ST00044" HPOS="143" VPOS="531" WIDTH="77" HEIGHT="30" CONTENT="from" WC="0.64" CC="5620"/>
						<SP ID="P264_SP00032" HPOS="220" VPOS="561" WIDTH="30"/>
						<String ID="P264_ST00045" HPOS="250" VPOS="531" WIDTH="94" HEIGHT="40" CONTENT="going" WC="0.86" CC="00060"/>
						<SP ID="P264_SP00033" HPOS="344" VPOS="571" WIDTH="36"/>
						<String ID="P264_ST00046" HPOS="380" VPOS="542" WIDTH="72" HEIGHT="19" CONTENT="near" WC="0.77" CC="4004"/>
						<SP ID="P264_SP00034" HPOS="452" VPOS="571" WIDTH="33"/>
						<String ID="P264_ST00047" HPOS="485" VPOS="531" WIDTH="53" HEIGHT="30" CONTENT="the" WC="0.64" CC="370"/>
						<SP ID="P264_SP00035" HPOS="538" VPOS="571" WIDTH="31"/>
						<String ID="P264_ST00048" HPOS="569" VPOS="530" WIDTH="147" HEIGHT="32" CONTENT="Chateau." WC="0.74" CC="67300030"/>
						<SP ID="P264_SP00036" HPOS="716" VPOS="571" WIDTH="62"/>
						<String ID="P264_ST00049" HPOS="778" VPOS="530" WIDTH="50" HEIGHT="31" CONTENT="On" WC="0.39" CC="57"/>
						<SP ID="P264_SP00037" HPOS="828" VPOS="571" WIDTH="29"/>
						<String ID="P264_ST00050" HPOS="857" VPOS="531" WIDTH="53" HEIGHT="30" CONTENT="the" WC="0.51" CC="670"/>
					</TextLine>
					<TextLine ID="P264_TL00009" HPOS="143" VPOS="600" WIDTH="765" HEIGHT="40">
						<String ID="P264_ST00051" HPOS="143" VPOS="601" WIDTH="105" HEIGHT="29" CONTENT="fourth" WC="0.63" CC="066026"/>
						<SP ID="P264_SP00038" HPOS="248" VPOS="630" WIDTH="19"/>
						<String ID="P264_ST00052" HPOS="267" VPOS="601" WIDTH="158" HEIGHT="29" CONTENT="Monsieur" WC="0.66" CC="02670074"/>
						<SP ID="P264_SP00039" HPOS="425" VPOS="630" WIDTH="22"/>
						<String ID="P264_ST00053" HPOS="447" VPOS="601" WIDTH="38" HEIGHT="29" CONTENT="de" WC="1.00" CC="00"/>
						<SP ID="P264_SP00040" HPOS="485" VPOS="630" WIDTH="15"/>
						<String ID="P264_ST00054" HPOS="500" VPOS="600" WIDTH="178" HEIGHT="30" CONTENT="Verancour" WC="0.47" CC="706373477"/>
						<SP ID="P264_SP00041" HPOS="678" VPOS="630" WIDTH="23"/>
						<String ID="P264_ST00055" HPOS="701" VPOS="601" WIDTH="113" HEIGHT="39" CONTENT="sought" WC="0.63" CC="706071"/>
						<SP ID="P264_SP00042" HPOS="814" VPOS="640" WIDTH="21"/>
						<String ID="P264_ST00056" HPOS="835" VPOS="601" WIDTH="73" HEIGHT="31" CONTENT="him." WC="0.78" CC="7100"/>
					</TextLine>
					<TextLine ID="P264_TL00010" HPOS="144" VPOS="669" WIDTH="768" HEIGHT="41">
						<String ID="P264_ST00057" HPOS="144" VPOS="669" WIDTH="159" HEIGHT="30" CONTENT="Monsieur" WC="0.66" CC="00661065"/>
						<SP ID="P264_SP00043" HPOS="303" VPOS="699" WIDTH="28"/>
						<String ID="P264_ST00058" HPOS="331" VPOS="669" WIDTH="134" HEIGHT="31" CONTENT="Richard" WC="0.65" CC="7407050"/>
						<SP ID="P264_SP00044" HPOS="465" VPOS="700" WIDTH="37"/>
						<String ID="P264_ST00059" HPOS="502" VPOS="680" WIDTH="61" HEIGHT="21" CONTENT="was" WC="0.77" CC="006"/>
						<SP ID="P264_SP00045" HPOS="563" VPOS="701" WIDTH="37"/>
						<String ID="P264_ST00060" HPOS="600" VPOS="670" WIDTH="151" HEIGHT="40" CONTENT="warming" WC="0.68" CC="0070770"/>
						<SP ID="P264_SP00046" HPOS="751" VPOS="710" WIDTH="37"/>
						<String ID="P264_ST00061" HPOS="788" VPOS="670" WIDTH="124" HEIGHT="31" CONTENT="himself" WC="0.80" CC="7006000"/>
					</TextLine>
					<TextLine ID="P264_TL00011" HPOS="144" VPOS="740" WIDTH="763" HEIGHT="41">
						<String ID="P264_ST00062" HPOS="144" VPOS="740" WIDTH="103" HEIGHT="29" CONTENT="before" WC="0.79" CC="700040"/>
						<SP ID="P264_SP00047" HPOS="247" VPOS="769" WIDTH="23"/>
						<String ID="P264_ST00063" HPOS="270" VPOS="750" WIDTH="18" HEIGHT="19" CONTENT="a" WC="0.71" CC="2"/>
						<SP ID="P264_SP00048" HPOS="288" VPOS="769" WIDTH="25"/>
						<String ID="P264_ST00064" HPOS="313" VPOS="740" WIDTH="91" HEIGHT="39" CONTENT="huge," WC="0.73" CC="75000"/>
						<SP ID="P264_SP00049" HPOS="404" VPOS="779" WIDTH="27"/>
						<String ID="P264_ST00065" HPOS="431" VPOS="740" WIDTH="123" HEIGHT="40" CONTENT="blazing" WC="0.71" CC="7006070"/>
						<SP ID="P264_SP00050" HPOS="554" VPOS="780" WIDTH="25"/>
						<String ID="P264_ST00066" HPOS="579" VPOS="740" WIDTH="56" HEIGHT="30" CONTENT="fire" WC="0.99" CC="0000"/>
						<SP ID="P264_SP00051" HPOS="635" VPOS="780" WIDTH="30"/>
						<String ID="P264_ST00067" HPOS="665" VPOS="740" WIDTH="33" HEIGHT="30" CONTENT="in" WC="0.65" CC="06"/>
						<SP ID="P264_SP00052" HPOS="698" VPOS="780" WIDTH="29"/>
						<String ID="P264_ST00068" HPOS="727" VPOS="740" WIDTH="49" HEIGHT="31" CONTENT="his" WC="0.46" CC="726"/>
						<SP ID="P264_SP00053" HPOS="776" VPOS="780" WIDTH="30"/>
						<String ID="P264_ST00069" HPOS="806" VPOS="741" WIDTH="101" HEIGHT="40" CONTENT="study," WC="0.68" CC="635003"/>
					</TextLine>
					<TextLine ID="P264_TL00012" HPOS="144" VPOS="810" WIDTH="767" HEIGHT="40">
						<String ID="P264_ST00070" HPOS="144" VPOS="810" WIDTH="90" HEIGHT="29" CONTENT="when" WC="0.65" CC="0706"/>
						<SP ID="P264_SP00054" HPOS="234" VPOS="839" WIDTH="24"/>
						<String ID="P264_ST00071" HPOS="258" VPOS="820" WIDTH="17" HEIGHT="19" CONTENT="a" WC="1.00" CC="0"/>
						<SP ID="P264_SP00055" HPOS="275" VPOS="839" WIDTH="24"/>
						<String ID="P264_ST00072" HPOS="299" VPOS="810" WIDTH="73" HEIGHT="29" CONTENT="loud" WC="0.69" CC="1460"/>
						<SP ID="P264_SP00056" HPOS="372" VPOS="839" WIDTH="25"/>
						<String ID="P264_ST00073" HPOS="397" VPOS="810" WIDTH="71" HEIGHT="40" CONTENT="ring" WC="0.68" CC="5070"/>
						<SP ID="P264_SP00057" HPOS="468" VPOS="850" WIDTH="25"/>
						<String ID="P264_ST00074" HPOS="493" VPOS="821" WIDTH="63" HEIGHT="19" CONTENT="was" WC="0.45" CC="906"/>
						<SP ID="P264_SP00058" HPOS="556" VPOS="850" WIDTH="23"/>
						<String ID="P264_ST00075" HPOS="579" VPOS="810" WIDTH="95" HEIGHT="30" CONTENT="heard" WC="0.74" CC="70041"/>
						<SP ID="P264_SP00059" HPOS="674" VPOS="850" WIDTH="30"/>
						<String ID="P264_ST00076" HPOS="704" VPOS="812" WIDTH="31" HEIGHT="28" CONTENT="at" WC="0.91" CC="01"/>
						<SP ID="P264_SP00060" HPOS="735" VPOS="850" WIDTH="26"/>
						<String ID="P264_ST00077" HPOS="761" VPOS="810" WIDTH="53" HEIGHT="30" CONTENT="the" WC="0.75" CC="070"/>
						<SP ID="P264_SP00061" HPOS="814" VPOS="850" WIDTH="25"/>
						<String ID="P264_ST00078" HPOS="839" VPOS="811" WIDTH="72" HEIGHT="29" CONTENT="door" WC="0.93" CC="0011"/>
					</TextLine>
					<TextLine ID="P264_TL00013" HPOS="144" VPOS="878" WIDTH="767" HEIGHT="42">
						<String ID="P264_ST00079" HPOS="144" VPOS="878" WIDTH="71" HEIGHT="39" CONTENT="bell," WC="0.50" CC="71553"/>
						<SP ID="P264_SP00062" HPOS="215" VPOS="917" WIDTH="18"/>
						<String ID="P264_ST00080" HPOS="233" VPOS="889" WIDTH="17" HEIGHT="19" CONTENT="a" WC="1.00" CC="0"/>
						<SP ID="P264_SP00063" HPOS="250" VPOS="917" WIDTH="22"/>
						<String ID="P264_ST00081" HPOS="272" VPOS="879" WIDTH="74" HEIGHT="30" CONTENT="loud" WC="0.65" CC="3063"/>
						<SP ID="P264_SP00064" HPOS="346" VPOS="917" WIDTH="23"/>
						<String ID="P264_ST00082" HPOS="369" VPOS="879" WIDTH="131" HEIGHT="40" CONTENT="footstep" WC="0.81" CC="01065100"/>
						<SP ID="P264_SP00065" HPOS="500" VPOS="919" WIDTH="16"/>
						<String ID="P264_ST00083" HPOS="516" VPOS="879" WIDTH="127" HEIGHT="41" CONTENT="quickly" WC="0.74" CC="0850300"/>
						<SP ID="P264_SP00066" HPOS="643" VPOS="920" WIDTH="20"/>
						<String ID="P264_ST00084" HPOS="663" VPOS="879" WIDTH="143" HEIGHT="32" CONTENT="followed" WC="0.99" CC="00000000"/>
						<SP ID="P264_SP00067" HPOS="806" VPOS="920" WIDTH="22"/>
						<String ID="P264_ST00085" HPOS="828" VPOS="879" WIDTH="26" HEIGHT="31" CONTENT="it" WC="0.92" CC="01"/>
						<SP ID="P264_SP00068" HPOS="854" VPOS="920" WIDTH="24"/>
						<String ID="P264_ST00086" HPOS="878" VPOS="879" WIDTH="33" HEIGHT="31" CONTENT="in" WC="0.69" CC="06"/>
					</TextLine>
					<TextLine ID="P264_TL00014" HPOS="143" VPOS="949" WIDTH="768" HEIGHT="41">
						<String ID="P264_ST00087" HPOS="143" VPOS="949" WIDTH="54" HEIGHT="29" CONTENT="the" WC="0.75" CC="070"/>
						<SP ID="P264_SP00069" HPOS="197" VPOS="978" WIDTH="35"/>
						<String ID="P264_ST00088" HPOS="232" VPOS="950" WIDTH="72" HEIGHT="38" CONTENT="hall," WC="0.64" CC="70064"/>
						<SP ID="P264_SP00070" HPOS="304" VPOS="988" WIDTH="40"/>
						<String ID="P264_ST00089" HPOS="344" VPOS="950" WIDTH="59" HEIGHT="29" CONTENT="and" WC="0.76" CC="070"/>
						<SP ID="P264_SP00071" HPOS="403" VPOS="988" WIDTH="38"/>
						<String ID="P264_ST00090" HPOS="441" VPOS="950" WIDTH="178" HEIGHT="40" CONTENT="dispensing" WC="0.69" CC="0730066070"/>
						<SP ID="P264_SP00072" HPOS="619" VPOS="990" WIDTH="37"/>
						<String ID="P264_ST00091" HPOS="656" VPOS="950" WIDTH="77" HEIGHT="31" CONTENT="with" WC="0.72" CC="0207"/>
						<SP ID="P264_SP00073" HPOS="733" VPOS="990" WIDTH="37"/>
						<String ID="P264_ST00092" HPOS="770" VPOS="950" WIDTH="141" HEIGHT="30" CONTENT="Madame" WC="0.87" CC="070000"/>
					</TextLine>
					<TextLine ID="P264_TL00015" HPOS="144" VPOS="1018" WIDTH="767" HEIGHT="39">
						<String ID="P264_ST00093" HPOS="144" VPOS="1018" WIDTH="103" HEIGHT="30" CONTENT="Jean's" WC="0.77" CC="000706"/>
						<SP ID="P264_SP00074" HPOS="247" VPOS="1048" WIDTH="37"/>
						<String ID="P264_ST00094" HPOS="284" VPOS="1019" WIDTH="189" HEIGHT="38" CONTENT="attendance," WC="0.83" CC="00007007004"/>
						<SP ID="P264_SP00075" HPOS="473" VPOS="1057" WIDTH="40"/>
						<String ID="P264_ST00095" HPOS="513" VPOS="1019" WIDTH="160" HEIGHT="30" CONTENT="Monsieur" WC="0.66" CC="01660065"/>
						<SP ID="P264_SP00076" HPOS="673" VPOS="1057" WIDTH="35"/>
						<String ID="P264_ST00096" HPOS="708" VPOS="1020" WIDTH="29" HEIGHT="29" CONTENT="le" WC="1.00" CC="00"/>
						<SP ID="P264_SP00077" HPOS="737" VPOS="1057" WIDTH="34"/>
						<String ID="P264_ST00097" HPOS="771" VPOS="1019" WIDTH="140" HEIGHT="31" CONTENT="Vicomte" WC="0.79" CC="7020040"/>
					</TextLine>
					<TextLine ID="P264_TL00016" HPOS="144" VPOS="1089" WIDTH="768" HEIGHT="39">
						<String ID="P264_ST00098" HPOS="144" VPOS="1089" WIDTH="115" HEIGHT="39" CONTENT="opened" WC="0.76" CC="500710"/>
						<SP ID="P264_SP00078" HPOS="259" VPOS="1128" WIDTH="30"/>
						<String ID="P264_ST00099" HPOS="289" VPOS="1089" WIDTH="53" HEIGHT="30" CONTENT="the" WC="0.67" CC="270"/>
						<SP ID="P264_SP00079" HPOS="342" VPOS="1128" WIDTH="27"/>
						<String ID="P264_ST00100" HPOS="369" VPOS="1090" WIDTH="72" HEIGHT="30" CONTENT="door" WC="0.78" CC="4004"/>
						<SP ID="P264_SP00080" HPOS="441" VPOS="1128" WIDTH="29"/>
						<String ID="P264_ST00101" HPOS="470" VPOS="1089" WIDTH="47" HEIGHT="31" CONTENT="for" WC="0.79" CC="006"/>
						<SP ID="P264_SP00081" HPOS="517" VPOS="1128" WIDTH="23"/>
						<String ID="P264_ST00102" HPOS="540" VPOS="1089" WIDTH="132" HEIGHT="39" CONTENT="himself," WC="0.76" CC="70040303"/>
						<SP ID="P264_SP00082" HPOS="672" VPOS="1128" WIDTH="29"/>
						<String ID="P264_ST00103" HPOS="701" VPOS="1090" WIDTH="61" HEIGHT="30" CONTENT="and" WC="0.75" CC="070"/>
						<SP ID="P264_SP00083" HPOS="762" VPOS="1128" WIDTH="30"/>
						<String ID="P264_ST00104" HPOS="792" VPOS="1089" WIDTH="120" HEIGHT="31" CONTENT="stalked" WC="0.74" CC="6600500"/>
					</TextLine>
					<TextLine ID="P264_TL00017" HPOS="144" VPOS="1160" WIDTH="240" HEIGHT="27">
						<String ID="P264_ST00105" HPOS="144" VPOS="1160" WIDTH="65" HEIGHT="27" CONTENT="into" WC="0.76" CC="3600"/>
						<SP ID="P264_SP00084" HPOS="209" VPOS="1187" WIDTH="15"/>
						<String ID="P264_ST00106" HPOS="224" VPOS="1160" WIDTH="52" HEIGHT="27" CONTENT="the" WC="0.75" CC="070"/>
						<SP ID="P264_SP00085" HPOS="276" VPOS="1187" WIDTH="16"/>
						<String ID="P264_ST00107" HPOS="292" VPOS="1170" WIDTH="92" HEIGHT="17" CONTENT="room." WC="0.62" CC="51290"/>
					</TextLine>
				</TextBlock>
				<TextBlock ID="P264_TB00005" HPOS="141" VPOS="1228" WIDTH="773" HEIGHT="251" STYLEREFS="TXT_1 PAR_LEFT">
					<TextLine ID="P264_TL00018" HPOS="187" VPOS="1229" WIDTH="724" HEIGHT="39">
						<String ID="P264_ST00108" HPOS="187" VPOS="1231" WIDTH="18" HEIGHT="15" CONTENT='"' WC="0.53" CC="4"/>
						<SP ID="P264_SP00086" HPOS="205" VPOS="1246" WIDTH="12"/>
						<String ID="P264_ST00109" HPOS="217" VPOS="1229" WIDTH="93" HEIGHT="39" CONTENT="Well," WC="0.99" CC="00000"/>
						<SP ID="P264_SP00087" HPOS="310" VPOS="1268" WIDTH="33"/>
						<String ID="P264_ST00110" HPOS="343" VPOS="1230" WIDTH="87" HEIGHT="29" CONTENT="there" WC="0.77" CC="07040"/>
						<SP ID="P264_SP00088" HPOS="430" VPOS="1268" WIDTH="29"/>
						<String ID="P264_ST00111" HPOS="459" VPOS="1229" WIDTH="26" HEIGHT="30" CONTENT="it" WC="0.79" CC="04"/>
						<SP ID="P264_SP00089" HPOS="485" VPOS="1268" WIDTH="29"/>
						<String ID="P264_ST00112" HPOS="514" VPOS="1229" WIDTH="27" HEIGHT="30" CONTENT="is" WC="0.67" CC="06"/>
						<SP ID="P264_SP00090" HPOS="541" VPOS="1268" WIDTH="30"/>
						<String ID="P264_ST00113" HPOS="571" VPOS="1231" WIDTH="32" HEIGHT="28" CONTENT="at" WC="1.00" CC="00"/>
						<SP ID="P264_SP00091" HPOS="603" VPOS="1268" WIDTH="29"/>
						<String ID="P264_ST00114" HPOS="632" VPOS="1230" WIDTH="60" HEIGHT="29" CONTENT="last" WC="0.80" CC="0061"/>
						<String ID="P264_ST00115" HPOS="705" VPOS="1230" WIDTH="6" HEIGHT="30" CONTENT="!" WC="0.70" CC="2"/>
						<String ID="P264_ST00116" HPOS="724" VPOS="1230" WIDTH="17" HEIGHT="15" CONTENT='"' WC="0.95" CC="0"/>
						<SP ID="P264_SP00092" HPOS="741" VPOS="1268" WIDTH="39"/>
						<String ID="P264_ST00117" HPOS="780" VPOS="1230" WIDTH="40" HEIGHT="29" CONTENT="he" WC="0.62" CC="70"/>
						<SP ID="P264_SP00093" HPOS="820" VPOS="1268" WIDTH="38"/>
						<String ID="P264_ST00118" HPOS="858" VPOS="1240" WIDTH="53" HEIGHT="19" CONTENT="ex" SUBS_TYPE="HypPart1" SUBS_CONTENT="exclaimed," WC="0.67" CC="090"/>
						<HYP CONTENT="-"/>
					</TextLine>
					<TextLine ID="P264_TL00019" HPOS="143" VPOS="1298" WIDTH="771" HEIGHT="41">
						<String ID="P264_ST00119" HPOS="143" VPOS="1298" WIDTH="138" HEIGHT="39" CONTENT="claimed," SUBS_TYPE="HypPart2" SUBS_CONTENT="exclaimed," WC="0.74" CC="65040003"/>
						<SP ID="P264_SP00094" HPOS="281" VPOS="1337" WIDTH="17"/>
						<String ID="P264_ST00120" HPOS="298" VPOS="1299" WIDTH="155" HEIGHT="40" CONTENT="throwing" WC="0.54" CC="07569070"/>
						<SP ID="P264_SP00095" HPOS="453" VPOS="1339" WIDTH="21"/>
						<String ID="P264_ST00121" HPOS="474" VPOS="1299" WIDTH="127" HEIGHT="31" CONTENT="himself" WC="0.76" CC="7006030"/>
						<SP ID="P264_SP00096" HPOS="601" VPOS="1339" WIDTH="20"/>
						<String ID="P264_ST00122" HPOS="621" VPOS="1299" WIDTH="65" HEIGHT="31" CONTENT="into" WC="0.64" CC="0760"/>
						<SP ID="P264_SP00097" HPOS="686" VPOS="1339" WIDTH="22"/>
						<String ID="P264_ST00123" HPOS="708" VPOS="1310" WIDTH="18" HEIGHT="20" CONTENT="a" WC="1.00" CC="0"/>
						<SP ID="P264_SP00098" HPOS="726" VPOS="1339" WIDTH="22"/>
						<String ID="P264_ST00124" HPOS="748" VPOS="1299" WIDTH="85" HEIGHT="31" CONTENT="chair" WC="0.82" CC="17000"/>
						<SP ID="P264_SP00099" HPOS="833" VPOS="1339" WIDTH="20"/>
						<String ID="P264_ST00125" HPOS="853" VPOS="1300" WIDTH="61" HEIGHT="30" CONTENT="and" WC="0.65" CC="073"/>
					</TextLine>
					<TextLine ID="P264_TL00020" HPOS="143" VPOS="1369" WIDTH="771" HEIGHT="40">
						<String ID="P264_ST00126" HPOS="143" VPOS="1369" WIDTH="111" HEIGHT="40" CONTENT="letting" WC="0.82" CC="5000060"/>
						<SP ID="P264_SP00100" HPOS="254" VPOS="1409" WIDTH="20"/>
						<String ID="P264_ST00127" HPOS="274" VPOS="1369" WIDTH="48" HEIGHT="30" CONTENT="his" WC="0.36" CC="755"/>
						<SP ID="P264_SP00101" HPOS="322" VPOS="1409" WIDTH="20"/>
						<String ID="P264_ST00128" HPOS="342" VPOS="1369" WIDTH="106" HEIGHT="32" CONTENT="brown" WC="0.27" CC="75597"/>
						<SP ID="P264_SP00102" HPOS="448" VPOS="1409" WIDTH="21"/>
						<String ID="P264_ST00129" HPOS="469" VPOS="1369" WIDTH="55" HEIGHT="30" CONTENT="felt" WC="0.94" CC="0020"/>
						<SP ID="P264_SP00103" HPOS="524" VPOS="1409" WIDTH="22"/>
						<String ID="P264_ST00130" HPOS="546" VPOS="1370" WIDTH="55" HEIGHT="30" CONTENT="hat" WC="0.73" CC="700"/>
						<SP ID="P264_SP00104" HPOS="601" VPOS="1409" WIDTH="22"/>
						<String ID="P264_ST00131" HPOS="623" VPOS="1370" WIDTH="75" HEIGHT="39" CONTENT="drop" WC="0.82" CC="0700"/>
						<SP ID="P264_SP00105" HPOS="698" VPOS="1409" WIDTH="17"/>
						<String ID="P264_ST00132" HPOS="715" VPOS="1380" WIDTH="40" HEIGHT="21" CONTENT="on" WC="0.51" CC="27"/>
						<SP ID="P264_SP00106" HPOS="755" VPOS="1409" WIDTH="15"/>
						<String ID="P264_ST00133" HPOS="770" VPOS="1370" WIDTH="52" HEIGHT="30" CONTENT="the" WC="0.75" CC="070"/>
						<SP ID="P264_SP00107" HPOS="822" VPOS="1409" WIDTH="16"/>
						<String ID="P264_ST00134" HPOS="838" VPOS="1369" WIDTH="76" HEIGHT="31" CONTENT="floor" WC="0.76" CC="33005"/>
					</TextLine>
					<TextLine ID="P264_TL00021" HPOS="142" VPOS="1439" WIDTH="772" HEIGHT="40">
						<String ID="P264_ST00135" HPOS="142" VPOS="1439" WIDTH="104" HEIGHT="30" CONTENT="beside" WC="0.76" CC="007070"/>
						<SP ID="P264_SP00108" HPOS="246" VPOS="1469" WIDTH="20"/>
						<String ID="P264_ST00136" HPOS="266" VPOS="1440" WIDTH="74" HEIGHT="29" CONTENT="him." WC="0.77" CC="5400"/>
						<SP ID="P264_SP00109" HPOS="340" VPOS="1469" WIDTH="49"/>
						<String ID="P264_ST00137" HPOS="389" VPOS="1441" WIDTH="18" HEIGHT="16" CONTENT='"' WC="0.57" CC="4"/>
						<SP ID="P264_SP00110" HPOS="407" VPOS="1469" WIDTH="12"/>
						<String ID="P264_ST00138" HPOS="419" VPOS="1440" WIDTH="16" HEIGHT="29" CONTENT="I" WC="0.63" CC="3"/>
						<SP ID="P264_SP00111" HPOS="435" VPOS="1469" WIDTH="25"/>
						<String ID="P264_ST00139" HPOS="460" VPOS="1440" WIDTH="114" HEIGHT="39" CONTENT="always" WC="0.69" CC="019006"/>
						<SP ID="P264_SP00112" HPOS="574" VPOS="1479" WIDTH="25"/>
						<String ID="P264_ST00140" HPOS="599" VPOS="1441" WIDTH="135" HEIGHT="38" CONTENT="thought" WC="0.65" CC="0755070"/>
						<SP ID="P264_SP00113" HPOS="734" VPOS="1479" WIDTH="27"/>
						<String ID="P264_ST00141" HPOS="761" VPOS="1440" WIDTH="26" HEIGHT="30" CONTENT="it" WC="0.69" CC="06"/>
						<SP ID="P264_SP00114" HPOS="787" VPOS="1479" WIDTH="24"/>
						<String ID="P264_ST00142" HPOS="811" VPOS="1441" WIDTH="103" HEIGHT="31" CONTENT="would" WC="0.73" CC="00760"/>
					</TextLine>
				</TextBlock>
			</PrintSpace>
		</Page>
	</Layout>
</alto>
