1019 1638
168 121 51 26 160

415 127 59 20 ALL
493 126 58 21 FOR
570 124 107 22 GREED.

166 227 18 18 a
205 215 149 39 fortnight
377 211 216 42 Champmorin
614 210 65 31 will
705 209 39 30 be
768 208 58 31 off!
873 207 58 31 His

165 287 108 39 notary
287 284 27 30 is
336 294 17 20 a
376 283 88 39 sharp
481 282 109 38 fellow,
614 280 60 30 and
690 278 65 32 wdl
778 288 73 20 soon
867 277 64 30 find

166 357 53 27 out
243 354 69 29 how
335 353 52 29 the
413 352 72 29 land
514 350 97 40 really
636 348 65 31 Hes.
757 347 74 30 And
857 357 74 20 once

165 423 61 30 this
249 423 110 30 chance
382 431 86 31 gone,
493 420 101 31 where
621 419 26 29 is
672 417 114 31 Felicie
812 420 33 27 to
867 416 64 30 find

166 504 16 18 a
197 492 140 30 husband
346 492 14 30 ?
403 492 17 29 I
436 490 78 31 wish
527 500 64 30 you
605 488 104 31 would
724 487 55 31 tell

335 559 157 32 Monsieur
514 559 28 30 le
776 557 156 31 answered

166 630 140 39 Richard,
331 630 123 39 bowing
480 629 67 38 low,
657 627 26 30 is
707 630 55 27 not
786 626 48 31 for
858 626 74 30 such

166 711 32 18 as
227 710 48 19 me
304 702 31 27 to
360 698 87 40 point
473 700 54 28 out
555 697 86 39 that;
644 715 41 3 —
685 696 60 31 but
773 696 159 40 assuredly

166 779 32 20 so
214 767 220 40 accompUshed
448 777 18 19 a
487 776 106 31 young
615 766 81 41 lady,
715 776 33 19 so
767 764 165 31 admirable

166 849 16 18 a
204 848 109 30 person
334 847 32 20 as
387 835 227 31 Mademoiselle
630 834 124 39 Felicie,
772 835 61 29 and
848 834 34 31 of
901 845 31 19 so

166 906 168 30 illustrious
350 917 17 18 a
381 916 77 28 race,
476 916 56 19 can
547 905 73 39 only
635 905 78 30 have
729 907 33 27 to

243 975 66 30 Bah
322 975 6 30 !
395 975 135 30 retorted
558 974 160 30 Monsieur
748 974 37 30 de
815 974 118 31 Veran-

167 1055 71 19 cour
250 1054 6 29 ;
370 1043 183 40 perfections
569 1054 50 19 are
634 1044 101 30 worth
750 1054 17 19 a
782 1043 132 30 centime
927 1044 6 30 !

166 1113 73 30 And
261 1112 32 30 in
315 1113 52 29 the
389 1112 47 40 pit
458 1112 33 31 of
509 1112 160 41 ignominy
690 1112 65 31 into
770 1112 103 31 which
888 1123 45 20 we

166 1181 77 29 have
274 1181 88 39 sunk,
395 1181 72 40 gold
501 1181 73 40 only
603 1181 27 30 is
663 1182 160 39 powerful.
869 1182 64 30 The

167 1248 137 31 noblesse
327 1250 115 30 deserts
464 1249 93 39 itself,
574 1250 53 30 the
649 1250 159 31 historical
830 1262 103 20 names

168 1319 54 29 seU
244 1319 182 30 themselves
448 1322 33 27 to
502 1320 53 29 the
577 1320 124 40 highest
724 1320 132 41 bidders,
874 1323 59 29 and

167 1389 70 30 take
259 1390 53 29 the
334 1390 134 30 mothers
489 1390 33 30 of
541 1391 81 29 their
644 1391 104 31 future
772 1403 69 20 sons
856 1392 77 31 from

166 1459 53 30 the
243 1463 111 36 gutter,
380 1471 32 20 so
434 1461 86 30 there
542 1461 38 30 be
603 1473 111 29 money
737 1465 31 27 to
795 1463 39 30 be
861 1466 54 36 got
928 1464 5 30 !
