1019 1638
188 132 233 22 MADEMOISELLE
440 128 143 28 FELTCIE'S
603 135 147 21 HUSBAND.

802 129 53 26 243

96 228 16 18 a
139 218 90 41 thing
260 220 34 30 of
319 221 52 29 the
395 224 121 36 present
541 223 67 39 day,
638 223 83 38 quite
748 234 17 18 a
790 234 68 20 new

97 287 90 41 thing
213 289 33 29 in
271 289 123 31 France.
450 290 32 31 It
506 291 55 30 has
581 291 77 30 been
683 292 47 30 for
753 293 105 40 nearly

97 360 61 27 two
182 359 152 29 centuries
356 360 52 29 the
432 360 130 39 practice
584 363 32 27 to
638 364 143 27 renovate
806 361 53 30 the

98 427 96 29 lustre
225 427 34 30 of
285 428 121 31 ancient
435 439 103 20 names
561 429 42 41 by
627 429 155 41 marrying
807 430 52 30 the

98 495 96 30 eldest
224 506 70 20 sons
324 497 34 29 of
384 497 168 30 illustrious
581 499 109 28 houses
719 501 31 27 to
776 499 83 38 large

97 563 138 30 fortunes
251 564 159 30 embodied
425 565 32 29 in
472 565 162 30 base-born
649 565 83 40 girls.
764 566 95 29 There

97 643 63 30 you
181 633 79 30 have
280 634 53 29 the
388 637 177 27 savonnette
584 646 17 18 a
758 635 33 29 of
808 636 52 28 the

98 703 147 39 Regency
269 703 60 29 and
353 703 34 29 of
406 703 94 30 Louis
518 703 81 39 XV.,
617 703 56 30 but
693 703 25 30 it
740 703 25 30 is
788 704 71 39 only

98 772 137 40 recently
262 772 67 30 that
358 772 186 40 nobly-born
574 772 75 39 girls
677 772 77 30 have
783 772 77 30 been

100 841 155 29 sacrificed
280 843 32 27 to
339 841 122 29 become
483 841 54 29 the
559 841 134 29 mothers
717 841 33 29 of
773 841 86 39 shop-

98 911 135 40 keepers.
272 910 162 38 However,
450 920 32 20 so
497 909 25 31 it
537 909 25 30 is
578 920 77 28 now,
673 910 59 29 and
748 909 112 31 certain

99 979 25 30 it
146 979 27 30 is
196 979 67 30 that
284 990 111 29 money
411 990 55 18 can
488 979 37 29 do
546 978 159 40 anything.
751 979 110 28 There-

100 1050 71 37 fore,
189 1060 52 30 my
257 1049 72 30 dear
353 1048 158 30 Monsieur
535 1047 142 38 Richard,
702 1057 32 20 as
759 1047 16 29 I
798 1047 63 30 said

100 1119 111 38 before,
243 1118 28 30 if
296 1128 62 30 you
388 1117 78 30 have
495 1128 17 18 a
542 1117 139 29 hundred
712 1117 149 29 thousand

101 1189 98 29 francs
222 1199 18 18 a
261 1198 73 30 year
357 1189 32 28 to
414 1186 103 40 spend,
537 1186 15 29 I
580 1186 37 30 do
641 1188 53 28 not
721 1196 48 19 see
791 1186 70 40 why

100 1267 63 31 you
193 1256 110 31 should
332 1258 54 27 not
416 1266 102 28 marry
544 1265 17 19 a
586 1254 70 30 wife
682 1255 99 29 whom
810 1255 51 29 the

101 1326 95 30 ladies
212 1326 34 30 of
257 1327 53 28 the
325 1324 144 39 province
486 1324 109 29 should

143 1395 158 31 Monsieur
321 1393 134 31 Richard
479 1393 107 29 bowed
611 1392 60 30 low
696 1392 59 29 and
782 1392 79 29 defe-

100 1465 153 40 rentially,
277 1475 32 19 as
328 1463 120 40 though
472 1463 38 29 he
537 1461 55 30 felt
618 1461 52 30 the
694 1460 57 30 full
776 1461 86 30 value
