1019 1638
806 104 49 25 133

373 110 63 20 THE
454 110 120 20 LOVERS.

129 195 61 30 and
210 206 32 20 so
264 206 73 20 near
356 196 52 30 the
423 196 102 30 house.
571 196 31 30 It
621 195 27 31 is
663 199 50 27 too
730 197 125 39 danger-

96 275 55 19 ous
165 265 7 30 !
233 265 134 40 Suppose
397 276 61 30 any
489 276 55 20 one
577 265 110 30 should
724 276 48 19 see
809 276 45 18 us.

97 333 88 31 Good
206 335 141 38 heavens,
365 335 107 38 Raoul,
496 335 70 29 how
588 334 53 30 did
663 345 63 29 you
748 344 83 20 come
843 336 12 28 ?

97 403 73 40 why
186 403 54 30 did
254 414 63 29 you
332 414 83 20 come
430 404 71 29 here

173 472 142 39 Vevette,
334 474 117 28 dearest
466 473 6 29 !
524 483 62 19 was
608 473 52 29 the
683 483 125 28 answer,
826 473 32 29 in

98 552 18 18 a
138 542 103 39 gentle
263 544 80 36 tone,
403 542 16 29 I
442 552 82 20 came
546 541 72 30 here
638 552 40 19 on
697 541 62 31 foot
781 542 77 30 from

100 609 181 40 MoUignon,
310 620 100 20 across
438 610 53 30 the
516 610 96 38 fields,
641 611 59 29 and
730 610 16 30 I
776 621 82 19 came

99 679 73 30 here
194 679 129 30 because
339 679 17 29 I
378 679 55 30 tell
454 690 62 29 you
539 679 89 39 again
649 679 67 30 that
738 679 16 29 I
777 683 81 26 must

101 759 50 19 see
176 759 70 30 you.
304 749 16 29 I
351 748 167 30 calculated
546 748 75 38 that,
650 758 32 20 as
707 748 62 30 this
798 759 60 20 was

102 817 159 40 Saturday,
279 828 62 29 you
362 817 103 30 would
491 817 148 40 certainly
653 817 38 30 be
714 817 93 39 going
828 819 30 28 to

102 885 168 32 confession
292 889 31 27 at
345 896 78 30 your
444 885 89 30 usual
555 886 84 38 hour,
658 886 59 30 and
739 886 66 30 that
827 895 31 20 as

100 966 63 29 you
178 966 82 19 came
275 955 89 30 home
380 955 16 29 I
417 955 90 29 could
526 957 80 27 meet
621 966 62 28 you
696 965 7 29 ;
726 955 56 30 but
798 966 60 28 you

100 1035 51 20 are
167 1024 121 40 coming
302 1024 79 30 back
401 1034 38 19 an
453 1024 79 30 hour
550 1023 107 30 earlier
671 1023 76 31 than
760 1024 97 36 usual,

100 1113 42 2 —
142 1093 55 30 has
213 1093 150 39 anything
378 1093 159 39 happened

296 1162 116 40 replied
432 1163 52 30 she
497 1172 7 30 ;
565 1161 157 31 Monsieur
737 1162 28 30 le
782 1161 78 31 Cure

101 1234 55 30 has
182 1232 78 31 been
290 1235 67 27 sent
383 1231 45 31 for
454 1234 31 28 to
511 1231 177 30 administer
713 1241 74 29 poor
812 1230 49 29 old

102 1302 149 40 Gayrard,
268 1301 53 30 the
335 1300 193 39 blacksmith,
544 1300 70 31 who
633 1299 27 31 is
680 1299 104 40 dying,
803 1299 58 29 and

101 1372 39 29 he
170 1381 56 20 can
256 1370 74 40 only
359 1370 38 30 be
426 1369 33 30 in
488 1370 52 30 the
574 1368 198 31 confessional
801 1367 60 30 this
