1019 1638
238 83 120 21 MARTIN
379 76 159 28 PREVOST'S
558 84 155 20 AMBITION.

822 78 33 24 83

95 179 94 29 every
201 169 60 40 day
278 169 33 30 of
322 170 55 30 her
392 170 62 39 life,
466 170 61 30 and
540 173 31 27 to
587 170 168 30 confession
769 170 89 31 twice

96 248 17 19 a
135 238 116 38 month,
255 257 43 3 —
298 239 47 29 for
367 240 54 28 she
443 250 62 20 was
527 239 42 40 by
588 250 69 29 way
675 239 33 29 of
727 239 93 39 being
842 251 16 17 a

96 307 120 38 devote,
234 311 60 35 too,
297 327 42 2 —
340 308 120 40 though
475 308 141 31 devotion
631 318 61 21 was
715 308 95 30 easier
828 312 31 26 to

97 387 128 30 manage
255 377 99 40 thirty
384 389 33 18 or
440 378 81 39 forty
547 388 88 29 years
661 388 56 29 ago
739 378 75 29 than
836 378 23 29 it

97 445 26 29 is
149 456 79 28 now,
257 445 83 31 since
363 446 53 31 the
441 446 88 40 reign
554 446 34 30 of
609 446 53 31 the
687 446 116 31 Jesuits
829 447 30 29 in

420 585 149 29 ventured
593 588 32 26 to
652 595 53 29 say
729 584 52 30 the
804 595 56 19 un-

98 653 104 40 happy
217 653 107 39 youth,
376 653 227 29 Mademoiselle
626 653 113 30 Felicie
761 653 26 29 is
809 657 51 25 not

99 724 55 37 yet
175 721 153 39 nineteen,
347 721 60 30 and
428 721 55 30 has
506 721 72 40 only
593 721 77 30 been
685 732 17 19 a
717 732 72 29 year
810 726 50 25 out

101 791 33 29 of
146 801 18 19 a
179 793 138 28 convent.
365 790 58 30 She
440 793 109 27 cannot
564 793 52 35 yet

415 859 190 39 interrupted
635 859 50 29 old
714 859 148 38 Prevost;

138 929 73 29 hold
247 938 79 30 your
354 931 123 36 tongue,
510 927 142 38 Richard,
684 927 91 30 about
812 927 51 30 the

101 997 98 31 whole
219 997 98 39 thing.
365 997 31 29 It
418 996 78 30 shall
521 1000 54 25 not
598 996 46 29 be.
689 996 73 29 And
784 1007 77 27 now,

100 1078 32 18 as
151 1067 63 30 this
236 1066 82 40 topic
342 1069 83 27 must
447 1075 94 21 never
562 1065 38 31 be
624 1066 140 30 reverted
786 1069 41 35 to,
847 1066 16 29 I

100 1135 64 32 wiU
176 1135 65 41 just
261 1146 73 19 once
350 1135 46 30 for
411 1135 41 29 aU
468 1135 92 39 speak
576 1145 51 29 my
642 1134 86 30 mind
742 1137 32 27 to
789 1145 69 29 you,

100 1206 60 29 and
182 1216 63 29 you
266 1205 64 30 will
352 1204 103 30 reflect
477 1215 83 29 upon
575 1205 82 29 what
684 1204 15 30 I
723 1214 62 30 say,
803 1205 60 29 and

101 1284 50 20 see
173 1273 28 30 if
218 1284 63 30 you
303 1284 56 20 can
380 1284 97 29 agree.
523 1273 72 30 You
614 1284 50 19 are
679 1273 62 30 like
757 1273 39 29 all
812 1274 51 28 the

101 1354 70 19 men
197 1343 34 29 of
253 1353 78 30 your
356 1342 82 30 time.
484 1343 87 40 They
597 1343 57 29 call
682 1342 182 30 themselves

261 1412 73 30 This
364 1423 63 19 was
456 1413 121 29 uttered
606 1412 77 30 with
713 1422 38 19 an
780 1411 83 30 inde-
