1019 1638
75 76 52 26 116

325 83 58 20 ALL
403 83 57 20 FOR
480 81 108 22 GREED.

76 182 38 19 on
130 171 101 30 which
253 181 79 20 were
355 170 126 30 marked
507 169 90 30 down
623 166 53 31 the
699 165 145 31 numbers

76 241 33 30 of
129 241 85 30 three
231 240 93 40 1,000
329 240 97 30 -franc
440 241 88 29 notes
551 238 60 30 and
633 237 34 30 of
689 239 61 28 two
767 235 76 31 500-

75 310 84 30 franc
186 321 80 20 ones.
313 310 44 30 Of
379 320 105 20 course
507 309 53 29 the
585 317 162 30 necessary
761 316 82 20 mea-

76 390 83 20 sures
181 390 79 20 were
283 379 208 40 immediately
507 377 93 31 taken
622 379 32 28 to
675 379 67 37 stop
758 376 85 29 these

76 453 93 34 notes,
186 449 57 30 but
270 449 33 30 of
325 449 53 30 the
405 449 101 29 others
528 458 39 19 no
590 450 82 27 trace
696 446 90 30 could
805 445 39 30 be

76 518 149 29 obtained.

120 587 72 30 Two
207 586 101 31 weeks
325 586 108 40 passed
456 597 79 27 over,
553 586 61 30 and
639 585 150 40 certainly
805 595 39 19 no

77 657 87 29 effort
200 667 62 19 was
299 657 114 39 spared.
474 656 135 30 Officials
646 666 82 19 came
766 655 78 30 from

77 725 225 41 neighbouring
325 729 106 35 towns,
455 726 59 29 and
535 725 53 30 the
611 724 105 31 Preset
739 724 34 30 of
792 724 53 29 the

79 795 146 30 chef-Ueu
258 796 43 29 du
334 796 208 39 departement
567 798 96 28 wrote
694 798 32 27 to
757 794 89 30 Paris

78 866 60 29 and
153 876 83 19 came
251 865 124 30 himself
386 867 32 28 to
434 866 29 29 D
552 889 6 15 ,
577 865 61 30 and
653 875 17 19 a
686 866 87 38 great
789 863 57 31 stir

80 945 62 21 was
163 934 87 30 made
263 944 7 30 ;
293 934 58 30 but
372 934 52 30 the
447 937 138 38 mystery
600 941 94 23 never
717 934 129 30 allowed

81 1014 55 19 one
163 1014 104 19 corner
290 1004 33 29 of
341 1003 41 30 its
404 1003 62 31 veil
488 1006 31 27 to
542 1003 38 30 be
602 1003 98 30 lifted.
748 1004 98 29 There

83 1083 76 20 were
190 1073 154 39 examples
374 1073 33 30 of
440 1073 77 30 such
541 1073 161 41 mysteries
733 1073 33 30 in
794 1073 54 31 the

76 1143 128 39 judicial
225 1143 118 40 history
366 1143 34 30 of
419 1144 123 38 France,
562 1144 59 28 and
643 1144 52 29 the
718 1144 132 30 Prevost

86 1213 119 29 murder
216 1223 62 20 was
294 1213 139 30 destined
446 1215 33 28 to
494 1213 38 30 be
548 1223 17 19 a
580 1213 83 30 fresh
679 1223 57 20 one
751 1214 99 29 added

86 1283 27 27 to
128 1282 52 28 the
195 1281 61 29 list.

126 1352 63 29 The
204 1362 109 29 person
328 1352 68 30 who
420 1351 53 30 did
495 1352 98 40 really
609 1354 99 28 create
724 1363 18 19 a
756 1352 98 41 lively

83 1421 60 30 and
170 1420 115 32 sincere
311 1420 126 32 interest
464 1422 205 40 everywhere,
693 1433 62 20 was
781 1433 73 29 poor
