1019 1638
142 91 52 26 268

393 99 59 19 ALL
470 98 59 20 FOR
548 96 107 22 GREED.

143 186 119 30 blessed
283 195 111 30 among
416 194 119 21 women
550 183 7 31 !
606 182 49 30 Do
678 192 63 30 you
764 190 72 20 ever
858 178 54 31 ask

142 255 144 41 yourself,
299 254 142 38 Vevette,
456 253 73 40 why
546 262 83 21 some
643 250 96 33 wives
755 259 50 21 are
821 247 91 32 faith-

143 325 58 29 less
212 325 14 29 ?

219 395 135 29 Because
374 393 75 41 they
471 402 51 20 are
544 390 138 41 tempted
703 389 44 41 by
766 389 54 30 the
842 387 71 32 Evil

268 464 66 31 said
347 463 134 32 Vevette
496 462 133 40 timidly.

220 535 59 38 No,
301 545 53 29 my
379 535 94 30 sweet
612 530 166 32 continued
804 529 109 39 Raoul,

143 602 127 41 looking
290 603 141 41 tenderly
447 606 31 27 at
500 603 56 29 her
578 601 61 31 and
659 601 94 41 softly
774 600 141 39 stroking

143 673 55 29 her
214 672 75 30 hair.
369 673 33 30 It
416 672 27 31 is
464 672 132 30 because
617 672 76 40 they
709 672 39 30 do
770 673 56 28 not
847 671 68 30 love

143 741 82 31 their
258 741 165 39 husbands,
460 742 61 30 and
555 740 26 32 it
612 741 26 30 is
673 741 173 40 dangerous
882 743 32 28 to

145 812 56 31 ask
226 812 79 30 from
331 812 53 30 the
409 811 89 31 weak
524 814 154 27 creatures
704 811 69 30 that
795 821 48 22 we
865 821 50 20 are

144 892 82 20 more
242 882 76 30 than
332 881 26 30 is
374 881 149 40 humanly

217 952 73 38 But,
451 951 201 41 hesitatingly
663 950 174 41 whispered
851 951 61 39 she,

220 1020 27 31 is
261 1031 108 29 wrong
380 1030 8 30 ;
390 1040 43 3 —
433 1021 52 30 the
502 1021 124 31 Church
641 1020 117 31 forbids

222 1090 68 30 God
310 1091 72 29 does
402 1092 55 28 not
474 1090 100 30 forbid
681 1092 158 30 answered
864 1092 49 39 he,

145 1160 135 40 gravely.
359 1159 60 31 His
445 1160 100 31 Word
569 1160 143 32 nowhere
739 1161 116 31 forbids
882 1161 33 31 it.

145 1230 145 40 Suppose,
317 1241 53 30 my
401 1241 77 28 own,
504 1241 47 21 we
580 1241 81 21 were
691 1230 133 32 married
853 1231 62 31 this

145 1310 75 31 very
237 1300 67 41 day,
322 1299 103 31 would
440 1299 25 31 it
486 1299 64 31 still
572 1299 39 31 be
633 1311 108 30 wrong
762 1301 70 30 that
854 1312 61 30 you

148 1369 109 30 should
271 1369 69 30 love

191 1440 81 29 Poor
293 1439 135 31 Vevette
439 1440 160 39 trembled,
614 1440 61 30 and
696 1440 142 39 blushed,
856 1442 60 30 and
