1019 1638
278 92 20 19 A
318 92 82 21 VERY
420 93 98 21 SMALL
539 94 101 20 TOWN.

806 89 34 26 21

106 175 33 30 in
168 176 54 30 the
253 178 135 30 exercise
420 179 33 30 of
486 179 55 30 her
783 184 56 28 and

72 255 62 30 any
155 256 56 20 one
227 246 70 31 who
326 247 55 30 has
412 259 72 20 ever
513 249 61 30 had
603 250 137 40 dealings
763 251 76 30 with

72 314 94 39 them,
188 315 109 31 knows
323 316 34 30 in
383 317 69 30 that
477 317 166 40 particular
669 322 77 27 state
772 320 67 30 how

72 385 243 39 unmanageable
331 385 26 30 is
373 396 17 20 a
410 386 192 31 Frenchman
618 398 33 19 or
670 399 17 18 a
707 389 132 29 French-

72 464 128 20 woman.
246 455 142 30 Madame
412 455 78 30 Jean
514 466 63 21 was
606 459 54 28 not
685 456 136 41 impolite
832 467 7 30 ;

74 523 53 30 she
143 534 62 21 was
221 523 195 41 impervious,
435 535 126 30 opaque,
579 528 53 27 not
649 528 32 27 to
696 526 38 30 be
749 538 90 28 pene-

74 593 101 30 trated
198 593 43 40 by
265 604 39 19 an
330 593 151 31 influence
508 594 77 30 from
605 594 139 31 without.
790 596 49 29 He

74 662 70 31 who
171 665 100 28 strove
298 665 31 28 to
355 663 164 39 propitiate
541 664 64 37 her,
627 664 61 29 had
710 667 31 26 to
768 665 71 29 bear

74 731 50 30 his
155 731 171 30 ill-success
361 731 230 41 complacently,
595 751 41 3 —
637 732 46 30 for
712 733 63 29 fear
810 736 29 27 of

75 811 105 29 worse,
184 820 42 2 —
227 802 60 29 and
333 803 104 38 accept
481 802 55 29 her
582 801 180 40 permission
809 805 30 26 to

75 880 84 19 come
188 869 92 40 again
309 873 32 27 at
370 870 107 30 eleven
507 869 123 30 o'clock.
690 870 60 29 She
779 870 60 29 had

73 940 54 29 the
168 940 189 30 satisfaction
396 941 34 29 of
486 940 127 40 making
656 940 105 40 things
801 952 38 28 go

72 1009 56 31 her
165 1020 69 20 own
271 1020 69 30 way
357 1009 132 31 without
525 1019 61 30 any
609 1008 230 41 extraordinary

72 1079 89 30 effort
173 1089 8 29 ;
205 1079 60 30 and
281 1079 120 39 though
415 1079 26 29 it
456 1078 90 30 could
568 1081 54 27 not
641 1079 38 29 be
702 1078 137 40 objected

71 1149 68 30 that
155 1149 53 30 she
223 1160 63 20 was
300 1149 85 38 rude,
403 1149 54 30 she
473 1148 157 31 contrived
651 1157 94 21 never
767 1157 72 20 once

71 1222 32 27 to
118 1219 125 30 address
257 1219 56 30 her
328 1218 198 31 interlocutor
546 1228 33 20 as
632 1217 158 30 Monsieur
810 1216 28 29 le
