1019 1638
804 98 54 27 207

257 105 62 20 THE
338 105 95 21 FEAST
452 105 58 22 FOR
529 105 62 21 THE
610 105 91 21 DEAD.

96 192 32 27 to
143 189 38 31 be
196 200 84 30 upon
295 191 41 30 all
358 191 210 41 emergencies,
586 192 52 29 the
659 194 78 27 most
759 193 101 29 useful

97 269 110 29 person
232 260 34 30 in
291 260 29 30 D
409 285 6 5 .
460 260 50 31 He
532 260 134 40 inspired
687 261 52 29 the
762 260 98 31 Maire

97 327 78 32 with
199 339 138 30 courage,
356 330 59 29 and
440 330 52 29 the
516 330 80 40 Juge
623 330 37 29 de
682 329 80 30 Paix
785 330 76 30 with

98 397 80 39 good
201 407 95 30 sense,
323 398 60 29 and
403 398 169 39 persuaded
600 398 52 29 the
674 398 80 39 Juge
777 398 83 29 d'In-

98 464 159 40 struction,
274 465 70 31 who
366 475 62 22 was
448 468 67 27 sent
537 465 77 31 from
636 466 52 30 the
715 466 148 30 chef-lieu

99 534 42 30 du
164 534 218 39 departement,
400 536 32 28 to
446 534 111 30 refrain
577 535 77 29 from
676 534 188 40 committing

102 602 83 40 daily
201 605 63 27 acts
285 602 33 30 of
337 602 150 41 arbitrary
502 602 84 41 folly.
632 603 33 30 If
683 603 25 30 it
729 603 60 30 had
810 606 54 26 not

101 671 79 31 been
205 671 46 31 for
277 672 52 30 the
356 671 80 31 Cure
462 673 52 29 the
538 673 97 29 whole
657 674 83 29 town
763 672 101 30 would

102 740 78 29 have
203 740 79 29 been
303 740 212 40 preventively
537 740 192 39 imprisoned,
754 740 60 30 and
834 743 30 26 at

102 809 53 29 the
171 818 81 20 same
268 807 83 39 time,
368 807 28 30 if
411 807 25 31 it
459 808 60 30 had
542 812 54 27 not
620 809 78 30 been
721 808 46 31 for
790 808 72 38 him,

103 878 53 29 the
183 879 106 38 scanty
304 879 97 27 traces
422 877 33 29 of
472 877 52 29 the
540 877 147 30 direction
708 877 92 30 taken
823 877 42 40 by

104 946 53 30 the
186 945 156 30 murderer
372 945 101 31 would
510 949 53 27 not
592 946 77 30 have
698 946 78 30 been
805 945 59 30 dis-

104 1014 136 30 covered.
286 1013 43 31 To
355 1012 158 31 Monsieur
542 1013 133 30 Richard
703 1013 53 30 the
786 1013 78 31 Cure

103 1083 60 30 had
180 1083 105 31 shown
300 1093 92 29 every
407 1082 183 39 imaginable
605 1082 153 39 kindness,
772 1082 94 39 going

104 1162 77 20 even
204 1152 53 30 the
279 1151 107 40 length
410 1151 34 30 of
462 1150 127 40 offering
613 1149 64 31 him
699 1160 17 20 a
737 1160 83 20 room
836 1153 30 27 at

103 1221 53 30 the
191 1221 193 39 Presbytere,
416 1220 28 29 if
475 1220 53 29 the
561 1219 153 30 residence
750 1219 33 29 in
819 1219 47 29 his

104 1290 253 40 crime-polluted,
384 1288 223 31 blood-stained
636 1289 89 30 home
754 1289 112 39 proved

102 1364 50 26 too
168 1360 93 30 much
276 1359 47 30 for
337 1359 73 29 him.

178 1428 83 31 C'est
286 1437 43 20 un
351 1426 55 31 fier
428 1426 120 31 homme
571 1436 58 29 que
656 1425 158 31 Monsieur
839 1426 27 29 le
