1019 1638
170 87 52 27 122

420 96 57 19 ALL
497 97 57 18 FOR
574 94 107 21 GREED.

171 194 81 28 upon
263 183 54 29 her
332 183 125 30 father's
469 183 105 39 hands,
590 193 33 19 or
635 182 54 30 she
700 181 104 31 would
815 181 79 30 have
905 183 33 27 to

170 253 88 29 make
269 264 18 18 a
297 253 200 40 mesalliance,
513 254 60 29 and
585 263 77 20 even
674 252 33 30 of
716 252 68 30 that
784 270 43 3 —
827 250 111 41 fright-

171 323 45 30 ful
232 334 31 20 as
279 323 24 31 it
319 334 62 20 was
393 324 6 30 !
402 343 42 3 —
444 324 84 30 what
542 322 170 31 likelihood
726 332 63 21 was
804 322 86 30 there
906 321 33 30 in

171 393 75 29 such
261 403 39 19 an
315 393 251 38 out-of-the-way
581 392 86 39 place
683 401 32 19 as
730 391 30 29 D
857 391 15 29 ?

215 462 31 30 It
270 472 62 20 was
359 462 170 40 altogether
544 472 18 19 a
577 460 109 31 dismal
712 459 150 39 look-out,
880 459 61 30 and

171 531 75 29 such
261 531 158 30 Monsieur
433 531 29 29 le
476 530 142 31 Vicomte
633 530 57 30 felt
711 530 26 29 it
758 532 33 27 to
806 529 47 30 be.
900 528 45 30 Of

172 610 104 20 course
292 610 17 19 a
324 610 79 28 man,
431 609 77 21 even
535 610 31 19 so
592 599 77 30 hard
695 598 125 40 pressed
844 608 34 19 as
901 597 39 29 he

172 680 71 27 was,
259 669 89 30 could
362 672 62 35 not,
438 669 47 29 for
500 669 158 40 decency's
671 668 81 39 sake,
767 669 131 38 attempt
909 669 32 27 to

173 738 80 30 force
269 748 39 20 on
322 738 53 30 the
395 737 169 31 discussion
579 738 34 30 of
631 737 48 31 his
697 737 120 41 private
839 736 103 31 affairs

173 809 31 27 at
226 807 52 29 the
301 808 134 28 moment
451 807 34 29 of
503 817 32 19 so
552 806 149 39 shocking
716 817 18 19 a
749 806 192 39 catastrophe

174 886 31 20 as
221 876 67 30 that
303 876 34 30 of
360 876 50 30 old
432 876 138 30 Prevost'
574 886 14 19 s
604 876 100 30 death.
762 875 38 31 So
823 875 40 30 he
878 885 64 21 was

175 945 122 39 obliged
311 947 31 28 to
358 945 72 30 wait
446 945 60 29 and
527 947 147 37 postpone
690 945 53 30 the
766 945 177 30 settlement

174 1014 76 30 with
279 1013 158 31 Monsieur
474 1014 36 30 de
541 1013 243 41 Champmorin's
820 1016 120 39 notary,

175 1083 97 30 under
297 1093 39 20 no
359 1085 111 28 matter
495 1083 84 31 what
602 1086 132 37 pretext.
784 1083 75 30 And
880 1083 64 30 this

175 1163 62 20 was
252 1155 54 27 not
320 1153 171 39 altogether
510 1163 80 30 easy.
648 1153 39 29 In
710 1153 125 40 France,
853 1154 92 30 when

176 1233 17 19 a
219 1221 148 41 marriage
399 1221 27 31 is
458 1221 95 41 being
585 1222 186 40 negotiated,
799 1223 54 30 the
883 1226 62 28 two

176 1304 124 29 persons
315 1293 69 31 who
407 1304 50 19 are
479 1295 32 29 to
536 1293 39 30 be
597 1293 107 42 joined
727 1294 143 40 together
885 1296 61 29 and

177 1363 87 29 made
288 1372 57 20 one
370 1372 57 20 can
452 1362 82 41 only,
563 1362 50 30 tiU
645 1363 68 30 that
740 1363 143 41 junction
907 1364 39 30 be

178 1432 151 40 operated,
364 1431 39 31 be
440 1431 70 41 fitly
539 1431 159 32 described
734 1443 33 20 as
