1019 1638
164 100 51 26 248

413 107 59 20 ALL
490 107 58 20 FOR
567 105 106 22 GREED.

163 204 77 20 even
255 205 18 18 a
288 195 60 29 sale
370 194 33 30 of
422 194 59 29 Les
498 192 138 31 Grandes
654 190 156 39 Bruyeres
830 185 100 41 might

163 262 38 31 be
225 262 140 41 possible.
432 262 92 38 Here,
547 261 16 29 I
593 259 65 31 will
687 258 72 30 read
786 267 62 30 you
877 256 53 29 the

162 328 99 29 letter.
307 327 17 29 I
340 328 54 39 got
409 326 24 30 it
681 322 74 30 And
770 320 160 30 Monsieur

162 396 133 31 Richard
324 396 101 39 began
464 394 105 40 busily
594 392 157 40 throwing
775 401 72 21 over
876 390 53 30 the

162 466 105 30 letters
283 466 60 29 ancl
357 475 109 28 papers
480 464 104 30 before
599 462 74 30 him.

323 534 82 31 devil
431 534 72 30 take
521 544 79 30 your
796 530 132 30 stormed

159 604 53 29 the
233 603 159 39 Vicomte;
558 602 37 30 do
622 601 42 30 all
687 601 53 30 the
766 600 107 30 letters
896 599 32 30 in

159 672 53 30 the
226 672 97 31 world
338 674 111 27 matter
463 682 69 20 now
545 671 14 30 ?
608 670 88 41 Why
712 668 216 41 Champmorin

159 741 117 29 refuses
289 742 6 29 !
373 740 75 30 And
473 740 133 41 striding
629 751 42 29 up
698 742 32 28 to
755 740 53 30 the
835 739 90 38 table,

160 810 158 31 Monsieur
345 811 37 29 de
405 810 178 30 Verancour
606 809 136 40 brought
768 809 48 30 his
846 809 82 29 hand

159 880 89 30 down
263 890 84 29 upon
366 879 25 30 it
405 879 78 31 with
504 889 17 19 a
535 879 101 40 heavy
657 879 118 40 thump,
794 879 61 29 and
875 878 51 30 the

157 951 61 27 two
234 959 71 19 men
319 948 110 30 looked
444 948 74 30 each
534 948 87 30 other
636 948 33 30 in
687 948 53 30 the
755 948 74 30 face.

234 1018 46 29 Re
281 1037 42 3 —
324 1018 35 29 fu
359 1036 43 4 —
403 1028 46 19 ses
464 1018 7 30 !
521 1018 182 29 stammered
724 1021 54 27 out
793 1018 135 30 Richard

158 1086 137 30 Prevost.
376 1086 49 31 Oh
438 1086 6 30 !
468 1086 159 30 Monsieur
642 1086 28 30 le
680 1086 150 40 Vicomte,
847 1087 16 31 I
879 1098 48 20 am

158 1155 192 31 constrained
364 1158 32 27 to
413 1167 53 29 say
483 1156 16 29 I
516 1158 110 28 cannot
641 1159 113 28 master
769 1157 53 30 the
841 1168 86 19 sense

158 1224 33 30 of
209 1225 86 30 those
311 1225 107 31 words.
465 1225 159 31 Monsieur
648 1226 37 30 de
710 1226 218 40 Champmorin

157 1294 116 29 refuses
291 1295 54 28 the
360 1295 118 29 honour
499 1295 34 29 of
551 1295 95 40 being
660 1296 54 30 the
734 1296 144 31 husband
898 1296 33 31 of

156 1362 227 31 Mademoiselle
400 1364 38 30 de
453 1364 179 31 Verancour
644 1366 7 29 !

199 1432 64 29 The
294 1433 199 38 exasperated
529 1437 108 35 parent
667 1445 63 21 was
760 1436 167 31 somewhat
