1019 1638
170 72 34 25 14

423 82 59 19 ALL
501 81 58 20 FOR
579 80 108 21 GREED.

169 167 160 40 anything.
376 168 16 29 I
419 168 61 30 had
504 178 53 29 my
575 166 152 40 thoughts
754 165 94 30 about
875 162 69 31 that

169 237 81 39 hare,
268 237 28 30 if
318 248 61 30 you
404 239 83 28 must
516 236 92 31 know
622 245 6 30 ;
654 234 69 31 that
749 234 74 30 hare
849 244 95 20 never

168 317 62 21 was
257 307 77 39 shot,
338 326 42 3 —
381 307 68 30 that
478 306 73 30 hare
582 316 62 20 was
676 304 123 40 caught,
828 304 114 39 caught

168 376 132 40 mayhap
323 387 39 18 on
385 376 159 29 Monsieur
566 374 154 31 Riviere's
743 373 83 39 land,
839 373 102 30 there-

169 446 63 30 fore
259 446 106 30 stolen.
423 446 99 30 There
536 455 7 30 ;
568 445 59 30 call
650 444 26 31 it
705 444 44 41 by
774 444 41 30 its
842 455 97 27 name,

169 515 97 29 stolen
279 525 7 29 ;
314 526 17 18 a
347 516 68 29 deal
430 526 83 19 more
528 515 99 40 likely
643 514 100 30 stolen
758 514 42 40 by
813 515 131 39 Prosper

168 584 99 30 Morel
296 584 76 30 than
401 584 43 40 by
473 595 61 30 any
566 595 56 20 one
653 584 62 30 else
728 594 8 30 ;
774 584 57 31 but
862 585 82 30 what

169 654 98 29 then?
297 654 108 39 primo,
439 654 129 30 where's
605 654 53 30 the
695 654 111 40 proof?
872 655 71 30 You

168 723 118 30 believe
318 724 24 29 it
353 734 7 29 ;
396 724 54 30 the
485 725 100 29 Maire
626 725 136 31 believes
801 725 25 31 it
840 736 7 29 ;
889 726 53 30 the

169 789 119 38 garde's
309 788 117 31 certain
446 799 71 20 sure
541 789 34 30 of
598 789 25 31 it
637 799 7 31 ;
676 791 57 29 but
759 801 88 20 more,
864 792 76 29 than

169 858 49 38 all,
237 858 15 29 I
280 858 120 30 believe
423 858 26 30 it
460 868 7 29 ;
486 858 58 31 but
558 859 85 31 what
666 860 77 30 then
753 860 14 31 ?
810 861 132 40 Prosper

169 928 54 29 has
243 928 61 29 had
327 927 49 30 his
400 928 112 40 permit
530 929 95 30 taken
639 930 80 30 from
743 930 65 31 him
819 941 7 30 ;
852 931 89 31 Mon-

170 996 82 30 sieur
266 996 151 31 wouldn't
431 997 72 41 help
519 998 65 31 him
600 1002 32 27 to
648 1003 54 37 get
717 1001 26 30 it
754 1011 6 29 ;
782 1001 61 30 and
859 1001 84 31 what

169 1066 75 29 then
254 1066 14 29 ?
312 1066 137 40 Suppose
464 1068 53 29 the
542 1069 94 39 garde
653 1070 122 31 catches
790 1071 75 40 him,
882 1073 61 29 and

169 1135 99 30 draws
283 1145 42 29 up
340 1135 50 31 his
404 1146 119 30 proces-
527 1139 114 39 verbal,
656 1140 61 31 and
732 1141 39 31 he
787 1145 69 37 gets
872 1153 70 20 con-

170 1205 130 28 demned
326 1206 59 28 and
412 1206 90 39 fined,
527 1209 60 29 and
604 1209 113 41 justice
743 1211 28 30 is
795 1212 146 38 satisfied,

170 1274 60 29 and
246 1284 129 30 suppose
391 1275 159 32 Monsieur
566 1281 89 29 turns
673 1281 65 30 him
760 1285 54 27 out
835 1283 34 30 of
895 1283 48 30 his

170 1344 58 29 hut
243 1354 42 29 up
300 1344 86 30 there
403 1344 32 31 in
450 1346 54 30 the
520 1347 103 41 forest,
642 1351 60 30 and
724 1355 69 36 gets
815 1354 129 30 another

169 1413 196 30 woodcutter.
412 1415 93 39 Well,
528 1427 132 31 suppose
690 1420 40 29 all
755 1421 77 39 that,
861 1424 83 30 what
