1019 1638
180 101 53 26 214

450 109 58 20 ALL
528 108 57 21 FOR
606 106 107 22 GREED.

182 196 115 29 medals
311 196 6 30 !
360 195 120 30 Medals
492 195 7 29 !
554 193 40 30 he
609 191 145 40 repeated
770 190 33 30 in
818 201 17 19 a
847 190 105 40 singu-

182 266 45 30 lar
243 268 70 28 tone
329 265 33 31 of
396 262 201 41 deprecation.
679 260 107 31 Forms
806 260 7 31 !
838 260 93 30 forms
946 259 6 30 !

182 334 153 30 imitation
348 333 87 38 piety
449 332 7 30 !

226 403 133 31 Vevette
375 401 117 39 smiled,
507 401 61 29 and
590 399 65 30 said
670 398 78 31 with
770 408 17 20 a
807 398 96 30 touch
925 397 34 31 of

184 472 124 39 raillery
333 471 34 29 in
392 471 55 29 her
473 471 93 29 sweet
590 467 94 39 voice,
872 467 83 31 what

185 552 63 30 you
274 551 53 30 say
363 539 26 31 is
422 539 114 40 always
563 539 52 29 the
651 539 89 28 exact
773 547 120 20 reverse
925 537 33 30 of

185 610 84 30 what
292 610 54 28 the
361 608 91 30 Abbe
474 608 101 40 Leroy
736 606 65 30 The
825 605 80 32 Cure
927 606 32 30 of

187 678 42 31 St.
247 677 152 30 PhUibert
414 676 123 40 usually
552 677 83 29 went
650 675 42 41 by
707 675 49 30 his
773 686 68 20 own
856 685 97 29 name,

187 748 104 31 whilst
325 747 54 29 the
413 746 104 38 parish
552 745 96 39 priest
684 746 33 30 of
759 746 30 29 D
895 755 62 21 was

895 756 61 19 was

187 816 216 41 emphatically
459 815 159 31 Monsieur
641 815 30 31 le
698 815 81 31 Cure
833 815 48 31 for
906 818 53 28 ten

187 887 87 29 miles
303 887 107 29 round.
513 886 64 29 The
603 885 92 30 Abbe
728 886 100 40 Leroy
855 885 104 30 insists

187 967 83 29 upon
290 956 24 30 it
340 956 68 30 that
430 966 48 20 we
502 966 56 20 can
583 965 95 21 never
703 954 76 32 bind
802 955 157 31 ourselves

190 1026 90 31 down
291 1025 43 40 by
349 1028 50 27 too
415 1036 91 29 many

265 1095 64 29 The
344 1093 92 31 Abbe
452 1094 100 40 Leroy
568 1093 27 30 is
618 1104 17 19 a
807 1094 97 30 broke
927 1094 35 30 in

189 1163 53 30 the
273 1163 91 39 Cure,
394 1163 153 40 abruptly.
638 1163 87 41 They
756 1163 86 31 don't
871 1163 92 32 know

188 1234 101 29 where
304 1233 75 40 they
392 1243 49 19 are
452 1232 126 41 leading
592 1233 54 29 the
670 1232 132 41 Church,
817 1244 56 20 nor
896 1235 70 31 how

188 1302 75 40 they
278 1312 50 19 are
343 1301 161 41 falsifying
513 1302 56 30 her
580 1301 170 41 teachings.
796 1303 165 40 However,

187 1372 78 30 faith
291 1372 60 29 and
381 1382 110 30 prayer
518 1383 50 19 are
592 1383 56 20 our
671 1373 74 40 only
760 1384 80 20 arms
854 1383 7 30 ;
863 1393 42 3 —
906 1375 60 30 and

187 1442 77 30 hard
408 1441 39 31 he
458 1442 99 30 added
569 1451 8 30 ;
630 1442 53 30 the
698 1442 154 31 incessant
861 1444 107 31 labour
