1019 1638
370 108 62 19 THE
450 108 120 19 LOVERS.

802 101 52 26 127

94 191 92 30 dours
199 191 33 30 of
244 192 86 31 three
343 194 159 40 centuries,
519 195 54 29 has
584 194 94 30 borne
693 194 163 41 haughtily

93 260 34 31 in
156 262 83 29 hand
268 263 53 30 the
347 263 115 31 banner
488 264 33 30 of
547 263 144 31 feminine
717 274 138 30 courage,

95 330 138 42 activity,
251 333 60 29 and
326 332 203 41 intelligence,
543 334 60 29 and
618 344 77 29 gone
710 333 148 40 unloving

95 400 138 40 through
247 401 128 41 history.
421 402 63 30 The
499 412 139 30 younger
653 412 56 20 one
724 401 133 40 personi-

96 468 62 30 fied
183 469 68 31 that
277 470 152 41 infinitely
455 481 82 19 rarer
564 471 86 29 order
676 471 33 29 of
731 481 126 27 women,

97 538 126 29 humble
239 539 60 29 and
314 539 102 30 heroic
432 541 30 28 at
478 550 81 28 once,
573 539 69 31 who
653 539 78 29 from
746 539 114 30 Jeanne

100 606 94 31 d'Arc
216 611 33 26 to
272 607 111 31 Louise
399 608 38 30 de
459 608 29 30 la
502 608 144 38 VaUiere,
664 608 131 39 worship
809 608 53 30 the

100 676 89 40 ideal,
222 677 61 29 and
311 680 104 37 accept
443 677 188 40 martyrdom
656 688 31 19 as
713 688 17 18 a
759 677 103 39 fitting

100 746 200 39 punishment
315 747 46 30 for
376 747 116 38 having
507 748 96 29 loved.

145 815 98 30 There
258 815 26 30 is
299 816 53 29 the
368 826 56 19 one
440 815 223 30 characteristic
678 824 137 20 common
834 816 31 27 to

101 886 54 29 the
170 887 62 29 two
247 886 109 29 classes
368 894 9 31 ;
378 903 43 4 —
421 885 76 30 both
510 884 119 31 beheve
645 885 68 30 love
728 886 31 28 to
774 883 39 30 be
828 893 38 19 an

103 954 70 39 evil,
202 965 18 19 a
244 954 92 40 thing
361 954 126 40 unholy,
506 954 59 29 and
591 953 33 30 in
648 953 54 30 the
724 952 143 40 negation

102 1023 138 30 whereof
251 1022 56 30 hes
321 1025 70 27 true
406 1021 142 41 sanctity.
592 1021 90 41 Only,
697 1020 103 32 whilst
814 1020 52 30 the

103 1102 57 20 one
187 1091 64 31 side
277 1091 140 31 achieves
443 1091 52 30 the
520 1091 138 39 triumph
680 1090 103 40 easily,
808 1090 60 29 and

102 1165 74 37 puts
189 1163 88 29 heart
293 1163 60 28 and
368 1162 67 29 soul
456 1161 65 30 into
537 1161 148 30 ambition
699 1161 60 30 and
778 1160 89 30 intel-

104 1231 113 30 lectual
238 1230 146 40 pursuits,
402 1230 52 30 the
470 1230 88 30 other
578 1229 64 30 side
657 1229 97 40 yields
769 1231 32 27 to
816 1229 52 29 the

106 1310 168 30 conqueror
307 1300 60 29 and
403 1301 118 38 accepts
551 1298 223 31 wretchedness
810 1297 59 30 and

106 1369 93 31 death
227 1379 33 20 as
288 1368 54 30 the
371 1367 105 40 fitting
511 1378 133 29 penance
674 1367 46 29 for
756 1365 113 40 having

105 1439 99 30 loved.
250 1437 98 30 Much
377 1436 34 30 of
433 1436 42 30 all
504 1435 62 31 this
588 1435 26 30 is
637 1434 101 39 owing
764 1437 32 27 to
818 1434 51 29 the
