1019 1638
825 104 52 26 281

291 111 20 19 A
331 111 143 21 PRUDENT
492 111 108 21 YOUNG
619 111 86 21 LADY.

115 194 253 44 sentimentahty,
386 198 60 29 and
472 198 34 29 of
525 208 40 19 an
588 198 123 40 equaUy
735 197 143 30 balanced

114 264 95 30 mind.
254 266 160 30 Monsieur
437 266 37 30 de
488 266 186 39 Verancour,
691 266 103 32 whilst
809 277 69 19 con-

113 334 193 41 gratulating
342 335 126 30 himself
500 346 83 30 upon
614 335 115 41 having
759 336 75 29 such
862 347 16 18 a

113 402 163 40 daughter,
307 415 63 20 was
406 408 55 26 not
497 404 170 40 altogether
702 404 131 32 without
862 415 16 19 a

112 470 117 31 certain
252 471 115 41 feeling
393 472 34 30 of
453 472 172 41 inferiority
648 473 90 30 when
768 472 33 30 in
823 472 55 30 her

111 550 154 30 presence,
298 542 61 29 and
394 541 26 30 it
454 542 62 29 had
551 542 77 29 been
663 541 136 30 affirmed
834 542 43 39 by

112 608 129 40 Celeste,
267 610 70 31 who
364 620 83 20 came
472 610 115 30 herself
613 610 98 30 under
737 610 139 31 Felicie's

112 676 98 32 direct
226 677 126 38 control,
370 678 67 30 that
452 678 39 29 he
506 688 62 20 was
583 678 97 30 afraid
695 678 34 30 of
740 678 62 30 her.

154 746 92 30 After
262 746 242 39 Champmorin's
519 746 190 31 withdrawal
730 746 78 31 from
823 747 49 29 the

109 816 157 41 projected
310 814 205 32 matrimonial
567 818 208 36 engagement,
822 816 50 30 the

110 884 142 31 Vicomte
274 884 149 40 certainly
446 884 53 30 did
521 884 59 29 feel
604 884 128 40 shghtly
757 884 115 30 embar-

108 955 113 39 rassed,
239 954 62 30 and
323 954 63 30 had
408 956 54 28 not
477 956 53 38 yet
551 954 87 29 made
660 964 42 29 up
717 953 48 30 his
788 953 84 30 mind

107 1034 33 20 as
166 1027 32 27 to
224 1024 53 30 the
299 1022 116 41 precise
437 1026 94 26 terms
546 1022 33 30 in
593 1022 102 32 which
708 1022 39 30 he
762 1022 110 30 should

107 1094 112 39 impart
243 1096 32 27 to
305 1092 49 30 his
386 1092 151 40 daughter
563 1092 67 30 that
654 1092 53 30 she
729 1101 63 21 was
817 1094 55 28 not

105 1164 98 41 likely
224 1166 32 28 to
281 1163 38 30 be
342 1161 132 32 married
497 1172 33 20 as
553 1172 74 20 soon
652 1172 33 19 as
708 1161 60 30 had
793 1161 77 30 been

105 1232 160 40 supposed.

145 1303 60 30 She
221 1302 93 30 saved
328 1301 62 27 him
408 1301 41 30 all
464 1299 121 32 trouble
601 1310 39 19 on
654 1299 68 30 that
735 1298 93 39 point.

428 1370 54 30 she
504 1368 74 39 said,
599 1378 57 20 one
678 1366 140 41 evening,
835 1367 31 30 in

99 1442 54 31 the
177 1443 141 30 sweetest
343 1440 34 30 of
399 1439 42 31 aU
458 1437 132 41 possible
604 1440 96 35 tones,
718 1437 59 30 and
799 1447 67 29 pre-
