1019 1638
141 109 51 25 140

389 117 58 20 ALL
467 117 57 20 FOR
544 116 107 21 GREED.

140 204 108 38 breast,
276 204 59 29 and
365 215 18 18 a
413 206 121 34 tremor,
569 213 17 19 a
617 201 77 30 kind
727 200 34 31 of
784 199 121 31 electric

139 272 160 39 vibration,
317 273 108 38 passed
441 283 72 20 over
527 272 55 30 her
597 271 104 30 frame.

214 343 91 39 Well,
442 343 141 29 resumed
598 341 108 38 Raoul,
724 339 181 41 apparently

138 411 142 40 satisfied,
331 411 65 31 wiU
410 422 63 30 you
489 413 125 29 consent
635 413 33 28 to
683 410 39 30 be
737 409 168 40 bargained

138 492 85 29 away
237 483 33 28 to
286 492 80 19 some
381 492 71 18 man
466 492 62 29 you
544 482 110 28 cannot
675 481 78 38 love,
772 490 32 19 as
827 489 78 31 your

138 550 88 30 sister
241 550 64 31 will
320 551 58 29 be?
410 550 79 30 Will
504 560 63 31 you
581 550 109 40 betray
706 550 59 29 and
781 550 124 38 destroy

138 629 55 26 me,
213 621 53 28 out
281 619 34 29 of
326 619 156 30 weakness
493 619 14 30 ?

180 687 132 31 Vevette
326 689 112 29 turned
459 689 99 29 round
580 689 60 29 and
655 688 110 30 looked
780 687 124 40 implor-

138 757 87 40 ingly
248 760 32 27 at
302 757 55 29 her
381 757 93 30 lover.
552 757 98 30 What
676 768 49 18 am
755 757 17 29 I
798 759 32 28 to
855 757 47 39 do,

138 826 98 30 Raoul
248 827 14 30 ?
309 827 53 30 she
384 827 135 39 pleaded.
601 826 173 31 Obedience
796 829 33 28 to
851 837 53 30 my

138 895 99 30 father
251 895 26 30 is
292 906 53 29 my
359 898 79 28 most
453 896 112 38 sacred,
584 906 53 29 my
652 896 68 30 first

212 964 58 38 No,
288 964 141 38 Vevette,
454 964 25 31 it
500 964 27 31 is
548 967 55 28 not
712 964 193 41 interrupted

138 1033 97 30 Raoul
257 1033 110 41 firmly.
447 1034 99 30 Truth
568 1036 31 29 to
621 1045 49 20 me
693 1034 26 31 is
741 1045 71 21 now
827 1045 78 31 your

137 1102 66 30 first
219 1103 85 40 duty.
349 1103 72 30 You
442 1103 79 30 have
545 1103 93 40 given
652 1114 49 19 me
717 1115 79 29 your
817 1105 88 30 heart

138 1172 59 29 and
213 1172 74 38 soul,
306 1172 59 29 and
380 1183 62 29 you
458 1175 83 28 must
555 1172 38 30 be
608 1175 70 28 true
694 1176 32 28 to
741 1184 58 28 me,
819 1185 33 19 or
867 1174 38 31 be

302 1310 107 38 Raoul,
428 1310 99 30 Raoul
592 1314 83 36 wept
690 1311 54 31 the
760 1312 147 40 agonised

138 1378 67 40 girl,
256 1378 87 30 there
359 1377 26 31 is
400 1389 53 30 my
469 1378 47 31 sin
530 1388 6 30 ;
560 1380 61 29 ancl
643 1380 47 30 for
712 1381 68 30 that
797 1382 48 30 sin
860 1393 47 20 we

137 1448 78 29 shall
229 1448 76 29 both
320 1448 94 29 suffer
425 1448 6 29 !
