1019 1638
153 114 53 27 198

405 122 57 20 ALL
482 121 57 21 FOR
559 120 108 22 GREED.

153 210 106 30 served
294 212 32 27 to
367 209 118 30 receive
521 208 164 39 telegrams
721 204 195 42 incessantly,

153 279 170 30 sometimes
349 281 61 28 two
436 277 33 31 in
493 277 52 31 the
572 287 81 19 same
681 276 67 40 day.
802 275 30 29 D

152 353 62 21 was
235 345 54 28 not
309 353 19 19 a
344 342 160 39 telegraph
525 339 121 39 station,
668 339 61 30 and
746 349 18 20 a
785 349 72 20 man
880 349 39 20 on

152 411 168 31 horseback
339 411 60 30 had
421 414 32 27 to
471 409 93 40 bring
579 409 52 30 the
648 408 179 40 despatches
841 408 78 30 from

154 480 118 39 Cholet,
289 491 39 19 an
351 480 105 29 hour's
476 478 75 39 ride,
569 479 61 29 and
654 477 49 31 his
726 477 112 31 arrival
858 488 61 20 was

153 559 39 20 an
214 551 99 36 event,
332 548 60 30 and
414 548 74 30 shed
511 547 89 40 glory
616 557 72 20 over
708 547 53 29 the
786 546 133 31 receiver

154 617 34 29 of
201 617 53 29 the
269 616 148 38 missives,
435 616 69 30 who
520 625 62 21 was
601 615 160 31 forthwith
781 616 137 30 elevated

154 688 31 24 to
201 685 52 27 the
268 684 78 28 rank
361 684 34 28 of
406 694 18 18 a
438 683 97 29 Mires
552 694 33 18 or
600 694 17 18 a
632 684 132 28 Pereire.

197 753 50 31 On
261 754 53 30 the
332 753 55 31 6th
405 753 33 31 of
455 753 53 30 the
526 753 116 38 month,
660 752 159 31 Monsieur
834 754 84 30 Leon

155 823 178 30 announced
361 824 33 28 to
417 822 100 30 Raoul
540 823 69 29 that
637 823 38 29 he
701 823 90 30 could
816 834 103 20 secure

155 891 52 31 the
234 892 111 39 shares,
373 892 61 30 and
462 892 68 30 that
559 892 39 30 he
626 891 102 41 might
756 892 79 31 have
863 903 56 20 one

155 960 86 31 week
256 960 136 31 wherein
409 962 32 28 to
463 960 65 30 find
551 961 53 29 the
626 971 120 30 money.

155 1030 98 30 added
267 1030 48 38 he,
456 1030 53 30 the
525 1030 142 30 fifteenth
686 1030 26 30 it
731 1030 65 31 will
815 1031 38 30 be
869 1034 49 28 too

154 1099 60 29 late
228 1108 7 29 ;
266 1098 46 30 for
337 1109 39 19 on
399 1099 54 29 the
482 1099 160 30 afternoon
665 1099 34 30 of
725 1100 67 30 that
816 1100 59 42 day
902 1101 16 30 I

153 1169 82 28 must
250 1170 77 28 start
344 1167 47 31 for
405 1167 88 31 Paris
510 1170 33 28 to
558 1169 170 30 undertake
742 1170 54 30 the
816 1171 102 30 settle-

152 1238 85 27 ment
266 1236 34 29 of
328 1237 121 30 various
475 1237 200 42 preliminary
704 1239 109 31 details
843 1240 76 31 with

151 1315 53 28 my

194 1375 73 29 Had
291 1375 101 30 Raoul
416 1376 38 30 de
480 1376 145 32 Morville
648 1378 34 30 in
708 1379 41 29 all
778 1379 49 30 his
853 1390 65 20 sur-

150 1444 170 40 roundings
347 1455 60 29 any
428 1456 57 20 one
506 1447 70 31 who
604 1448 88 30 cared
718 1451 31 28 to
771 1452 73 28 note
867 1450 52 30 the
