1019 1638
128 114 53 27 238

380 123 58 19 ALL
457 122 58 20 FOR
534 121 107 21 GREED.

129 209 106 30 tinued
250 210 47 38 he,
311 210 77 30 after
404 220 17 19 a
436 210 190 38 momentary
638 216 103 30 pause,

129 289 38 29 go
191 289 39 20 on
255 278 240 41 impoverishing
521 277 155 31 ourselves
698 279 33 27 to
753 276 77 39 keep
852 287 42 28 up

129 348 50 30 old
214 348 125 31 historic
375 348 168 38 memories,
577 347 60 29 and
675 348 128 38 prevent
841 346 52 29 the

129 418 133 40 glorious
292 419 96 29 sound
419 418 34 30 of
481 418 50 29 old
560 427 104 20 names
693 416 78 31 from
801 415 93 41 being

129 488 58 30 lost
201 488 33 30 in
249 488 52 30 the
317 487 104 30 horrid
435 497 69 20 roar
519 486 34 30 of
570 486 210 38 Revolutions,
785 504 42 4 —
827 486 67 30 that

128 557 26 29 is
180 556 258 40 comprehensible
452 566 7 29 ;
482 556 26 29 it
533 555 27 30 is
586 566 56 19 one
670 555 33 30 of
725 556 53 29 the
802 566 92 30 many

129 626 149 30 sacrifices
293 628 31 27 to
346 625 102 31 which
471 635 55 20 our
548 624 139 30 noblesse
710 624 118 41 obliges
848 636 44 19 us.

129 695 73 29 And
224 695 70 30 how
319 704 93 30 many
438 704 50 19 are
511 694 87 30 there
626 694 33 30 of
681 705 37 19 us
743 695 70 30 who
840 705 54 20 can

129 764 38 30 do
187 763 34 39 it,
239 773 78 21 even
326 763 14 31 ?
383 763 65 31 Not
469 773 57 20 one
545 762 34 31 in
594 773 17 20 a
626 763 149 31 hundred.
822 764 69 38 We,

128 833 69 30 who
227 842 50 20 are
306 831 145 31 identical
480 831 77 32 with
586 832 53 30 the
670 832 65 40 soil,
767 843 47 21 we
845 844 49 20 are

129 903 102 28 forced
245 905 31 26 to
293 902 55 29 sell

399 972 166 39 suggested
591 972 124 40 timidly
737 972 158 30 Monsieur

129 1042 141 38 Richard,
319 1042 130 39 perhaps
464 1042 68 29 that
546 1041 27 30 is
587 1042 73 39 why
675 1052 46 20 we
736 1042 66 39 buy

172 1112 64 29 But
255 1111 52 30 the
322 1110 141 31 Vicomte
480 1110 52 30 did
554 1114 55 27 not
631 1121 81 20 seem
728 1114 31 28 at
778 1111 41 31 all
839 1111 56 31 im-

129 1181 123 40 pressed
273 1180 43 40 by
331 1180 53 29 the
403 1180 81 29 force
504 1180 33 29 of
552 1180 62 29 this
634 1183 163 37 argument
808 1191 6 29 ;
839 1182 55 38 for,

129 1249 177 41 unheeding
328 1250 54 29 the
407 1248 214 41 interruption,
649 1250 39 30 he
719 1250 174 39 continued,

250 1320 106 39 people
383 1319 33 30 of
438 1319 54 30 the
515 1329 69 21 new
607 1320 111 38 school,
736 1331 63 30 you
820 1331 76 20 nou-

129 1401 102 20 veaux
269 1389 108 38 riches,
417 1399 50 20 are
508 1399 32 19 so
587 1389 182 41 completely
807 1391 63 30 free
890 1391 6 30 !

129 1459 142 38 Nothing
308 1458 155 31 trammels
500 1469 33 19 or
565 1458 92 30 binds
694 1469 71 28 you.
825 1460 72 31 You
