1019 1638
140 93 53 25 234

391 102 57 19 ALL
468 101 57 20 FOR
545 99 107 22 GBEED.

140 186 34 29 of
193 186 24 31 it
239 198 71 28 was,
327 188 67 31 that
416 188 26 30 it
464 198 62 21 was
545 185 176 41 impossible
741 187 55 28 not
815 188 32 27 to
870 184 38 31 be

139 256 132 39 grateful
286 259 31 28 to
332 268 82 29 poor,
427 257 87 40 good,
527 254 280 42 patiently-toiling
818 254 88 29 Mon-

138 325 81 29 sieur
243 326 133 29 Richard
404 326 47 30 for
475 326 52 29 the
557 324 143 30 manifest
725 323 121 30 trouble
868 323 39 30 he

138 406 62 19 was
222 395 116 40 taking.
383 395 51 30 He
456 404 94 21 never
564 393 111 41 totally
691 392 149 40 deprived
854 392 52 30 the

139 464 99 40 sorely
257 464 166 39 perplexed
449 463 100 30 father
572 462 34 30 of
628 462 88 40 hope,
733 471 95 20 never
853 471 53 20 an-

139 533 138 30 nounced
299 536 32 27 to
351 532 66 30 him
437 532 52 31 the
512 531 109 31 failure
647 530 33 31 of
700 530 49 31 his
769 530 137 40 negotia-

138 602 89 38 tions,
256 613 33 18 or
313 604 57 37 put
393 601 127 29 himself
545 601 34 29 in
603 601 52 29 the
680 599 133 41 position
838 600 34 30 of
890 611 17 19 a

139 682 70 19 man
233 671 68 30 who
327 671 61 30 had
415 671 77 30 done
516 670 48 30 his
589 672 116 28 utmost
730 669 61 30 and
818 670 89 29 could

139 741 38 30 do
200 751 40 20 no
266 750 100 29 more;
390 740 65 39 but,
481 751 39 19 on
543 740 54 30 the
621 742 152 38 contrary,
796 740 111 40 played

139 809 76 31 with
230 809 48 30 his
299 809 133 30 sohcitor
452 809 78 30 after
549 809 54 30 the
625 812 80 27 most
727 808 180 41 tantalising

139 879 127 39 fashion,
295 879 60 30 and
378 889 63 21 was
465 879 48 30 for
538 889 72 20 ever
634 878 140 40 showing
800 878 66 31 him
891 889 17 20 a

140 950 112 28 chance
282 949 34 29 of
349 949 53 29 the
431 948 183 30 attainment
645 948 34 29 of
711 947 82 30 their
823 949 83 29 ends.

140 1017 93 30 Their
256 1018 75 29 ends
346 1017 6 31 !
354 1036 43 3 —
397 1017 47 31 for
467 1017 34 30 of
522 1016 49 31 his
594 1016 64 31 zeal
684 1016 33 30 in
741 1016 53 31 the
818 1027 90 20 cause

141 1087 34 29 of
200 1087 52 30 the
282 1086 116 40 famdy,
430 1086 159 30 Monsieur
618 1085 135 31 Richard
782 1086 58 30 left
868 1096 40 20 no

141 1156 103 30 doubt.
301 1155 74 30 And
398 1156 52 30 the
472 1155 142 31 Vicomte
640 1155 57 31 felt
719 1155 26 31 it
770 1166 63 21 was
855 1155 53 31 the

335 1225 52 29 the
413 1224 95 30 house
533 1224 34 30 of
588 1224 188 40 Verancour,
805 1225 103 31 which

140 1304 62 21 was
231 1293 94 41 being
361 1294 125 42 served;
487 1313 44 2 —
531 1294 61 30 and
628 1294 68 31 that
724 1305 64 20 was
821 1305 33 20 as
883 1294 25 32 it

140 1364 110 29 should
271 1363 47 30 be.
365 1363 31 30 It
421 1364 103 30 would
549 1364 79 30 have
648 1364 79 29 been
748 1375 158 29 presump-

141 1436 91 28 tuous
262 1433 32 30 in
318 1432 158 31 Monsieur
503 1432 133 31 Richard
666 1436 32 27 to
724 1434 78 30 have
829 1435 79 29 tried
