1019 1638
154 66 33 27 58

405 75 58 20 ALL
483 75 57 20 FOR
561 72 106 23 GREED.

155 162 115 41 family,
296 162 60 31 and
377 162 26 30 it
423 172 62 20 was
507 159 136 40 thought
665 158 53 31 the
735 156 87 41 right
837 156 90 40 thing

154 234 31 27 to
202 232 114 30 submit
331 234 31 28 to
379 230 185 42 everything
585 229 47 30 for
651 228 54 31 the
721 227 73 31 sake
811 226 33 30 of

153 302 84 30 what
258 301 25 31 it
305 301 101 40 might
427 300 106 41 puzzle
555 309 63 30 you
634 308 33 20 or
689 308 49 19 me
761 300 32 27 to
810 295 117 42 specify

154 371 168 40 distinctly,
336 371 57 29 but
408 370 76 40 they
498 369 101 37 knew,
618 367 60 31 and
693 377 81 21 were
790 366 137 31 satisfied

153 440 76 31 with
244 439 81 31 their
340 449 68 21 own
423 436 234 41 magnanimity.

198 509 16 29 I
229 509 79 29 have
324 508 66 30 said
404 508 68 29 that
487 507 87 30 there
590 516 63 21 was
669 515 57 21 one
743 504 64 32 side
823 505 34 30 of
874 504 53 31 the

154 579 129 30 chateau
308 577 104 32 which
436 587 63 21 was
526 587 78 29 open
634 579 32 27 to
692 576 53 30 the
772 575 100 32 winds
899 576 33 29 of

156 648 127 38 heaven,
310 647 61 29 and
387 657 39 19 on
449 647 69 29 that
543 645 64 31 side
632 656 18 19 a
669 645 152 41 tolerably
836 645 96 30 broad

155 719 125 37 terrace,
297 716 127 41 planted
446 715 78 32 with
546 714 124 40 acacias,
688 714 73 31 lime
784 715 60 30 and
870 717 59 29 nut

155 789 89 36 trees,
259 786 200 40 delightfully
472 786 65 30 cool
549 786 61 29 and
626 786 98 40 shady
735 785 34 30 in
784 796 142 28 summer,

156 866 63 21 was
240 856 53 29 the
310 855 138 41 open-air
465 855 131 30 boudoir
611 855 34 30 of
662 856 55 29 the
736 857 62 30 two
815 855 112 40 sisters,

158 926 114 31 Felicie
297 927 60 29 and
380 925 187 40 Genevieve,
593 936 34 20 or
648 925 144 40 Vevette,
817 936 33 20 as
877 925 52 31 she

158 1006 62 20 was
245 995 44 41 by
314 995 213 31 abbreviation
552 995 126 41 usually
704 995 107 31 called.
856 995 75 30 This

159 1065 61 30 had
249 1064 164 41 originally
443 1064 119 31 formed
595 1068 70 38 part
695 1065 33 30 of
755 1065 53 30 the
839 1065 93 30 castle

159 1136 157 38 ramparts,
335 1134 60 30 and
413 1134 62 30 had
490 1134 79 31 been
585 1145 56 20 one
657 1135 34 30 of
707 1135 54 30 the
777 1134 156 33 outworks

161 1205 103 28 meant
288 1205 32 28 to
347 1203 112 30 defend
485 1204 53 30 the
562 1206 83 29 town
670 1205 61 30 and
754 1205 126 31 fortress
905 1205 31 30 of

161 1272 29 30 D
292 1272 121 40 against
428 1284 61 31 any
505 1273 107 32 inroad
628 1285 39 20 on
682 1275 53 30 the
750 1278 71 38 part
836 1276 34 30 of
881 1276 53 30 the

161 1342 140 30 Bretons.
352 1342 34 29 If
411 1353 63 30 you
504 1344 121 30 crossed
655 1355 73 20 over
757 1345 54 31 the
840 1345 96 31 broad

162 1415 86 27 stone
273 1415 126 38 parapet
425 1422 39 21 on
491 1423 56 20 one
574 1413 74 41 side,
678 1425 62 29 you
767 1415 92 30 could
885 1425 49 21 see
