1019 1638
359 101 127 28 raoul's
504 109 145 20 distress.

836 103 53 25 265

121 201 97 20 seems
247 193 32 29 to
295 202 49 20 me
365 204 32 19 as
415 195 120 39 though
545 196 87 29 there
651 206 80 20 were
757 206 17 19 a
794 196 93 39 phan-

121 262 72 37 tom,
226 272 18 18 a
284 262 142 31 dreadful
470 264 182 40 something,
684 265 68 30 that
787 265 102 30 would

119 329 114 41 always
248 330 60 31 rise
323 342 43 29 up
381 332 139 31 between
531 343 45 29 us,
591 344 77 19 even
679 334 90 30 when
777 344 47 20 we
839 345 50 18 are

119 409 72 19 man
206 399 60 29 and
427 400 75 30 And
515 400 39 31 he
574 400 80 31 tried
675 403 32 29 to
730 402 83 31 draw
834 402 55 30 her

120 468 80 30 close
214 471 32 28 to
261 468 74 40 him,
353 468 58 31 but
427 470 54 29 she
501 469 64 31 still
587 471 115 29 shrank
716 472 60 28 and
796 473 90 27 trem-

119 537 80 30 bled.
289 538 135 30 Vevette
438 538 7 31 !
504 538 40 31 he
567 540 98 39 urged
694 539 33 31 in
749 550 17 20 a
796 540 92 30 softer

118 610 82 36 tone,
228 607 140 41 pressing
393 608 56 29 her
471 608 84 30 hand
580 608 34 30 in
636 609 77 30 both
737 609 48 29 his
808 620 77 20 own.

151 677 17 30 I
198 687 49 20 am
277 676 103 41 going.
447 678 62 30 We
541 688 71 30 may
641 680 54 28 not
730 680 81 28 meet
839 677 47 31 for

117 748 132 29 months.
294 747 33 30 It
352 747 26 30 is
402 748 52 29 the
470 748 59 29 last
554 747 74 30 time
648 758 47 20 we
716 757 56 20 can
791 747 94 40 speak

117 816 149 40 together,
292 816 54 30 the
366 826 77 31 very
464 815 60 31 last
543 815 74 31 time
630 825 7 30 ;
683 816 17 30 I
722 816 79 30 have
827 815 58 31 but

117 897 56 19 one
188 886 88 39 hope,
293 885 58 30 but
377 895 56 20 one
460 885 127 29 comfort
609 884 33 30 in
663 885 53 29 the
736 885 104 39 world,
843 903 42 4 —

117 966 78 30 your
209 955 78 30 love.
333 955 49 30 Do
397 965 63 30 you
475 954 71 31 look
560 964 83 30 upon
658 965 78 30 your
752 953 131 41 promise

115 1027 32 27 to
163 1035 48 19 me
227 1035 33 19 as
275 1035 18 19 a
308 1024 104 30 sacred
427 1035 57 19 one
497 1024 14 30 ?

156 1094 31 30 A
198 1094 78 30 faint
435 1094 127 37 escaped
576 1093 55 30 her
645 1092 67 39 lips.

189 1165 50 30 Do
268 1175 63 31 you
360 1166 94 28 count
482 1173 84 30 upon
594 1162 82 31 mine
705 1165 32 28 to
758 1173 63 30 you
850 1172 31 20 as

112 1234 174 41 absolutely
297 1245 33 19 as
345 1234 121 39 though
482 1233 16 29 I
514 1233 61 29 had
590 1232 150 40 solemnly
751 1231 130 40 pledged

111 1315 63 29 you
188 1314 54 30 my
256 1303 79 30 faith
349 1305 33 28 at
396 1302 53 31 the
465 1301 77 31 altar
554 1301 14 30 ?

153 1373 75 31 This
243 1372 75 32 time
338 1372 53 30 the
407 1371 60 39 girl
488 1370 110 30 looked
620 1380 51 29 up,
689 1368 60 30 and
770 1367 109 31 looked

111 1444 133 39 straight
258 1444 61 29 and
333 1440 177 31 unabashed
526 1439 64 31 into
605 1439 55 29 her
675 1438 110 30 lover's
797 1447 79 30 eyes,
