1019 1638
191 116 233 23 MADEMOISELLE
444 111 143 28 FELICIE's
606 118 147 21 HUSBAND.

805 111 53 27 249

104 202 148 31 mollified
276 206 32 28 at
339 205 84 39 sight
451 206 33 29 of
512 205 159 30 Monsieur
699 205 160 30 Richard's

97 269 205 42 indignation.
368 273 85 31 Read
584 273 65 31 said
662 274 48 38 he,
723 273 136 40 handing

97 349 73 21 over
185 343 32 27 to
232 340 65 30 him
312 352 17 18 a
344 342 99 28 letter.

141 409 160 31 Monsieur
337 411 135 30 Richard
508 411 53 31 did
596 412 80 39 read,
704 412 60 30 and
799 422 61 21 was

97 478 171 42 seemingly
284 482 213 38 overpowered
511 482 42 39 by
567 482 83 30 what
665 482 38 28 he
717 482 80 38 read,
815 481 45 30 for

96 547 48 30 his
175 551 206 28 countenance
404 560 63 21 was
495 550 187 41 thoroughly
701 551 83 30 what
812 550 48 31 his

97 619 201 37 countrymen
331 620 79 27 term
703 619 90 30 when
821 619 38 29 he

96 686 146 30 returned
257 686 54 30 the
325 697 94 28 paper
434 690 31 27 to
481 687 40 30 its
537 698 109 21 owner.

265 756 64 30 will
511 757 145 29 observed
681 757 51 29 the
759 758 97 37 latter,

132 825 68 30 that
214 824 132 40 nothing
361 824 26 30 is
402 825 57 30 left
473 825 47 30 for
534 835 49 20 me
597 828 31 27 to
645 826 46 29 do.
737 826 31 29 It
782 825 27 30 is
826 836 32 19 as

96 895 147 39 complete
259 905 18 19 a
292 905 96 29 conge
404 905 31 19 as
455 905 56 19 can
524 895 70 30 well
616 895 38 29 be
669 894 100 40 given,
788 896 67 36 and,

95 973 165 28 moreover,
283 962 135 30 couched
444 962 33 30 in
500 962 77 30 such
605 962 164 39 respectful
799 962 59 30 and

93 1033 156 29 mournful
264 1034 93 28 terms
373 1032 67 30 that
454 1031 148 41 probably
616 1031 105 39 public
736 1030 122 40 opinion

93 1102 103 31 would
234 1104 109 37 expect
381 1111 48 20 me
467 1103 31 28 to
537 1100 124 30 condole
690 1100 76 31 with
805 1100 53 30 the

136 1239 133 30 Richard
284 1239 130 31 Prevost
429 1238 72 30 took
516 1238 52 29 the
583 1238 91 29 letter
693 1238 78 29 back
793 1238 62 28 into

92 1309 47 30 his
169 1309 90 38 hand,
288 1308 94 40 pored
417 1317 72 20 over
517 1306 26 30 it
572 1316 94 28 anew,
694 1306 60 29 and
782 1306 73 29 then

92 1377 116 41 replied
222 1377 77 32 with
314 1387 39 20 an
368 1376 46 30 air
429 1376 60 30 and
503 1376 33 29 in
551 1386 17 18 a
583 1377 71 28 tone
670 1375 34 29 of
718 1384 137 30 supreme

92 1446 183 39 depression.
