1019 1638
196 102 77 21 POOR
292 103 155 21 MONSIEUR
465 97 157 27 RICHARD'S
641 105 113 19 RICHES.

813 97 50 27 101

245 189 97 29 added
357 189 140 30 Madame
511 189 86 39 Jean,
648 190 67 29 that
736 191 85 29 there
841 191 26 30 is

104 258 55 28 not
182 267 31 19 so
236 258 92 29 much
350 269 32 18 as
404 258 52 30 the
479 258 121 31 shadow
623 258 33 30 of
679 269 16 19 a
718 259 106 40 proof;
826 278 41 3 —

105 335 70 31 nay,
193 336 82 20 more
277 346 41 2 —
319 327 111 30 there's
445 338 39 19 no
500 328 119 39 ground
638 338 38 19 on
691 328 101 30 which
806 339 61 29 you

107 405 56 19 can
184 398 63 27 rest
269 407 77 18 even
367 407 16 19 a
406 396 151 40 suspicion
578 396 147 41 touching
740 398 127 39 Prosper

107 464 107 30 Morel.
261 465 16 29 I
293 465 77 30 have
392 476 39 19 no
453 465 138 30 business
613 469 32 27 to
660 476 38 30 go
714 466 153 40 revealing

106 534 41 29 all
169 534 62 29 this
245 544 6 29 ;
285 534 57 30 but
359 534 16 29 I
392 534 36 30 do
450 534 91 31 know
556 534 33 39 it,
608 535 59 30 and
683 535 16 30 I
715 545 38 29 go
770 538 53 27 out
838 536 29 30 of

106 612 53 31 my
174 602 97 31 direct
293 603 78 40 duty
391 605 32 28 to
444 603 55 30 tell
521 603 25 30 it
567 614 63 30 you
648 603 127 30 because
792 614 75 30 your

106 681 108 20 nerves
229 682 50 18 are
295 672 39 28 all
347 672 102 39 jarred
464 672 58 28 and
538 674 53 27 out
607 672 33 29 of
652 672 85 29 order
753 672 41 39 by
805 672 62 29 this

107 740 139 30 dreadful
269 743 98 35 event,
393 741 60 29 and
474 740 25 30 it
521 751 70 30 may
606 740 126 31 comfort
753 751 61 30 you
836 744 31 27 to

106 810 91 31 know
222 810 68 29 that
314 820 63 29 you
401 810 78 29 have
510 812 53 27 not
588 810 60 29 had
673 820 38 19 an
741 810 126 29 assassin

106 878 94 40 going
214 877 93 30 about
322 878 51 29 the
389 878 102 29 house.
537 877 71 30 You
623 876 99 41 might
737 881 51 35 get
803 877 64 30 into

105 957 17 19 a
156 956 68 30 way
255 945 33 31 of
322 945 175 40 suspecting
533 945 182 41 everybody.
781 946 86 30 Your

103 1025 108 20 nerves
227 1025 50 19 are
291 1014 129 39 terribly

179 1084 72 38 Yes,
268 1084 75 40 they
359 1093 49 20 are
419 1092 8 30 ;
450 1093 62 30 you
527 1093 50 20 are
592 1082 84 40 right
691 1083 84 30 there
787 1092 7 30 ;
810 1083 56 30 but

102 1152 104 41 surely
227 1152 86 30 there
335 1152 54 29 has
411 1152 78 29 been
510 1152 122 39 enough
653 1154 31 27 to
700 1152 92 29 shake
815 1152 51 29 the

102 1232 108 20 nerves
237 1221 33 31 of
296 1232 17 19 a
344 1224 138 36 stronger
507 1231 70 19 man
603 1221 75 29 than
704 1231 47 19 me
762 1230 7 29 ;
808 1220 58 30 and

102 1291 62 30 alas
177 1291 7 29 !
208 1290 17 29 I
251 1300 93 20 never
369 1300 61 20 was
453 1292 106 37 strong
569 1299 7 30 ;
608 1289 56 29 but
687 1289 16 29 I
726 1300 48 18 am
797 1289 69 39 glad

102 1362 94 29 about
218 1371 72 30 poor
314 1360 49 30 old
386 1360 130 40 Prosper
528 1369 7 30 ;
563 1370 32 20 as
616 1370 63 30 you
701 1369 62 31 say,
780 1359 39 30 he
841 1358 25 31 is

101 1434 55 28 not
171 1441 18 20 a
210 1430 138 38 pleasant
362 1440 110 28 person
483 1439 6 29 ;
523 1429 57 30 but
595 1431 31 28 to
641 1429 38 29 be
695 1429 126 29 accused
837 1429 29 29 of
