1019 1638
139 87 54 27 288

392 95 58 20 ALL
470 94 58 21 FOR
547 93 109 22 GREED.
670 111 2 3 ,

140 182 60 29 and
215 182 88 29 teach
318 181 84 30 them
417 183 31 27 to
464 180 38 30 be
517 179 90 40 pious
623 178 61 31 and
703 177 205 40 right-think-

139 250 55 39 ing
208 250 63 31 like

324 320 17 29 I
357 330 56 19 can
429 319 73 40 only
518 329 55 30 say
587 318 100 30 riches
710 327 81 21 were
814 326 96 21 never

138 388 133 40 brought
287 391 32 28 to
334 399 53 30 my
508 387 161 30 remarked
685 387 53 29 the
748 386 142 30 Vicomte
903 395 7 30 ;

247 459 38 29 do
309 458 16 29 I
348 457 91 30 think
461 458 69 29 that
553 457 16 29 I
586 467 57 19 can
664 456 39 30 be
727 455 130 31 accused
880 455 32 30 of

138 538 71 20 ever
222 527 116 38 having
354 527 127 31 scorned

272 597 17 30 I
319 596 101 40 might
448 598 140 36 venture,
621 596 120 29 dearest

138 667 165 39 suggested
326 666 61 38 she,
405 665 77 31 with
503 665 56 30 her
580 667 81 28 most
681 663 156 41 caressing
852 663 54 39 air,

169 735 120 39 though
310 735 26 29 it
351 735 26 29 is
392 734 179 40 wandering
593 734 47 29 far
655 744 87 30 away
757 733 79 30 from
852 744 54 19 our

138 805 125 40 subject,
293 805 17 29 I
334 804 104 30 would
464 814 55 31 say
541 804 70 30 that
637 814 64 30 you
726 813 80 21 were
831 813 75 30 very

137 874 84 37 hard,
251 873 85 40 quite
362 873 194 39 unmerciful,
583 873 53 30 the
667 873 88 30 other
779 873 69 40 day,
874 875 32 27 to

136 954 74 28 poor
246 943 159 29 Monsieur
663 943 65 29 The
765 942 141 30 Vicomte

137 1012 123 38 started,
299 1012 69 38 and,
408 1011 128 40 turning
572 1012 107 38 round,
720 1011 102 30 stared
857 1010 49 30 his

136 1082 151 39 daughter
316 1081 59 29 full
404 1081 34 29 in
467 1082 53 29 the
550 1081 74 29 face.
819 1081 87 40 quite

134 1150 132 30 abashed
288 1150 61 30 and
370 1150 75 31 hurt
466 1149 66 31 him
547 1150 91 31 when
660 1150 39 30 he
714 1160 64 21 was
792 1150 113 40 telling

133 1229 62 30 you
218 1219 34 29 of
270 1220 52 28 the
339 1221 86 38 great
448 1219 122 30 fortune
592 1220 40 29 he
654 1220 62 29 had
738 1220 162 39 inherited,

133 1289 61 29 and
209 1288 34 30 of
260 1289 84 31 what
365 1289 39 30 he
420 1299 104 20 means
544 1292 32 28 to
591 1289 89 31 make
697 1290 34 30 of
751 1289 151 31 Chateau-

207 1425 58 39 No,
299 1426 16 30 I
347 1427 117 30 declare
499 1428 16 29 I
547 1427 53 31 did
748 1429 155 30 answered
