<?xml version="1.0" encoding="UTF-8"?>
<alto xmlns:xsi="http://www.w3.org/2001/XMLSchema-instance" xsi:noNamespaceSchemaLocation="http://www.bl.uk/schemas/alto/alto-1-4.xsd" xmlns:xlink="http://www.w3.org/1999/xlink">
	<Description>
		<MeasurementUnit>mm10</MeasurementUnit>
		<sourceImageInformation>
			<fileName>//head1/IN/2007-46/A0010904365.1/000288.jp2</fileName>
		</sourceImageInformation>
		<OCRProcessing ID="OCRPROCESSING_1">
			<preProcessingStep>
				<processingSoftware>
					<softwareCreator>CCS Content Conversion Specialists GmbH, Germany</softwareCreator>
					<softwareName>CCS docWORKS</softwareName>
					<softwareVersion>6.1-0.62</softwareVersion>
				</processingSoftware>
			</preProcessingStep>
			<ocrProcessingStep>
				<processingSoftware>
					<softwareCreator>ABBYY (BIT Software), Russia</softwareCreator>
					<softwareName>Finereader</softwareName>
				</processingSoftware>
			</ocrProcessingStep>
		</OCRProcessing>
	</Description>
	<Styles>
		<TextStyle ID="TXT_0" FONTSIZE="11" FONTFAMILY="Courier New"/>
		<TextStyle ID="TXT_1" FONTSIZE="10" FONTFAMILY="Courier New"/>
		<ParagraphStyle ID="PAR_LEFT" ALIGN="Left"/>
		<ParagraphStyle ID="PAR_RIGHT" ALIGN="Right"/>
	</Styles>
	<Layout>
		<Page ID="P272" PHYSICAL_IMG_NR="272" HEIGHT="1638" WIDTH="1019" PRINTED_IMG_NR="254" POSITION="Left" ACCURACY="69.58">
			<TopMargin ID="P272_TM00001" HPOS="0" VPOS="0" WIDTH="1019" HEIGHT="132">
				<TextBlock ID="P272_TB00001" HPOS="175" VPOS="105" WIDTH="54" HEIGHT="26" STYLEREFS="TXT_0 PAR_LEFT">
					<TextLine ID="P272_TL00001" HPOS="175" VPOS="105" WIDTH="54" HEIGHT="26">
						<String ID="P272_ST00001" HPOS="175" VPOS="105" WIDTH="54" HEIGHT="26" CONTENT="254" WC="1.00" CC="000"/>
					</TextLine>
				</TextBlock>
				<TextBlock ID="P272_TB00002" HPOS="425" VPOS="108" WIDTH="265" HEIGHT="24" STYLEREFS="TXT_1 PAR_RIGHT">
					<TextLine ID="P272_TL00002" HPOS="426" VPOS="108" WIDTH="264" HEIGHT="24">
						<String ID="P272_ST00002" HPOS="426" VPOS="112" WIDTH="59" HEIGHT="20" CONTENT="ALL" WC="0.65" CC="036"/>
						<SP ID="P272_SP00001" HPOS="485" VPOS="132" WIDTH="20"/>
						<String ID="P272_ST00003" HPOS="505" VPOS="111" WIDTH="58" HEIGHT="21" CONTENT="FOR" WC="0.60" CC="415"/>
						<SP ID="P272_SP00002" HPOS="563" VPOS="132" WIDTH="20"/>
						<String ID="P272_ST00004" HPOS="583" VPOS="108" WIDTH="107" HEIGHT="21" CONTENT="GREED." WC="0.68" CC="600570"/>
					</TextLine>
				</TextBlock>
			</TopMargin>
			<LeftMargin ID="P272_LM00001" HPOS="0" VPOS="132" WIDTH="174" HEIGHT="1353"/>
			<RightMargin ID="P272_RM00001" HPOS="949" VPOS="132" WIDTH="70" HEIGHT="1353"/>
			<BottomMargin ID="P272_BM00001" HPOS="0" VPOS="1485" WIDTH="1019" HEIGHT="153"/>
			<PrintSpace ID="P272_PS00001" HPOS="174" VPOS="132" WIDTH="775" HEIGHT="1353">
				<TextBlock ID="P272_TB00003" HPOS="174" VPOS="189" WIDTH="772" HEIGHT="455" STYLEREFS="TXT_1 PAR_LEFT">
					<TextLine ID="P272_TL00003" HPOS="176" VPOS="190" WIDTH="767" HEIGHT="47">
						<String ID="P272_ST00005" HPOS="176" VPOS="200" WIDTH="37" HEIGHT="29" CONTENT="de" WC="0.58" CC="80"/>
						<SP ID="P272_SP00003" HPOS="213" VPOS="229" WIDTH="24"/>
						<String ID="P272_ST00006" HPOS="237" VPOS="199" WIDTH="185" HEIGHT="38" CONTENT="Verancour," WC="0.64" CC="7030600764"/>
						<SP ID="P272_SP00004" HPOS="422" VPOS="237" WIDTH="19"/>
						<String ID="P272_ST00007" HPOS="441" VPOS="196" WIDTH="144" HEIGHT="40" CONTENT="stopping" WC="0.69" CC="53200470"/>
						<SP ID="P272_SP00005" HPOS="585" VPOS="237" WIDTH="26"/>
						<String ID="P272_ST00008" HPOS="611" VPOS="195" WIDTH="85" HEIGHT="29" CONTENT="short" WC="0.56" CC="67033"/>
						<SP ID="P272_SP00006" HPOS="696" VPOS="237" WIDTH="24"/>
						<String ID="P272_ST00009" HPOS="720" VPOS="192" WIDTH="34" HEIGHT="30" CONTENT="in" WC="0.55" CC="17"/>
						<SP ID="P272_SP00007" HPOS="754" VPOS="237" WIDTH="23"/>
						<String ID="P272_ST00010" HPOS="777" VPOS="190" WIDTH="49" HEIGHT="31" CONTENT="his" WC="0.48" CC="716"/>
						<SP ID="P272_SP00008" HPOS="826" VPOS="237" WIDTH="27"/>
						<String ID="P272_ST00011" HPOS="853" VPOS="190" WIDTH="90" HEIGHT="31" CONTENT="walk." WC="0.73" CC="90030"/>
					</TextLine>
					<TextLine ID="P272_TL00004" HPOS="179" VPOS="260" WIDTH="765" HEIGHT="40">
						<String ID="P272_ST00012" HPOS="179" VPOS="272" WIDTH="18" HEIGHT="14" CONTENT='"' WC="0.55" CC="4"/>
						<SP ID="P272_SP00009" HPOS="197" VPOS="286" WIDTH="12"/>
						<String ID="P272_ST00013" HPOS="209" VPOS="269" WIDTH="115" HEIGHT="31" CONTENT="Where" WC="0.74" CC="07050"/>
						<SP ID="P272_SP00010" HPOS="324" VPOS="300" WIDTH="15"/>
						<String ID="P272_ST00014" HPOS="339" VPOS="269" WIDTH="25" HEIGHT="30" CONTENT="is" WC="0.67" CC="06"/>
						<SP ID="P272_SP00011" HPOS="364" VPOS="300" WIDTH="16"/>
						<String ID="P272_ST00015" HPOS="380" VPOS="269" WIDTH="39" HEIGHT="29" CONTENT="he" WC="0.62" CC="70"/>
						<SP ID="P272_SP00012" HPOS="419" VPOS="300" WIDTH="15"/>
						<String ID="P272_ST00016" HPOS="434" VPOS="271" WIDTH="31" HEIGHT="27" CONTENT="to" WC="0.90" CC="10"/>
						<SP ID="P272_SP00013" HPOS="465" VPOS="300" WIDTH="15"/>
						<String ID="P272_ST00017" HPOS="480" VPOS="267" WIDTH="38" HEIGHT="30" CONTENT="be" WC="0.63" CC="70"/>
						<SP ID="P272_SP00014" HPOS="518" VPOS="300" WIDTH="17"/>
						<String ID="P272_ST00018" HPOS="535" VPOS="265" WIDTH="96" HEIGHT="30" CONTENT="found" WC="0.70" CC="00770"/>
						<SP ID="P272_SP00015" HPOS="631" VPOS="300" WIDTH="11"/>
						<String ID="P272_ST00019" HPOS="642" VPOS="264" WIDTH="14" HEIGHT="31" CONTENT="?" WC="0.22" CC="7"/>
						<SP ID="P272_SP00016" HPOS="656" VPOS="300" WIDTH="44"/>
						<String ID="P272_ST00020" HPOS="700" VPOS="262" WIDTH="84" HEIGHT="31" CONTENT="Who" WC="0.73" CC="070"/>
						<SP ID="P272_SP00017" HPOS="784" VPOS="300" WIDTH="16"/>
						<String ID="P272_ST00021" HPOS="800" VPOS="261" WIDTH="27" HEIGHT="30" CONTENT="is" WC="0.64" CC="07"/>
						<SP ID="P272_SP00018" HPOS="827" VPOS="300" WIDTH="19"/>
						<String ID="P272_ST00022" HPOS="846" VPOS="261" WIDTH="40" HEIGHT="29" CONTENT="he" WC="0.62" CC="70"/>
						<SP ID="P272_SP00019" HPOS="886" VPOS="300" WIDTH="14"/>
						<String ID="P272_ST00023" HPOS="900" VPOS="260" WIDTH="14" HEIGHT="30" CONTENT="?" WC="0.13" CC="8"/>
						<SP ID="P272_SP00020" HPOS="914" VPOS="300" WIDTH="13"/>
						<String ID="P272_ST00024" HPOS="927" VPOS="260" WIDTH="17" HEIGHT="14" CONTENT='"' WC="0.86" CC="1"/>
					</TextLine>
					<TextLine ID="P272_TL00005" HPOS="182" VPOS="330" WIDTH="764" HEIGHT="44">
						<String ID="P272_ST00025" HPOS="182" VPOS="339" WIDTH="134" HEIGHT="29" CONTENT="Richard" WC="0.69" CC="7007060"/>
						<SP ID="P272_SP00021" HPOS="316" VPOS="368" WIDTH="16"/>
						<String ID="P272_ST00026" HPOS="332" VPOS="339" WIDTH="130" HEIGHT="28" CONTENT="Prevost" WC="0.73" CC="7600040"/>
						<SP ID="P272_SP00022" HPOS="462" VPOS="368" WIDTH="15"/>
						<String ID="P272_ST00027" HPOS="477" VPOS="346" WIDTH="63" HEIGHT="20" CONTENT="was" WC="0.48" CC="905"/>
						<SP ID="P272_SP00023" HPOS="540" VPOS="368" WIDTH="14"/>
						<String ID="P272_ST00028" HPOS="554" VPOS="334" WIDTH="69" HEIGHT="40" CONTENT="pale" WC="0.86" CC="0041"/>
						<SP ID="P272_SP00024" HPOS="623" VPOS="374" WIDTH="16"/>
						<String ID="P272_ST00029" HPOS="639" VPOS="344" WIDTH="32" HEIGHT="19" CONTENT="as" WC="0.64" CC="07"/>
						<SP ID="P272_SP00025" HPOS="671" VPOS="374" WIDTH="21"/>
						<String ID="P272_ST00030" HPOS="692" VPOS="343" WIDTH="17" HEIGHT="19" CONTENT="a" WC="1.00" CC="0"/>
						<SP ID="P272_SP00026" HPOS="709" VPOS="374" WIDTH="16"/>
						<String ID="P272_ST00031" HPOS="725" VPOS="332" WIDTH="99" HEIGHT="40" CONTENT="ghost," WC="0.75" CC="070600"/>
						<SP ID="P272_SP00027" HPOS="824" VPOS="374" WIDTH="14"/>
						<String ID="P272_ST00032" HPOS="838" VPOS="341" WIDTH="32" HEIGHT="20" CONTENT="so" WC="0.66" CC="60"/>
						<SP ID="P272_SP00028" HPOS="870" VPOS="374" WIDTH="9"/>
						<String ID="P272_ST00033" HPOS="879" VPOS="330" WIDTH="67" HEIGHT="41" CONTENT="pale" WC="0.83" CC="0006"/>
					</TextLine>
					<TextLine ID="P272_TL00006" HPOS="176" VPOS="400" WIDTH="769" HEIGHT="46">
						<String ID="P272_ST00034" HPOS="176" VPOS="408" WIDTH="66" HEIGHT="30" CONTENT="that" WC="0.81" CC="0700"/>
						<SP ID="P272_SP00029" HPOS="242" VPOS="438" WIDTH="22"/>
						<String ID="P272_ST00035" HPOS="264" VPOS="408" WIDTH="53" HEIGHT="29" CONTENT="the" WC="0.75" CC="070"/>
						<SP ID="P272_SP00030" HPOS="317" VPOS="438" WIDTH="25"/>
						<String ID="P272_ST00036" HPOS="342" VPOS="407" WIDTH="77" HEIGHT="39" CONTENT="edge" WC="1.00" CC="0000"/>
						<SP ID="P272_SP00031" HPOS="419" VPOS="446" WIDTH="27"/>
						<String ID="P272_ST00037" HPOS="446" VPOS="405" WIDTH="33" HEIGHT="30" CONTENT="of" WC="1.00" CC="00"/>
						<SP ID="P272_SP00032" HPOS="479" VPOS="446" WIDTH="18"/>
						<String ID="P272_ST00038" HPOS="497" VPOS="405" WIDTH="49" HEIGHT="29" CONTENT="his" WC="0.50" CC="716"/>
						<SP ID="P272_SP00033" HPOS="546" VPOS="446" WIDTH="27"/>
						<String ID="P272_ST00039" HPOS="573" VPOS="402" WIDTH="117" HEIGHT="42" CONTENT="eyelids" WC="0.95" CC="0000003"/>
						<SP ID="P272_SP00034" HPOS="690" VPOS="446" WIDTH="26"/>
						<String ID="P272_ST00040" HPOS="716" VPOS="401" WIDTH="120" HEIGHT="31" CONTENT="seemed" WC="0.83" CC="600030"/>
						<SP ID="P272_SP00035" HPOS="836" VPOS="446" WIDTH="25"/>
						<String ID="P272_ST00041" HPOS="861" VPOS="400" WIDTH="84" HEIGHT="40" CONTENT="quite" WC="0.73" CC="07024"/>
					</TextLine>
					<TextLine ID="P272_TL00007" HPOS="176" VPOS="470" WIDTH="768" HEIGHT="46">
						<String ID="P272_ST00042" HPOS="176" VPOS="477" WIDTH="83" HEIGHT="39" CONTENT="pink," WC="0.74" CC="00480"/>
						<SP ID="P272_SP00036" HPOS="259" VPOS="516" WIDTH="14"/>
						<String ID="P272_ST00043" HPOS="273" VPOS="487" WIDTH="32" HEIGHT="19" CONTENT="as" WC="0.69" CC="06"/>
						<SP ID="P272_SP00037" HPOS="305" VPOS="516" WIDTH="20"/>
						<String ID="P272_ST00044" HPOS="325" VPOS="477" WIDTH="39" HEIGHT="28" CONTENT="he" WC="0.64" CC="70"/>
						<SP ID="P272_SP00038" HPOS="364" VPOS="516" WIDTH="18"/>
						<String ID="P272_ST00045" HPOS="382" VPOS="475" WIDTH="110" HEIGHT="30" CONTENT="looked" WC="0.85" CC="400400"/>
						<SP ID="P272_SP00039" HPOS="492" VPOS="516" WIDTH="17"/>
						<String ID="P272_ST00046" HPOS="509" VPOS="472" WIDTH="203" HEIGHT="40" CONTENT="hesitatingly" WC="0.73" CC="707030237000"/>
						<SP ID="P272_SP00040" HPOS="712" VPOS="516" WIDTH="16"/>
						<String ID="P272_ST00047" HPOS="728" VPOS="474" WIDTH="31" HEIGHT="27" CONTENT="at" WC="1.00" CC="00"/>
						<SP ID="P272_SP00041" HPOS="759" VPOS="516" WIDTH="23"/>
						<String ID="P272_ST00048" HPOS="782" VPOS="471" WIDTH="48" HEIGHT="29" CONTENT="his" WC="0.44" CC="717"/>
						<SP ID="P272_SP00042" HPOS="830" VPOS="516" WIDTH="21"/>
						<String ID="P272_ST00049" HPOS="851" VPOS="470" WIDTH="93" HEIGHT="30" CONTENT="inter" SUBS_TYPE="HypPart1" SUBS_CONTENT="interlocutor." WC="0.77" CC="070040"/>
						<HYP CONTENT="-"/>
					</TextLine>
					<TextLine ID="P272_TL00008" HPOS="176" VPOS="540" WIDTH="766" HEIGHT="36">
						<String ID="P272_ST00050" HPOS="176" VPOS="547" WIDTH="124" HEIGHT="29" CONTENT="locutor." SUBS_TYPE="HypPart2" SUBS_CONTENT="interlocutor." WC="0.72" CC="70070160"/>
						<SP ID="P272_SP00043" HPOS="300" VPOS="576" WIDTH="64"/>
						<String ID="P272_ST00051" HPOS="364" VPOS="544" WIDTH="161" HEIGHT="31" CONTENT='"Well!"' WC="0.75" CC="4004233"/>
						<SP ID="P272_SP00044" HPOS="525" VPOS="576" WIDTH="33"/>
						<String ID="P272_ST00052" HPOS="558" VPOS="542" WIDTH="170" HEIGHT="30" CONTENT="exclaimed" WC="0.98" CC="002000000"/>
						<SP ID="P272_SP00045" HPOS="728" VPOS="576" WIDTH="24"/>
						<String ID="P272_ST00053" HPOS="752" VPOS="541" WIDTH="54" HEIGHT="30" CONTENT="the" WC="0.76" CC="070"/>
						<SP ID="P272_SP00046" HPOS="806" VPOS="576" WIDTH="37"/>
						<String ID="P272_ST00054" HPOS="843" VPOS="540" WIDTH="99" HEIGHT="36" CONTENT="latter," WC="0.88" CC="0010050"/>
					</TextLine>
					<TextLine ID="P272_TL00009" HPOS="181" VPOS="611" WIDTH="485" HEIGHT="33">
						<String ID="P272_ST00055" HPOS="181" VPOS="617" WIDTH="17" HEIGHT="15" CONTENT='"' WC="0.55" CC="4"/>
						<SP ID="P272_SP00047" HPOS="198" VPOS="632" WIDTH="11"/>
						<String ID="P272_ST00056" HPOS="209" VPOS="615" WIDTH="100" HEIGHT="29" CONTENT="where" WC="0.73" CC="07060"/>
						<SP ID="P272_SP00048" HPOS="309" VPOS="644" WIDTH="12"/>
						<String ID="P272_ST00057" HPOS="321" VPOS="615" WIDTH="26" HEIGHT="28" CONTENT="is" WC="0.65" CC="06"/>
						<SP ID="P272_SP00049" HPOS="347" VPOS="644" WIDTH="16"/>
						<String ID="P272_ST00058" HPOS="363" VPOS="615" WIDTH="39" HEIGHT="28" CONTENT="he" WC="0.62" CC="70"/>
						<SP ID="P272_SP00050" HPOS="402" VPOS="644" WIDTH="12"/>
						<String ID="P272_ST00059" HPOS="414" VPOS="615" WIDTH="14" HEIGHT="28" CONTENT="?" WC="1.00" CC="0"/>
						<SP ID="P272_SP00051" HPOS="428" VPOS="644" WIDTH="22"/>
						<String ID="P272_ST00060" HPOS="450" VPOS="614" WIDTH="68" HEIGHT="30" CONTENT="who" WC="0.75" CC="070"/>
						<SP ID="P272_SP00052" HPOS="518" VPOS="644" WIDTH="17"/>
						<String ID="P272_ST00061" HPOS="535" VPOS="613" WIDTH="26" HEIGHT="30" CONTENT="is" WC="0.68" CC="06"/>
						<SP ID="P272_SP00053" HPOS="561" VPOS="644" WIDTH="11"/>
						<String ID="P272_ST00062" HPOS="572" VPOS="613" WIDTH="39" HEIGHT="29" CONTENT="he" WC="0.62" CC="70"/>
						<SP ID="P272_SP00054" HPOS="611" VPOS="644" WIDTH="11"/>
						<String ID="P272_ST00063" HPOS="622" VPOS="611" WIDTH="14" HEIGHT="32" CONTENT="?" WC="0.08" CC="9"/>
						<SP ID="P272_SP00055" HPOS="636" VPOS="644" WIDTH="12"/>
						<String ID="P272_ST00064" HPOS="648" VPOS="612" WIDTH="18" HEIGHT="15" CONTENT='"' WC="0.77" CC="2"/>
					</TextLine>
				</TextBlock>
				<TextBlock ID="P272_TB00004" HPOS="174" VPOS="679" WIDTH="773" HEIGHT="447" STYLEREFS="TXT_1 PAR_LEFT">
					<TextLine ID="P272_TL00010" HPOS="221" VPOS="679" WIDTH="724" HEIGHT="44">
						<String ID="P272_ST00065" HPOS="221" VPOS="686" WIDTH="17" HEIGHT="14" CONTENT='"' WC="0.53" CC="4"/>
						<SP ID="P272_SP00056" HPOS="238" VPOS="700" WIDTH="12"/>
						<String ID="P272_ST00066" HPOS="250" VPOS="684" WIDTH="31" HEIGHT="30" CONTENT="It" WC="0.68" CC="06"/>
						<SP ID="P272_SP00057" HPOS="281" VPOS="714" WIDTH="15"/>
						<String ID="P272_ST00067" HPOS="296" VPOS="683" WIDTH="26" HEIGHT="30" CONTENT="is" WC="0.65" CC="06"/>
						<SP ID="P272_SP00058" HPOS="322" VPOS="714" WIDTH="15"/>
						<String ID="P272_ST00068" HPOS="337" VPOS="693" WIDTH="57" HEIGHT="28" CONTENT="me," WC="0.92" CC="002"/>
						<SP ID="P272_SP00059" HPOS="394" VPOS="721" WIDTH="14"/>
						<String ID="P272_ST00069" HPOS="408" VPOS="681" WIDTH="131" HEIGHT="42" CONTENT="myself!" WC="0.80" CC="0070104"/>
						<SP ID="P272_SP00060" HPOS="539" VPOS="723" WIDTH="13"/>
						<String ID="P272_ST00070" HPOS="552" VPOS="681" WIDTH="18" HEIGHT="17" CONTENT='"' WC="0.60" CC="3"/>
						<SP ID="P272_SP00061" HPOS="570" VPOS="723" WIDTH="18"/>
						<String ID="P272_ST00071" HPOS="588" VPOS="681" WIDTH="114" HEIGHT="40" CONTENT="gasped" WC="0.73" CC="906000"/>
						<SP ID="P272_SP00062" HPOS="702" VPOS="723" WIDTH="15"/>
						<String ID="P272_ST00072" HPOS="717" VPOS="683" WIDTH="55" HEIGHT="27" CONTENT="out" WC="0.48" CC="374"/>
						<SP ID="P272_SP00063" HPOS="772" VPOS="723" WIDTH="15"/>
						<String ID="P272_ST00073" HPOS="787" VPOS="679" WIDTH="158" HEIGHT="30" CONTENT="Monsieur" WC="0.54" CC="03772166"/>
					</TextLine>
					<TextLine ID="P272_TL00011" HPOS="175" VPOS="749" WIDTH="772" HEIGHT="42">
						<String ID="P272_ST00074" HPOS="175" VPOS="753" WIDTH="142" HEIGHT="38" CONTENT="Richard," WC="0.71" CC="75060300"/>
						<SP ID="P272_SP00064" HPOS="317" VPOS="791" WIDTH="27"/>
						<String ID="P272_ST00075" HPOS="344" VPOS="753" WIDTH="98" HEIGHT="29" CONTENT="under" WC="0.61" CC="77004"/>
						<SP ID="P272_SP00065" HPOS="442" VPOS="791" WIDTH="26"/>
						<String ID="P272_ST00076" HPOS="468" VPOS="751" WIDTH="49" HEIGHT="30" CONTENT="his" WC="0.54" CC="706"/>
						<SP ID="P272_SP00066" HPOS="517" VPOS="791" WIDTH="25"/>
						<String ID="P272_ST00077" HPOS="542" VPOS="751" WIDTH="118" HEIGHT="30" CONTENT="breath." WC="0.72" CC="7500060"/>
						<SP ID="P272_SP00067" HPOS="660" VPOS="791" WIDTH="57"/>
						<String ID="P272_ST00078" HPOS="717" VPOS="750" WIDTH="66" HEIGHT="30" CONTENT="The" WC="0.75" CC="070"/>
						<SP ID="P272_SP00068" HPOS="783" VPOS="791" WIDTH="27"/>
						<String ID="P272_ST00079" HPOS="810" VPOS="752" WIDTH="79" HEIGHT="28" CONTENT="stare" WC="0.68" CC="55040"/>
						<SP ID="P272_SP00069" HPOS="889" VPOS="791" WIDTH="26"/>
						<String ID="P272_ST00080" HPOS="915" VPOS="749" WIDTH="32" HEIGHT="30" CONTENT="of" WC="0.89" CC="20"/>
					</TextLine>
					<TextLine ID="P272_TL00012" HPOS="175" VPOS="819" WIDTH="766" HEIGHT="39">
						<String ID="P272_ST00081" HPOS="175" VPOS="822" WIDTH="95" HEIGHT="31" CONTENT="blank" WC="0.70" CC="70070"/>
						<SP ID="P272_SP00070" HPOS="270" VPOS="853" WIDTH="15"/>
						<String ID="P272_ST00082" HPOS="285" VPOS="821" WIDTH="221" HEIGHT="31" CONTENT="astonishment" WC="0.64" CC="061371770070"/>
						<SP ID="P272_SP00071" HPOS="506" VPOS="853" WIDTH="13"/>
						<String ID="P272_ST00083" HPOS="519" VPOS="820" WIDTH="78" HEIGHT="32" CONTENT="with" WC="0.57" CC="0367"/>
						<SP ID="P272_SP00072" HPOS="597" VPOS="853" WIDTH="23"/>
						<String ID="P272_ST00084" HPOS="620" VPOS="821" WIDTH="190" HEIGHT="29" CONTENT="amusement" WC="0.67" CC="007700077"/>
						<SP ID="P272_SP00073" HPOS="810" VPOS="853" WIDTH="18"/>
						<String ID="P272_ST00085" HPOS="828" VPOS="819" WIDTH="113" HEIGHT="39" CONTENT="mixed," WC="0.82" CC="900001"/>
					</TextLine>
					<TextLine ID="P272_TL00013" HPOS="176" VPOS="890" WIDTH="769" HEIGHT="40">
						<String ID="P272_ST00086" HPOS="176" VPOS="891" WIDTH="77" HEIGHT="31" CONTENT="with" WC="0.72" CC="0406"/>
						<SP ID="P272_SP00074" HPOS="253" VPOS="922" WIDTH="21"/>
						<String ID="P272_ST00087" HPOS="274" VPOS="891" WIDTH="102" HEIGHT="31" CONTENT="which" WC="0.60" CC="07407"/>
						<SP ID="P272_SP00075" HPOS="376" VPOS="922" WIDTH="21"/>
						<String ID="P272_ST00088" HPOS="397" VPOS="891" WIDTH="50" HEIGHT="29" CONTENT="his" WC="0.55" CC="705"/>
						<SP ID="P272_SP00076" HPOS="447" VPOS="922" WIDTH="21"/>
						<String ID="P272_ST00089" HPOS="468" VPOS="890" WIDTH="140" HEIGHT="40" CONTENT="proposal" WC="0.81" CC="02000704"/>
						<SP ID="P272_SP00077" HPOS="608" VPOS="930" WIDTH="23"/>
						<String ID="P272_ST00090" HPOS="631" VPOS="900" WIDTH="63" HEIGHT="20" CONTENT="was" WC="0.43" CC="907"/>
						<SP ID="P272_SP00078" HPOS="694" VPOS="930" WIDTH="23"/>
						<String ID="P272_ST00091" HPOS="717" VPOS="891" WIDTH="71" HEIGHT="37" CONTENT="met," WC="0.89" CC="0004"/>
						<SP ID="P272_SP00079" HPOS="788" VPOS="930" WIDTH="18"/>
						<String ID="P272_ST00092" HPOS="806" VPOS="899" WIDTH="63" HEIGHT="20" CONTENT="was" WC="0.78" CC="006"/>
						<SP ID="P272_SP00080" HPOS="869" VPOS="930" WIDTH="22"/>
						<String ID="P272_ST00093" HPOS="891" VPOS="891" WIDTH="54" HEIGHT="28" CONTENT="not" WC="1.00" CC="000"/>
					</TextLine>
					<TextLine ID="P272_TL00014" HPOS="176" VPOS="958" WIDTH="768" HEIGHT="43">
						<String ID="P272_ST00094" HPOS="176" VPOS="961" WIDTH="97" HEIGHT="40" CONTENT="likely" WC="0.88" CC="020040"/>
						<SP ID="P272_SP00081" HPOS="273" VPOS="1001" WIDTH="19"/>
						<String ID="P272_ST00095" HPOS="292" VPOS="963" WIDTH="33" HEIGHT="28" CONTENT="to" WC="0.76" CC="04"/>
						<SP ID="P272_SP00082" HPOS="325" VPOS="1001" WIDTH="19"/>
						<String ID="P272_ST00096" HPOS="344" VPOS="960" WIDTH="39" HEIGHT="30" CONTENT="be" WC="0.63" CC="70"/>
						<SP ID="P272_SP00083" HPOS="383" VPOS="1001" WIDTH="21"/>
						<String ID="P272_ST00097" HPOS="404" VPOS="970" WIDTH="70" HEIGHT="20" CONTENT="ever" WC="0.77" CC="0017"/>
						<SP ID="P272_SP00084" HPOS="474" VPOS="1001" WIDTH="21"/>
						<String ID="P272_ST00098" HPOS="495" VPOS="959" WIDTH="154" HEIGHT="40" CONTENT="forgotten" WC="0.77" CC="052005007"/>
						<SP ID="P272_SP00085" HPOS="649" VPOS="1001" WIDTH="22"/>
						<String ID="P272_ST00099" HPOS="671" VPOS="959" WIDTH="43" HEIGHT="40" CONTENT="by" WC="0.63" CC="70"/>
						<SP ID="P272_SP00086" HPOS="714" VPOS="1001" WIDTH="20"/>
						<String ID="P272_ST00100" HPOS="734" VPOS="959" WIDTH="53" HEIGHT="30" CONTENT="the" WC="0.70" CC="170"/>
						<SP ID="P272_SP00087" HPOS="787" VPOS="1001" WIDTH="19"/>
						<String ID="P272_ST00101" HPOS="806" VPOS="958" WIDTH="138" HEIGHT="40" CONTENT="unlucky" WC="0.43" CC="6757750"/>
					</TextLine>
					<TextLine ID="P272_TL00015" HPOS="178" VPOS="1028" WIDTH="767" HEIGHT="40">
						<String ID="P272_ST00102" HPOS="178" VPOS="1029" WIDTH="104" HEIGHT="39" CONTENT="suitor," WC="0.71" CC="7600060"/>
						<SP ID="P272_SP00088" HPOS="282" VPOS="1068" WIDTH="18"/>
						<String ID="P272_ST00103" HPOS="300" VPOS="1029" WIDTH="102" HEIGHT="31" CONTENT="whose" WC="0.71" CC="07070"/>
						<SP ID="P272_SP00089" HPOS="402" VPOS="1068" WIDTH="16"/>
						<String ID="P272_ST00104" HPOS="418" VPOS="1029" WIDTH="94" HEIGHT="30" CONTENT="white" WC="0.64" CC="07270"/>
						<SP ID="P272_SP00090" HPOS="512" VPOS="1068" WIDTH="16"/>
						<String ID="P272_ST00105" HPOS="528" VPOS="1029" WIDTH="64" HEIGHT="29" CONTENT="face" WC="0.86" CC="0050"/>
						<SP ID="P272_SP00091" HPOS="592" VPOS="1068" WIDTH="23"/>
						<String ID="P272_ST00106" HPOS="615" VPOS="1029" WIDTH="113" HEIGHT="29" CONTENT="turned" WC="0.68" CC="272600"/>
						<SP ID="P272_SP00092" HPOS="728" VPOS="1068" WIDTH="17"/>
						<String ID="P272_ST00107" HPOS="745" VPOS="1029" WIDTH="109" HEIGHT="29" CONTENT="scarlet" WC="0.67" CC="7504005"/>
						<SP ID="P272_SP00093" HPOS="854" VPOS="1068" WIDTH="14"/>
						<String ID="P272_ST00108" HPOS="868" VPOS="1028" WIDTH="77" HEIGHT="30" CONTENT="with" WC="0.77" CC="0107"/>
					</TextLine>
					<TextLine ID="P272_TL00016" HPOS="180" VPOS="1098" WIDTH="111" HEIGHT="28">
						<String ID="P272_ST00109" HPOS="180" VPOS="1098" WIDTH="111" HEIGHT="28" CONTENT="shame." WC="0.75" CC="770000"/>
					</TextLine>
				</TextBlock>
				<TextBlock ID="P272_TB00005" HPOS="176" VPOS="1166" WIDTH="773" HEIGHT="319" STYLEREFS="TXT_1 PAR_LEFT">
					<TextLine ID="P272_TL00017" HPOS="223" VPOS="1167" WIDTH="721" HEIGHT="31">
						<String ID="P272_ST00110" HPOS="223" VPOS="1169" WIDTH="17" HEIGHT="15" CONTENT='"' WC="0.54" CC="4"/>
						<SP ID="P272_SP00094" HPOS="240" VPOS="1184" WIDTH="11"/>
						<String ID="P272_ST00111" HPOS="251" VPOS="1168" WIDTH="72" HEIGHT="29" CONTENT="You" WC="0.59" CC="407"/>
						<SP ID="P272_SP00095" HPOS="323" VPOS="1197" WIDTH="10"/>
						<String ID="P272_ST00112" HPOS="333" VPOS="1168" WIDTH="14" HEIGHT="29" CONTENT="?" WC="0.22" CC="7"/>
						<SP ID="P272_SP00096" HPOS="347" VPOS="1197" WIDTH="11"/>
						<String ID="P272_ST00113" HPOS="358" VPOS="1168" WIDTH="17" HEIGHT="15" CONTENT='"' WC="0.47" CC="5"/>
						<SP ID="P272_SP00097" HPOS="375" VPOS="1197" WIDTH="25"/>
						<String ID="P272_ST00114" HPOS="400" VPOS="1168" WIDTH="113" HEIGHT="29" CONTENT="echoed" WC="0.86" CC="007000"/>
						<SP ID="P272_SP00098" HPOS="513" VPOS="1197" WIDTH="16"/>
						<String ID="P272_ST00115" HPOS="529" VPOS="1167" WIDTH="160" HEIGHT="30" CONTENT="Monsieur" WC="0.73" CC="00660070"/>
						<SP ID="P272_SP00099" HPOS="689" VPOS="1197" WIDTH="15"/>
						<String ID="P272_ST00116" HPOS="704" VPOS="1168" WIDTH="37" HEIGHT="29" CONTENT="de" WC="1.00" CC="00"/>
						<SP ID="P272_SP00100" HPOS="741" VPOS="1197" WIDTH="15"/>
						<String ID="P272_ST00117" HPOS="756" VPOS="1168" WIDTH="188" HEIGHT="30" CONTENT="Verancour." WC="0.64" CC="7060603750"/>
					</TextLine>
					<TextLine ID="P272_TL00018" HPOS="181" VPOS="1237" WIDTH="763" HEIGHT="41">
						<String ID="P272_ST00118" HPOS="181" VPOS="1237" WIDTH="153" HEIGHT="30" CONTENT='"You?"' WC="0.47" CC="442685"/>
						<SP ID="P272_SP00101" HPOS="334" VPOS="1267" WIDTH="57"/>
						<String ID="P272_ST00119" HPOS="391" VPOS="1237" WIDTH="75" HEIGHT="30" CONTENT="And" WC="0.75" CC="070"/>
						<SP ID="P272_SP00102" HPOS="466" VPOS="1267" WIDTH="25"/>
						<String ID="P272_ST00120" HPOS="491" VPOS="1237" WIDTH="75" HEIGHT="30" CONTENT="then" WC="0.62" CC="0707"/>
						<SP ID="P272_SP00103" HPOS="566" VPOS="1267" WIDTH="27"/>
						<String ID="P272_ST00121" HPOS="593" VPOS="1237" WIDTH="179" HEIGHT="41" CONTENT="struggling" WC="0.70" CC="6447000070"/>
						<SP ID="P272_SP00104" HPOS="772" VPOS="1278" WIDTH="19"/>
						<String ID="P272_ST00122" HPOS="791" VPOS="1238" WIDTH="78" HEIGHT="30" CONTENT="with" WC="0.72" CC="0307"/>
						<SP ID="P272_SP00105" HPOS="869" VPOS="1278" WIDTH="23"/>
						<String ID="P272_ST00123" HPOS="892" VPOS="1238" WIDTH="52" HEIGHT="30" CONTENT="the" WC="0.75" CC="070"/>
					</TextLine>
					<TextLine ID="P272_TL00019" HPOS="178" VPOS="1306" WIDTH="768" HEIGHT="41">
						<String ID="P272_ST00124" HPOS="178" VPOS="1311" WIDTH="105" HEIGHT="36" CONTENT="strong" WC="0.64" CC="607070"/>
						<SP ID="P272_SP00106" HPOS="283" VPOS="1347" WIDTH="16"/>
						<String ID="P272_ST00125" HPOS="299" VPOS="1317" WIDTH="86" HEIGHT="20" CONTENT="sense" WC="0.58" CC="60770"/>
						<SP ID="P272_SP00107" HPOS="385" VPOS="1347" WIDTH="16"/>
						<String ID="P272_ST00126" HPOS="401" VPOS="1307" WIDTH="33" HEIGHT="30" CONTENT="of" WC="1.00" CC="00"/>
						<SP ID="P272_SP00108" HPOS="434" VPOS="1347" WIDTH="18"/>
						<String ID="P272_ST00127" HPOS="452" VPOS="1307" WIDTH="53" HEIGHT="30" CONTENT="the" WC="0.52" CC="670"/>
						<SP ID="P272_SP00109" HPOS="505" VPOS="1347" WIDTH="20"/>
						<String ID="P272_ST00128" HPOS="525" VPOS="1306" WIDTH="177" HEIGHT="40" CONTENT="ridiculous," WC="0.69" CC="30022700763"/>
						<SP ID="P272_SP00110" HPOS="702" VPOS="1347" WIDTH="27"/>
						<String ID="P272_ST00129" HPOS="729" VPOS="1310" WIDTH="18" HEIGHT="14" CONTENT='"' WC="0.55" CC="4"/>
						<SP ID="P272_SP00111" HPOS="747" VPOS="1347" WIDTH="16"/>
						<String ID="P272_ST00130" HPOS="763" VPOS="1307" WIDTH="72" HEIGHT="31" CONTENT="You" WC="0.61" CC="506"/>
						<SP ID="P272_SP00112" HPOS="835" VPOS="1347" WIDTH="13"/>
						<String ID="P272_ST00131" HPOS="848" VPOS="1308" WIDTH="41" HEIGHT="30" CONTENT='?"' WC="0.45" CC="64"/>
						<SP ID="P272_SP00113" HPOS="889" VPOS="1347" WIDTH="18"/>
						<String ID="P272_ST00132" HPOS="907" VPOS="1308" WIDTH="39" HEIGHT="29" CONTENT="he" WC="0.63" CC="70"/>
					</TextLine>
					<TextLine ID="P272_TL00020" HPOS="178" VPOS="1377" WIDTH="771" HEIGHT="40">
						<String ID="P272_ST00133" HPOS="178" VPOS="1378" WIDTH="129" HEIGHT="29" CONTENT="shouted" WC="0.66" CC="7707001"/>
						<SP ID="P272_SP00114" HPOS="307" VPOS="1407" WIDTH="20"/>
						<String ID="P272_ST00134" HPOS="327" VPOS="1388" WIDTH="17" HEIGHT="18" CONTENT="a" WC="1.00" CC="0"/>
						<SP ID="P272_SP00115" HPOS="344" VPOS="1407" WIDTH="18"/>
						<String ID="P272_ST00135" HPOS="362" VPOS="1377" WIDTH="84" HEIGHT="29" CONTENT="third" WC="0.70" CC="07070"/>
						<SP ID="P272_SP00116" HPOS="446" VPOS="1407" WIDTH="17"/>
						<String ID="P272_ST00136" HPOS="463" VPOS="1377" WIDTH="83" HEIGHT="29" CONTENT="time." WC="0.83" CC="52000"/>
						<SP ID="P272_SP00117" HPOS="546" VPOS="1407" WIDTH="46"/>
						<String ID="P272_ST00137" HPOS="592" VPOS="1378" WIDTH="65" HEIGHT="29" CONTENT="The" WC="0.78" CC="060"/>
						<SP ID="P272_SP00118" HPOS="657" VPOS="1407" WIDTH="19"/>
						<String ID="P272_ST00138" HPOS="676" VPOS="1380" WIDTH="147" HEIGHT="37" CONTENT="apparent" WC="0.78" CC="00004075"/>
						<SP ID="P272_SP00119" HPOS="823" VPOS="1417" WIDTH="18"/>
						<String ID="P272_ST00139" HPOS="841" VPOS="1378" WIDTH="57" HEIGHT="29" CONTENT="fun" WC="0.50" CC="077"/>
						<SP ID="P272_SP00120" HPOS="898" VPOS="1417" WIDTH="18"/>
						<String ID="P272_ST00140" HPOS="916" VPOS="1378" WIDTH="33" HEIGHT="29" CONTENT="of" WC="1.00" CC="00"/>
					</TextLine>
					<TextLine ID="P272_TL00021" HPOS="177" VPOS="1446" WIDTH="769" HEIGHT="39">
						<String ID="P272_ST00141" HPOS="177" VPOS="1447" WIDTH="53" HEIGHT="29" CONTENT="the" WC="0.77" CC="140"/>
						<SP ID="P272_SP00121" HPOS="230" VPOS="1476" WIDTH="15"/>
						<String ID="P272_ST00142" HPOS="245" VPOS="1446" WIDTH="90" HEIGHT="39" CONTENT="thing" WC="0.71" CC="07060"/>
						<SP ID="P272_SP00122" HPOS="335" VPOS="1485" WIDTH="15"/>
						<String ID="P272_ST00143" HPOS="350" VPOS="1446" WIDTH="91" HEIGHT="39" CONTENT="fairly" WC="0.81" CC="000650"/>
						<SP ID="P272_SP00123" HPOS="441" VPOS="1485" WIDTH="16"/>
						<String ID="P272_ST00144" HPOS="457" VPOS="1447" WIDTH="150" HEIGHT="30" CONTENT="mastered" WC="0.82" CC="00603300"/>
						<SP ID="P272_SP00124" HPOS="607" VPOS="1485" WIDTH="15"/>
						<String ID="P272_ST00145" HPOS="622" VPOS="1447" WIDTH="73" HEIGHT="38" CONTENT="him," WC="0.65" CC="7600"/>
						<SP ID="P272_SP00125" HPOS="695" VPOS="1485" WIDTH="16"/>
						<String ID="P272_ST00146" HPOS="711" VPOS="1448" WIDTH="60" HEIGHT="29" CONTENT="and" WC="0.76" CC="070"/>
						<SP ID="P272_SP00126" HPOS="771" VPOS="1485" WIDTH="14"/>
						<String ID="P272_ST00147" HPOS="785" VPOS="1448" WIDTH="39" HEIGHT="29" CONTENT="he" WC="0.63" CC="70"/>
						<SP ID="P272_SP00127" HPOS="824" VPOS="1485" WIDTH="15"/>
						<String ID="P272_ST00148" HPOS="839" VPOS="1448" WIDTH="107" HEIGHT="29" CONTENT="roared" WC="0.81" CC="400600"/>
					</TextLine>
				</TextBlock>
			</PrintSpace>
		</Page>
	</Layout>
</alto>
