1019 1638
173 124 53 25 260

423 131 58 18 ALL
500 130 59 19 FOR
578 128 107 21 GREED.

173 218 93 40 being
287 217 189 40 universally
499 214 140 39 disliked,
658 214 68 40 pity
747 213 122 30 seemed
890 213 51 30 the

173 287 120 30 natural
307 286 146 32 vexation
467 287 32 29 to
515 284 99 31 inflict
628 294 84 30 upon
731 282 74 40 him,
824 283 61 30 and
904 283 37 30 he

173 359 53 37 got
237 357 107 39 plenty
360 356 33 30 of
411 355 34 30 it.

215 426 100 30 Raoul
331 435 83 21 came
428 427 32 28 to
477 435 54 30 say
547 423 156 41 good-bye
719 425 33 28 to
767 422 49 30 his
827 422 115 30 friends

172 497 33 27 at
240 495 53 29 the
324 494 147 39 Chateau,
497 493 62 30 and
587 492 98 31 found
719 492 53 31 the
802 491 140 32 Vicomte

172 563 142 38 together
327 562 78 32 with
419 562 48 31 his
482 565 62 28 two
560 562 176 39 daughters.

250 632 60 29 I'm
333 631 149 41 sincerely
497 630 133 42 rejoiced
644 641 64 31 you
730 640 83 21 came
835 631 106 40 to-day

173 701 120 31 instead
319 701 34 31 of
626 700 65 31 said
719 700 161 31 Monsieur
905 700 36 31 de

174 771 186 29 Verancour.

252 840 16 30 I
285 850 38 28 go
571 839 194 39 interrupted
780 840 97 30 Raoul

252 910 34 30 If
304 921 62 30 you
381 910 103 31 would
505 910 43 31 let
568 921 49 20 me
631 910 102 39 finish,
752 910 17 30 I
791 913 103 28 meant
911 913 31 28 to

173 989 56 31 say
250 979 69 30 that
339 982 178 28 to-morrow
539 990 63 30 you
624 980 104 30 would
747 979 78 30 have
847 979 95 30 found

173 1059 41 19 no
230 1059 56 19 one
428 1048 165 31 continued
613 1049 52 30 the
680 1048 142 31 Vicomte
832 1059 9 29 ;
896 1048 47 31 for

174 1129 47 20 we
250 1118 77 30 have
357 1120 31 27 to
419 1117 86 32 drive
542 1129 73 20 over
643 1121 32 28 to
713 1120 53 29 the
804 1119 138 30 Grandes

175 1187 163 40 Bruyeres,
356 1187 60 30 and
432 1187 78 30 shall
524 1187 38 30 be
581 1198 87 31 away
682 1188 54 31 the
751 1188 100 31 whole
872 1188 67 41 day,

176 1258 59 28 and
251 1257 16 29 I
283 1257 103 31 would
405 1259 55 28 not
477 1258 78 30 have
570 1257 113 31 missed
698 1258 106 40 seeing
819 1269 63 29 you
896 1258 46 29 for

175 1337 18 19 a
219 1329 86 37 great
329 1326 76 40 deal,
423 1336 72 21 mon
515 1337 122 30 garcon.
684 1327 17 30 I
725 1327 79 30 shall
830 1327 113 41 always

176 1396 59 30 feel
258 1407 17 19 a
294 1396 64 30 real
380 1396 129 31 interest
531 1396 34 31 in
579 1408 71 30 you,
669 1397 47 31 for
741 1408 63 31 you
827 1400 58 38 put
907 1407 36 20 us

176 1465 41 30 all
232 1465 33 30 in
279 1464 86 31 mind
387 1465 34 30 of
438 1466 127 39 happier
587 1466 99 39 times,
690 1486 42 4 —
734 1468 35 30 of
786 1468 54 30 the
854 1467 89 31 times
