1019 1638
186 118 53 25 242

436 128 57 19 ALL
513 127 57 20 FOR
591 125 107 22 GREED.

188 214 173 38 expression
392 214 119 29 seemed
540 215 32 26 to
602 221 64 30 say,
727 208 117 31 Where
874 208 78 30 have

186 283 84 30 these
285 284 126 29 canaille
427 283 99 30 stolen
541 281 41 30 all
597 280 63 30 this
676 279 74 38 gold

227 352 30 30 A
281 352 140 30 hundred
447 350 153 31 thousand
625 349 101 30 francs
753 347 35 31 of
813 347 118 30 income
944 347 6 31 !

185 420 56 40 Oh,
260 422 52 29 the
327 421 99 40 magic
449 420 34 30 of
501 420 87 30 those
604 418 59 30 few
679 418 100 29 words
793 418 6 29 !
845 417 105 30 Made-

183 490 135 30 moiseUe
342 490 112 30 Felicie
476 490 44 28 let
541 489 56 28 her
619 490 138 37 tapestry
775 487 75 40 drop
868 498 82 29 upon

182 559 56 30 her
281 560 58 38 lap,
381 559 60 30 and
486 557 152 41 surveyed
678 567 74 29 poor
791 556 159 31 Monsieur

182 628 134 31 Richard
331 628 78 30 from
424 628 98 29 under
537 628 56 29 her
615 627 117 40 eyelids
749 627 77 30 with
842 628 75 29 such
933 639 17 18 a

182 701 122 35 strange
320 698 79 38 look,
417 698 58 29 but
491 708 17 19 a
523 697 140 39 gracious
679 707 56 20 one
752 696 169 40 decidedly.

258 767 110 31 Diable
381 768 6 30 !
431 767 136 40 pursued
581 767 54 30 the
646 766 151 30 Vicomte.

182 838 83 38 then,
287 847 64 30 you
376 847 71 29 may
469 836 90 29 make
583 847 18 18 a
624 835 159 41 marriage,
787 854 42 3 —
830 846 18 19 a
872 837 77 39 good

181 906 148 40 marriage
341 916 7 29 ;
367 906 26 30 it
407 905 65 32 will
486 905 39 31 be
540 905 34 30 in
588 915 79 31 your
681 915 103 30 power
799 908 32 27 to
846 915 102 31 marry

181 987 17 19 a
212 976 163 31 well-born
391 976 59 38 ghl
465 976 132 30 without
613 985 17 19 a

308 1057 62 29 you
392 1046 103 30 would
517 1045 71 39 help
590 1064 42 3 —
633 1045 104 30 would
753 1045 93 39 guide

179 1115 176 28 murmured
373 1114 142 29 Richard.

256 1185 16 28 I
302 1184 92 30 know
425 1184 33 29 of
484 1194 79 19 none
734 1185 135 29 retorted
895 1186 52 28 the

178 1253 141 30 Vicomte
340 1252 165 41 haughtily
518 1263 7 29 ;
582 1253 59 31 but
665 1254 16 29 I
705 1254 92 31 know
823 1255 68 30 that
915 1255 33 30 in

178 1324 95 38 Paris,
305 1324 48 30 for
387 1324 147 38 instance,
566 1324 87 30 there
690 1335 51 19 are
778 1325 109 41 plenty
917 1326 33 29 of

177 1393 131 30 reduced
328 1392 130 31 families
473 1393 69 30 who
558 1393 65 30 will
644 1393 70 40 give
730 1394 82 29 theh'
828 1395 118 39 daugh-

176 1466 61 26 ters
258 1465 32 27 to
316 1462 144 40 anybody
487 1463 69 31 who
580 1462 27 30 is
629 1462 75 30 rich.
751 1463 32 30 It
809 1464 26 29 is
859 1465 87 37 quite
