1019 1638
194 99 236 21 MADEMOISELLE
449 93 146 27 FELICIE's
613 100 149 20 HUSBAND.

811 93 54 27 235

100 186 33 28 to
155 186 110 29 render
289 197 18 18 a
333 186 115 31 service
470 189 32 27 to
522 187 52 29 the
594 186 148 40 Vicomte,
761 190 54 27 out
837 188 31 30 of

100 255 142 38 personal
263 255 170 41 friendship
444 265 8 31 ;
475 256 143 39 whereas,
635 256 119 31 besides
773 256 94 41 being

101 323 192 40 convenient,
312 324 25 30 it
359 335 62 20 was
442 325 163 29 creditable
625 327 32 27 to
677 336 18 18 a
714 336 71 18 man
804 325 63 29 like

101 390 136 31 Richard
267 392 129 31 Prevost
429 395 31 28 to
490 392 78 32 wish
604 403 31 20 so
665 393 141 41 ardently
835 396 32 27 to

101 469 87 22 serve
215 461 52 30 the
294 461 143 31 interests
467 463 34 29 of
527 473 39 19 an
591 462 169 30 illustrious
789 473 76 19 race.

101 529 74 30 And
211 530 79 30 from
326 531 54 29 the
415 530 87 41 point
539 531 33 30 of
604 530 79 32 view
716 531 33 30 of
818 541 49 20 ma

282 608 32 20 as
344 598 159 31 Monsieur
539 599 28 29 le
597 598 139 31 Vicomte
766 599 101 31 would

100 667 195 40 perpetually
315 669 105 38 repeat
445 670 31 27 to
497 667 130 39 himself,
646 667 24 29 it
692 678 61 20 was
774 668 92 39 grati-

100 734 91 41 fying
221 738 31 27 to
283 735 126 31 observe
439 735 53 30 the
521 734 166 41 plebeian's
712 735 150 38 devotion,

101 805 93 30 while
218 804 25 30 it
274 804 53 30 did
353 815 87 30 away
465 805 77 30 with
565 805 53 29 the
647 804 151 40 necessity
822 804 46 30 for

100 884 61 30 any
190 873 141 40 personal
367 873 164 40 gratitude,
568 872 101 32 which
705 883 62 20 was
804 872 62 30 also

100 942 149 39 pleasing.

144 1013 82 30 Such
255 1022 62 21 was
344 1011 159 31 Monsieur
527 1010 159 31 Richard's
713 1010 97 31 desire
835 1013 30 28 to

100 1081 105 30 obtain
221 1081 45 29 for
282 1080 48 30 his
345 1080 91 30 noble
451 1082 108 37 patron
575 1079 52 30 the
643 1089 67 19 sum
724 1078 141 40 required

99 1149 47 31 for
170 1149 53 30 the
250 1148 231 30 establishment
504 1147 34 29 of
558 1146 228 30 Mademoiselle
809 1147 56 30 Fe-

99 1219 78 40 licie,
196 1219 68 30 that
285 1219 39 29 he
343 1228 62 20 was
425 1217 47 31 for
492 1226 72 22 ever
585 1216 198 40 acquainting
802 1216 63 30 him

100 1287 77 32 with
199 1298 83 20 some
302 1297 69 21 new
386 1286 73 40 plan
473 1286 68 29 that
562 1284 48 30 his
625 1284 140 40 untiring
780 1284 85 40 inge-

99 1356 90 41 nuity
205 1356 60 30 had
282 1354 133 39 devised,
433 1353 60 30 and
512 1353 68 30 that
596 1354 82 28 must
699 1353 37 28 be
752 1352 113 29 certain

99 1429 31 28 to
155 1425 128 32 succeed
293 1434 8 29 ;
304 1442 42 4 —
348 1424 72 30 onlv
431 1423 67 40 just
520 1422 33 30 in
573 1422 51 30 the
645 1421 85 31 teeth
752 1420 34 32 of
804 1420 61 31 this
