1019 1638
251 111 62 21 THE
333 105 161 27 VICOMTE'S
514 112 157 20 TROUBLES.

792 104 53 27 157

84 196 39 30 he
160 197 63 30 had
257 198 79 30 been
372 199 101 30 forced
514 198 64 30 into
620 198 154 40 confiding
814 199 33 29 in

85 266 160 31 Monsieur
270 267 142 40 Richard,
437 267 25 31 it
489 267 52 31 did
567 278 80 20 seem
671 270 32 28 to
724 267 62 27 him
814 277 33 21 so

85 337 195 30 tremendous
306 347 17 19 a
344 337 62 30 fact
431 337 67 30 that
522 347 18 19 a
565 337 149 38 daughter
740 336 34 29 of
794 337 53 28 the

85 404 97 31 house
206 406 33 29 of
257 405 178 31 Verancour
457 405 108 31 should
591 405 37 30 be
650 405 105 40 placed
776 404 33 30 in
831 415 17 19 a

88 473 142 30 dilemma
246 476 54 27 out
315 474 33 29 of
358 473 101 31 which
473 473 62 30 this
549 473 158 39 low-born,
724 484 122 29 money-

87 541 127 41 lending
235 541 162 41 bourgeois
420 542 89 30 could
530 542 146 30 extricate
698 542 62 38 her,
782 542 66 30 that

88 612 39 28 he
152 611 134 40 thought
307 611 43 40 by
371 611 53 29 the
449 621 81 19 mere
556 613 161 27 statement
742 611 33 29 of
797 611 51 29 the

90 690 67 21 case
192 683 32 27 to
262 680 182 30 overwhelm
481 680 67 30 that
584 679 170 31 individual
791 680 58 29 and

90 759 104 19 secure
209 749 48 29 his
273 748 129 30 services
416 751 32 27 to
464 758 39 20 an
517 747 162 31 unhmited
694 751 114 27 extent.

132 817 106 31 When
251 817 53 30 the
318 817 140 29 Vicomte
480 817 86 29 made
581 817 52 29 the
652 817 124 29 hurried
792 817 58 29 and

90 887 162 30 vehement
277 885 162 31 admission
462 886 33 30 of
516 884 49 31 his
591 885 256 38 embarrassment,

90 966 17 18 a
122 955 81 28 flush
218 955 75 28 stole
310 964 71 19 over
395 953 158 30 Monsieur
572 953 158 30 Richard's
745 954 102 37 cheek,

90 1023 60 30 and
164 1033 18 19 a
203 1021 81 40 Ught
306 1021 68 30 shot
393 1021 78 30 from
493 1021 130 30 beneath
644 1021 48 29 his
715 1021 115 40 eyelids
843 1032 6 28 ;

90 1093 56 29 but
161 1092 38 29 he
215 1091 158 30 concealed
388 1090 75 30 both
477 1090 43 40 by
531 1089 48 31 his
593 1090 90 39 hand,
702 1101 38 19 on
751 1090 99 30 which

90 1163 39 27 he
145 1162 90 28 leant.

168 1230 17 29 I
201 1229 90 30 could
311 1228 110 40 hardly
435 1228 78 30 have
721 1228 38 30 he
776 1228 72 38 said,

92 1298 116 41 slowly,
233 1298 60 29 and
314 1296 76 31 with
411 1307 39 18 an
472 1296 176 40 expression
674 1296 34 29 of
730 1306 119 29 sorrow,

124 1369 68 29 that
214 1377 60 30 any
297 1367 99 36 event,
414 1364 120 40 coming
555 1364 206 41 immediately
775 1364 76 30 after

90 1438 54 31 the
186 1435 139 31 dreadful
366 1433 188 38 catastrophe
588 1432 102 32 which
725 1433 55 30 has
821 1443 30 20 so
