1019 1638
165 111 51 25 142

413 118 58 20 ALL
489 117 59 21 FOR
567 116 107 21 GREED.

163 208 32 27 at
241 206 54 28 her
340 205 110 29 lover's
487 203 151 31 boldness.
851 210 78 30 your

239 345 56 41 My
311 345 99 30 father
423 344 66 31 wUl
511 344 33 28 in
566 343 52 29 the
634 342 60 30 end
716 350 143 31 approve,
875 339 53 31 be-

164 424 87 20 cause
266 415 39 29 he
320 414 64 30 wUl
406 414 38 30 be
459 412 112 31 unable
591 415 31 27 to
645 411 72 39 help
732 409 132 39 himself,
882 409 46 30 for

163 483 16 30 I
201 483 65 31 wiU
291 482 187 41 distinguish
503 481 115 41 myself
640 481 61 29 and
726 480 94 40 bring
845 479 83 31 fresh

162 553 117 29 honour
307 555 32 27 to
364 552 48 30 his
438 561 96 21 name.
595 551 65 30 But
688 550 69 30 that
787 549 26 30 is
843 549 42 30 all
911 560 17 18 a

162 623 109 28 matter
286 621 33 30 of
329 632 82 19 mere
427 621 100 38 detail,
545 621 60 29 and
620 631 46 20 we
681 620 78 30 have
775 622 55 27 not
851 619 76 29 time

163 691 47 29 for
235 690 25 30 it
284 701 70 20 now
367 700 6 30 ;
396 691 53 29 the
466 701 55 19 one
536 690 91 39 thing
643 689 33 30 of
694 689 187 39 importance
897 691 31 27 to

163 770 37 19 us
212 759 34 38 is,
263 762 32 27 to
310 759 38 29 be
363 770 69 19 sure
448 759 34 30 of
494 759 72 29 each
578 759 95 29 other.
709 758 61 29 We
787 768 49 19 are
853 768 75 30 very

165 837 72 20 soon
262 829 32 28 to
316 826 37 31 be
375 827 115 39 parted,
509 826 129 40 darling.
683 826 80 31 Will
778 837 64 30 you
856 826 72 31 wait

164 897 46 28 for
246 906 56 28 me,
331 896 59 29 and
415 895 64 31 will
513 906 62 30 you
609 906 56 19 one
705 896 60 40 day
799 895 40 30 be
875 906 53 30 my

206 1034 157 30 Vevette's
389 1034 71 29 look
486 1034 34 29 of
538 1036 84 27 mute
638 1033 121 40 despair
784 1034 66 29 told
875 1034 53 29 the

165 1102 96 30 entire
275 1103 61 29 tale
353 1103 33 29 of
397 1103 55 29 her
467 1103 153 29 mistaken
635 1103 170 29 education.

323 1184 63 29 you
400 1173 132 39 promise
637 1173 166 30 continued
818 1173 110 39 Raoul,

164 1241 278 41 compassionately,
493 1245 32 27 to
540 1242 168 30 withstand
723 1242 42 30 all
785 1245 144 37 attempts

163 1313 32 27 to
210 1321 102 29 marry
326 1320 62 30 you
403 1313 31 28 to
446 1322 61 28 any
523 1322 56 19 one
596 1311 61 31 else
668 1311 14 31 ?

411 1380 170 30 exclaimed
611 1381 54 30 she
694 1382 78 31 with
803 1393 125 30 energy,

164 1449 60 29 and
240 1459 32 19 as
293 1449 120 40 though
435 1449 194 32 illuminated
650 1450 43 40 by
709 1461 18 20 a
743 1452 119 30 sudden
883 1451 45 31 in-
