1019 1638
284 109 62 20 THE
365 110 96 20 FEAST
480 110 59 20 FOE
558 110 62 20 THE
639 110 87 20 DEAD.

833 104 52 25 219

123 193 82 31 exile
219 204 7 30 ;
249 196 61 29 and
336 196 116 30 several
476 196 244 41 partially-filled
739 197 147 30 windows

126 263 34 30 of
179 265 171 40 extremely
375 265 61 30 fine
466 265 51 30 old
546 265 220 39 stained-glass.
822 266 64 29 The

123 332 188 31 Revolution
325 334 61 30 had
402 334 174 30 committed
591 337 85 37 great
696 334 96 30 havoc
803 334 80 37 here,

125 402 61 29 and
200 405 69 27 vast
284 413 103 29 spaces
413 403 34 30 of
465 403 65 30 dull
550 403 224 30 lead-coloured
794 413 93 29 panes

124 469 182 32 intervened
323 471 139 31 between
480 472 53 30 the
553 472 126 30 rescued
700 471 134 40 portions
857 472 32 30 of

125 540 112 38 colour,
250 549 151 30 gorgeous
416 550 32 19 as
463 540 52 29 the
529 540 114 30 richest
656 540 111 30 tissues
782 540 34 30 of
833 541 52 28 the

125 607 84 39 East,
238 608 61 29 and
329 607 84 40 quite
444 607 158 39 sufficient,
629 609 89 30 when
746 608 53 30 the
829 618 58 20 sun

124 677 107 30 blazed
245 687 84 29 upon
343 678 84 29 them
441 677 33 30 in
489 677 204 38 midsummer,
711 680 30 27 to
757 678 98 29 throw
870 689 17 18 a

125 748 103 36 carpet
244 745 33 30 of
295 746 63 38 red,
375 745 81 39 blue,
474 746 60 29 and
549 746 72 39 gold
642 756 82 29 upon
734 746 53 30 the
803 749 83 27 stone

124 817 163 36 pavement
299 815 34 30 of
351 815 52 30 the
419 815 97 30 aisles.

167 884 97 30 There
286 894 62 20 was
370 894 39 20 no
431 883 199 40 brightening
651 894 62 30 ray,
736 884 148 38 however,

124 955 32 27 to
192 952 122 30 enliven
350 952 52 30 the
437 952 115 30 church
586 962 38 20 on
660 952 62 30 this
758 952 63 30 2nd
857 952 32 30 of

124 1021 184 30 November.
353 1021 55 30 All
423 1032 62 19 was
501 1021 108 30 dismal
631 1032 31 19 as
684 1021 53 30 the
752 1021 136 30 occasion

123 1089 92 31 itself.
261 1091 64 29 The
361 1090 76 30 altar
466 1100 63 21 was
557 1090 87 39 hung
677 1089 77 31 with
786 1090 98 38 black,

124 1159 60 29 and
215 1158 97 40 dimly
341 1158 128 40 lighted,
497 1159 60 28 and
585 1158 34 29 in
647 1158 53 29 the
730 1160 101 27 centre
857 1159 32 28 of

122 1227 54 30 the
191 1237 78 20 nave
291 1237 67 20 rose
373 1237 18 20 a
409 1226 93 40 large,
519 1226 240 41 heavy-looking
781 1226 105 31 edifice

122 1296 115 40 draped
259 1295 33 30 in
313 1294 90 31 black
425 1295 91 38 cloth,
541 1295 127 30 covered
693 1294 76 31 with
794 1294 93 31 silver

122 1365 114 37 flames,
265 1364 198 30 surmounted
488 1364 77 30 with
593 1363 90 30 black
708 1364 60 29 and
793 1364 93 30 white

121 1435 128 39 plumes,
281 1433 61 30 and
376 1432 189 31 surrounded
593 1432 77 31 with
698 1432 63 38 tall,
800 1436 86 36 great
