1019 1638
269 88 63 21 THE
351 82 144 27 VICOMTE'
500 89 13 20 S
533 89 158 20 TROUBLES.

810 82 50 26 151

102 173 148 42 thinking
264 175 87 30 those
374 176 59 30 few
448 176 83 40 days'
548 175 238 40 imprisonment,
804 177 59 29 and

103 243 53 30 the
191 244 221 31 examinations
442 246 60 29 and
535 244 175 40 suspicions,
738 246 60 29 and
823 246 40 30 all

103 313 150 39 together,
293 325 78 19 were
408 317 50 27 too
495 315 90 29 much
622 315 45 29 for
696 314 72 29 him.
814 315 49 29 He

105 384 95 28 stares
226 385 32 28 at
280 393 63 31 you
357 383 33 30 in
406 383 74 30 such
495 394 17 19 a
528 386 119 37 strange
662 393 76 31 way,
757 383 60 30 and
838 383 25 30 is

105 462 83 19 more
212 452 106 29 absent
344 453 74 29 than
451 463 77 19 ever.
584 453 49 29 He
659 453 54 29 has
740 452 84 40 quite
848 464 15 18 a

105 520 212 29 moon-struck

302 601 79 28 man,
420 601 73 29 poor
697 591 166 29 exclaimed

106 658 158 30 Monsieur
289 658 141 31 Richard.
550 660 39 29 do
610 662 53 28 not
684 659 91 32 know
796 660 67 31 how

106 730 32 27 to
169 730 190 37 compensate
396 731 32 26 to
464 728 65 29 him
557 729 47 29 for
640 729 41 29 all
716 729 39 29 he
783 732 80 28 went

106 797 143 39 through.
302 797 38 29 In
363 807 53 30 my
430 807 74 29 poor
518 797 115 30 uncle's
648 796 73 31 time
736 797 38 30 he
789 798 74 29 used

106 868 31 27 to
153 865 38 30 be
216 866 89 29 down
330 865 72 30 here
427 875 92 30 every
534 867 61 28 two
621 866 82 40 days,
722 868 31 27 at
767 866 76 29 least
855 876 7 29 ;

105 945 70 20 now
204 934 39 30 he
271 934 132 40 scarcely
430 945 98 19 comes
556 937 31 27 at
613 934 48 30 all.
712 935 79 30 Poor
814 934 49 31 old

104 1004 131 38 Prosper
249 1003 6 30 !

147 1072 64 29 The
241 1071 209 30 conversation
487 1072 141 38 dropped,
661 1072 59 29 and
749 1072 25 30 it
803 1083 60 20 was

103 1142 124 29 evident
252 1142 68 29 that
346 1140 158 31 Monsieur
529 1141 29 30 le
572 1140 140 31 Vicomte
727 1142 61 29 had
811 1144 52 27 not

103 1211 72 40 paid
198 1210 133 30 Richard
357 1210 128 30 Prevost
517 1210 62 30 this
606 1210 160 30 matutinal
792 1210 71 31 visit

103 1280 116 40 merely
233 1282 32 27 to
281 1289 142 20 converse
439 1279 92 30 about
553 1280 52 29 the
620 1290 121 30 wrongs
757 1280 33 29 of
811 1280 52 29 the

103 1351 116 30 Breton
234 1349 195 31 woodcutter.
475 1348 92 30 After
581 1359 17 19 a
612 1359 93 29 pause
722 1348 33 31 of
774 1359 17 19 a
805 1348 58 31 few

103 1420 133 33 seconds,
261 1419 39 28 he
324 1417 99 39 began
448 1427 82 29 upon
555 1418 52 29 the
630 1420 111 27 matter
764 1418 99 30 which
