1019 1638
158 84 34 26 32

406 93 58 19 ALL
484 92 58 20 FOR
563 91 108 21 GREED.

158 190 70 19 man
254 190 61 21 was
339 179 289 31 blockheadedness.
675 176 17 30 I
720 185 57 21 can
802 174 66 30 find
892 184 38 20 no

158 249 86 29 other
259 251 87 27 term.

231 319 169 38 Nonsense,
418 318 133 39 Prosper
561 326 8 30 ;
585 316 74 30 hold
671 325 80 31 your
765 318 118 37 tongue
895 313 7 32 !

156 389 137 41 rejoined
315 388 160 30 Monsieur
497 386 144 31 Richard.
721 384 93 31 Come
834 384 99 30 round

156 459 73 30 here
249 458 66 30 into
331 468 52 30 my
398 467 86 21 room
499 456 61 30 and
581 456 57 30 tell
652 466 49 19 me
718 455 41 30 all
782 455 95 30 about
899 454 34 30 it.

158 528 16 29 I
190 530 83 27 must
289 530 47 27 set
350 538 64 28 you
428 526 86 40 right
528 525 79 31 with
622 536 54 30 my

200 597 65 30 The
282 606 72 21 man
376 596 54 30 did
452 605 33 21 as
507 596 40 30 he
561 605 64 22 was
647 594 64 40 bid,
729 594 62 31 and
814 594 119 31 slouch-

156 666 89 40 ingly
261 666 133 30 skulked
409 666 44 30 off
464 668 33 28 to
512 666 53 30 the
580 665 81 31 back
677 668 152 27 entrance.
862 664 71 31 Aud

158 735 150 41 certainly
320 735 161 30 Monsieur
496 735 136 30 Richard
648 735 53 30 did
717 735 72 30 look
804 746 18 19 a
836 734 97 42 likely

156 816 111 28 person
282 809 32 27 to
329 806 90 30 make
441 816 92 28 peace
555 806 143 31 between
719 805 118 39 people.
884 805 49 31 He

156 886 63 20 was
236 886 31 19 so
283 886 77 29 very
375 875 95 31 blond
492 876 62 30 and
576 875 249 40 gentle-looking
835 885 7 30 ;
880 878 53 28 not

157 947 115 37 strong,
309 945 171 41 decidedly,
516 955 33 20 as
579 946 145 29 Madame
759 946 79 30 Jean
873 945 61 30 had

157 1014 100 29 stated
287 1013 33 30 of
347 1013 73 40 him,
453 1014 58 31 but
536 1014 78 32 with
641 1026 39 20 an
711 1015 46 31 air
781 1015 34 31 of
842 1016 91 40 good-

156 1085 109 28 nature
290 1084 61 29 and
377 1083 131 31 delicate
530 1085 109 30 health
662 1085 69 31 that
757 1086 89 30 made
873 1096 62 30 you

156 1152 70 41 pity
249 1152 66 31 him
337 1154 61 30 and
420 1157 129 28 account
571 1155 48 30 for
641 1156 54 30 the
716 1156 126 31 evident
864 1156 71 30 lazi-

155 1233 70 19 ness
226 1241 42 4 —
268 1223 26 30 it
319 1234 63 20 was
412 1234 84 21 more
521 1225 77 31 than
620 1226 161 31 indolence
784 1245 42 4 —
828 1227 34 30 of
888 1226 47 30 his

159 1295 118 26 nature.

200 1361 48 31 As
264 1362 107 32 eleven
393 1363 117 31 o'clock
531 1376 64 20 was
618 1366 135 41 striking
776 1367 162 31 Monsieur

154 1431 28 30 le
198 1432 140 30 Vicomte
362 1444 91 28 came,
479 1435 61 30 and
563 1435 129 31 claimed
714 1438 54 29 the
790 1438 148 31 audience
