1019 1638
136 108 51 26 186

386 118 59 19 ALL
465 118 58 19 FOR
542 116 107 21 GREED.

137 204 52 29 the
211 204 122 41 dignity
360 204 33 30 of
415 204 98 30 Maire
541 213 33 19 or
601 200 169 32 Conseiller
797 198 104 32 Muni-

136 272 78 40 cipal
225 283 8 30 ;
236 292 42 3 —
278 274 59 29 and
374 284 17 19 a
428 271 207 32 considerable
667 270 175 40 sprinkling
869 269 32 30 of

137 342 149 39 adultery.

179 411 30 29 D
297 435 6 14 ,
321 410 33 30 in
369 409 62 31 this
446 409 40 31 its
509 408 164 31 transition
689 411 78 27 state
784 408 33 30 of
836 418 69 29 pro-

137 490 84 29 gress
243 480 131 31 towards
396 480 54 29 the
472 479 111 29 morals
606 478 60 30 and
685 488 142 20 manners
844 477 33 31 of
889 487 18 20 a

138 551 86 37 great
249 551 92 35 town,
367 548 62 30 had
452 547 40 30 its
646 565 43 3 —
690 557 18 19 a
732 546 64 30 real
825 546 79 30 indi-

138 628 116 29 genous
280 618 72 38 lion,
380 628 40 28 or,
447 627 32 19 as
506 617 53 29 the
584 617 121 29 French
730 619 80 27 term
833 615 34 41 it,
890 626 18 20 a

171 698 56 29 coq
242 687 37 30 de
492 686 75 31 This
582 696 63 22 was
667 696 39 20 no
723 686 88 30 other
833 686 75 30 than

139 767 18 19 a
172 756 115 30 certain
308 756 160 30 Monsieur
489 756 133 39 Duprez,
640 766 18 19 a
680 766 72 19 man
775 756 34 29 of
827 766 82 20 some

141 825 49 31 six
212 836 34 20 or
273 825 291 41 seven-and-thirty,
589 825 103 31 whose
716 825 100 31 father
838 825 68 39 had,

141 898 117 37 twenty
274 905 88 30 years
376 895 114 39 before,
507 894 80 31 been
601 895 54 29 the
670 894 130 30 medical
822 905 85 29 prac-

140 964 125 30 titioner
288 965 33 29 of
340 965 52 29 the
414 965 94 39 place,
527 965 61 29 and
609 965 70 30 who
702 974 72 29 was,
792 964 43 41 by
858 964 52 30 the

141 1033 104 39 public
275 1033 85 31 voice
391 1033 33 30 of
451 1034 28 29 D
569 1057 7 15 ,
600 1033 141 31 declared
770 1036 32 28 to
832 1034 78 30 have

175 1104 87 29 made
277 1103 48 30 his
534 1104 160 29 Monsieur
708 1104 125 39 Duprez
849 1115 62 20 was

142 1173 83 31 what
247 1172 103 31 ladies'
356 1172 109 31 -maids
487 1176 80 28 term
589 1184 17 19 a
629 1174 206 41 wonderfully
852 1173 60 30 fine

143 1253 79 19 man.
268 1242 50 29 He
334 1242 61 29 had
410 1242 103 41 bushy
528 1242 151 32 whiskers
695 1243 61 30 and
771 1244 56 29 red
841 1242 69 41 lips,

144 1311 87 41 curly
253 1311 68 30 hair
342 1312 61 30 and
424 1322 18 20 a
463 1312 95 30 white
573 1313 154 40 forehead,
745 1314 61 29 and
827 1314 88 29 there

145 1392 63 20 was
224 1381 93 30 about
331 1381 65 29 him
412 1392 17 18 a
441 1381 116 31 certain
571 1382 46 31 air
634 1383 33 30 of
679 1393 69 21 ease
764 1384 61 29 and
837 1383 79 40 good

146 1452 108 28 nature
277 1450 60 30 and
355 1450 105 40 jollity
475 1451 103 31 which
598 1452 83 31 drew
696 1453 133 31 towards
852 1452 64 31 him
