1019 1638
160 92 53 25 264

411 100 59 19 ALL
488 99 58 20 FOR
565 97 108 22 GREED.

160 197 62 20 was
250 187 53 30 the
332 186 121 30 natural
479 184 82 41 grief
590 182 161 32 attendant
781 192 39 19 on
850 180 81 31 their

159 255 131 41 parting,
313 256 25 30 it
368 254 120 32 seemed
517 264 33 20 as
579 253 122 40 though
729 261 83 21 some
843 251 87 31 other

159 326 120 30 trouble
293 326 52 40 lay
359 325 124 39 hidden,
501 325 61 29 and
577 323 75 30 each
665 322 128 31 marked
812 320 62 32 this
896 321 33 30 in

158 396 52 29 the
227 396 94 29 other.
356 395 47 30 As
418 394 100 31 Raoul
532 393 73 31 held
620 392 33 31 in
668 392 49 30 his
732 392 53 30 the
801 392 83 29 hand
899 392 33 30 of

157 465 53 30 the
226 464 162 40 sin-inking
400 464 69 40 girl,
704 463 40 29 he
759 461 170 31 exclaimed

156 534 137 40 bitterly,
351 534 74 40 why
445 534 39 29 do
506 544 63 30 you
592 532 109 31 shrink
723 531 78 31 from
823 541 50 21 me
894 530 34 31 in

156 602 62 31 this
242 613 68 30 way
322 603 15 30 ?
358 603 83 31 what
465 602 27 31 is
518 602 25 30 it
568 613 63 30 you
657 601 108 30 shrink
790 601 79 30 from
881 601 15 30 ?

155 673 133 30 Vevette
304 675 64 28 cast
387 684 40 18 an
442 672 130 30 anxious
592 672 108 40 glance
723 671 117 30 around
862 671 63 30 her.

156 743 99 30 Raoul
271 742 96 31 shook
381 742 48 30 his
444 742 79 30 head
534 752 6 20 :
598 741 32 31 It
645 741 26 30 is
682 744 55 27 not
751 741 69 30 that
832 741 6 31 !
887 740 39 31 he

156 812 65 30 said
246 811 204 41 impatiently.
548 811 73 30 You
643 821 51 20 are
716 813 56 28 not
794 810 134 30 alarmed

155 883 59 29 lest
228 892 47 20 we
290 881 110 30 should
420 882 39 29 be
475 881 155 40 surprised
642 890 7 31 ;
673 891 62 31 you
750 881 93 30 know
857 881 69 30 that

156 963 39 20 no
212 963 56 20 one
283 952 65 31 will
358 962 84 20 come
461 962 74 20 near
556 951 63 31 this
641 961 85 20 room
746 950 47 31 for
810 950 94 31 hours
917 960 7 29 ;

156 1023 68 30 that
243 1033 47 20 we
316 1033 51 19 are
392 1021 149 41 perfectly
566 1021 62 30 safe
641 1030 8 30 ;
672 1021 68 29 that
766 1021 87 29 there
875 1031 51 19 are

155 1092 206 30 half-a-dozen
382 1101 85 31 ways
492 1091 33 30 of
554 1089 144 41 escaping
709 1090 28 30 if
760 1100 57 21 one
832 1090 94 31 heard

155 1163 57 30 but
227 1172 17 20 a
259 1171 104 21 mouse
379 1160 63 31 stir.
481 1160 50 30 No
544 1170 8 29 ;
573 1160 68 30 that
655 1160 27 30 is
696 1162 55 28 not
766 1160 34 30 it.
847 1160 17 30 I
876 1171 48 19 am

154 1234 55 28 not
238 1231 144 31 deceived
409 1231 44 40 by
481 1231 54 29 the
563 1231 72 29 look
661 1231 68 29 that
757 1241 64 29 you
851 1230 74 30 send

155 1301 177 40 wandering
344 1303 54 28 out
413 1301 78 30 from
505 1311 79 30 your
599 1310 72 31 eyes
686 1300 42 31 all
743 1301 119 30 around
876 1310 46 29 us,

155 1371 47 31 for
217 1371 17 30 I
250 1381 49 20 see
314 1371 53 30 the
382 1371 72 30 look
468 1371 68 30 that
551 1370 56 31 lies
622 1370 116 31 behind
753 1369 34 31 it.
826 1370 98 31 What

155 1441 27 29 is
207 1441 34 37 it,
259 1441 133 30 Vevette
404 1441 15 30 ?
440 1441 84 30 what
547 1441 26 29 is
598 1441 26 30 it
636 1441 15 29 ?
695 1440 179 31 Sometimes
900 1440 26 30 it
