1019 1638
816 105 51 26 169

323 112 68 22 LESS
411 112 84 21 THAN
515 112 20 20 A
555 112 111 24 SQUIRE.

111 206 18 20 a
144 196 134 40 league's
299 198 133 30 distance
453 198 77 30 from
544 198 28 30 D
660 221 6 15 ,
685 200 30 28 at
735 208 17 19 a
772 198 95 38 small,

111 266 224 32 tumble-down
356 267 76 30 kind
454 267 32 30 of
506 267 76 30 farm
604 267 95 30 caUed
721 267 45 29 La
786 267 82 29 Mor-

112 335 129 40 vUliere,
259 339 61 28 two
337 337 147 39 brothers,
503 347 55 20 one
583 337 108 29 named
706 337 95 39 Rene,
818 336 52 30 the

113 405 88 30 other
217 405 133 39 Charles,
369 406 37 30 de
421 405 150 31 MorviUe.
606 406 63 30 The
685 405 82 30 elder
782 405 88 30 stuck

112 476 33 28 to
174 473 49 31 his
292 474 82 41 dirty
547 474 143 39 married,-
715 474 60 30 had
810 477 60 27 two

114 542 146 40 chUdren,
264 561 42 4 —
306 554 18 18 a
353 543 67 39 girl,
453 543 68 31 who
558 543 77 39 died,
667 543 59 29 and
762 542 106 39 Raoul,

114 612 102 30 whom
237 623 45 19 we
302 613 78 29 have
400 612 123 41 already
543 623 79 27 seen,
640 613 59 29 and
720 612 68 30 who
810 622 60 20 was

114 690 69 20 now
212 683 202 37 twenty-two.
470 681 64 29 The
564 691 144 29 younger,
738 680 130 38 Charles,

113 759 56 19 ran
198 759 86 30 away
314 749 78 30 from
420 749 88 30 home
542 752 32 26 at
610 751 169 36 seventeen,
810 758 60 22 was

115 819 112 39 sought
253 819 46 29 for
324 818 33 29 in
382 818 72 30 vain
480 819 45 29 for
555 819 114 29 several
693 828 94 30 years,
812 818 58 29 had

113 888 87 29 made
216 897 17 20 a
248 887 90 30 sador
353 887 34 30 of
398 887 129 38 himself,
541 887 60 30 and
614 886 143 32 achieved
773 886 94 41 glory,

112 956 43 40 by
171 956 67 29 dint
260 956 33 29 of
311 956 76 29 hard
409 956 122 38 service,
548 956 60 29 and
623 956 108 29 harder
745 955 122 30 knocks.

112 1024 50 30 He
184 1035 62 20 was
267 1034 70 21 now
356 1034 40 20 an
420 1023 135 39 admiral,
573 1024 60 30 and
653 1023 60 30 had
735 1024 134 40 recently

111 1094 111 38 gained
236 1094 83 29 fresh
334 1093 176 30 distinction
525 1092 33 31 in
573 1092 104 31 China.

154 1163 162 40 Although
331 1173 17 20 a
362 1166 68 28 vast
445 1162 134 31 distance
594 1162 59 41 lay,
671 1162 32 30 in
718 1162 51 30 the
784 1161 82 31 mind

112 1228 34 30 of
171 1228 52 29 the
246 1227 149 39 Vicomte,
423 1226 139 31 between
586 1227 52 29 the
702 1225 135 31 Chateau

111 1296 61 31 and
200 1295 63 31 this
291 1295 154 32 wretched
474 1294 79 31 little
583 1294 145 41 lairdship
758 1295 33 30 of
824 1294 42 30 La

111 1365 199 39 Morvilliere,
342 1365 60 29 and
437 1364 148 40 although
620 1365 52 29 the
738 1364 49 29 fils
816 1364 50 29 des

110 1435 111 31 croises
277 1433 110 32 looked
408 1432 100 41 loftdy
531 1433 89 31 down
642 1443 82 30 upon
745 1443 121 30 persons
