1019 1638
124 98 53 26 290

376 106 59 21 ALL
454 106 58 21 FOR
531 105 108 22 GREED.

124 194 98 38 year's
237 193 74 30 time
326 193 38 29 he
380 193 66 31 wdl
460 193 39 29 be
515 191 160 30 Monsieur
691 191 37 29 de
742 189 151 32 Chateau-

123 262 136 40 brevdle,
277 262 77 31 with
369 273 18 19 a
402 261 142 41 splendid
565 263 130 38 country
711 260 105 38 house,
834 260 59 30 and

122 343 39 19 an
185 332 232 31 establishment
439 332 33 30 in
494 332 96 38 Paris,
610 332 60 29 and
692 331 33 39 if,
728 349 44 4 —
772 341 33 19 as
831 341 62 29 you

121 403 126 30 advised
261 403 62 27 bim
341 406 32 27 to
389 404 47 38 do,
440 421 42 4 —
483 403 39 29 he
538 402 111 30 should
664 412 103 30 marry
779 412 18 19 a
808 401 84 30 well-

120 472 77 30 born
220 483 127 27 woman,
374 483 46 20 we
448 472 78 31 shall
551 472 40 30 all
617 482 39 29 go
680 471 60 30 and
763 470 75 31 visit
861 473 32 27 at

121 541 275 39 Chateaubreville,
415 542 60 30 and
497 553 47 19 we
567 542 111 29 should
700 541 98 39 really
813 544 78 26 treat

120 610 64 30 him
199 611 124 38 already
339 621 32 19 as
386 621 18 19 a

316 691 32 19 so
374 691 48 19 we
562 680 171 40 ejaculated
756 680 54 29 the
834 679 55 30 Vi-

120 751 97 28 comte
228 758 8 30 ;
292 748 86 30 don't
393 748 17 30 I
425 748 44 31 let
484 748 66 30 him
566 748 71 30 dine
652 749 73 30 here
741 748 77 31 with
834 749 55 30 us?

119 818 90 30 Treat
232 817 65 30 him
319 828 33 19 as
374 829 18 18 a
413 818 102 29 friend
527 818 6 29 !
566 818 63 29 Yes
643 827 7 29 ;
673 818 59 30 but
747 818 17 29 I
780 818 109 30 should

119 886 62 31 like
197 889 31 28 to
244 897 49 20 see
308 898 72 30 you,
394 888 69 29 who
479 887 133 30 theorise
628 898 33 19 so
676 887 104 41 finely,
795 890 93 27 treat-

118 956 54 37 ing
187 956 66 29 him
267 966 33 20 as
315 967 39 19 an

268 1036 51 19 are
333 1026 113 39 taught
465 1026 68 29 that
548 1027 41 28 all
612 1037 71 19 men
698 1037 51 19 are

118 1094 64 30 said
198 1094 127 39 sweetly
341 1094 122 31 Felicie.

278 1164 124 40 nobody
425 1164 136 31 believes
668 1166 137 30 retorted
834 1166 51 30 the

116 1232 149 32 Vicomte.
345 1234 96 40 Why,
460 1235 16 29 I
494 1235 110 30 should
627 1235 62 30 like
712 1238 32 27 to
761 1246 50 20 see
833 1237 52 29 the

115 1302 103 29 rebuff
229 1303 39 29 he
279 1304 104 30 would
399 1306 53 37 get
466 1304 79 30 from
561 1315 71 30 you,
645 1304 28 31 if
684 1305 39 30 he
735 1307 150 30 ventured

115 1375 32 27 to
169 1372 55 30 ask
246 1383 62 30 you
330 1375 32 28 to
384 1373 124 30 become
523 1374 50 30 his
587 1374 80 31 wife.
715 1375 90 30 Treat
821 1375 64 30 him

114 1452 32 18 as
162 1452 39 19 an
216 1442 89 37 equal
320 1442 111 30 indeed
444 1443 6 30 !
