1019 1638
146 86 37 26 46

402 96 58 19 ALL
479 96 58 19 FOR
557 94 109 21 GREED.

145 182 93 40 being
268 182 139 31 destined
437 186 31 27 to
498 183 53 29 the
581 184 161 28 trousseau
773 181 61 29 and
870 180 47 30 in-

145 252 131 30 evitable
299 252 149 40 marriage
464 261 158 31 expenses.
669 251 65 30 But
756 251 71 30 how
842 250 75 42 they

145 321 60 30 had
222 321 141 40 haggled,
382 321 103 31 before
501 321 75 40 they
592 323 54 37 got
661 323 31 27 to
715 320 63 30 this
795 320 122 30 conclu-

145 392 73 38 sion,
242 392 75 40 they
340 392 87 30 alone
455 403 56 19 can
537 392 192 29 understand
743 392 70 30 who
838 391 79 30 have

143 461 60 30 had
214 461 53 30 the
282 461 180 30 misfortune
478 464 32 27 to
525 461 39 30 be
579 460 106 31 mixed
700 472 42 29 up
755 460 33 31 in
800 461 117 30 France

144 530 76 31 with
441 531 61 29 and
521 530 111 39 giving
648 530 33 30 in

217 600 66 29 But
296 600 73 40 why
384 602 55 27 not
455 602 31 27 at
502 611 74 19 once
597 600 71 40 give
684 601 231 30 Mademoiselle

143 668 113 31 Felicie
284 669 56 30 her
369 669 53 30 dot
452 669 34 30 of
512 669 86 42 sixty
624 670 154 31 thousand
803 670 110 40 francs,

141 739 82 29 since
246 739 16 29 I
278 739 65 40 buy
359 739 59 29 Les
435 739 139 30 Grandes
589 739 165 41 Bruyeres,
773 740 61 30 and
853 750 62 31 you

141 811 53 36 get
208 808 53 30 the
276 818 111 29 money
398 809 13 30 ?
456 808 144 39 inquired
616 810 51 29 old
683 810 139 30 Prevost.

217 877 137 31 Because
369 877 77 32 with
460 878 70 30 half
548 879 54 30 the
620 889 70 21 sum
713 879 16 31 I
751 890 57 21 can
823 879 88 41 quin-

141 947 85 39 tuple
256 947 26 30 it
311 948 33 29 in
373 959 17 19 a
551 949 119 40 replied
699 951 54 30 the
771 950 140 32 Vicomte

141 1016 199 39 sagaciously.

217 1086 53 29 Ah
284 1087 6 29 !
343 1087 135 32 drawled
499 1091 54 28 out
573 1089 51 31 old
644 1090 132 31 Prevost
789 1100 8 31 ;
851 1102 61 30 you

140 1165 57 20 can
212 1155 163 41 quintuple
389 1156 35 41 it,
442 1168 57 20 can
513 1170 63 29 you
588 1159 15 30 ?
643 1160 95 40 Well,
758 1161 17 30 I
793 1161 80 31 wish
896 1162 16 30 I

140 1225 90 31 knew
241 1225 68 31 that
325 1230 96 28 secret
436 1228 6 30 !
481 1229 65 30 But
557 1241 63 29 you
632 1231 187 39 gentlefolks
835 1233 77 31 have

140 1305 17 20 a
172 1295 137 41 vivacity
329 1296 34 29 of
382 1296 197 42 intelligence
601 1300 69 30 that
692 1301 28 30 is
741 1303 171 40 surprising

140 1364 172 32 sometimes
338 1369 31 27 to
395 1378 37 19 us
458 1379 82 20 mere
566 1369 143 40 plodders
736 1374 61 28 and
822 1373 90 30 hard-

140 1435 139 39 working
