1019 1638
129 103 54 27 222

400 110 57 21 ALL
476 110 57 21 FOR
554 108 105 22 GREED.

129 209 48 19 me
242 197 77 32 with
355 197 194 30 tremendous
583 195 91 37 force,
711 193 60 30 and
809 192 32 30 in
879 203 17 18 a

130 267 154 41 strangely
310 266 137 31 funereal
476 269 79 26 tone.
610 263 105 30 When
745 262 53 30 the
826 271 69 29 pro-

130 337 115 30 cession
273 348 62 20 was
370 336 106 38 ended,
508 335 131 38 Prosper
676 331 114 31 retired
818 334 32 27 to
881 342 16 19 a

129 409 109 27 vacant
262 416 105 20 corner
390 405 79 30 close
494 407 31 27 to
546 414 17 19 a
587 402 107 30 lateral
715 402 74 29 door
812 401 85 40 right

130 475 135 39 opposite
291 475 53 29 the
366 473 109 40 pulpit,
501 472 60 30 and
586 471 88 31 knelt
699 471 89 31 down
815 480 82 30 upon

129 544 52 30 the
207 546 171 37 pavement,
407 541 170 41 seemingly
603 540 117 40 having
745 551 40 19 no
811 540 86 40 place

128 623 83 28 upon
226 623 60 28 any
302 613 33 29 of
346 612 54 29 the
415 611 127 31 wooden
556 610 142 30 benches.

173 682 171 30 Somewhat
358 681 103 31 before
476 683 53 28 ten
544 680 116 31 o'clock
682 680 52 30 the
749 679 64 31 real
829 690 68 20 con-

130 751 159 40 gregation
310 751 100 39 began
432 753 32 27 to
486 761 78 29 pour
586 750 41 39 in,
653 751 60 28 and
739 749 159 30 Monsieur

130 820 27 30 le
180 819 99 31 Maire
301 819 73 31 took
395 819 49 30 his
466 819 85 40 place
574 819 32 30 in
628 819 53 30 the
704 819 111 30 carved
842 819 57 30 oak

130 892 160 37 state-pew
314 889 34 30 in
371 889 82 30 front
469 889 34 30 of
522 889 53 30 the
599 889 111 40 pulpit,
727 889 111 39 where,
860 900 39 19 on

130 960 199 28 worm-eaten
351 958 50 30 old
424 957 107 40 chairs,
549 958 129 30 covered
700 958 76 30 with
798 959 99 29 moth-

131 1029 87 27 eaten
233 1027 54 29 red
309 1027 111 39 velvet,
443 1027 52 29 the
518 1027 138 30 notables
679 1027 60 30 and
754 1027 144 31 worthies

130 1095 33 30 of
181 1096 53 29 the
256 1095 103 40 parish
378 1106 79 20 were
480 1096 130 30 entitled
634 1099 32 27 to
690 1097 47 30 sit.
792 1098 45 29 M.
861 1098 38 30 de

130 1163 177 30 Verancour
329 1165 60 28 and
411 1164 135 30 Richard
566 1165 139 39 Prevost,
728 1166 43 41 by
792 1176 107 21 reason

130 1232 33 30 of
189 1232 80 30 their
298 1232 185 40 importance
513 1234 33 30 in
580 1235 52 29 the
661 1236 156 39 parochial
847 1237 51 29 ad-

130 1302 213 40 ministration,
366 1306 46 27 sat
434 1303 86 31 there
540 1304 72 31 also.
660 1304 39 31 In
721 1306 52 30 the
797 1309 102 27 centre

131 1371 33 30 of
176 1372 53 30 the
245 1373 114 29 church
373 1384 81 21 were
468 1375 116 39 ranged
599 1375 53 30 the
667 1375 124 32 various
805 1376 94 31 heads

132 1441 33 29 of
186 1441 53 31 the
266 1442 114 42 society
407 1443 34 30 of
467 1444 29 29 D
499 1463 38 3 —
537 1463 3 4 ■
542 1463 41 3 —
585 1469 6 15 ,
621 1445 112 40 chiefly
763 1447 135 29 remark-
