1019 1638
190 104 54 26 210

460 114 59 20 ALL
539 114 57 20 FOR
616 111 109 22 GREED.

190 210 38 19 an
243 200 130 31 allusion
395 205 33 26 to
443 201 83 30 what
540 210 63 20 was
627 198 106 29 rather
755 207 17 19 a
794 205 67 21 sore
876 194 87 41 point

190 270 139 30 between
342 271 53 29 the
412 270 79 30 Cure
508 269 60 30 and
583 269 53 29 the
653 266 153 32 Chateau.

234 340 39 29 In
295 340 111 30 former
421 340 75 39 days
511 338 53 30 the
581 337 139 30 Chateau
734 335 62 30 had
820 334 61 30 had
903 337 61 28 two

191 409 136 38 parishes
338 419 6 29 ;
374 409 54 29 the
447 417 98 30 upper
566 416 33 20 or
615 407 119 28 eastern
758 406 85 37 parts
859 404 33 30 of
912 404 52 30 the

192 480 95 28 estate
312 477 89 41 lying
417 476 111 32 within
552 476 53 30 the
628 473 202 42 jurisdiction
856 474 34 29 of
912 474 51 29 the

193 547 214 30 ecclesiastical
422 545 181 31 authorities
619 544 34 31 of
665 544 28 29 D
786 567 6 15 ,
806 543 92 32 while
912 544 52 30 the

194 614 87 30 lands
303 617 32 28 to
350 615 52 29 the
417 617 77 28 west
515 613 152 39 belonged
687 615 32 27 to
741 613 54 29 the
815 612 104 40 parish
935 613 32 30 of

196 683 42 30 St.
266 683 161 30 Philibert.
473 684 65 29 The
561 682 106 31 Canon
695 682 75 31 Law
796 682 32 30 of
851 682 113 31 France

194 752 190 40 prescribing
414 752 68 30 that
514 752 90 39 High
633 752 84 29 Mass
750 762 39 19 on
826 752 138 40 Sundays

196 822 61 29 and
285 821 77 30 feast
385 822 76 40 days
483 821 78 30 shall
583 820 39 30 be
644 820 145 30 attended
810 820 43 40 by
873 830 91 32 every

195 890 190 41 parishioner
400 893 32 27 at
453 890 53 30 the
522 890 116 30 church
660 890 34 30 of
712 889 49 30 his
783 890 112 39 parish,
913 890 51 30 the

195 960 179 30 Verancour
400 959 107 40 family
522 959 62 30 had
609 958 170 41 seemingly
799 968 39 20 no
864 958 100 30 choice

196 1039 69 21 now
281 1039 70 20 save
373 1032 32 26 to
422 1039 38 28 go
476 1028 65 29 into
564 1028 52 29 the
637 1030 84 29 town
743 1028 47 30 for
812 1028 52 30 the
880 1039 84 18 exer-

196 1098 61 30 cise
273 1098 34 29 of
324 1096 82 31 thefr
428 1096 149 40 religious
592 1097 101 30 duties
707 1107 7 30 ;
737 1098 58 29 but
817 1098 53 29 the
887 1097 79 30 little

196 1166 114 30 hamlet
337 1166 33 29 of
394 1166 41 29 St.
453 1165 154 30 Philibert
633 1166 61 30 had
721 1166 177 30 attractions
922 1166 46 31 sol-

196 1234 229 31 Mademoiselle
452 1233 124 40 Felicie,
605 1236 61 29 and
696 1236 54 29 she
780 1236 188 30 maintained

195 1304 68 30 that
283 1304 52 30 she
356 1304 61 29 had
439 1303 65 30 still
527 1314 17 19 a
566 1304 85 39 right
673 1308 32 27 to
721 1306 112 39 regard
855 1305 116 31 herself

196 1385 32 19 as
248 1385 18 18 a
287 1372 190 41 parishioner
492 1373 34 30 of
545 1374 43 29 St.
606 1375 162 39 Philibert,
787 1376 61 30 and
874 1380 32 27 at
928 1376 40 30 aU

196 1446 106 29 events
323 1446 33 27 to
378 1442 72 31 take
465 1443 52 30 the
534 1443 81 32 Cure
632 1445 34 30 of
685 1445 43 30 St.
745 1446 156 30 Philibert
923 1447 46 29 for
