1019 1638
118 94 54 26 294

371 101 59 20 ALL
452 101 59 20 FOR
531 99 108 22 GREED.

119 189 108 29 almost
257 189 33 29 of
315 191 105 27 terror.
560 186 26 30 is
616 196 53 30 my
696 185 87 40 duty.
830 185 59 30 We

119 268 50 20 are
190 261 55 28 not
267 268 39 20 on
329 257 86 31 earth
437 259 32 28 to
484 256 93 30 think
597 256 34 30 of
650 255 165 38 ourselves,
832 254 59 30 but

119 328 34 28 of
178 328 109 29 others.
335 326 67 30 One
432 326 34 29 of
491 336 53 31 my
573 325 68 30 first
671 324 101 31 duties
802 324 26 30 is
858 328 31 26 to

118 396 91 30 think
239 396 34 30 of
303 396 142 31 Vevette.
491 394 67 31 Her
589 398 74 27 turn
692 396 84 28 must
805 405 84 18 come

118 466 33 29 in
180 477 17 18 a
226 476 73 30 year
330 476 33 18 or
530 464 133 31 Vevette
690 464 57 30 felt
776 464 115 30 herself

119 546 84 29 grow
225 535 68 30 cold
323 535 60 30 and
413 534 134 31 shudder
576 533 161 41 inwardly.

118 605 69 31 how
203 604 26 30 is
244 605 53 29 she
312 607 32 27 to
358 604 39 30 be
412 604 149 38 provided

194 675 71 29 You
295 685 59 27 are,
386 674 120 39 indeed,
539 684 17 20 a
584 674 117 39 perfect

119 744 64 30 said
208 744 52 30 the
285 743 149 38 Vicomte,
461 742 77 32 with
562 737 181 43 conviction,
771 743 61 29 and
857 753 32 19 as

117 814 119 39 though
262 813 147 30 humbled
435 815 31 28 at
490 814 54 28 the
571 812 137 41 superior
732 813 102 29 virtue
859 813 32 29 of

119 882 47 29 his
182 883 91 28 child.

380 952 142 29 resumed
545 952 62 39 she,
635 952 109 40 giving
769 963 39 19 an
832 963 55 28 up-

119 1022 83 30 ward
239 1022 106 39 glance
383 1021 34 30 of
449 1021 234 41 thanksgiving,
759 1022 16 30 I
810 1023 78 29 have

119 1090 113 40 always
258 1090 61 29 had
347 1101 54 29 my
427 1090 79 41 duty
531 1090 74 31 held
633 1101 43 30 up
705 1090 105 31 before
835 1102 53 29 my

120 1170 78 30 eyes,
224 1159 67 39 and,
318 1159 77 31 after
417 1160 49 38 all,
485 1160 78 41 duty
585 1160 27 30 is
634 1171 18 19 a
673 1161 92 40 thing
788 1161 100 30 which

120 1239 16 19 a
170 1228 162 31 weU-born
365 1239 120 20 woman
520 1229 71 30 does
811 1231 77 30 Poor

119 1297 132 31 Vevette
292 1298 56 30 felt
390 1308 83 20 more
512 1299 77 29 than
632 1309 72 20 ever
745 1300 83 31 what
872 1311 16 18 a

119 1367 154 30 wretched
295 1367 102 30 sinner
424 1367 53 30 she
499 1378 71 21 was.
737 1369 151 42 difficulty

119 1435 34 30 in
175 1436 42 30 all
362 1437 97 29 added
486 1437 123 40 Felicie,
637 1438 79 30 after
741 1449 18 20 a
784 1449 102 28 pause,
