1019 1638
175 122 52 26 258

426 129 59 20 ALL
504 129 59 20 FOR
582 128 107 21 GREED.

174 216 47 30 his
238 217 121 30 debtors
375 218 60 28 and
448 217 49 29 his
512 214 153 40 admiring
679 212 174 38 townsfolk,
866 211 78 30 from

174 285 48 31 his
248 287 171 40 colleagues
435 296 39 20 on
499 284 124 32 various
645 283 127 38 Boards,
790 281 60 30 and
865 281 78 30 from

174 355 140 29 Madame
333 354 165 40 Josephine
519 354 44 29 Le
585 351 148 39 Vaillant,
751 351 52 30 the
818 350 72 31 wife
913 350 31 30 of

174 425 52 29 the
242 425 81 39 Juge
340 425 36 29 de
392 423 89 31 Paix.
526 421 169 40 Naturally
710 420 63 30 this
788 429 63 21 was
900 429 43 19 un

405 493 69 39 and,
491 492 83 31 what
596 491 77 31 with
694 499 57 21 one
773 488 91 40 thing
883 489 61 29 and

172 563 135 38 another,
321 563 53 29 the
389 562 80 30 little
485 564 84 28 town
585 560 33 31 of
636 560 30 30 D
764 559 53 30 did
832 569 110 30 appear

171 634 32 27 to
215 632 37 29 be
268 632 92 39 aping
372 632 40 29 its
427 632 125 38 betters,
566 631 60 29 and
641 629 101 41 losing
757 629 42 30 all
813 628 86 41 right
910 631 31 28 to

171 700 38 30 be
225 700 214 31 denominated
454 711 17 19 a
520 699 87 40 quiet

216 770 40 29 In
275 770 52 29 the
351 781 105 19 course
477 770 33 30 of
532 770 83 39 time,
619 789 43 3 —
662 770 68 30 that
750 769 34 39 is,
810 769 130 31 towards

172 840 54 29 the
254 839 67 30 first
356 840 75 40 days
469 840 33 29 of
541 839 184 39 November,
729 858 43 3 —
773 839 83 30 what
891 848 49 20 are

172 909 118 29 termed
346 909 199 40 proceedings
598 919 81 21 were
702 908 94 31 taken
822 908 118 39 against

173 978 159 30 Monsieur
351 979 149 39 Duprez's
522 981 155 38 property,
697 979 61 29 and
778 978 48 29 his
846 978 94 29 house

174 1048 59 29 and
254 1047 154 31 furniture
427 1059 81 20 were
530 1051 31 28 to
583 1049 39 30 be
644 1051 57 37 put
723 1059 43 29 up
789 1048 46 30 for
858 1047 61 31 sale
933 1057 6 30 ;

173 1117 119 39 though
318 1118 52 29 the
396 1120 118 37 reports
540 1118 34 29 of
604 1118 84 31 what
713 1118 49 29 his
795 1117 88 30 debts
909 1117 31 29 in

172 1185 87 31 Paris
289 1188 164 29 amounted
482 1190 31 27 to
543 1188 88 29 made
664 1198 61 30 any
762 1187 82 40 price
874 1187 66 30 that

172 1255 101 40 might
293 1256 39 30 be
358 1257 129 30 reached
515 1257 44 41 by
588 1257 54 31 the
668 1257 134 40 disposal
829 1256 34 31 of
892 1256 48 30 his

170 1327 139 37 paternal
334 1329 96 28 estate
454 1338 81 20 seem
558 1339 19 18 a
599 1339 83 18 mere
731 1328 75 39 drop
832 1327 34 30 in
889 1327 51 29 the

213 1464 55 30 All
286 1466 62 30 this
363 1467 97 40 really
475 1477 62 22 was
552 1477 77 30 very
651 1467 153 40 agitating
819 1467 47 31 for
888 1467 50 30 the
