1019 1638
264 75 21 20 A
304 76 84 20 VERY
408 77 98 19 SMALL
527 77 102 19 TOWN.

797 70 32 25 15

58 160 102 30 then?
204 160 120 32 Who'll
354 162 38 30 be
424 163 70 30 shot
523 163 33 30 in
586 174 17 19 a
633 163 139 41 by-path,
800 176 32 17 or

59 230 78 30 have
153 230 49 30 his
217 232 103 30 throat
336 235 53 27 cut
404 232 33 30 in
451 232 50 31 his
517 232 77 31 back
611 233 83 39 shop,
707 243 33 20 or
755 233 77 30 have

59 300 49 30 his
145 301 96 30 house
275 302 95 30 burnt
407 313 72 20 over
508 303 49 29 his
769 304 63 28 The

58 380 119 20 women
200 371 41 29 all
263 371 111 31 looked
396 372 109 39 aghast
525 373 60 30 and
602 373 121 30 nodded
745 373 81 30 their

60 440 95 29 heads
171 440 181 40 ominously,
366 452 32 19 as
412 442 121 39 though
548 442 163 39 admitting
726 442 67 30 that
810 442 23 29 it

60 519 63 19 was
138 509 58 29 but
210 513 51 25 too
276 513 78 25 true.

224 580 100 39 fancy,
337 580 37 29 do
511 580 168 29 continued
693 580 140 29 Madame

64 649 87 37 Jean,
283 649 68 29 that
370 648 101 38 silent,
490 648 102 40 sulky,
611 648 133 39 hulking
760 648 73 30 Bre-

64 722 56 25 ton
133 718 104 30 would
261 718 43 29 let
328 718 52 29 the
396 721 93 27 worst
513 728 83 20 come
622 721 31 26 to
677 718 53 29 the
742 720 91 28 worst

64 786 133 31 without
222 786 116 40 having
363 786 49 30 his
435 796 141 29 revenge.
622 786 65 30 But
713 786 41 30 all
777 786 56 30 the

67 867 89 27 same,
169 856 145 29 Madelon
327 867 5 17 :
361 856 84 29 don't
461 866 62 29 you
537 855 132 40 imagine
684 865 46 20 we
751 856 82 28 don't

65 926 93 29 know
181 935 33 20 as
233 924 71 31 well
331 935 32 19 as
388 924 159 30 Monsieur
572 924 28 29 le
628 923 97 30 Maire
751 924 82 30 what

66 1005 73 29 goes
155 1005 38 19 on
209 994 33 29 in
257 994 29 29 D
385 1003 6 30 ;
409 993 72 40 only
498 993 16 29 I
531 993 85 29 don't
631 992 64 41 buy
706 993 127 39 trapped

66 1075 96 23 game.
208 1063 160 31 Monsieur
396 1062 160 31 Richard's
583 1061 105 31 chasse
714 1060 118 31 suffices

66 1146 45 19 us.
158 1133 61 31 We
246 1143 50 20 are
322 1132 124 39 regular
472 1130 117 41 people,
618 1130 60 30 and
702 1132 49 28 eat
779 1129 53 30 the

65 1199 88 29 hares
169 1198 61 30 and
255 1196 172 41 partridges
457 1194 44 31 off
534 1204 55 20 our
616 1204 67 20 own
701 1193 130 30 stubble.

66 1269 33 29 If
122 1268 87 30 Mere
230 1267 99 29 Lucas
352 1265 105 29 makes
478 1274 56 19 one
557 1263 84 29 franc
664 1262 71 40 fifty
755 1261 78 30 clear

65 1338 93 41 profit
173 1339 53 28 out
242 1336 34 30 of
296 1347 17 18 a
329 1336 81 37 hare,
424 1334 54 30 she
498 1342 76 31 pays
589 1331 71 41 fifty
676 1331 154 37 centimes,

66 1408 109 37 taking
191 1406 52 30 the
258 1404 74 31 risk.
379 1403 87 31 She's
481 1402 143 31 welcome
642 1403 31 27 to
689 1400 33 39 it,
741 1400 57 29 but
816 1399 16 29 I
