1019 1638
186 117 53 27 212

454 124 58 19 ALL
531 122 58 21 FOR
609 119 107 22 GREED.

185 222 63 21 was
263 211 143 39 standing
421 212 31 28 at
468 219 17 20 a
494 208 59 30 few
568 206 92 41 yards
675 204 79 30 from
768 202 94 38 them,
877 201 78 30 close

186 284 31 28 to
232 282 53 30 the
299 279 97 32 trunk
411 279 34 30 of
463 288 18 19 a
496 284 166 32 sycamore.

227 350 50 39 By
297 349 53 29 the
371 347 64 31 dim
453 356 71 30 rays
548 344 33 30 of
608 343 54 30 the
684 341 122 31 lantern
830 340 67 30 that
916 340 39 30 he

187 418 116 31 carried
328 417 33 30 in
386 416 49 30 his
460 414 84 31 hand
569 423 64 31 you
660 411 90 30 could
772 421 48 19 see
843 420 40 19 an
905 420 51 19 ex-

187 487 137 40 pression
339 486 33 30 of
391 484 188 40 displeasure
594 491 70 31 pass
685 490 72 21 over
772 480 52 30 the
840 479 118 40 rugged

188 557 132 29 features
337 555 33 29 of
389 554 53 29 the
459 553 90 30 Cure.
638 550 58 30 She
712 549 27 30 is
754 551 54 28 not
823 560 18 19 a
855 548 103 40 fitting

187 635 110 30 person
311 627 33 27 to
359 632 185 30 accompany
684 620 147 30 observed
844 620 40 29 he
895 619 34 30 in
943 630 15 19 a

190 694 74 31 loud
278 693 142 38 whisper.

267 763 49 30 Oh
330 763 7 29 !
390 760 161 31 Monsieur
595 759 28 30 le
827 758 134 41 rejoined

190 833 143 38 Vevette,
347 831 69 31 half
434 830 237 40 reproachfuUy,
730 840 63 30 you
812 831 82 28 must
909 831 52 28 not

192 903 38 30 be
244 903 77 29 hard
336 912 84 30 upon
435 901 56 30 her
501 910 7 31 ;
532 900 54 31 she
601 899 28 31 is
654 899 96 41 really
761 910 17 19 a
797 910 75 30 very
885 899 76 40 good

192 972 59 41 girl
262 982 7 30 ;
286 972 69 39 and,
381 971 130 39 besides,
538 970 28 31 if
594 971 53 30 she
667 970 62 30 had
744 973 54 27 not
812 969 149 41 promised

190 1045 31 26 to
245 1051 84 19 come
354 1041 80 29 back
457 1040 78 31 with
556 1050 57 29 me,
641 1040 16 29 I
683 1039 91 30 could
802 1041 55 28 not
885 1039 76 30 have

194 1121 83 17 come
292 1112 32 26 at

371 1179 34 30 of
434 1190 106 19 course
670 1180 136 30 retorted
827 1179 49 39 he,

195 1249 73 39 long
294 1258 32 20 as
356 1247 230 31 Mademoiselle
618 1249 114 30 Felicie
762 1249 144 40 indulges
934 1248 32 31 in

196 1317 165 41 particular
375 1317 115 31 fancies
505 1318 47 31 for
573 1318 64 31 this
658 1329 34 21 or
711 1320 70 30 that
801 1320 115 40 chapel,
935 1330 31 20 or

196 1388 63 30 this
274 1399 33 19 or
321 1388 68 29 that
403 1387 140 31 minister
559 1389 34 29 of

274 1458 52 30 Ah
341 1458 6 31 !
371 1458 159 30 Monsieur
564 1459 29 29 le
777 1460 192 40 interrupted
