1019 1638
213 120 77 21 POOR
310 120 155 22 MONSIEUR
483 114 160 28 RICHARD'S
661 122 114 20 RICHES.

834 115 51 26 117

121 204 160 32 Monsieur
304 206 142 31 Richard.
503 208 59 29 For
577 218 92 29 many
684 208 87 30 miles
787 209 98 29 round

120 274 40 29 he
181 285 64 21 was
267 276 106 31 talked
395 277 33 30 of
450 277 61 30 and
533 277 152 30 lamented
707 288 72 20 over
792 287 7 30 ;
827 279 58 29 and

120 343 201 42 particularly
335 346 92 30 when
451 346 26 30 it
501 357 62 20 was
588 346 113 31 known
722 347 70 30 how
811 357 74 30 very

120 412 67 29 rich
213 413 38 29 he
275 424 71 28 was,
374 413 49 31 his
448 414 185 40 neighbours
658 414 54 30 fell
743 414 65 31 into
834 416 51 30 the

121 481 88 31 habit
233 483 34 29 of
296 483 113 40 caUing
440 484 73 39 him,
543 484 84 39 quite
653 484 231 41 affectionately,

156 561 33 20 ce
204 562 115 28 pauvre
335 551 159 31 Monsieur

166 620 44 30 Of
232 631 18 19 a
274 621 97 39 truth,
399 621 91 30 when
516 621 50 30 old
599 622 137 29 Prevost'
740 632 14 19 s
786 622 100 29 affairs

122 700 84 19 came
230 692 33 28 to
278 689 39 30 be
339 689 110 30 looked
474 689 74 39 into,
566 689 25 31 it
605 701 62 20 was
683 701 17 19 a
715 694 110 27 matter
839 690 47 31 for

121 758 156 31 universal
302 758 133 40 surprise
461 761 32 27 to
519 769 49 20 see
589 759 71 31 how
680 759 66 30 rich
767 760 39 29 he
825 760 61 29 had

120 828 133 30 become.
309 827 51 30 He
385 827 70 39 had,
483 827 48 30 for
555 828 52 29 the
633 828 59 30 last
717 831 116 37 twenty
853 839 33 19 or

120 897 100 41 thirty
235 907 96 31 years,
346 897 170 30 conducted
529 896 48 31 his
592 896 141 31 financial
748 897 138 30 business

119 966 137 39 through
281 976 70 19 men
376 966 69 31 who
472 965 52 31 did
551 968 54 27 not
630 966 91 31 know
747 976 33 19 or
805 976 79 19 com-

119 1037 153 30 municate
284 1037 78 31 with
377 1037 74 29 each
467 1037 94 29 other.
606 1037 65 29 But
686 1038 31 28 at
732 1036 47 29 his
795 1037 91 29 death

119 1107 53 30 the
198 1109 143 27 accounts
368 1105 34 31 of
424 1105 41 31 all
486 1115 80 21 were
588 1104 213 40 forthcoming,
826 1105 60 29 and

118 1176 53 31 the
206 1175 109 32 Cholet
345 1177 110 38 notary
480 1175 60 29 and
566 1185 17 19 a
606 1174 87 29 Paris
725 1176 117 38 notary,
870 1184 16 19 a

119 1245 88 30 Paris
234 1245 198 29 stockbroker
457 1245 60 29 and
541 1255 17 19 a
583 1244 88 30 Paris
696 1243 124 39 banker,
845 1242 40 30 aH

119 1314 156 41 produced
294 1313 81 31 their
395 1313 105 39 books,
518 1314 60 29 and
600 1313 50 30 old
672 1313 130 30 Prevost
824 1322 62 20 was

121 1384 97 30 fbund
243 1386 31 27 to
290 1383 38 29 be
343 1384 157 39 possessed
521 1383 33 29 of
577 1382 110 30 double
710 1381 59 31 and
790 1380 96 30 treble

120 1455 54 29 the
189 1455 156 37 property,
362 1451 33 31 in
417 1452 122 31 various
562 1451 166 38 securities,
746 1450 67 30 that
827 1449 59 30 had
