1019 1638
338 134 126 28 raoul's
482 142 144 20 distress.

813 135 51 25 259

101 225 105 40 public
221 227 86 29 mind
327 228 33 29 of
379 228 29 29 D
498 251 5 6 .
548 228 93 39 Here,
658 227 34 30 in
713 228 58 29 less
792 229 75 28 than

101 306 17 18 a
133 296 117 38 month,
267 297 63 31 had
349 297 87 30 there
454 297 78 30 been
553 307 17 19 a
592 297 129 37 murder,
740 307 17 19 a
771 297 95 29 finan-

102 364 59 30 cial
196 365 162 40 break-up,
362 385 43 4 —
405 377 42 28 or,
479 377 32 19 as
548 367 52 29 the
637 369 231 27 commentators

103 433 159 40 delighted
288 437 31 28 to
346 436 58 29 call
439 435 34 40 it,
499 446 18 19 a
729 454 42 2 —
772 435 59 29 and
853 445 16 19 a

104 503 205 30 matrimonial
323 504 127 29 alliance
465 505 117 28 broken
598 504 43 29 off
653 505 6 28 !

147 573 41 30 In
202 574 53 30 the
278 573 93 31 midst
391 574 34 30 of
443 574 76 30 such
540 573 137 40 exciting
692 576 105 28 events
818 574 52 29 the

105 643 62 30 fact
181 643 68 29 that
265 643 99 30 Raoul
380 643 37 29 de
432 643 144 30 Morville
591 654 62 20 was
668 643 93 39 going
775 654 42 28 up
839 646 31 26 to

105 712 87 30 Paris
206 715 33 27 to
254 712 38 30 be
308 723 18 19 a
344 712 83 30 clerk
443 712 33 30 in
497 712 53 30 the
571 711 120 30 Marine
714 710 154 41 Ministry,

106 781 107 40 passed
228 781 174 30 unnoticed.
441 780 82 39 And,
537 781 94 30 above
647 781 50 38 all,
708 780 25 30 it
748 781 122 29 entered

104 862 40 18 no
160 851 82 29 one's
257 850 79 30 head
350 850 69 30 that
433 849 87 30 there
536 849 89 30 could
640 849 38 30 be
693 860 60 29 any
775 849 93 40 possi-

103 919 50 31 ble
184 919 179 30 connection
392 919 140 30 between
555 918 48 29 his
633 921 177 37 acceptance
841 919 29 29 of

106 989 108 31 official
240 989 156 40 drudgery
418 987 34 31 in
476 998 18 19 a
520 986 195 31 subordinate
739 987 131 39 position

105 1059 59 30 and
179 1059 53 30 the
247 1058 71 30 ruin
334 1057 34 31 of
386 1057 52 30 the
460 1056 171 30 some-time
767 1057 33 28 of
818 1057 51 29 the

105 1129 81 30 walk
230 1129 70 30 who
315 1128 61 28 had
390 1127 78 29 been
482 1125 49 31 his
546 1125 139 31 intimate
699 1125 108 30 friend.

147 1198 61 31 Old
237 1196 143 31 Morville
410 1195 94 40 spoke
533 1195 57 29 but
619 1194 80 30 little
716 1195 77 30 with
821 1195 47 29 his.

104 1267 196 41 neighbours,
319 1266 58 29 but
391 1268 31 26 to
438 1265 52 29 the
505 1264 60 30 few
579 1263 101 31 whom
701 1263 39 30 he
755 1267 62 26 met
831 1264 37 29 he

106 1337 133 41 grunted
255 1339 54 27 out
330 1335 52 30 the
405 1334 242 29 announcement
670 1332 33 29 of
721 1331 48 30 his
790 1332 78 29 son's

104 1405 206 42 approaching
325 1404 170 39 departure,
514 1400 59 30 and
592 1399 139 30 received
752 1409 17 19 a
791 1402 77 27 most

104 1475 199 37 hurnihating
317 1472 89 32 meed
421 1471 34 31 of
473 1471 68 39 pity
556 1469 34 30 in
612 1469 156 38 exchange
781 1477 7 30 ;
811 1468 56 40 for,
