1019 1638
154 77 14 15 2

406 85 58 20 ALL
484 86 57 19 FOR
561 84 108 21 GREED.

155 171 108 30 sorbed
277 172 42 39 by
336 172 117 38 Cholet,
473 172 101 31 which
590 172 26 29 is
633 181 83 19 some
732 172 54 27 ten
800 169 127 40 leagues

153 240 123 40 distant,
302 242 60 29 and
387 244 173 38 represents
589 241 55 30 the
673 238 254 39 manufacturing

152 310 136 31 interest.
334 311 29 30 D
474 311 35 38 is,
533 311 27 30 if
590 310 164 41 anything,
774 320 39 19 an
841 319 84 20 occa-

152 381 96 30 sional
263 382 85 39 place
371 382 34 30 of
430 393 128 29 passage
582 393 33 19 or
638 383 63 28 rest
716 381 48 30 for
787 381 135 37 drovers,

151 451 69 30 who
245 451 63 30 still
327 451 64 30 find
415 451 25 30 it
467 452 142 39 quickest
636 452 61 29 and
721 451 146 40 cheapest
892 452 33 28 to

151 520 85 30 drive
252 520 81 30 their
349 520 154 31 Choletais
520 531 80 19 oxen
616 520 79 30 from
710 520 55 30 the
780 520 100 30 banks
893 520 34 29 of

150 589 52 29 the
218 589 116 30 Levres
349 592 31 27 to
396 590 53 29 the
464 600 84 19 more
564 589 118 30 central
698 592 100 27 towns
815 600 39 19 on
870 589 53 30 the

149 658 97 29 banks
270 658 33 30 of
321 658 53 30 the
399 658 99 38 Loire,
516 658 139 39 pending
680 658 53 30 the
759 658 163 30 establish-

149 730 85 27 ment
257 728 33 29 of
309 728 87 29 small
418 728 78 30 local
517 728 129 40 railway
666 728 160 30 branches.
872 728 51 30 No

148 797 131 31 railroad
308 798 84 30 leads
423 801 31 27 to
484 798 29 30 D
604 822 5 6 .
657 797 34 31 If
720 797 25 31 it
776 797 62 39 did,
872 798 52 31 old

149 867 117 29 Martin
290 867 131 30 Prevost
446 867 104 31 would
576 870 55 27 not
657 867 80 30 have
764 868 79 30 been
869 868 54 30 the

152 939 88 37 great
255 937 84 30 ruler
354 938 34 29 of
406 938 68 29 that
490 937 88 30 small
593 940 85 27 town
694 938 70 29 that
779 938 39 30 he
835 939 87 40 truly

148 1017 72 20 Avas.

191 1077 117 30 Martin
332 1077 131 29 Prevost
482 1087 63 20 was
565 1077 33 29 of
626 1077 94 31 Swiss
737 1078 182 31 extraction.

149 1147 59 30 His
224 1146 197 41 grandfather
435 1146 61 30 had
518 1146 79 31 been
612 1147 84 30 valet
711 1148 38 29 de
765 1148 154 40 chambre,

149 1217 138 38 steward,
316 1216 157 38 factotum,
498 1215 78 31 alter
602 1227 66 29 ego,
698 1221 31 27 to
757 1229 17 19 a
801 1218 118 30 famous

147 1287 150 31 Vendean
320 1285 88 39 chief,
412 1304 43 3 —
456 1296 17 19 a
488 1287 99 38 proud
609 1286 68 30 rich
699 1287 92 31 noble
815 1289 35 29 of
865 1290 54 30 the

147 1352 121 30 ancient
282 1350 125 41 regime,
422 1350 57 30 but
495 1360 56 19 one
568 1350 34 30 of
621 1351 53 30 the
690 1351 61 31 few
762 1353 70 30 who
848 1364 70 29 pre-

146 1422 100 31 ferred
265 1421 53 30 the
335 1420 77 30 hard
432 1418 100 31 active
555 1418 53 30 life
630 1420 34 29 of
683 1431 17 18 a
722 1421 140 38 partisan
885 1427 33 28 to
