1019 1638
322 77 127 27 raoul's
468 84 142 20 distress.

796 77 54 27 263

86 167 69 32 that
180 168 134 32 Vevette
329 171 72 30 well
425 171 99 38 knew,
542 171 47 29 for
612 171 121 29 Suzette
748 181 62 20 was
836 182 18 18 a

86 238 172 41 lynx-eyed
275 239 50 30 old
335 249 128 29 woman,
479 240 59 29 and
552 249 155 21 moreover
722 239 55 29 her
791 249 61 19 em-

86 307 160 40 ployment
260 308 85 30 fixed
358 309 56 28 her
433 308 85 40 right
540 308 135 40 opposite
696 308 53 29 the
770 307 84 41 pavi-

87 376 73 30 lion.
219 376 143 40 Nothing
390 387 63 21 was
481 377 57 30 left
567 377 46 30 for
636 376 25 31 it
690 377 76 30 then
798 376 56 30 but

87 448 33 27 to
140 444 120 31 receive
280 446 100 29 Raoul
401 445 97 30 inside
520 446 53 29 the
595 446 103 29 house.
744 446 31 29 It
794 455 60 21 was

87 514 48 30 for
149 514 54 30 the
217 514 60 30 last
296 514 83 39 time,
397 515 60 29 and
477 514 141 39 Vevette,
637 514 77 30 after
736 525 17 18 a
768 517 86 36 great

87 583 68 30 deal
181 583 34 30 of
245 582 170 31 discussion
443 583 77 31 with
549 583 120 38 herself,
694 583 60 29 and
777 582 77 31 with

88 652 93 31 much
197 652 33 30 of
248 652 85 31 what
348 652 53 30 she
416 652 140 31 beheved
571 655 31 27 to
620 652 39 29 be
681 652 170 38 resistance,

89 721 136 39 yielded.

132 790 101 30 Raoul
247 789 113 32 waited
374 789 115 30 behind
509 799 80 20 some
611 791 79 27 trees
703 788 65 41 just
788 790 67 28 out-

90 860 64 30 side
181 860 53 30 the
260 859 116 40 garden
401 858 72 32 wall
497 861 32 26 to
555 858 52 29 the
637 857 98 38 south,
739 875 43 3 —
782 856 33 30 in
840 867 18 19 a

90 932 69 38 spot
187 928 103 33 which
319 939 39 19 no
389 939 57 19 one
475 938 71 20 ever
575 927 116 39 passed.
752 926 107 30 About

89 1000 86 29 three
192 998 116 30 o'clock
322 997 134 31 Vevette
479 1005 91 28 came,
589 995 59 29 and
664 1005 76 28 gave
763 994 65 29 him
843 1004 17 18 a

91 1068 99 40 signal
203 1077 6 31 ;
251 1067 40 30 he
342 1066 131 30 climbed
512 1065 54 29 the
601 1064 79 38 wall,
720 1062 141 32 followed

90 1138 52 30 the
164 1137 60 40 girl
247 1135 133 41 sdently,
399 1135 60 29 and
480 1133 34 30 in
536 1144 17 19 a
567 1132 60 31 few
650 1132 125 30 seconds
797 1141 63 21 was

90 1208 87 29 alone
192 1206 77 31 with
295 1205 55 30 her
369 1204 33 30 in
422 1204 53 30 the
495 1202 89 30 usual
605 1200 205 38 sitting-room
833 1199 32 30 of

90 1276 52 31 the
159 1275 116 39 famdy.

132 1346 90 30 Mute
245 1344 61 31 and
324 1341 158 33 mournful
503 1350 80 21 were
605 1339 53 30 the
672 1338 67 29 first
761 1338 99 38 greet-

90 1417 71 37 ings
177 1415 34 31 of
229 1414 54 30 the
297 1412 67 41 pah-
377 1421 8 31 ;
407 1411 66 39 but,
491 1409 34 31 in
545 1409 52 30 the
613 1407 92 31 midst
728 1406 33 30 of
780 1405 82 32 what
