1019 1638
144 87 54 28 280

395 98 59 18 ALL
473 97 58 19 FOR
551 95 107 21 GREED.

187 183 228 30 Mademoiselle
446 182 113 30 Felicie
586 181 54 29 did
666 179 150 41 certainly
842 178 69 41 give

144 253 87 29 those
252 253 69 30 who
345 253 61 29 had
431 250 138 41 deaUngs
592 250 77 32 with
691 250 55 30 her
769 260 18 19 a
806 249 105 31 notion

143 321 67 30 that
240 321 53 30 she
322 332 62 20 was
414 320 163 40 practical;
611 320 58 29 but
694 319 76 30 then
792 318 119 41 irregu-

142 390 101 41 larity,
272 391 43 29 let
339 391 87 29 alone
456 387 198 42 prodigality,
686 387 27 31 is
743 388 168 30 accounted

142 459 75 29 such
246 469 18 18 a
293 459 56 38 sin,
381 458 61 29 and
470 460 33 27 to
532 457 38 30 be
600 456 139 41 wanting
763 456 33 30 in
823 457 88 30 order

141 528 107 39 brings
264 528 90 30 down
370 528 75 30 such
466 526 125 41 reproof
611 537 85 29 upon
710 537 18 19 a
742 536 120 22 woman
877 527 33 30 in

140 597 53 29 the
209 597 114 30 France
339 597 34 30 of
385 608 55 18 our
456 597 70 39 day!

183 667 145 30 Hitherto
345 667 140 30 Felicie's
499 667 74 30 field
588 666 34 31 of
639 665 101 32 action
754 667 62 29 had
830 666 77 31 been

139 746 18 19 a
171 735 120 31 limited
307 746 65 29 one,
391 737 60 29 and
472 736 55 30 her
543 735 188 32 adversaries
746 736 61 30 had
829 735 78 31 been

138 805 114 41 mostly
266 805 109 30 female
391 816 80 19 ones.
529 805 44 30 Of
592 806 87 29 these
702 805 53 30 she
776 805 62 30 had
853 808 54 27 not

137 874 56 30 left
223 884 56 20 one
302 875 235 39 unconquered;
561 875 60 29 and
645 877 32 28 at
698 875 54 30 the
774 879 132 27 convent

138 947 31 26 at
191 944 131 30 Poitiers
345 945 53 29 she
420 955 62 20 was
504 945 54 29 the
852 945 54 30 the

137 1013 139 39 example
291 1013 72 30 held
377 1023 43 29 up
435 1013 43 40 by
492 1013 42 30 all
553 1013 54 30 the
622 1013 113 39 sisters,
738 1033 43 3 —
782 1017 123 37 except-

136 1081 54 40 ing
221 1082 72 40 only
321 1083 54 29 the
404 1083 198 29 unfortunate
633 1083 143 30 Madame
806 1083 99 31 Marie

136 1151 107 39 Claire,
260 1152 70 31 who
344 1152 75 30 took
432 1152 108 41 refuge
554 1152 78 31 with
647 1153 133 30 Vevette
790 1163 8 31 ;
800 1172 43 4 —
844 1155 60 29 and

134 1221 53 29 she
210 1221 61 29 had
295 1221 78 30 been
396 1222 196 39 pronounced
616 1222 219 42 dogmatically
860 1223 43 42 by

133 1291 98 30 Notre
257 1291 86 30 Mere
370 1302 32 19 as
430 1292 115 30 certain
566 1295 32 28 to
623 1293 39 30 be
685 1304 40 20 an

132 1362 31 27 to
179 1360 55 29 her
352 1363 31 28 to
398 1361 39 30 be
462 1361 169 42 eminently
646 1363 74 31 wise
746 1365 61 29 and
829 1375 71 29 pru-

133 1430 72 29 dent
236 1431 61 29 and
329 1431 218 41 circumspect;
580 1436 106 38 strong
713 1435 121 39 against
860 1436 41 30 all
