<?xml version="1.0" encoding="UTF-8"?>
<alto xmlns:xsi="http://www.w3.org/2001/XMLSchema-instance" xsi:noNamespaceSchemaLocation="http://www.bl.uk/schemas/alto/alto-1-4.xsd" xmlns:xlink="http://www.w3.org/1999/xlink">
	<Description>
		<MeasurementUnit>mm10</MeasurementUnit>
		<sourceImageInformation>
			<fileName>//head1/IN/2007-46/A0010904365.1/000075.jp2</fileName>
		</sourceImageInformation>
		<OCRProcessing ID="OCRPROCESSING_1">
			<preProcessingStep>
				<processingSoftware>
					<softwareCreator>CCS Content Conversion Specialists GmbH, Germany</softwareCreator>
					<softwareName>CCS docWORKS</softwareName>
					<softwareVersion>6.1-0.62</softwareVersion>
				</processingSoftware>
			</preProcessingStep>
			<ocrProcessingStep>
				<processingSoftware>
					<softwareCreator>ABBYY (BIT Software), Russia</softwareCreator>
					<softwareName>Finereader</softwareName>
				</processingSoftware>
			</ocrProcessingStep>
		</OCRProcessing>
	</Description>
	<Styles>
		<TextStyle ID="TXT_0" FONTSIZE="10" FONTFAMILY="Courier New"/>
		<TextStyle ID="TXT_1" FONTSIZE="11" FONTFAMILY="Courier New"/>
		<ParagraphStyle ID="PAR_LEFT" ALIGN="Left"/>
		<ParagraphStyle ID="PAR_RIGHT" ALIGN="Right"/>
	</Styles>
	<Layout>
		<Page ID="P63" PHYSICAL_IMG_NR="63" HEIGHT="1638" WIDTH="1019" PRINTED_IMG_NR="45" POSITION="Right" ACCURACY="72.00">
			<TopMargin ID="P63_TM00001" HPOS="0" VPOS="0" WIDTH="1019" HEIGHT="106">
				<TextBlock ID="P63_TB00001" HPOS="267" VPOS="80" WIDTH="402" HEIGHT="24" STYLEREFS="TXT_0 PAR_LEFT">
					<TextLine ID="P63_TL00001" HPOS="268" VPOS="81" WIDTH="401" HEIGHT="23">
						<String ID="P63_ST00001" HPOS="268" VPOS="81" WIDTH="63" HEIGHT="21" CONTENT="THE" WC="0.45" CC="960"/>
						<SP ID="P63_SP00001" HPOS="331" VPOS="102" WIDTH="19"/>
						<String ID="P63_ST00002" HPOS="350" VPOS="82" WIDTH="159" HEIGHT="22" CONTENT="MARRIAGE" WC="0.67" CC="50075070"/>
						<SP ID="P63_SP00002" HPOS="509" VPOS="104" WIDTH="20"/>
						<String ID="P63_ST00003" HPOS="529" VPOS="84" WIDTH="140" HEIGHT="20" CONTENT="PORTION." WC="0.74" CC="23604002"/>
					</TextLine>
				</TextBlock>
				<TextBlock ID="P63_TB00002" HPOS="820" VPOS="79" WIDTH="34" HEIGHT="25" STYLEREFS="TXT_1 PAR_RIGHT">
					<TextLine ID="P63_TL00002" HPOS="820" VPOS="79" WIDTH="34" HEIGHT="25">
						<String ID="P63_ST00004" HPOS="820" VPOS="79" WIDTH="34" HEIGHT="25" CONTENT="45" WC="1.00" CC="00"/>
					</TextLine>
				</TextBlock>
			</TopMargin>
			<LeftMargin ID="P63_LM00001" HPOS="0" VPOS="106" WIDTH="75" HEIGHT="1350"/>
			<RightMargin ID="P63_RM00001" HPOS="855" VPOS="106" WIDTH="164" HEIGHT="1350"/>
			<BottomMargin ID="P63_BM00001" HPOS="0" VPOS="1456" WIDTH="1019" HEIGHT="182"/>
			<PrintSpace ID="P63_PS00001" HPOS="75" VPOS="106" WIDTH="780" HEIGHT="1350">
				<TextBlock ID="P63_TB00003" HPOS="82" VPOS="165" WIDTH="773" HEIGHT="803" STYLEREFS="TXT_0 PAR_LEFT">
					<TextLine ID="P63_TL00003" HPOS="130" VPOS="165" WIDTH="725" HEIGHT="48">
						<String ID="P63_ST00005" HPOS="130" VPOS="165" WIDTH="64" HEIGHT="31" CONTENT="The" WC="0.75" CC="070"/>
						<SP ID="P63_SP00003" HPOS="194" VPOS="196" WIDTH="16"/>
						<String ID="P63_ST00006" HPOS="210" VPOS="167" WIDTH="88" HEIGHT="39" CONTENT="point" WC="0.63" CC="00377"/>
						<SP ID="P63_SP00004" HPOS="298" VPOS="206" WIDTH="11"/>
						<String ID="P63_ST00007" HPOS="309" VPOS="170" WIDTH="32" HEIGHT="28" CONTENT="at" WC="0.53" CC="62"/>
						<SP ID="P63_SP00005" HPOS="341" VPOS="206" WIDTH="14"/>
						<String ID="P63_ST00008" HPOS="355" VPOS="168" WIDTH="81" HEIGHT="31" CONTENT="issue" WC="0.58" CC="07670"/>
						<SP ID="P63_SP00006" HPOS="436" VPOS="206" WIDTH="10"/>
						<String ID="P63_ST00009" HPOS="446" VPOS="180" WIDTH="62" HEIGHT="19" CONTENT="was" WC="0.76" CC="007"/>
						<SP ID="P63_SP00007" HPOS="508" VPOS="206" WIDTH="14"/>
						<String ID="P63_ST00010" HPOS="522" VPOS="169" WIDTH="74" HEIGHT="30" CONTENT="this:" WC="0.64" CC="37060"/>
						<String ID="P63_ST00011" HPOS="601" VPOS="189" WIDTH="42" HEIGHT="2" CONTENT="—" WC="0.20" CC="8"/>
						<String ID="P63_ST00012" HPOS="644" VPOS="170" WIDTH="52" HEIGHT="30" CONTENT="the" WC="0.75" CC="070"/>
						<SP ID="P63_SP00008" HPOS="696" VPOS="206" WIDTH="16"/>
						<String ID="P63_ST00013" HPOS="712" VPOS="175" WIDTH="143" HEIGHT="38" CONTENT="property" WC="0.94" CC="04000000"/>
					</TextLine>
					<TextLine ID="P63_TL00004" HPOS="88" VPOS="235" WIDTH="766" HEIGHT="44">
						<String ID="P63_ST00014" HPOS="88" VPOS="235" WIDTH="33" HEIGHT="30" CONTENT="of" WC="1.00" CC="00"/>
						<SP ID="P63_SP00009" HPOS="121" VPOS="265" WIDTH="26"/>
						<String ID="P63_ST00015" HPOS="147" VPOS="235" WIDTH="60" HEIGHT="31" CONTENT="Les" WC="0.55" CC="507"/>
						<SP ID="P63_SP00010" HPOS="207" VPOS="266" WIDTH="27"/>
						<String ID="P63_ST00016" HPOS="234" VPOS="236" WIDTH="139" HEIGHT="32" CONTENT="Grandes" WC="0.68" CC="7106006"/>
						<SP ID="P63_SP00011" HPOS="373" VPOS="268" WIDTH="29"/>
						<String ID="P63_ST00017" HPOS="402" VPOS="238" WIDTH="154" HEIGHT="41" CONTENT="Bruyeres" WC="0.61" CC="65600506"/>
						<SP ID="P63_SP00012" HPOS="556" VPOS="279" WIDTH="25"/>
						<String ID="P63_ST00018" HPOS="581" VPOS="249" WIDTH="63" HEIGHT="20" CONTENT="was" WC="0.39" CC="908"/>
						<SP ID="P63_SP00013" HPOS="644" VPOS="279" WIDTH="24"/>
						<String ID="P63_ST00019" HPOS="668" VPOS="241" WIDTH="100" HEIGHT="29" CONTENT="worth" WC="0.62" CC="00657"/>
						<SP ID="P63_SP00014" HPOS="768" VPOS="279" WIDTH="30"/>
						<String ID="P63_ST00020" HPOS="798" VPOS="252" WIDTH="56" HEIGHT="19" CONTENT="one" WC="0.79" CC="060"/>
					</TextLine>
					<TextLine ID="P63_TL00005" HPOS="87" VPOS="305" WIDTH="767" HEIGHT="46">
						<String ID="P63_ST00021" HPOS="87" VPOS="305" WIDTH="141" HEIGHT="30" CONTENT="hundred" WC="0.59" CC="7770600"/>
						<SP ID="P63_SP00015" HPOS="228" VPOS="335" WIDTH="22"/>
						<String ID="P63_ST00022" HPOS="250" VPOS="307" WIDTH="61" HEIGHT="29" CONTENT="and" WC="0.79" CC="060"/>
						<SP ID="P63_SP00016" HPOS="311" VPOS="336" WIDTH="21"/>
						<String ID="P63_ST00023" HPOS="332" VPOS="307" WIDTH="71" HEIGHT="41" CONTENT="fifty" WC="0.67" CC="00690"/>
						<SP ID="P63_SP00017" HPOS="403" VPOS="348" WIDTH="22"/>
						<String ID="P63_ST00024" HPOS="425" VPOS="308" WIDTH="151" HEIGHT="30" CONTENT="thousand" WC="0.64" CC="07077060"/>
						<SP ID="P63_SP00018" HPOS="576" VPOS="348" WIDTH="21"/>
						<String ID="P63_ST00025" HPOS="597" VPOS="308" WIDTH="100" HEIGHT="31" CONTENT="francs" WC="0.66" CC="220635"/>
						<SP ID="P63_SP00019" HPOS="697" VPOS="348" WIDTH="22"/>
						<String ID="P63_ST00026" HPOS="719" VPOS="319" WIDTH="60" HEIGHT="31" CONTENT="any" WC="0.78" CC="060"/>
						<SP ID="P63_SP00020" HPOS="779" VPOS="350" WIDTH="16"/>
						<String ID="P63_ST00027" HPOS="795" VPOS="310" WIDTH="59" HEIGHT="41" CONTENT="day" WC="1.00" CC="000"/>
					</TextLine>
					<TextLine ID="P63_TL00006" HPOS="87" VPOS="376" WIDTH="767" HEIGHT="42">
						<String ID="P63_ST00028" HPOS="87" VPOS="378" WIDTH="30" HEIGHT="27" CONTENT="to" WC="0.74" CC="50"/>
						<SP ID="P63_SP00021" HPOS="117" VPOS="405" WIDTH="27"/>
						<String ID="P63_ST00029" HPOS="144" VPOS="385" WIDTH="18" HEIGHT="20" CONTENT="a" WC="1.00" CC="0"/>
						<SP ID="P63_SP00022" HPOS="162" VPOS="405" WIDTH="25"/>
						<String ID="P63_ST00030" HPOS="187" VPOS="386" WIDTH="72" HEIGHT="20" CONTENT="man" WC="0.75" CC="007"/>
						<SP ID="P63_SP00023" HPOS="259" VPOS="406" WIDTH="25"/>
						<String ID="P63_ST00031" HPOS="284" VPOS="376" WIDTH="59" HEIGHT="31" CONTENT="less" WC="0.66" CC="0076"/>
						<SP ID="P63_SP00024" HPOS="343" VPOS="407" WIDTH="26"/>
						<String ID="P63_ST00032" HPOS="369" VPOS="388" WIDTH="73" HEIGHT="29" CONTENT="poor" WC="0.86" CC="0005"/>
						<SP ID="P63_SP00025" HPOS="442" VPOS="417" WIDTH="26"/>
						<String ID="P63_ST00033" HPOS="468" VPOS="378" WIDTH="75" HEIGHT="29" CONTENT="than" WC="0.59" CC="2706"/>
						<SP ID="P63_SP00026" HPOS="543" VPOS="417" WIDTH="30"/>
						<String ID="P63_ST00034" HPOS="573" VPOS="378" WIDTH="52" HEIGHT="29" CONTENT="the" WC="0.61" CC="470"/>
						<SP ID="P63_SP00027" HPOS="625" VPOS="417" WIDTH="26"/>
						<String ID="P63_ST00035" HPOS="651" VPOS="377" WIDTH="140" HEIGHT="30" CONTENT="Vicomte" WC="0.69" CC="7504030"/>
						<String ID="P63_ST00036" HPOS="802" VPOS="387" WIDTH="7" HEIGHT="31" CONTENT=";" WC="1.00" CC="0"/>
						<String ID="P63_ST00037" HPOS="811" VPOS="397" WIDTH="43" HEIGHT="3" CONTENT="—" WC="0.20" CC="8"/>
					</TextLine>
					<TextLine ID="P63_TL00007" HPOS="86" VPOS="445" WIDTH="766" HEIGHT="40">
						<String ID="P63_ST00038" HPOS="86" VPOS="445" WIDTH="100" HEIGHT="30" CONTENT="worth" WC="0.73" CC="00507"/>
						<SP ID="P63_SP00028" HPOS="186" VPOS="475" WIDTH="14"/>
						<String ID="P63_ST00039" HPOS="200" VPOS="446" WIDTH="68" HEIGHT="30" CONTENT="that" WC="0.60" CC="5702"/>
						<SP ID="P63_SP00029" HPOS="268" VPOS="476" WIDTH="14"/>
						<String ID="P63_ST00040" HPOS="282" VPOS="449" WIDTH="32" HEIGHT="28" CONTENT="to" WC="0.71" CC="05"/>
						<SP ID="P63_SP00030" HPOS="314" VPOS="477" WIDTH="15"/>
						<String ID="P63_ST00041" HPOS="329" VPOS="446" WIDTH="38" HEIGHT="31" CONTENT="be" WC="0.63" CC="70"/>
						<SP ID="P63_SP00031" HPOS="367" VPOS="477" WIDTH="17"/>
						<String ID="P63_ST00042" HPOS="384" VPOS="448" WIDTH="74" HEIGHT="37" CONTENT="sold," WC="0.80" CC="30303"/>
						<SP ID="P63_SP00032" HPOS="458" VPOS="485" WIDTH="14"/>
						<String ID="P63_ST00043" HPOS="472" VPOS="448" WIDTH="60" HEIGHT="30" CONTENT="and" WC="0.79" CC="060"/>
						<SP ID="P63_SP00033" HPOS="532" VPOS="485" WIDTH="12"/>
						<String ID="P63_ST00044" HPOS="544" VPOS="448" WIDTH="98" HEIGHT="30" CONTENT="worth" WC="0.70" CC="00607"/>
						<SP ID="P63_SP00034" HPOS="642" VPOS="485" WIDTH="15"/>
						<String ID="P63_ST00045" HPOS="657" VPOS="448" WIDTH="67" HEIGHT="30" CONTENT="that" WC="0.81" CC="0700"/>
						<SP ID="P63_SP00035" HPOS="724" VPOS="485" WIDTH="15"/>
						<String ID="P63_ST00046" HPOS="739" VPOS="448" WIDTH="47" HEIGHT="30" CONTENT="for" WC="0.65" CC="045"/>
						<SP ID="P63_SP00036" HPOS="786" VPOS="485" WIDTH="14"/>
						<String ID="P63_ST00047" HPOS="800" VPOS="449" WIDTH="52" HEIGHT="29" CONTENT="the" WC="0.56" CC="570"/>
					</TextLine>
					<TextLine ID="P63_TL00008" HPOS="85" VPOS="514" WIDTH="770" HEIGHT="43">
						<String ID="P63_ST00048" HPOS="85" VPOS="514" WIDTH="118" HEIGHT="31" CONTENT="income" WC="0.69" CC="170090"/>
						<SP ID="P63_SP00037" HPOS="203" VPOS="545" WIDTH="16"/>
						<String ID="P63_ST00049" HPOS="219" VPOS="515" WIDTH="24" HEIGHT="30" CONTENT="it" WC="0.73" CC="50"/>
						<SP ID="P63_SP00038" HPOS="243" VPOS="545" WIDTH="16"/>
						<String ID="P63_ST00050" HPOS="259" VPOS="516" WIDTH="102" HEIGHT="29" CONTENT="would" WC="0.85" CC="00700"/>
						<SP ID="P63_SP00039" HPOS="361" VPOS="545" WIDTH="15"/>
						<String ID="P63_ST00051" HPOS="376" VPOS="516" WIDTH="84" HEIGHT="40" CONTENT="yield" WC="1.00" CC="00000"/>
						<SP ID="P63_SP00040" HPOS="460" VPOS="556" WIDTH="14"/>
						<String ID="P63_ST00052" HPOS="474" VPOS="519" WIDTH="32" HEIGHT="27" CONTENT="to" WC="1.00" CC="00"/>
						<SP ID="P63_SP00041" HPOS="506" VPOS="556" WIDTH="23"/>
						<String ID="P63_ST00053" HPOS="529" VPOS="527" WIDTH="60" HEIGHT="30" CONTENT="any" WC="0.79" CC="060"/>
						<SP ID="P63_SP00042" HPOS="589" VPOS="557" WIDTH="16"/>
						<String ID="P63_ST00054" HPOS="605" VPOS="528" WIDTH="56" HEIGHT="18" CONTENT="one" WC="0.79" CC="060"/>
						<SP ID="P63_SP00043" HPOS="661" VPOS="557" WIDTH="16"/>
						<String ID="P63_ST00055" HPOS="677" VPOS="517" WIDTH="123" HEIGHT="39" CONTENT="capable" WC="0.89" CC="0000700"/>
						<SP ID="P63_SP00044" HPOS="800" VPOS="557" WIDTH="22"/>
						<String ID="P63_ST00056" HPOS="822" VPOS="517" WIDTH="33" HEIGHT="33" CONTENT="of" WC="1.00" CC="00"/>
					</TextLine>
					<TextLine ID="P63_TL00009" HPOS="86" VPOS="584" WIDTH="764" HEIGHT="42">
						<String ID="P63_ST00057" HPOS="86" VPOS="584" WIDTH="133" HEIGHT="40" CONTENT="farming" WC="0.72" CC="0040760"/>
						<SP ID="P63_SP00045" HPOS="219" VPOS="624" WIDTH="22"/>
						<String ID="P63_ST00058" HPOS="241" VPOS="584" WIDTH="25" HEIGHT="31" CONTENT="it" WC="0.70" CC="05"/>
						<SP ID="P63_SP00046" HPOS="266" VPOS="624" WIDTH="21"/>
						<String ID="P63_ST00059" HPOS="287" VPOS="585" WIDTH="153" HEIGHT="41" CONTENT="properly." WC="0.86" CC="050006000"/>
						<SP ID="P63_SP00047" HPOS="440" VPOS="626" WIDTH="45"/>
						<String ID="P63_ST00060" HPOS="485" VPOS="585" WIDTH="65" HEIGHT="31" CONTENT="But" WC="0.47" CC="671"/>
						<SP ID="P63_SP00048" HPOS="550" VPOS="626" WIDTH="21"/>
						<String ID="P63_ST00061" HPOS="571" VPOS="589" WIDTH="32" HEIGHT="27" CONTENT="to" WC="0.53" CC="62"/>
						<SP ID="P63_SP00049" HPOS="603" VPOS="626" WIDTH="16"/>
						<String ID="P63_ST00062" HPOS="619" VPOS="586" WIDTH="43" HEIGHT="30" CONTENT="M." WC="1.00" CC="00"/>
						<SP ID="P63_SP00050" HPOS="662" VPOS="626" WIDTH="19"/>
						<String ID="P63_ST00063" HPOS="681" VPOS="587" WIDTH="36" HEIGHT="29" CONTENT="de" WC="1.00" CC="00"/>
						<SP ID="P63_SP00051" HPOS="717" VPOS="626" WIDTH="16"/>
						<String ID="P63_ST00064" HPOS="733" VPOS="586" WIDTH="117" HEIGHT="30" CONTENT="Veran" SUBS_TYPE="HypPart1" SUBS_CONTENT="Verancour" WC="0.60" CC="706072"/>
						<HYP CONTENT="-"/>
					</TextLine>
					<TextLine ID="P63_TL00010" HPOS="87" VPOS="653" WIDTH="765" HEIGHT="41">
						<String ID="P63_ST00065" HPOS="87" VPOS="664" WIDTH="73" HEIGHT="19" CONTENT="cour" SUBS_TYPE="HypPart2" SUBS_CONTENT="Verancour" WC="0.61" CC="3074"/>
						<SP ID="P63_SP00052" HPOS="160" VPOS="683" WIDTH="22"/>
						<String ID="P63_ST00066" HPOS="182" VPOS="653" WIDTH="26" HEIGHT="30" CONTENT="it" WC="0.83" CC="03"/>
						<SP ID="P63_SP00053" HPOS="208" VPOS="683" WIDTH="22"/>
						<String ID="P63_ST00067" HPOS="230" VPOS="665" WIDTH="62" HEIGHT="19" CONTENT="was" WC="0.82" CC="005"/>
						<SP ID="P63_SP00054" HPOS="292" VPOS="684" WIDTH="22"/>
						<String ID="P63_ST00068" HPOS="314" VPOS="655" WIDTH="100" HEIGHT="29" CONTENT="worth" WC="0.76" CC="00407"/>
						<SP ID="P63_SP00055" HPOS="414" VPOS="684" WIDTH="20"/>
						<String ID="P63_ST00069" HPOS="434" VPOS="654" WIDTH="139" HEIGHT="40" CONTENT="nothing," WC="0.67" CC="70070703"/>
						<SP ID="P63_SP00056" HPOS="573" VPOS="694" WIDTH="26"/>
						<String ID="P63_ST00070" HPOS="599" VPOS="666" WIDTH="33" HEIGHT="18" CONTENT="or" WC="0.55" CC="35"/>
						<SP ID="P63_SP00057" HPOS="632" VPOS="694" WIDTH="21"/>
						<String ID="P63_ST00071" HPOS="653" VPOS="666" WIDTH="95" HEIGHT="19" CONTENT="worse" WC="0.71" CC="03550"/>
						<SP ID="P63_SP00058" HPOS="748" VPOS="694" WIDTH="29"/>
						<String ID="P63_ST00072" HPOS="777" VPOS="655" WIDTH="75" HEIGHT="30" CONTENT="than" WC="0.50" CC="5707"/>
					</TextLine>
					<TextLine ID="P63_TL00011" HPOS="86" VPOS="723" WIDTH="765" HEIGHT="42">
						<String ID="P63_ST00073" HPOS="86" VPOS="723" WIDTH="131" HEIGHT="40" CONTENT="nothing" WC="0.56" CC="6407370"/>
						<String ID="P63_ST00074" HPOS="228" VPOS="733" WIDTH="6" HEIGHT="28" CONTENT=";" WC="1.00" CC="0"/>
						<SP ID="P63_SP00059" HPOS="234" VPOS="763" WIDTH="18"/>
						<String ID="P63_ST00075" HPOS="252" VPOS="724" WIDTH="60" HEIGHT="29" CONTENT="and" WC="0.75" CC="070"/>
						<SP ID="P63_SP00060" HPOS="312" VPOS="763" WIDTH="14"/>
						<String ID="P63_ST00076" HPOS="326" VPOS="723" WIDTH="49" HEIGHT="30" CONTENT="his" WC="0.40" CC="745"/>
						<SP ID="P63_SP00061" HPOS="375" VPOS="763" WIDTH="11"/>
						<String ID="P63_ST00077" HPOS="386" VPOS="734" WIDTH="61" HEIGHT="20" CONTENT="was" WC="0.80" CC="005"/>
						<SP ID="P63_SP00062" HPOS="447" VPOS="763" WIDTH="16"/>
						<String ID="P63_ST00078" HPOS="463" VPOS="723" WIDTH="51" HEIGHT="30" CONTENT="the" WC="0.74" CC="070"/>
						<SP ID="P63_SP00063" HPOS="514" VPOS="763" WIDTH="10"/>
						<String ID="P63_ST00079" HPOS="524" VPOS="723" WIDTH="132" HEIGHT="40" CONTENT="position" WC="0.70" CC="02507007"/>
						<SP ID="P63_SP00064" HPOS="656" VPOS="763" WIDTH="16"/>
						<String ID="P63_ST00080" HPOS="672" VPOS="724" WIDTH="33" HEIGHT="30" CONTENT="of" WC="0.64" CC="43"/>
						<SP ID="P63_SP00065" HPOS="705" VPOS="763" WIDTH="12"/>
						<String ID="P63_ST00081" HPOS="717" VPOS="734" WIDTH="31" HEIGHT="20" CONTENT="so" WC="0.65" CC="70"/>
						<SP ID="P63_SP00066" HPOS="748" VPOS="763" WIDTH="12"/>
						<String ID="P63_ST00082" HPOS="760" VPOS="734" WIDTH="91" HEIGHT="31" CONTENT="many" WC="0.82" CC="0070"/>
					</TextLine>
					<TextLine ID="P63_TL00012" HPOS="85" VPOS="792" WIDTH="765" HEIGHT="40">
						<String ID="P63_ST00083" HPOS="85" VPOS="793" WIDTH="153" HEIGHT="29" CONTENT="thousand" WC="0.49" CC="07476770"/>
						<SP ID="P63_SP00067" HPOS="238" VPOS="822" WIDTH="26"/>
						<String ID="P63_ST00084" HPOS="264" VPOS="793" WIDTH="100" HEIGHT="39" CONTENT="needy" WC="0.86" CC="70000"/>
						<SP ID="P63_SP00068" HPOS="364" VPOS="832" WIDTH="23"/>
						<String ID="P63_ST00085" HPOS="387" VPOS="792" WIDTH="194" HEIGHT="30" CONTENT="landholders" WC="0.73" CC="00607220046"/>
						<SP ID="P63_SP00069" HPOS="581" VPOS="832" WIDTH="29"/>
						<String ID="P63_ST00086" HPOS="610" VPOS="792" WIDTH="33" HEIGHT="29" CONTENT="in" WC="0.57" CC="17"/>
						<SP ID="P63_SP00070" HPOS="643" VPOS="832" WIDTH="26"/>
						<String ID="P63_ST00087" HPOS="669" VPOS="793" WIDTH="123" HEIGHT="38" CONTENT="France," WC="0.71" CC="7306003"/>
						<SP ID="P63_SP00071" HPOS="792" VPOS="832" WIDTH="26"/>
						<String ID="P63_ST00088" HPOS="818" VPOS="794" WIDTH="32" HEIGHT="28" CONTENT="to" WC="1.00" CC="00"/>
					</TextLine>
					<TextLine ID="P63_TL00013" HPOS="84" VPOS="860" WIDTH="770" HEIGHT="41">
						<String ID="P63_ST00089" HPOS="84" VPOS="861" WIDTH="102" HEIGHT="31" CONTENT="whom" WC="0.48" CC="0775"/>
						<SP ID="P63_SP00072" HPOS="186" VPOS="892" WIDTH="14"/>
						<String ID="P63_ST00090" HPOS="200" VPOS="860" WIDTH="81" HEIGHT="31" CONTENT="their" WC="0.65" CC="47040"/>
						<SP ID="P63_SP00073" HPOS="281" VPOS="892" WIDTH="22"/>
						<String ID="P63_ST00091" HPOS="303" VPOS="861" WIDTH="72" HEIGHT="30" CONTENT="land" WC="0.70" CC="4070"/>
						<SP ID="P63_SP00074" HPOS="375" VPOS="892" WIDTH="16"/>
						<String ID="P63_ST00092" HPOS="391" VPOS="861" WIDTH="26" HEIGHT="30" CONTENT="is" WC="0.69" CC="14"/>
						<SP ID="P63_SP00075" HPOS="417" VPOS="892" WIDTH="16"/>
						<String ID="P63_ST00093" HPOS="433" VPOS="871" WIDTH="17" HEIGHT="20" CONTENT="a" WC="1.00" CC="0"/>
						<SP ID="P63_SP00076" HPOS="450" VPOS="892" WIDTH="16"/>
						<String ID="P63_ST00094" HPOS="466" VPOS="861" WIDTH="75" HEIGHT="30" CONTENT="dead" WC="0.78" CC="0205"/>
						<SP ID="P63_SP00077" HPOS="541" VPOS="892" WIDTH="16"/>
						<String ID="P63_ST00095" HPOS="557" VPOS="860" WIDTH="115" HEIGHT="41" CONTENT="weight" WC="0.75" CC="005072"/>
						<SP ID="P63_SP00078" HPOS="672" VPOS="901" WIDTH="15"/>
						<String ID="P63_ST00096" HPOS="687" VPOS="860" WIDTH="118" HEIGHT="31" CONTENT="instead" WC="0.70" CC="5770000"/>
						<SP ID="P63_SP00079" HPOS="805" VPOS="901" WIDTH="16"/>
						<String ID="P63_ST00097" HPOS="821" VPOS="861" WIDTH="33" HEIGHT="30" CONTENT="of" WC="0.71" CC="50"/>
					</TextLine>
					<TextLine ID="P63_TL00014" HPOS="82" VPOS="930" WIDTH="280" HEIGHT="38">
						<String ID="P63_ST00098" HPOS="82" VPOS="941" WIDTH="17" HEIGHT="18" CONTENT="a" WC="0.64" CC="3"/>
						<SP ID="P63_SP00080" HPOS="99" VPOS="959" WIDTH="16"/>
						<String ID="P63_ST00099" HPOS="115" VPOS="941" WIDTH="105" HEIGHT="19" CONTENT="source" WC="0.74" CC="047300"/>
						<SP ID="P63_SP00081" HPOS="220" VPOS="960" WIDTH="17"/>
						<String ID="P63_ST00100" HPOS="237" VPOS="930" WIDTH="33" HEIGHT="29" CONTENT="of" WC="1.00" CC="00"/>
						<SP ID="P63_SP00082" HPOS="270" VPOS="960" WIDTH="11"/>
						<String ID="P63_ST00101" HPOS="281" VPOS="930" WIDTH="81" HEIGHT="38" CONTENT="gain." WC="0.85" CC="00070"/>
					</TextLine>
				</TextBlock>
				<TextBlock ID="P63_TB00004" HPOS="75" VPOS="997" WIDTH="774" HEIGHT="459" STYLEREFS="TXT_0 PAR_LEFT">
					<TextLine ID="P63_TL00015" HPOS="125" VPOS="997" WIDTH="724" HEIGHT="41">
						<String ID="P63_ST00102" HPOS="125" VPOS="999" WIDTH="65" HEIGHT="30" CONTENT="The" WC="0.75" CC="070"/>
						<SP ID="P63_SP00083" HPOS="190" VPOS="1029" WIDTH="26"/>
						<String ID="P63_ST00103" HPOS="216" VPOS="999" WIDTH="74" HEIGHT="39" CONTENT="long" WC="0.77" CC="2150"/>
						<SP ID="P63_SP00084" HPOS="290" VPOS="1038" WIDTH="24"/>
						<String ID="P63_ST00104" HPOS="314" VPOS="999" WIDTH="60" HEIGHT="29" CONTENT="and" WC="0.54" CC="760"/>
						<SP ID="P63_SP00085" HPOS="374" VPOS="1038" WIDTH="25"/>
						<String ID="P63_ST00105" HPOS="399" VPOS="998" WIDTH="53" HEIGHT="30" CONTENT="the" WC="0.76" CC="070"/>
						<SP ID="P63_SP00086" HPOS="452" VPOS="1038" WIDTH="24"/>
						<String ID="P63_ST00106" HPOS="476" VPOS="998" WIDTH="84" HEIGHT="30" CONTENT="short" WC="0.55" CC="47152"/>
						<SP ID="P63_SP00087" HPOS="560" VPOS="1038" WIDTH="25"/>
						<String ID="P63_ST00107" HPOS="585" VPOS="997" WIDTH="33" HEIGHT="31" CONTENT="of" WC="0.81" CC="03"/>
						<SP ID="P63_SP00088" HPOS="618" VPOS="1038" WIDTH="19"/>
						<String ID="P63_ST00108" HPOS="637" VPOS="997" WIDTH="25" HEIGHT="31" CONTENT="it" WC="0.70" CC="23"/>
						<SP ID="P63_SP00089" HPOS="662" VPOS="1038" WIDTH="23"/>
						<String ID="P63_ST00109" HPOS="685" VPOS="1008" WIDTH="71" HEIGHT="28" CONTENT="was," WC="0.76" CC="0062"/>
						<SP ID="P63_SP00090" HPOS="756" VPOS="1038" WIDTH="26"/>
						<String ID="P63_ST00110" HPOS="782" VPOS="998" WIDTH="67" HEIGHT="31" CONTENT="that" WC="0.79" CC="0700"/>
					</TextLine>
					<TextLine ID="P63_TL00016" HPOS="82" VPOS="1067" WIDTH="767" HEIGHT="41">
						<String ID="P63_ST00111" HPOS="82" VPOS="1068" WIDTH="117" HEIGHT="30" CONTENT="Martin" WC="0.69" CC="006047"/>
						<SP ID="P63_SP00091" HPOS="199" VPOS="1098" WIDTH="23"/>
						<String ID="P63_ST00112" HPOS="222" VPOS="1069" WIDTH="139" HEIGHT="38" CONTENT="Prevost," WC="0.55" CC="76073704"/>
						<SP ID="P63_SP00092" HPOS="361" VPOS="1107" WIDTH="25"/>
						<String ID="P63_ST00113" HPOS="386" VPOS="1068" WIDTH="138" HEIGHT="40" CONTENT="refusing" WC="0.66" CC="10066670"/>
						<SP ID="P63_SP00093" HPOS="524" VPOS="1108" WIDTH="22"/>
						<String ID="P63_ST00114" HPOS="546" VPOS="1067" WIDTH="162" HEIGHT="41" CONTENT="inflexibly" WC="0.71" CC="0622405700"/>
						<SP ID="P63_SP00094" HPOS="708" VPOS="1108" WIDTH="15"/>
						<String ID="P63_ST00115" HPOS="723" VPOS="1070" WIDTH="31" HEIGHT="27" CONTENT="to" WC="1.00" CC="00"/>
						<SP ID="P63_SP00095" HPOS="754" VPOS="1108" WIDTH="24"/>
						<String ID="P63_ST00116" HPOS="778" VPOS="1068" WIDTH="71" HEIGHT="29" CONTENT="lend" WC="0.66" CC="1640"/>
					</TextLine>
					<TextLine ID="P63_TL00017" HPOS="81" VPOS="1136" WIDTH="763" HEIGHT="42">
						<String ID="P63_ST00117" HPOS="81" VPOS="1148" WIDTH="56" HEIGHT="20" CONTENT="one" WC="0.79" CC="060"/>
						<SP ID="P63_SP00096" HPOS="137" VPOS="1168" WIDTH="26"/>
						<String ID="P63_ST00118" HPOS="163" VPOS="1138" WIDTH="139" HEIGHT="40" CONTENT="farthing" WC="0.54" CC="00607579"/>
						<SP ID="P63_SP00097" HPOS="302" VPOS="1178" WIDTH="24"/>
						<String ID="P63_ST00119" HPOS="326" VPOS="1148" WIDTH="84" HEIGHT="30" CONTENT="upon" WC="0.64" CC="8005"/>
						<SP ID="P63_SP00098" HPOS="410" VPOS="1178" WIDTH="26"/>
						<String ID="P63_ST00120" HPOS="436" VPOS="1148" WIDTH="60" HEIGHT="30" CONTENT="any" WC="0.75" CC="070"/>
						<SP ID="P63_SP00099" HPOS="496" VPOS="1178" WIDTH="27"/>
						<String ID="P63_ST00121" HPOS="523" VPOS="1136" WIDTH="134" HEIGHT="41" CONTENT="security" WC="0.79" CC="30270110"/>
						<SP ID="P63_SP00100" HPOS="657" VPOS="1178" WIDTH="25"/>
						<String ID="P63_ST00122" HPOS="682" VPOS="1137" WIDTH="162" HEIGHT="38" CONTENT="whatever," WC="0.72" CC="070404044"/>
					</TextLine>
					<TextLine ID="P63_TL00018" HPOS="80" VPOS="1206" WIDTH="764" HEIGHT="40">
						<String ID="P63_ST00123" HPOS="80" VPOS="1208" WIDTH="60" HEIGHT="30" CONTENT="and" WC="0.75" CC="070"/>
						<SP ID="P63_SP00101" HPOS="140" VPOS="1238" WIDTH="15"/>
						<String ID="P63_ST00124" HPOS="155" VPOS="1207" WIDTH="42" HEIGHT="30" CONTENT="all" WC="0.95" CC="001"/>
						<SP ID="P63_SP00102" HPOS="197" VPOS="1238" WIDTH="15"/>
						<String ID="P63_ST00125" HPOS="212" VPOS="1207" WIDTH="68" HEIGHT="30" CONTENT="idea" WC="1.00" CC="0000"/>
						<SP ID="P63_SP00103" HPOS="280" VPOS="1238" WIDTH="16"/>
						<String ID="P63_ST00126" HPOS="296" VPOS="1207" WIDTH="34" HEIGHT="30" CONTENT="of" WC="0.86" CC="20"/>
						<SP ID="P63_SP00104" HPOS="330" VPOS="1238" WIDTH="18"/>
						<String ID="P63_ST00127" HPOS="348" VPOS="1218" WIDTH="18" HEIGHT="19" CONTENT="a" WC="1.00" CC="0"/>
						<SP ID="P63_SP00105" HPOS="366" VPOS="1238" WIDTH="15"/>
						<String ID="P63_ST00128" HPOS="381" VPOS="1209" WIDTH="158" HEIGHT="37" CONTENT="mortgage" WC="0.81" CC="05000090"/>
						<SP ID="P63_SP00106" HPOS="539" VPOS="1246" WIDTH="22"/>
						<String ID="P63_ST00129" HPOS="561" VPOS="1206" WIDTH="94" HEIGHT="40" CONTENT="being" WC="0.69" CC="70070"/>
						<SP ID="P63_SP00107" HPOS="655" VPOS="1246" WIDTH="14"/>
						<String ID="P63_ST00130" HPOS="669" VPOS="1208" WIDTH="32" HEIGHT="27" CONTENT="at" WC="0.99" CC="00"/>
						<SP ID="P63_SP00108" HPOS="701" VPOS="1246" WIDTH="22"/>
						<String ID="P63_ST00131" HPOS="723" VPOS="1217" WIDTH="39" HEIGHT="18" CONTENT="an" WC="0.65" CC="07"/>
						<SP ID="P63_SP00109" HPOS="762" VPOS="1246" WIDTH="15"/>
						<String ID="P63_ST00132" HPOS="777" VPOS="1206" WIDTH="67" HEIGHT="38" CONTENT="end," WC="0.58" CC="5704"/>
					</TextLine>
					<TextLine ID="P63_TL00019" HPOS="77" VPOS="1275" WIDTH="768" HEIGHT="41">
						<String ID="P63_ST00133" HPOS="77" VPOS="1278" WIDTH="228" HEIGHT="29" CONTENT="condescended" WC="0.69" CC="347004007900"/>
						<SP ID="P63_SP00110" HPOS="305" VPOS="1307" WIDTH="15"/>
						<String ID="P63_ST00134" HPOS="320" VPOS="1279" WIDTH="31" HEIGHT="28" CONTENT="at" WC="1.00" CC="00"/>
						<SP ID="P63_SP00111" HPOS="351" VPOS="1307" WIDTH="23"/>
						<String ID="P63_ST00135" HPOS="374" VPOS="1277" WIDTH="58" HEIGHT="30" CONTENT="last" WC="0.67" CC="1074"/>
						<SP ID="P63_SP00112" HPOS="432" VPOS="1307" WIDTH="22"/>
						<String ID="P63_ST00136" HPOS="454" VPOS="1279" WIDTH="31" HEIGHT="28" CONTENT="to" WC="1.00" CC="00"/>
						<SP ID="P63_SP00113" HPOS="485" VPOS="1307" WIDTH="21"/>
						<String ID="P63_ST00137" HPOS="506" VPOS="1275" WIDTH="130" HEIGHT="41" CONTENT="promise" WC="0.74" CC="0630070"/>
						<SP ID="P63_SP00114" HPOS="636" VPOS="1316" WIDTH="15"/>
						<String ID="P63_ST00138" HPOS="651" VPOS="1279" WIDTH="32" HEIGHT="27" CONTENT="to" WC="1.00" CC="00"/>
						<SP ID="P63_SP00115" HPOS="683" VPOS="1316" WIDTH="15"/>
						<String ID="P63_ST00139" HPOS="698" VPOS="1275" WIDTH="147" HEIGHT="40" CONTENT="purchase" WC="0.73" CC="06017050"/>
					</TextLine>
					<TextLine ID="P63_TL00020" HPOS="77" VPOS="1343" WIDTH="771" HEIGHT="44">
						<String ID="P63_ST00140" HPOS="77" VPOS="1348" WIDTH="59" HEIGHT="30" CONTENT="Les" WC="0.70" CC="205"/>
						<SP ID="P63_SP00116" HPOS="136" VPOS="1378" WIDTH="36"/>
						<String ID="P63_ST00141" HPOS="172" VPOS="1346" WIDTH="138" HEIGHT="31" CONTENT="Grandes" WC="0.63" CC="7406007"/>
						<SP ID="P63_SP00117" HPOS="310" VPOS="1378" WIDTH="37"/>
						<String ID="P63_ST00142" HPOS="347" VPOS="1347" WIDTH="155" HEIGHT="40" CONTENT="Bruyeres" WC="0.61" CC="75700406"/>
						<SP ID="P63_SP00118" HPOS="502" VPOS="1387" WIDTH="37"/>
						<String ID="P63_ST00143" HPOS="539" VPOS="1345" WIDTH="46" HEIGHT="30" CONTENT="for" WC="0.67" CC="044"/>
						<SP ID="P63_SP00119" HPOS="585" VPOS="1387" WIDTH="36"/>
						<String ID="P63_ST00144" HPOS="621" VPOS="1345" WIDTH="52" HEIGHT="30" CONTENT="the" WC="0.52" CC="670"/>
						<SP ID="P63_SP00120" HPOS="673" VPOS="1387" WIDTH="38"/>
						<String ID="P63_ST00145" HPOS="711" VPOS="1354" WIDTH="67" HEIGHT="19" CONTENT="sum" WC="0.53" CC="670"/>
						<SP ID="P63_SP00121" HPOS="778" VPOS="1387" WIDTH="38"/>
						<String ID="P63_ST00146" HPOS="816" VPOS="1343" WIDTH="32" HEIGHT="30" CONTENT="of" WC="0.71" CC="05"/>
					</TextLine>
					<TextLine ID="P63_TL00021" HPOS="76" VPOS="1412" WIDTH="766" HEIGHT="44">
						<String ID="P63_ST00147" HPOS="76" VPOS="1419" WIDTH="129" HEIGHT="37" CONTENT="seventy" WC="0.69" CC="7070700"/>
						<SP ID="P63_SP00122" HPOS="205" VPOS="1456" WIDTH="30"/>
						<String ID="P63_ST00148" HPOS="235" VPOS="1416" WIDTH="152" HEIGHT="29" CONTENT="thousand" WC="0.63" CC="36046070"/>
						<SP ID="P63_SP00123" HPOS="387" VPOS="1456" WIDTH="31"/>
						<String ID="P63_ST00149" HPOS="418" VPOS="1415" WIDTH="108" HEIGHT="38" CONTENT="francs," WC="0.58" CC="3306464"/>
						<SP ID="P63_SP00124" HPOS="526" VPOS="1456" WIDTH="32"/>
						<String ID="P63_ST00150" HPOS="558" VPOS="1414" WIDTH="53" HEIGHT="31" CONTENT="the" WC="0.39" CC="664"/>
						<SP ID="P63_SP00125" HPOS="611" VPOS="1456" WIDTH="34"/>
						<String ID="P63_ST00151" HPOS="645" VPOS="1416" WIDTH="17" HEIGHT="14" CONTENT='"' WC="0.53" CC="4"/>
						<SP ID="P63_SP00126" HPOS="662" VPOS="1456" WIDTH="13"/>
						<String ID="P63_ST00152" HPOS="675" VPOS="1413" WIDTH="59" HEIGHT="30" CONTENT="odd" WC="0.80" CC="500"/>
						<SP ID="P63_SP00127" HPOS="734" VPOS="1456" WIDTH="25"/>
						<String ID="P63_ST00153" HPOS="759" VPOS="1415" WIDTH="54" HEIGHT="27" CONTENT="ten" WC="0.71" CC="017"/>
						<String ID="P63_ST00154" HPOS="825" VPOS="1412" WIDTH="17" HEIGHT="16" CONTENT='"' WC="0.55" CC="4"/>
					</TextLine>
				</TextBlock>
			</PrintSpace>
		</Page>
	</Layout>
</alto>
