1019 1638
812 73 38 26 57

360 80 62 19 THE
442 79 125 20 SISTERS.

83 163 53 30 the
171 166 72 28 torn
277 165 61 30 and
373 164 96 32 soiled
503 164 152 31 furniture
691 165 68 31 that
792 166 60 30 had

84 234 130 40 escaped
238 235 53 29 the
315 237 143 37 outrages
482 235 33 29 of
535 234 52 30 the
611 236 69 38 past
703 235 89 29 could
815 235 37 30 be

83 304 114 30 turned
219 307 31 27 to
266 304 53 30 the
341 304 68 30 best
424 314 62 20 use.
532 303 141 40 Women,
691 304 60 30 and
770 315 82 19 more

83 373 77 29 than
175 384 61 29 any
253 373 95 39 other,
367 373 119 30 French
501 384 126 28 women,
646 384 56 19 can
717 373 135 31 contrive

83 445 31 27 to
139 442 89 30 make
253 442 174 41 something
443 445 54 27 out
517 442 33 30 of
570 442 138 40 nothing,
727 443 60 29 and
810 443 42 40 by

82 511 54 30 the
158 511 75 31 time
255 512 54 30 the
329 515 61 28 two
406 511 258 31 Mesdemoiselles
680 512 37 30 de
732 511 117 31 Veran-

83 591 74 19 cour
178 582 62 29 had
262 582 79 29 been
363 581 49 30 six
432 582 123 29 months
576 582 89 29 home
680 581 77 30 from
773 582 79 29 their

84 653 133 27 convent
243 654 32 26 at
304 650 140 38 Poitiers,
473 650 75 41 they
575 650 95 40 really
696 650 61 30 had
783 661 68 19 con-

84 720 109 29 verted
221 720 54 29 the
305 722 47 27 set
382 719 33 30 of
445 730 100 19 rooms
579 719 212 41 appropriated
819 722 32 27 to

83 788 185 31 themselves
290 789 61 30 and
372 787 81 32 their
467 788 100 30 father
582 798 39 20 on
641 788 54 30 the
717 789 132 39 ground-

83 857 75 30 floor
183 856 65 31 into
271 867 17 20 a
313 856 192 41 presentable
531 856 79 31 suite
637 856 34 31 of
693 857 157 30 chambers

82 926 47 30 for
150 936 18 20 a
188 925 107 41 family
311 926 33 30 of
363 926 131 29 reduced
516 936 112 19 means.
674 925 97 30 There
786 936 62 20 was

82 995 123 39 enough
221 994 34 30 of
273 994 184 38 discomfort,
475 1004 33 20 as
523 1004 46 21 we
590 993 131 40 Enghsh
742 994 107 40 people

81 1063 101 40 might
206 1063 100 39 think,
310 1081 43 4 —
354 1074 61 29 you
444 1062 173 41 habituaUy
643 1063 124 30 entered
796 1063 52 30 the

81 1133 96 30 house
210 1132 137 40 through
380 1132 53 30 the
468 1131 134 40 kitchen,
635 1133 60 29 and
729 1132 33 30 in
795 1133 52 30 the

79 1201 169 30 Vicomte's
282 1201 94 39 study
405 1211 62 29 you
497 1201 102 31 would
628 1201 38 30 be
696 1201 150 40 suddenly

79 1269 159 31 reminded
260 1269 42 41 by
316 1269 53 31 the
389 1269 53 31 faU
459 1269 33 31 of
511 1269 173 41 something
706 1269 59 31 soft
787 1270 59 29 and

78 1339 108 40 plump
216 1349 83 29 upon
327 1338 53 30 the
409 1338 75 30 floor
510 1338 33 29 of
568 1338 53 30 the
647 1348 143 30 presence
817 1338 33 29 of

77 1408 84 38 frogs
172 1417 6 29 ;
203 1407 57 31 but
273 1406 188 40 resignation
475 1417 63 22 was
553 1406 53 31 the
621 1406 102 31 virtue
739 1406 33 30 of
783 1405 62 31 this
