1019 1638
153 122 51 26 148

404 132 54 19 ALL
478 131 57 20 FOR
555 130 106 21 GREED.

153 217 129 30 towards
304 217 86 30 these
413 216 181 37 ci-devants,
598 233 42 4 —
640 214 116 30 useless
780 213 62 31 and
864 213 52 31 ob-

153 286 146 31 structive
322 296 32 20 as
376 286 75 40 they
474 284 121 30 seemed
617 285 32 28 to
678 283 65 39 her,
746 302 42 3 —
788 282 129 31 because

152 355 80 29 their
258 355 131 30 conduct
403 357 31 27 to
450 354 55 30 her
527 362 106 31 young
652 354 113 28 master
786 351 131 31 touched

153 425 62 27 her.

195 492 59 30 She
291 491 96 31 shook
415 491 56 29 her
501 490 87 38 head,
621 489 78 31 with
728 500 18 19 a
775 489 79 40 sigh,
886 489 34 30 in

153 572 116 20 answer
283 563 32 27 to
327 560 158 30 Monsieur
501 560 37 29 de
550 559 188 30 Verancour'
742 570 13 19 s
771 559 149 41 inquiries

153 633 31 27 at
208 630 51 30 the
286 629 82 30 door.
584 627 65 31 said
675 627 63 39 she,
868 638 51 20 are

153 709 79 20 none
248 699 33 29 of
300 708 36 19 us
351 698 53 29 the
420 708 81 19 same
517 697 82 30 since
615 697 83 30 then.
755 697 60 31 We
843 698 77 30 shall

153 768 39 30 be
208 778 17 20 a
239 768 74 39 long
327 766 92 32 while
442 766 104 31 before
561 777 47 21 we
631 770 53 37 get
699 777 72 21 over
793 766 26 32 it
831 776 8 32 ;
863 769 59 29 and

155 848 32 20 as
216 837 47 31 for
291 847 74 29 poor
394 836 159 30 Monsieur
583 836 142 40 Richard,
757 837 40 30 he
826 837 96 42 really

157 906 96 40 ought
279 909 31 27 to
335 905 39 31 be
400 906 172 39 persuaded
601 909 33 27 to
659 916 39 30 go
725 916 86 32 away
835 907 47 30 for
906 918 17 19 a

158 977 83 30 short
255 975 83 31 time.
384 975 50 31 He
450 986 94 21 never
558 986 63 21 was
637 979 115 37 strong,
770 976 57 31 but
842 977 40 30 he
897 976 26 31 is

157 1045 131 40 wasting
311 1055 86 30 away
420 1055 78 20 now.
553 1045 51 30 He
631 1046 98 40 ought
752 1048 32 28 to
807 1047 116 39 change

158 1113 52 31 the
225 1113 53 29 air.
333 1113 51 29 He
399 1114 98 29 wants
512 1113 117 39 change
645 1113 34 30 of
691 1124 97 29 scene,
807 1115 116 40 change

160 1183 33 30 of
212 1181 190 41 everything.
457 1181 77 31 He's
550 1182 34 30 in
598 1193 18 20 a
630 1183 61 30 bad
851 1185 72 30 And

159 1251 76 32 with
258 1251 127 30 another
407 1251 157 31 mournful
587 1252 94 32 shake
705 1254 35 30 of
759 1255 53 30 the
834 1256 87 39 head,

160 1322 54 29 she
242 1320 131 30 ushered
408 1320 54 30 the
491 1320 142 32 Vicomte
662 1323 66 31 into
766 1324 157 32 Monsieur

159 1389 159 32 Richard's
332 1399 152 29 presence.

202 1459 31 30 It
258 1468 61 22 was
342 1461 54 28 not
422 1459 52 30 the
498 1470 84 21 room
606 1461 68 31 that
695 1462 62 31 had
778 1463 146 42 formerly
