1019 1638
271 101 62 21 THE
351 102 96 20 FEAST
466 103 59 19 FOR
544 103 63 19 THE
626 103 87 19 DEAD.

822 96 52 26 223

107 185 69 30 able
198 186 79 30 from
298 187 53 30 the
374 188 140 31 different
538 189 126 40 degrees
688 190 32 29 of
739 189 136 31 richness

109 254 34 30 of
161 255 82 31 their
261 258 168 39 respective
454 258 176 39 prie-dieus.
677 259 97 29 There
795 269 79 21 were

107 324 54 29 the
199 325 105 31 doctor
339 327 60 30 and
439 327 48 30 his
528 328 128 38 mother,
697 328 79 39 wife,
816 329 59 29 and

108 393 147 40 chUdren,
288 396 60 29 and
382 396 52 30 the
467 400 109 38 notary
605 397 77 31 with
717 397 47 30 his
794 396 78 39 wife,

108 462 61 30 and
190 463 54 30 the
259 464 222 40 schoolmaster,
499 466 60 29 and
580 466 52 29 the
654 466 218 39 hotel-keeper,

108 531 61 29 and
190 531 53 30 the
266 532 81 40 Juge
370 533 37 29 de
433 533 87 39 Paix,
545 534 76 30 with
649 534 48 29 his
719 533 72 31 wife
816 534 59 29 and

108 609 18 19 a
148 600 96 40 lanky
263 600 70 41 boy.
379 601 64 30 The
465 601 82 40 Juge
563 602 37 29 de
624 601 88 39 Paix,
730 602 68 30 who
813 612 62 21 was

108 678 18 18 a
413 679 62 21 was
500 669 189 30 remarkable
713 669 47 30 for
784 680 91 20 never

109 736 146 40 kneehng
266 746 6 30 ;
304 737 39 29 he
364 740 83 28 went
468 740 31 27 to
523 738 114 29 church
659 738 127 29 because
809 738 66 30 that

110 816 62 20 was
197 805 106 40 fitting
332 805 33 30 in
393 806 48 30 his
470 806 138 39 position,
636 806 57 30 but
722 807 38 29 he
791 808 84 29 stood

109 874 91 30 when
227 875 101 29 others
354 875 94 38 knelt,
477 876 60 28 and
563 876 133 39 thought
721 876 68 29 that
813 876 62 29 this

110 943 180 30 concihated
315 943 139 39 personal
478 943 224 39 independence
727 943 75 31 with
828 954 46 19 re-

110 1014 84 36 spect
209 1012 46 30 for
270 1012 52 30 the
338 1011 93 30 forms
446 1012 157 29 honoured
618 1012 41 38 by
675 1012 51 30 the
742 1012 92 30 State.

151 1081 105 30 When
278 1081 53 29 the
354 1080 81 31 Cure
458 1081 146 29 mounted
626 1081 52 29 the
701 1081 173 39 altar-steps

108 1150 60 29 and
189 1150 101 39 began
316 1152 31 27 to
376 1148 94 31 recite
496 1149 52 29 the
790 1149 84 29 there

107 1229 62 20 was
191 1221 55 27 not
268 1229 18 18 a
300 1228 110 29 person
434 1218 33 28 of
486 1228 60 29 any
568 1220 72 27 note
662 1217 33 29 in
716 1218 53 29 the
791 1220 83 28 town

106 1288 107 30 absent
228 1287 78 30 from
328 1286 53 30 the
402 1285 122 30 church.
570 1285 141 30 Madame
733 1285 86 39 Jean,
842 1285 32 30 in

106 1367 75 29 very
193 1356 165 29 handsome
373 1353 172 41 mourning,
564 1354 67 38 had,
647 1365 39 19 on
701 1354 52 30 the
765 1354 107 39 whole,

105 1425 54 30 the
181 1424 90 30 finest
294 1423 154 39 prie-dieu
475 1423 33 29 of
531 1423 49 38 all,
584 1440 41 4 —
626 1423 246 39 tapestry-work,
