1019 1638
811 96 50 26 173

317 103 68 21 LESS
404 103 85 21 THAN
509 103 20 21 A
548 103 112 24 SQUIRE.

105 186 116 40 having
235 187 82 31 their
332 189 265 30 embarrassments
612 189 134 40 dragged
760 189 101 30 before

105 256 54 30 the
173 256 114 38 public.

149 324 106 32 When
268 326 53 30 the
336 326 134 31 mistress
482 327 33 30 of
526 327 52 30 the
593 327 93 30 house
697 337 61 20 was
774 337 86 30 gone,

107 393 53 30 the
182 394 95 30 house
293 397 31 27 at
346 395 45 29 La
412 394 187 31 MorviUiere
614 398 81 27 went
716 397 32 27 to
763 395 100 30 wrack

107 463 60 29 and
194 462 78 31 ruin.
323 463 60 31 Old
412 463 142 31 Morville
583 474 61 21 was
673 464 115 40 utterly
816 464 46 30 in-

108 532 124 40 capable
255 532 33 30 of
307 532 97 30 either
425 532 124 40 putting
571 543 33 19 or
625 532 131 41 keeping
779 534 85 29 order

108 602 172 41 anywhere,
298 603 60 30 and
378 603 39 30 he
432 603 68 30 flew
514 603 64 30 into
592 603 157 39 perpetual
769 604 51 29 fits
835 604 33 29 of

108 671 73 40 fury
196 673 31 27 at
249 672 52 28 the
316 670 242 41 ever-recurring
580 671 156 30 evidences
752 672 33 29 of
805 672 58 29 dis-

110 740 95 31 order.
265 739 51 30 He
346 739 52 30 did
433 742 54 27 not
524 739 148 40 complain
708 740 33 30 of
773 740 92 40 being

110 808 123 40 obhged
254 810 31 28 to
307 807 61 31 Uve
383 807 110 41 chiefly
509 818 39 20 on
563 808 131 39 cabbage
709 819 83 29 soup,
809 809 57 29 but

109 877 39 30 he
164 877 132 30 stormed
317 879 32 27 at
370 876 52 30 the
443 876 60 30 fact
525 876 34 30 of
576 877 52 29 the
643 877 131 40 cabbage
791 888 73 30 soup

109 945 93 40 being
216 945 100 40 rarely
332 944 124 31 eatable.
502 945 63 30 The
586 944 68 40 pigs
669 956 78 20 were
770 957 32 19 so
817 947 46 29 ill-

108 1014 52 30 fed
173 1014 67 30 that
262 1014 86 29 there
362 1023 62 20 was
446 1023 39 19 no
500 1013 44 30 fat
564 1016 32 27 to
611 1014 53 29 the
685 1014 103 39 bacon,
806 1016 59 29 and

107 1084 53 30 the
175 1082 155 31 historical
344 1082 71 30 food
431 1081 33 31 of
476 1082 188 30 Frenchmen
678 1082 33 30 in
726 1093 32 20 or
773 1083 92 31 about

108 1153 45 29 La
161 1152 127 30 Vendee
304 1161 81 19 came
400 1161 42 29 up
457 1152 31 28 to
503 1151 82 29 table
600 1150 80 30 little
695 1162 81 19 more
791 1152 74 30 than

108 1232 18 19 a
147 1223 68 29 vast
236 1219 127 31 bowlful
385 1219 34 30 of
442 1219 141 39 greenish
604 1223 94 27 water
719 1221 60 29 and
800 1222 63 39 yel-

108 1289 108 32 lowish
232 1298 112 31 grease.
383 1287 39 30 In
437 1288 51 29 the
504 1287 142 41 shooting
662 1299 103 19 season
779 1290 85 29 there

107 1369 62 21 was
192 1368 96 30 game,
305 1357 26 29 it
360 1356 27 30 is
408 1358 77 37 true,
509 1356 57 30 but
588 1357 50 29 old
659 1357 151 39 Morville,
835 1362 31 26 at

107 1429 93 38 sixty,
218 1437 63 21 was
302 1428 54 28 not
379 1435 31 20 so
426 1424 98 31 active
546 1435 32 21 as
599 1425 38 30 he
657 1426 75 30 used
753 1428 32 28 to
807 1427 37 30 be
856 1436 8 31 ;
