1019 1638
143 82 39 27 48

400 89 58 21 ALL
478 89 58 21 FOR
558 88 108 22 GREED.

143 178 74 30 sand
240 178 110 38 francs,
369 178 59 29 but
450 177 94 30 when
563 185 64 30 you
650 183 84 21 come
761 175 32 27 to
820 182 103 30 marry

144 248 229 30 Mademoiselle
400 245 177 32 Genevieve
605 255 63 30 you
691 243 66 30 will
781 243 80 29 have
887 244 34 28 to

143 318 38 30 do
197 317 152 41 precisely
360 317 53 30 the
430 326 82 20 same
531 314 101 40 thing.
680 312 60 31 She
765 322 56 20 can
837 311 82 30 force

140 398 62 29 you
216 390 32 27 to
264 388 37 28 do
318 386 25 30 it
357 387 43 39 by
416 386 68 30 law.
524 384 99 30 What
638 382 66 32 will
719 393 63 29 you
798 381 124 40 dispose

141 457 33 30 of
193 457 76 30 then
281 457 14 28 ?
340 456 17 29 I
373 466 72 30 may
460 455 39 30 be
518 454 78 30 dead
616 454 43 39 by
674 453 69 29 that
758 451 84 39 time,
861 452 62 29 and

140 537 62 29 you
217 536 71 29 may
303 525 130 39 perhaps
448 526 55 28 not
512 524 65 29 find
592 533 62 31 any
670 533 56 20 one
743 532 33 20 so
792 520 131 32 anxious

141 597 32 28 to
189 595 38 30 do
242 604 63 31 you
321 604 17 20 a
546 592 52 30 He
621 592 98 30 called
737 592 54 30 the
814 602 107 29 opera-

141 664 66 30 tion
222 664 39 29 he
277 664 61 29 had
350 663 67 41 just
432 663 79 30 been
532 663 141 39 engaged
695 672 85 30 upon
799 661 44 41 by
859 661 62 30 this

141 744 89 19 name
243 734 7 29 !

210 802 160 31 Monsieur
397 803 37 29 de
461 802 182 31 Verancour
668 802 113 30 turned
807 802 112 38 round,

146 873 61 30 and
227 873 79 31 with
325 884 17 18 a
362 873 96 29 broad
476 872 91 29 frank
589 871 98 40 smile,
734 871 136 30 Vevette
882 871 7 30 !

144 943 113 30 echoed
272 943 39 29 he
323 951 6 30 ;
388 942 40 30 oh
440 942 6 30 !
471 941 135 32 Vevette
617 941 66 32 will
699 951 95 21 never
809 951 111 31 marry.

144 1011 134 31 Vevette
308 1011 65 30 will
403 1022 40 29 go
480 1011 66 30 into
577 1022 17 19 a
629 1014 133 27 convent
799 1014 32 27 at
867 1011 54 30 her

142 1081 151 41 majority.
329 1081 33 30 It
379 1080 65 31 will
467 1080 38 31 be
532 1080 178 41 impossible
736 1083 32 28 to
792 1083 129 38 prevent

142 1150 55 30 her
210 1160 8 30 ;
240 1150 61 30 and
321 1150 28 29 if
377 1150 53 29 she
457 1150 111 30 should
594 1150 118 40 change
738 1150 57 30 her
824 1150 95 39 mind,

142 1220 82 40 why,
242 1220 16 29 I
284 1219 78 30 shall
384 1220 43 40 by
441 1220 69 30 that
533 1220 75 30 time
631 1221 39 29 be
695 1221 69 30 able
789 1224 33 27 to
848 1221 72 40 give

143 1289 56 31 her
214 1289 76 30 such
310 1299 18 20 a
348 1289 53 30 dot
423 1300 33 19 as
471 1289 66 32 will
557 1290 108 31 enable
687 1291 57 30 her
763 1293 33 28 to
816 1303 104 29 marry

144 1370 17 19 a
177 1359 81 30 duke
274 1359 60 29 and
345 1369 18 19 a

221 1428 97 39 Well,
335 1429 43 40 by
394 1429 68 30 that
484 1429 76 31 time
581 1430 17 30 I
621 1431 79 30 shall
715 1431 152 41 probably
883 1432 37 30 be
