1019 1638
118 109 54 27 218

389 117 58 20 ALL
466 116 58 21 FOR
544 115 108 22 GREED.

117 206 53 27 ten
192 204 123 39 o'clock,
333 203 26 30 it
381 203 115 37 ceased,
515 200 143 39 marking
678 199 53 30 the
752 199 134 28 moment

118 273 91 31 when
224 273 88 38 High
328 273 83 29 Mass
429 271 109 39 began.

162 343 63 29 The
248 342 114 30 church
383 342 32 29 of
445 341 29 29 D
576 348 72 29 was,
665 337 65 30 like
750 347 93 29 many
859 335 34 30 of

118 412 87 30 those
220 411 33 30 in
267 412 53 29 the
335 413 77 29 west
427 410 34 30 of
481 410 124 38 France,
623 408 82 30 built
720 409 32 28 at
767 406 123 31 various

118 479 121 40 periods
252 489 7 30 ;
295 479 163 41 destroyed
494 477 115 40 during
637 476 53 31 the
723 475 168 31 barbarous

118 558 78 21 wars
223 548 33 30 of
283 548 53 30 the
360 547 172 31 thirteenth
547 547 60 29 and
629 546 177 30 fourteenth
822 555 68 20 cen-

119 617 104 38 turies,
228 636 42 3 —
271 617 46 30 for
340 616 104 31 which
470 615 189 31 destruction
685 625 48 21 we
760 614 132 40 English

121 685 62 30 had
204 696 18 19 a
242 685 79 40 good
351 685 68 30 deal
448 688 31 27 to
510 696 127 27 answer,
641 703 42 4 —
684 685 60 29 and
774 694 117 19 re-con-

123 755 138 30 structed
276 755 162 40 according
454 757 31 28 to
501 756 53 29 the
571 755 80 40 style
672 754 34 30 of
725 754 53 30 the
799 753 96 40 epoch

124 824 160 40 following
306 825 88 29 those
416 824 145 31 troubles.
617 824 32 30 It
671 824 61 30 had
755 834 18 19 a
795 825 97 38 crypt,

123 894 103 30 which
240 894 77 30 with
333 905 17 18 a
364 896 69 38 part
449 894 33 29 of
501 895 53 29 the
570 894 71 30 wall
657 895 31 28 at
703 894 53 29 the
770 893 80 30 back
866 893 33 30 of

122 964 52 30 the
190 963 84 30 choir
289 973 62 21 was
367 963 33 30 of
419 964 52 29 the
487 964 90 30 tenth
593 966 138 38 century,
745 963 54 30 the
817 973 79 20 nave

123 1043 63 20 was
198 1033 34 29 of
250 1033 52 29 the
317 1032 151 39 fifteenth,
487 1033 60 29 and
562 1033 54 29 the
638 1033 85 29 chief
742 1034 152 36 entrance,

124 1101 78 31 with
217 1101 40 30 its
272 1100 126 40 pointed
414 1101 113 31 Gothic
547 1102 73 30 arch
640 1102 62 30 and
722 1101 68 31 rich
811 1104 86 28 stone

125 1170 149 40 carvings,
292 1171 73 29 bore
386 1171 53 29 the
462 1171 70 29 date
553 1171 34 29 of
608 1171 92 29 1508.
748 1170 105 30 Inside
874 1170 26 30 it

124 1250 62 21 was
201 1250 77 30 very
296 1239 93 40 plain,
406 1239 59 31 but
488 1240 160 39 possessed
670 1250 17 20 a
709 1240 61 31 few
786 1239 115 42 objects

126 1309 34 29 of
179 1309 77 29 local
271 1308 137 39 interest,
411 1327 44 4 —
456 1320 56 19 one
532 1310 169 29 handsome
721 1310 86 29 tomb
832 1310 34 30 of
884 1320 18 19 a

127 1377 135 40 princess
286 1377 34 31 of
350 1378 53 30 the
423 1378 108 31 House
558 1379 34 30 of
611 1378 108 42 Anjou
731 1388 7 31 ;
763 1379 137 39 another,

129 1446 86 39 quite
249 1447 134 38 modern,
414 1447 33 29 of
481 1458 17 18 a
535 1447 228 38 distinguished
796 1448 106 31 Polish
