1019 1638
236 117 62 21 THE
317 111 162 27 VICOMTE'S
499 117 158 21 TROUBLES.

779 111 51 26 159

71 202 160 31 Monsieur
246 203 142 30 Richard.
466 204 31 30 It
512 205 101 31 would
634 203 71 41 pain
720 214 48 19 me
783 207 50 27 too

71 272 94 29 much
185 274 32 28 to
240 283 54 29 say
314 283 39 19 no
368 272 6 31 !
377 291 42 3 —
419 272 128 41 perhaps
568 273 76 29 later
653 282 8 30 ;
663 291 42 3 —
705 272 128 40 perhaps

72 342 90 30 when
185 342 17 29 I
225 352 49 19 see
294 343 80 29 clear
395 342 33 30 in
449 353 53 30 my
522 353 68 21 own
611 342 107 30 affairs.
762 343 72 29 You

73 421 50 20 see
144 410 91 32 times
257 421 51 20 are
329 411 60 31 bad
407 411 65 41 just
493 421 130 30 now;—
623 412 51 30 the
694 412 140 31 financial

74 479 86 30 crisis
182 480 74 30 lasts
271 480 71 39 stdl,
361 482 59 28 and
438 481 16 28 I
470 484 109 27 cannot
601 482 62 28 sell.
709 482 53 29 All
782 482 52 29 the

75 549 94 40 ready
183 560 111 30 money
309 550 54 30 has
381 550 77 30 been
473 550 114 30 carried
609 561 93 30 away,
720 561 32 20 as
773 561 62 30 you

76 618 100 38 know,
204 618 43 40 by
269 618 52 29 the
347 618 130 41 robbery
488 629 8 29 ;
526 620 59 29 and
611 620 17 29 I
654 631 48 18 am
727 620 112 40 myself

77 686 33 29 in
144 686 182 39 difficulties,
358 686 46 31 for
439 687 16 29 I
490 697 47 20 am
571 687 180 40 concluding
785 688 52 31 the

78 758 227 37 arrangements
325 756 46 29 for
392 756 52 29 the
465 757 147 39 purchase
635 757 33 29 of
685 757 52 29 the
761 757 75 30 Cha-

78 824 201 30 teaubrevdle
309 827 94 27 estate
416 834 7 29 ;
461 825 67 38 and,
532 844 42 2 —
574 827 31 28 to
639 835 61 30 you
729 825 16 29 I
775 825 64 31 will

79 903 87 21 avow
194 893 33 39 it,
232 912 41 3 —
275 893 16 30 I
321 894 38 29 do
387 896 55 28 not
470 894 90 30 know
585 895 69 29 how
679 897 31 27 to
737 895 102 29 obtain

79 962 83 29 what
198 961 26 30 is
260 962 120 30 wanted
415 962 47 30 for
497 962 52 29 the
585 962 67 30 first
685 966 151 37 payment,

79 1031 136 38 because,
241 1041 32 19 as
296 1031 17 29 I
336 1030 64 31 said
421 1031 111 39 before,
550 1032 41 29 all
613 1031 155 31 securities
790 1042 49 20 are

79 1111 32 19 so
136 1100 199 40 depreciated,
359 1100 67 30 that
448 1100 28 29 if
497 1100 17 30 I
536 1100 63 39 sell,
621 1100 16 30 I
660 1103 81 27 must
764 1100 38 31 be
823 1111 16 19 a

80 1168 99 40 heavy
201 1168 86 30 loser.
333 1168 160 39 However,
518 1168 93 40 later;
641 1168 33 31 in
696 1179 17 20 a
734 1170 105 30 month

82 1248 34 19 or
129 1239 61 28 two

416 1305 167 31 exclaimed
612 1306 52 30 the
690 1306 147 38 Vicomte,

82 1375 118 41 rudely,
328 1385 18 19 a
371 1375 106 29 month
503 1386 33 19 or
565 1378 60 29 two
649 1376 41 28 all
715 1375 64 31 will
804 1375 37 29 be

83 1456 71 20 over
169 1446 6 30 !
220 1445 110 30 Unless
353 1444 16 30 I
386 1454 55 20 can
463 1447 52 36 get
536 1444 52 30 the
610 1454 110 29 money
734 1443 108 32 within
