1019 1638
828 100 33 25 35

279 102 62 21 THE
362 102 157 22 MARRIAGE
540 104 138 20 PORTION.

96 190 113 36 aspect.
254 188 160 30 Monsieur
430 190 37 29 de
482 189 179 30 Verancour
675 201 62 20 was
753 195 53 27 not
821 192 42 41 by

95 267 62 29 any
182 267 104 20 means
316 257 185 32 aristocratic
525 259 126 40 looking
662 269 8 30 ;
701 262 54 28 not
778 272 18 18 a
817 262 46 30 bit

97 325 34 31 of
156 336 18 20 a
198 326 145 30 Francois
366 327 144 40 Premier,
536 339 32 18 or
595 339 17 19 a
641 329 155 30 Marechal
826 331 37 29 de

96 395 169 40 Richelieu,
284 407 34 20 or
333 407 17 20 a
365 397 136 39 Lauzun,
515 408 33 20 or
570 409 61 30 any
643 399 86 29 other
744 402 72 37 type
833 400 30 31 of

95 466 54 30 the
172 466 78 40 fiery
276 477 89 29 grace
389 467 60 30 and
474 467 138 31 brilliant
635 468 174 41 corruption
833 472 30 27 of

96 535 53 30 the
172 538 70 37 past
254 545 6 30 ;
263 555 42 2 —
305 538 55 28 not
385 547 39 19 an
450 539 81 27 atom
554 537 92 30 about
668 537 65 29 him
755 538 39 29 of.
810 538 52 30 the

97 604 77 39 pale,
192 604 64 39 tall,
273 608 163 35 worn-out,
455 604 153 40 exquisite
624 605 50 30 old
689 606 173 39 gentleman

97 673 102 31 whom
213 673 191 39 romanciers,
423 684 32 19 as
471 684 17 19 a
509 674 75 38 rule,
604 684 109 29 oppose
735 677 31 27 to
782 675 78 29 bull-

98 742 117 30 headed
244 742 171 31 blown-out
444 742 161 39 boursiers,
637 753 32 19 as
706 743 51 30 the
794 747 67 26 true

97 811 255 40 representatives
380 811 33 30 of
432 821 40 20 an
494 821 50 20 era
565 822 62 29 you
649 812 101 30 would
772 812 90 40 fancy

97 881 76 40 they
199 880 161 39 deplored;
363 898 42 4 —
405 882 54 27 not
485 890 16 19 a
526 880 69 39 sign
619 880 33 29 of
678 880 40 29 aU
741 880 63 29 this
828 880 33 29 in

95 948 159 31 Monsieur
269 948 28 31 le
312 948 148 30 Vicomte.
506 948 50 30 He
571 958 62 21 was
647 948 103 30 rather
765 948 33 30 of
809 948 51 30 the

94 1018 200 30 bull-headed
323 1019 74 38 type
430 1016 131 39 himself,
594 1016 60 30 and
683 1015 118 31 instead
831 1017 32 29 of

94 1087 116 39 having
225 1097 39 19 an
280 1085 135 40 aquiline
430 1096 81 27 nose,
529 1085 110 38 which,
656 1087 32 27 to
707 1085 37 29 be
760 1085 99 29 truth-

93 1157 56 40 ful,
176 1156 117 31 Martin
319 1156 130 29 Prevost
478 1155 68 38 had,
573 1154 49 30 his
651 1164 72 20 nose
752 1164 62 20 was
844 1164 16 19 a

93 1226 95 39 thick,
208 1229 125 36 stumpy
354 1234 73 20 nose
438 1233 8 30 ;
477 1223 53 30 the
551 1223 91 30 black
663 1222 82 29 hairs
760 1222 100 30 which

94 1296 152 31 encircled
266 1295 49 30 his
337 1294 72 31 bald
424 1303 102 21 crown
540 1302 80 21 were
639 1291 122 31 bristles
773 1300 7 29 ;
812 1290 48 29 his

93 1367 65 30 face
173 1377 63 20 was
250 1365 103 38 broad,
368 1364 60 30 and
442 1363 42 31 its
499 1361 157 39 colouring
672 1360 187 38 red-brown;

92 1437 49 29 his
156 1436 99 39 figure
270 1444 63 22 was
356 1435 84 30 stout
454 1433 60 30 and
536 1434 54 27 not
604 1441 76 29 very
695 1428 54 31 tall
762 1438 7 30 ;
803 1427 60 31 and
