1019 1638
159 114 53 26 216

427 124 59 19 ALL
505 123 58 20 FOR
582 121 108 22 GREED.

158 220 71 29 gees
243 220 6 28 ;
262 211 13 15 *
298 210 74 40 they
396 220 83 20 come
502 209 79 29 from
603 208 53 29 the
684 205 191 41 christening
897 205 35 31 of

157 279 61 30 this
236 279 142 40 morning
389 289 5 27 ;
398 298 41 3 —
441 278 103 30 Pierre
570 276 173 39 Campion's
759 275 81 30 little
856 275 68 40 girl,

157 359 61 29 you
233 349 91 29 know
335 358 6 29 ;
376 367 42 3 —
419 348 60 29 and
495 348 39 28 he
549 345 149 30 tendered
712 348 32 27 to
760 344 134 31 Vevette
909 354 17 20 a

156 419 98 29 round
265 419 63 28 box
343 417 101 30 which
459 417 38 29 he
514 416 159 30 extracted
688 414 79 31 from
781 414 54 30 the
851 414 75 39 deep

156 488 125 37 pockets
297 487 33 30 of
348 486 49 30 his
411 486 80 31 wide
509 488 136 27 soutane.

352 555 138 41 objected
499 554 143 38 Vevette,
759 553 49 38 all,
812 572 42 2 —
855 552 69 41 give

157 636 48 18 me

234 694 79 30 Give
343 695 52 28 the
426 694 87 29 other
538 694 69 29 half
636 696 32 27 to
698 693 228 30 Mademoiselle

157 763 113 31 Felicie
285 764 79 30 from
389 774 49 20 me
450 773 7 30 ;
482 763 34 30 in
539 764 56 29 her
621 763 136 40 peculiar
786 763 140 40 parlance

157 834 54 29 she
226 834 64 30 will
312 834 55 29 tell
383 844 62 30 you
468 834 53 29 she
543 834 107 29 adores
831 852 43 3 —
874 834 52 29 the

158 902 80 31 Cure
264 903 87 30 made
376 913 18 20 a
415 913 67 31 wry
499 903 66 30 face
591 913 32 20 as
654 903 38 30 he
721 904 124 29 uttered
874 904 52 29 the

157 972 99 31 words
267 982 6 29 ;
338 972 60 30 and
424 972 89 30 make
543 973 87 30 haste
659 973 90 30 home
779 984 79 28 now,
879 973 47 31 for

157 1042 71 29 look
242 1044 31 27 at
293 1042 87 29 those
404 1053 113 19 masses
538 1043 34 29 of
591 1043 92 29 cloud
701 1045 32 28 to
759 1043 53 30 the
827 1046 77 28 west
918 1053 6 29 ;

157 1121 45 20 we
218 1110 78 30 shall
311 1111 78 30 have
404 1110 67 31 rain
485 1111 33 30 in
538 1122 39 19 no
598 1111 74 31 time
686 1121 6 31 ;
717 1113 60 29 and
789 1112 67 42 just
867 1112 59 31 feel

156 1180 69 30 how
241 1180 67 29 cold
328 1181 52 29 the
395 1180 84 31 wind
494 1181 54 30 has
564 1192 114 29 grown.
724 1182 55 30 All
795 1193 56 19 our
865 1182 61 30 fine

157 1249 75 39 days
247 1260 50 20 are

187 1369 11 11 *
218 1367 49 23 The
278 1369 94 28 poorest
383 1376 94 22 person,
490 1377 66 22 upon
566 1370 43 23 the
620 1370 110 23 occasion
741 1372 27 22 of
782 1379 14 15 a
807 1371 119 23 christen-

156 1412 50 30 ing,
218 1414 109 27 presents
341 1413 42 23 the
400 1413 132 31 officiating
546 1414 75 30 priest
631 1415 60 24 with
702 1424 14 14 a
726 1415 49 24 box
786 1417 28 22 of
828 1417 99 30 dragees

157 1458 112 28 (sugared
279 1458 128 28 almonds).
