1019 1638
162 86 53 25 250

414 96 57 19 ALL
491 95 58 20 FOR
568 93 107 22 GREED.

238 182 49 29 No
301 182 6 30 !
363 182 39 29 he
418 182 117 39 sighed,
552 190 33 19 as
601 177 121 40 though
736 175 192 40 vanquished

161 250 43 41 by
233 251 70 39 fate,
472 250 26 30 is
527 248 132 39 nothing
688 247 57 29 left
774 248 32 28 to
837 246 46 37 do,
888 264 40 2 —

160 320 130 38 nothing
305 321 6 29 !

206 389 158 30 Monsieur
387 389 38 30 de
440 388 178 31 Verancour
642 395 114 31 sprang
779 385 79 29 from
883 384 48 30 his

161 462 72 35 seat,
262 459 60 29 and
351 458 95 40 paced
471 469 42 28 up
540 458 61 29 and
630 457 92 29 down
751 455 54 30 the
834 465 93 20 room.

420 528 113 29 echoed
568 527 47 39 he,
647 526 78 31 with
762 524 168 31 stentorian

162 598 92 39 lungs
266 608 7 29 ;
331 599 67 29 that
427 598 26 30 is
484 598 123 40 exactly
633 597 84 31 what
747 596 102 30 drives
882 606 47 19 me

163 668 69 28 mad
245 668 5 29 !
298 668 15 28 I
329 668 59 28 feel
403 668 94 39 ready
512 670 32 27 to
560 668 88 29 shoot
668 666 115 40 myself
800 665 129 30 because

164 736 15 29 I
214 736 77 30 have
325 747 39 19 no
399 736 120 41 earthly
553 739 124 37 pretext
706 735 47 31 for
788 734 142 41 shooting

161 805 215 38 Champmorin
392 806 5 30 !

235 875 87 30 Good
338 875 69 30 God
419 876 6 29 !
469 874 170 31 exclaimed
650 874 135 31 Richard
800 875 130 30 Prevost

160 945 33 29 in
209 955 17 20 a
240 948 71 27 tone
327 945 34 30 of
381 944 175 41 downright
577 955 110 31 agony,
740 947 31 28 to
794 944 92 31 think
899 944 32 30 of

161 1015 75 28 such
259 1025 18 18 a
302 1014 90 40 thing
407 1015 7 29 !
447 1014 31 30 A
503 1014 175 30 demoiselle
695 1015 37 29 de
752 1014 179 30 Verancour

160 1082 122 31 refused
318 1083 43 41 by
397 1094 18 19 a
452 1093 81 20 mere
570 1086 131 38 country
732 1083 176 40 gentleman
923 1084 7 31 !

162 1154 135 29 Refused
309 1154 6 29 !
376 1154 82 29 Such
484 1165 18 18 a
516 1164 111 29 person
642 1164 32 19 as
701 1154 230 31 Mademoiselle

161 1222 112 31 Felicie
287 1223 5 30 !
295 1242 42 3 —
339 1224 75 29 such
436 1223 83 31 birth
541 1225 60 28 and
620 1224 134 40 position
767 1225 6 29 !
776 1243 43 4 —
820 1225 76 30 such
914 1236 17 19 a

160 1303 88 18 name
263 1292 6 29 !

202 1362 64 29 The
296 1362 140 31 Vicomte
469 1368 83 27 went
590 1376 39 20 on
657 1367 112 41 pacing
800 1380 41 28 up
872 1369 61 31 and

160 1432 88 31 down
274 1432 60 31 and
355 1434 178 39 muttering,
551 1436 60 30 and
626 1436 160 32 Monsieur
800 1439 134 33 Richard
