1019 1638
787 115 50 26 211

240 122 62 21 THE
321 122 95 21 FEAST
435 122 57 21 FOR
512 122 61 21 THE
593 122 86 21 DEAD.

79 207 55 30 her
150 207 160 31 confessor.
345 208 215 41 Accordingly,
578 208 52 30 the
646 208 196 39 compromise

80 275 48 30 hit
154 287 83 29 upon
262 277 108 40 tacitly
392 277 42 40 by
449 277 75 29 both
549 276 111 40 parties
682 287 70 29 was,
776 277 68 29 that

80 344 28 30 if
131 345 53 30 the
207 345 129 30 inmates
351 345 34 31 of
406 346 53 30 the
476 345 135 31 Chateau
637 346 142 30 attended
804 346 42 30 all

83 417 86 36 great
196 414 183 30 ceremonies
401 417 32 27 at
455 415 53 29 the
530 417 82 28 town
632 415 121 39 church,
771 415 75 40 they

82 492 81 20 were
192 481 64 30 free
281 484 32 28 to
337 482 106 30 attend
467 482 41 30 aU
533 482 93 30 lesser
648 492 71 21 ones
742 485 31 28 at
795 483 52 30 the

85 551 124 37 church,
243 561 33 20 or
306 550 105 40 chapel
447 551 110 38 rather,
589 551 33 30 of
648 551 52 30 the
725 551 121 40 village.

85 619 79 31 Now
179 630 123 28 vespers
318 619 60 30 and
392 619 92 39 vigils
505 630 49 19 are
569 622 53 27 not
638 619 119 41 strictly
773 619 74 30 obli-

85 691 119 37 gatory,
222 688 61 29 and
306 697 78 20 mass
410 687 93 40 being
526 697 78 29 over,
623 687 225 31 Mademoiselle

87 757 114 29 Felicie
223 757 62 29 had
306 757 135 29 resorted
466 756 47 30 for
535 757 53 28 the
610 757 156 29 afternoon
788 768 60 19 ser-

86 825 83 30 vices
187 828 31 27 to
234 825 53 30 the
301 825 86 39 place
403 824 33 30 of
447 824 131 39 worship
593 827 78 27 most
693 825 156 39 agreeable

87 898 32 26 to
141 895 64 38 her,
223 893 122 40 leaving
367 894 55 28 her
444 892 96 39 sister,
558 902 32 20 as
604 903 61 20 was
687 893 55 30 her
756 896 91 36 wont,

86 966 32 27 to
145 962 73 30 hear
244 972 92 29 every
351 964 71 27 note
444 961 34 29 of
529 961 44 29 les
599 960 99 30 offices
746 964 30 27 at
798 962 51 29 the

88 1031 114 29 church
218 1033 30 27 at
262 1030 29 30 D
381 1054 5 5 .

215 1100 26 29 is
263 1100 61 29 late
346 1099 47 29 for
414 1109 63 30 you
498 1100 31 28 to
551 1098 38 30 be
612 1101 53 27 out
685 1099 95 38 alone,
798 1109 51 30 my

226 1169 65 30 said
323 1169 52 29 the
403 1168 88 39 Cure,
520 1178 32 19 as
584 1167 39 30 he
657 1168 111 30 turned
798 1168 51 30 the

87 1241 100 38 heavy
201 1238 62 41 key
279 1238 33 29 in
326 1238 52 29 the
393 1240 88 37 rusty
492 1236 69 30 lock
577 1236 33 30 of
628 1237 52 29 the
696 1237 80 29 door.

163 1309 16 28 I
210 1318 49 19 am
295 1310 54 27 not
527 1306 155 31 answered
708 1306 141 30 Vevette.

119 1379 87 30 Mere
222 1378 139 30 Jubine's
388 1377 134 31 Louison
545 1376 26 31 is
587 1376 76 32 with
792 1377 59 29 and

87 1448 53 30 she
155 1448 126 39 pointed
301 1450 32 28 to
350 1448 53 30 the
423 1447 55 30 tall
500 1447 99 39 figure
620 1447 34 29 of
671 1457 17 18 a
709 1446 59 40 girl
783 1446 68 30 who
