1019 1638
827 81 34 25 59

380 86 62 21 THE
462 87 123 20 SISTERS.

101 171 90 31 down
213 171 132 40 straight
367 171 65 32 into
454 183 18 20 a
493 172 158 40 well-kept
673 172 68 31 lane
763 172 99 32 which

98 239 51 31 led
178 241 99 30 round
307 242 52 29 the
385 242 93 30 castle
506 242 144 40 premises
680 253 41 29 up
750 244 32 28 to
811 242 51 30 the

98 311 93 37 town,
209 310 61 29 and
291 310 154 31 branched
466 311 42 30 off
527 311 92 31 about
632 310 68 31 half
719 321 18 20 a
755 310 107 41 league

97 378 94 31 lower
207 379 90 30 down
312 380 78 29 from
404 381 52 29 the
472 380 76 39 high
563 381 72 29 road
649 382 32 28 to
698 380 116 30 Cholet.

143 447 31 30 It
196 458 63 20 was
282 459 18 19 a
321 448 105 41 bright
447 449 151 31 beautiful
620 449 131 31 October
772 449 90 30 after-

100 526 89 29 noon,
214 527 17 19 a
253 517 60 30 few
335 518 76 40 days
433 519 77 29 after
530 519 53 29 the
605 518 148 30 Vicomte'
758 529 13 19 s
790 518 72 30 visit

100 588 31 27 to
154 585 119 31 Martin
298 586 137 32 Prevost.
481 587 64 31 The
570 590 62 28 two
655 587 104 31 sisters
784 597 78 21 were

102 654 109 41 sitting
233 658 31 27 at
286 656 53 29 the
362 659 84 27 stone
469 657 81 29 table
572 659 32 27 at
617 657 53 29 the
686 657 58 29 end
760 656 33 29 of
811 656 51 29 the

101 727 124 27 terrace.
270 724 131 31 Baskets
420 725 58 30 full
494 725 33 30 of
544 725 86 31 work
651 726 59 29 and
725 724 137 40 working

102 792 153 31 materials
266 804 80 19 were
361 794 102 30 before
478 795 92 29 them.
608 795 64 29 The
687 797 79 27 trees
778 805 84 19 over-

101 861 79 30 head
191 872 80 20 were
285 861 66 31 rich
366 862 33 30 in
413 863 81 30 their
505 867 99 26 russet
619 863 144 40 clothing,
777 863 85 30 there

99 942 63 20 was
178 935 55 27 not
255 943 17 18 a
294 932 107 29 breath
417 932 33 29 of
467 932 84 30 wind
573 931 133 40 stirring,
729 933 60 28 and
809 932 53 29 the

99 1010 94 21 warm
209 1000 59 31 soft
284 1000 139 40 sunlight
437 1000 118 31 flooded
570 1000 52 31 the
638 1001 149 31 meadows
803 1002 59 29 and

97 1072 124 38 pasture
245 1070 87 29 lands
355 1070 68 30 that
447 1071 108 39 spread
572 1072 53 28 out
648 1070 33 29 in
695 1070 89 39 front,
803 1071 59 28 and

97 1139 122 40 beyond
241 1138 54 31 the
321 1138 80 30 limit
428 1138 33 30 of
482 1138 52 30 the
561 1137 154 31 chateau's
739 1141 122 37 present

98 1203 145 29 domains.

229 1273 68 30 that
318 1273 53 30 the
393 1272 140 40 Angelus
768 1270 92 31 asked

97 1342 123 38 Felicie,
246 1341 147 40 Ustening
416 1343 32 28 to
471 1341 53 30 the
547 1340 63 30 bell
630 1340 33 30 of
682 1340 53 29 the
758 1339 102 41 parish

96 1413 115 31 church
235 1412 33 30 of
290 1412 29 29 D
430 1411 126 40 ringing
583 1413 52 28 out
661 1409 49 31 six
736 1408 121 31 o'clock.
