<?xml version="1.0" encoding="UTF-8"?>
<alto xmlns:xsi="http://www.w3.org/2001/XMLSchema-instance" xsi:noNamespaceSchemaLocation="http://www.bl.uk/schemas/alto/alto-1-4.xsd" xmlns:xlink="http://www.w3.org/1999/xlink">
	<Description>
		<MeasurementUnit>mm10</MeasurementUnit>
		<sourceImageInformation>
			<fileName>//head1/IN/2007-46/A0010904365.1/000141.jp2</fileName>
		</sourceImageInformation>
		<OCRProcessing ID="OCRPROCESSING_1">
			<preProcessingStep>
				<processingSoftware>
					<softwareCreator>CCS Content Conversion Specialists GmbH, Germany</softwareCreator>
					<softwareName>CCS docWORKS</softwareName>
					<softwareVersion>6.1-0.62</softwareVersion>
				</processingSoftware>
			</preProcessingStep>
			<ocrProcessingStep>
				<processingSoftware>
					<softwareCreator>ABBYY (BIT Software), Russia</softwareCreator>
					<softwareName>Finereader</softwareName>
				</processingSoftware>
			</ocrProcessingStep>
		</OCRProcessing>
	</Description>
	<Styles>
		<TextStyle ID="TXT_0" FONTSIZE="10" FONTFAMILY="Courier New"/>
		<TextStyle ID="TXT_1" FONTSIZE="11" FONTFAMILY="Courier New"/>
		<ParagraphStyle ID="PAR_LEFT" ALIGN="Left"/>
		<ParagraphStyle ID="PAR_RIGHT" ALIGN="Right"/>
	</Styles>
	<Layout>
		<Page ID="P127" PHYSICAL_IMG_NR="127" HEIGHT="1638" WIDTH="1019" PRINTED_IMG_NR="109" POSITION="Right" ACCURACY="70.72">
			<TopMargin ID="P127_TM00001" HPOS="0" VPOS="0" WIDTH="1019" HEIGHT="112">
				<TextBlock ID="P127_TB00001" HPOS="162" VPOS="83" WIDTH="564" HEIGHT="28" STYLEREFS="TXT_0 PAR_LEFT">
					<TextLine ID="P127_TL00001" HPOS="163" VPOS="84" WIDTH="563" HEIGHT="27">
						<String ID="P127_ST00001" HPOS="163" VPOS="89" WIDTH="77" HEIGHT="22" CONTENT="POOR" WC="0.57" CC="7036"/>
						<SP ID="P127_SP00001" HPOS="240" VPOS="111" WIDTH="20"/>
						<String ID="P127_ST00002" HPOS="260" VPOS="91" WIDTH="157" HEIGHT="20" CONTENT="MONSIEUR" WC="0.63" CC="00934065"/>
						<SP ID="P127_SP00002" HPOS="417" VPOS="111" WIDTH="18"/>
						<String ID="P127_ST00003" HPOS="435" VPOS="84" WIDTH="158" HEIGHT="27" CONTENT="RICHARD'S" WC="0.64" CC="750600705"/>
						<SP ID="P127_SP00003" HPOS="593" VPOS="111" WIDTH="20"/>
						<String ID="P127_ST00004" HPOS="613" VPOS="92" WIDTH="113" HEIGHT="19" CONTENT="RICHES." WC="0.76" CC="9005010"/>
						<SP ID="P127_SP00004" HPOS="726" VPOS="111" WIDTH="0"/>
					</TextLine>
				</TextBlock>
				<TextBlock ID="P127_TB00002" HPOS="783" VPOS="84" WIDTH="51" HEIGHT="26" STYLEREFS="TXT_1 PAR_RIGHT">
					<TextLine ID="P127_TL00002" HPOS="783" VPOS="84" WIDTH="51" HEIGHT="26">
						<String ID="P127_ST00005" HPOS="783" VPOS="84" WIDTH="51" HEIGHT="26" CONTENT="109" WC="1.00" CC="000"/>
					</TextLine>
				</TextBlock>
			</TopMargin>
			<LeftMargin ID="P127_LM00001" HPOS="0" VPOS="112" WIDTH="67" HEIGHT="1344"/>
			<RightMargin ID="P127_RM00001" HPOS="837" VPOS="112" WIDTH="182" HEIGHT="1344"/>
			<BottomMargin ID="P127_BM00001" HPOS="0" VPOS="1456" WIDTH="1019" HEIGHT="182"/>
			<PrintSpace ID="P127_PS00001" HPOS="67" VPOS="112" WIDTH="770" HEIGHT="1344">
				<TextBlock ID="P127_TB00003" HPOS="67" VPOS="173" WIDTH="770" HEIGHT="1283" STYLEREFS="TXT_0 PAR_LEFT">
					<TextLine ID="P127_TL00003" HPOS="70" VPOS="173" WIDTH="766" HEIGHT="44">
						<String ID="P127_ST00006" HPOS="70" VPOS="173" WIDTH="74" HEIGHT="31" CONTENT="door" WC="0.70" CC="0506"/>
						<SP ID="P127_SP00005" HPOS="144" VPOS="204" WIDTH="25"/>
						<String ID="P127_ST00007" HPOS="169" VPOS="179" WIDTH="32" HEIGHT="26" CONTENT="to" WC="0.49" CC="45"/>
						<SP ID="P127_SP00006" HPOS="201" VPOS="205" WIDTH="27"/>
						<String ID="P127_ST00008" HPOS="228" VPOS="176" WIDTH="52" HEIGHT="30" CONTENT="the" WC="0.71" CC="170"/>
						<SP ID="P127_SP00007" HPOS="280" VPOS="206" WIDTH="27"/>
						<String ID="P127_ST00009" HPOS="307" VPOS="178" WIDTH="172" HEIGHT="39" CONTENT="yard-door," WC="0.84" CC="0060004040"/>
						<SP ID="P127_SP00008" HPOS="479" VPOS="217" WIDTH="29"/>
						<String ID="P127_ST00010" HPOS="508" VPOS="177" WIDTH="85" HEIGHT="29" CONTENT="there" WC="0.67" CC="67020"/>
						<SP ID="P127_SP00009" HPOS="593" VPOS="217" WIDTH="26"/>
						<String ID="P127_ST00011" HPOS="619" VPOS="187" WIDTH="63" HEIGHT="20" CONTENT="was" WC="0.78" CC="006"/>
						<SP ID="P127_SP00010" HPOS="682" VPOS="217" WIDTH="25"/>
						<String ID="P127_ST00012" HPOS="707" VPOS="187" WIDTH="17" HEIGHT="19" CONTENT="a" WC="1.00" CC="0"/>
						<SP ID="P127_SP00011" HPOS="724" VPOS="217" WIDTH="26"/>
						<String ID="P127_ST00013" HPOS="750" VPOS="178" WIDTH="86" HEIGHT="28" CONTENT="small" WC="0.73" CC="40035"/>
					</TextLine>
					<TextLine ID="P127_TL00004" HPOS="69" VPOS="245" WIDTH="768" HEIGHT="40">
						<String ID="P127_ST00014" HPOS="69" VPOS="254" WIDTH="93" HEIGHT="29" CONTENT="room," WC="0.76" CC="30503"/>
						<SP ID="P127_SP00012" HPOS="162" VPOS="283" WIDTH="18"/>
						<String ID="P127_ST00015" HPOS="180" VPOS="245" WIDTH="77" HEIGHT="29" CONTENT="used" WC="0.67" CC="6402"/>
						<SP ID="P127_SP00013" HPOS="257" VPOS="283" WIDTH="14"/>
						<String ID="P127_ST00016" HPOS="271" VPOS="245" WIDTH="47" HEIGHT="30" CONTENT="for" WC="0.83" CC="004"/>
						<SP ID="P127_SP00014" HPOS="318" VPOS="283" WIDTH="21"/>
						<String ID="P127_ST00017" HPOS="339" VPOS="245" WIDTH="126" HEIGHT="40" CONTENT="putting" WC="0.44" CC="9740179"/>
						<SP ID="P127_SP00015" HPOS="465" VPOS="285" WIDTH="25"/>
						<String ID="P127_ST00018" HPOS="490" VPOS="256" WIDTH="86" HEIGHT="29" CONTENT="away" WC="1.00" CC="0000"/>
						<SP ID="P127_SP00016" HPOS="576" VPOS="285" WIDTH="21"/>
						<String ID="P127_ST00019" HPOS="597" VPOS="245" WIDTH="182" HEIGHT="40" CONTENT="everything" WC="0.65" CC="1006027475"/>
						<SP ID="P127_SP00017" HPOS="779" VPOS="285" WIDTH="25"/>
						<String ID="P127_ST00020" HPOS="804" VPOS="245" WIDTH="33" HEIGHT="30" CONTENT="in" WC="0.63" CC="07"/>
					</TextLine>
					<TextLine ID="P127_TL00005" HPOS="69" VPOS="314" WIDTH="767" HEIGHT="41">
						<String ID="P127_ST00021" HPOS="69" VPOS="314" WIDTH="125" HEIGHT="38" CONTENT="general" WC="0.67" CC="9070401"/>
						<String ID="P127_ST00022" HPOS="207" VPOS="323" WIDTH="7" HEIGHT="30" CONTENT=";" WC="0.34" CC="6"/>
						<SP ID="P127_SP00018" HPOS="214" VPOS="353" WIDTH="38"/>
						<String ID="P127_ST00023" HPOS="252" VPOS="316" WIDTH="61" HEIGHT="28" CONTENT="and" WC="0.75" CC="070"/>
						<SP ID="P127_SP00019" HPOS="313" VPOS="353" WIDTH="35"/>
						<String ID="P127_ST00024" HPOS="348" VPOS="315" WIDTH="78" HEIGHT="29" CONTENT="from" WC="0.47" CC="3359"/>
						<SP ID="P127_SP00020" HPOS="426" VPOS="353" WIDTH="35"/>
						<String ID="P127_ST00025" HPOS="461" VPOS="315" WIDTH="50" HEIGHT="29" CONTENT="old" WC="0.93" CC="010"/>
						<SP ID="P127_SP00021" HPOS="511" VPOS="353" WIDTH="33"/>
						<String ID="P127_ST00026" HPOS="544" VPOS="315" WIDTH="87" HEIGHT="29" CONTENT="boots" WC="0.64" CC="71026"/>
						<SP ID="P127_SP00022" HPOS="631" VPOS="353" WIDTH="34"/>
						<String ID="P127_ST00027" HPOS="665" VPOS="315" WIDTH="60" HEIGHT="29" CONTENT="and" WC="0.78" CC="060"/>
						<SP ID="P127_SP00023" HPOS="725" VPOS="353" WIDTH="29"/>
						<String ID="P127_ST00028" HPOS="754" VPOS="314" WIDTH="82" HEIGHT="41" CONTENT="dirty" WC="0.84" CC="00330"/>
					</TextLine>
					<TextLine ID="P127_TL00006" HPOS="69" VPOS="383" WIDTH="768" HEIGHT="40">
						<String ID="P127_ST00029" HPOS="69" VPOS="383" WIDTH="85" HEIGHT="29" CONTENT="linen" WC="0.51" CC="44707"/>
						<SP ID="P127_SP00024" HPOS="154" VPOS="412" WIDTH="23"/>
						<String ID="P127_ST00030" HPOS="177" VPOS="394" WIDTH="39" HEIGHT="19" CONTENT="on" WC="0.46" CC="37"/>
						<SP ID="P127_SP00025" HPOS="216" VPOS="413" WIDTH="22"/>
						<String ID="P127_ST00031" HPOS="238" VPOS="384" WIDTH="52" HEIGHT="29" CONTENT="the" WC="0.78" CC="060"/>
						<SP ID="P127_SP00026" HPOS="290" VPOS="413" WIDTH="23"/>
						<String ID="P127_ST00032" HPOS="313" VPOS="384" WIDTH="83" HEIGHT="38" CONTENT="floor," WC="0.65" CC="334054"/>
						<SP ID="P127_SP00027" HPOS="396" VPOS="422" WIDTH="25"/>
						<String ID="P127_ST00033" HPOS="421" VPOS="387" WIDTH="31" HEIGHT="26" CONTENT="to" WC="0.68" CC="60"/>
						<SP ID="P127_SP00028" HPOS="452" VPOS="422" WIDTH="22"/>
						<String ID="P127_ST00034" HPOS="474" VPOS="383" WIDTH="185" HEIGHT="30" CONTENT="fresh-made" WC="0.63" CC="2206708081"/>
						<SP ID="P127_SP00029" HPOS="659" VPOS="422" WIDTH="22"/>
						<String ID="P127_ST00035" HPOS="681" VPOS="394" WIDTH="156" HEIGHT="29" CONTENT="preserves" WC="0.75" CC="030604006"/>
					</TextLine>
					<TextLine ID="P127_TL00007" HPOS="69" VPOS="453" WIDTH="765" HEIGHT="39">
						<String ID="P127_ST00036" HPOS="69" VPOS="455" WIDTH="57" HEIGHT="37" CONTENT="put" WC="0.75" CC="052"/>
						<SP ID="P127_SP00030" HPOS="126" VPOS="492" WIDTH="30"/>
						<String ID="P127_ST00037" HPOS="156" VPOS="455" WIDTH="32" HEIGHT="27" CONTENT="to" WC="1.00" CC="00"/>
						<SP ID="P127_SP00031" HPOS="188" VPOS="492" WIDTH="30"/>
						<String ID="P127_ST00038" HPOS="218" VPOS="456" WIDTH="46" HEIGHT="26" CONTENT="set" WC="0.60" CC="605"/>
						<SP ID="P127_SP00032" HPOS="264" VPOS="492" WIDTH="30"/>
						<String ID="P127_ST00039" HPOS="294" VPOS="453" WIDTH="33" HEIGHT="29" CONTENT="in" WC="0.63" CC="07"/>
						<SP ID="P127_SP00033" HPOS="327" VPOS="492" WIDTH="29"/>
						<String ID="P127_ST00040" HPOS="356" VPOS="453" WIDTH="81" HEIGHT="29" CONTENT="their" WC="0.60" CC="07057"/>
						<SP ID="P127_SP00034" HPOS="437" VPOS="492" WIDTH="29"/>
						<String ID="P127_ST00041" HPOS="466" VPOS="456" WIDTH="68" HEIGHT="36" CONTENT="pots" WC="0.78" CC="6001"/>
						<SP ID="P127_SP00035" HPOS="534" VPOS="492" WIDTH="26"/>
						<String ID="P127_ST00042" HPOS="560" VPOS="463" WIDTH="39" HEIGHT="19" CONTENT="on" WC="0.50" CC="27"/>
						<SP ID="P127_SP00036" HPOS="599" VPOS="492" WIDTH="28"/>
						<String ID="P127_ST00043" HPOS="627" VPOS="454" WIDTH="53" HEIGHT="28" CONTENT="the" WC="0.74" CC="070"/>
						<SP ID="P127_SP00037" HPOS="680" VPOS="492" WIDTH="26"/>
						<String ID="P127_ST00044" HPOS="706" VPOS="453" WIDTH="128" HEIGHT="39" CONTENT="shelves," WC="0.69" CC="67006030"/>
					</TextLine>
					<TextLine ID="P127_TL00008" HPOS="69" VPOS="522" WIDTH="768" HEIGHT="40">
						<String ID="P127_ST00045" HPOS="69" VPOS="522" WIDTH="88" HEIGHT="30" CONTENT="there" WC="0.83" CC="07000"/>
						<SP ID="P127_SP00038" HPOS="157" VPOS="552" WIDTH="28"/>
						<String ID="P127_ST00046" HPOS="185" VPOS="533" WIDTH="64" HEIGHT="20" CONTENT="was" WC="0.45" CC="906"/>
						<SP ID="P127_SP00039" HPOS="249" VPOS="553" WIDTH="30"/>
						<String ID="P127_ST00047" HPOS="279" VPOS="533" WIDTH="18" HEIGHT="19" CONTENT="a" WC="1.00" CC="0"/>
						<SP ID="P127_SP00040" HPOS="297" VPOS="553" WIDTH="29"/>
						<String ID="P127_ST00048" HPOS="326" VPOS="522" WIDTH="80" HEIGHT="30" CONTENT="Httle" WC="0.76" CC="74000"/>
						<SP ID="P127_SP00041" HPOS="406" VPOS="553" WIDTH="31"/>
						<String ID="P127_ST00049" HPOS="437" VPOS="522" WIDTH="34" HEIGHT="30" CONTENT="of" WC="1.00" CC="00"/>
						<SP ID="P127_SP00042" HPOS="471" VPOS="553" WIDTH="30"/>
						<String ID="P127_ST00050" HPOS="501" VPOS="522" WIDTH="184" HEIGHT="40" CONTENT="everything" WC="0.66" CC="0005077570"/>
						<SP ID="P127_SP00043" HPOS="685" VPOS="562" WIDTH="29"/>
						<String ID="P127_ST00051" HPOS="714" VPOS="522" WIDTH="33" HEIGHT="30" CONTENT="in" WC="0.47" CC="37"/>
						<SP ID="P127_SP00044" HPOS="747" VPOS="562" WIDTH="28"/>
						<String ID="P127_ST00052" HPOS="775" VPOS="522" WIDTH="62" HEIGHT="30" CONTENT="this" WC="0.59" CC="3705"/>
					</TextLine>
					<TextLine ID="P127_TL00009" HPOS="71" VPOS="592" WIDTH="765" HEIGHT="30">
						<String ID="P127_ST00053" HPOS="71" VPOS="592" WIDTH="141" HEIGHT="29" CONTENT="chambre" WC="0.70" CC="0700760"/>
						<SP ID="P127_SP00045" HPOS="212" VPOS="621" WIDTH="24"/>
						<String ID="P127_ST00054" HPOS="236" VPOS="593" WIDTH="37" HEIGHT="28" CONTENT="de" WC="1.00" CC="00"/>
						<SP ID="P127_SP00046" HPOS="273" VPOS="621" WIDTH="23"/>
						<String ID="P127_ST00055" HPOS="296" VPOS="593" WIDTH="151" HEIGHT="29" CONTENT="debarras." WC="0.65" CC="007055660"/>
						<SP ID="P127_SP00047" HPOS="447" VPOS="622" WIDTH="47"/>
						<String ID="P127_ST00056" HPOS="494" VPOS="592" WIDTH="32" HEIGHT="29" CONTENT="It" WC="0.63" CC="24"/>
						<SP ID="P127_SP00048" HPOS="526" VPOS="622" WIDTH="20"/>
						<String ID="P127_ST00057" HPOS="546" VPOS="593" WIDTH="61" HEIGHT="28" CONTENT="had" WC="0.51" CC="707"/>
						<SP ID="P127_SP00049" HPOS="607" VPOS="622" WIDTH="23"/>
						<String ID="P127_ST00058" HPOS="630" VPOS="603" WIDTH="55" HEIGHT="18" CONTENT="one" WC="0.72" CC="070"/>
						<SP ID="P127_SP00050" HPOS="685" VPOS="622" WIDTH="22"/>
						<String ID="P127_ST00059" HPOS="707" VPOS="592" WIDTH="129" HEIGHT="30" CONTENT="window" WC="0.34" CC="907839"/>
					</TextLine>
					<TextLine ID="P127_TL00010" HPOS="72" VPOS="659" WIDTH="765" HEIGHT="42">
						<String ID="P127_ST00060" HPOS="72" VPOS="660" WIDTH="133" HEIGHT="40" CONTENT="opening" WC="0.64" CC="0007179"/>
						<SP ID="P127_SP00051" HPOS="205" VPOS="700" WIDTH="22"/>
						<String ID="P127_ST00061" HPOS="227" VPOS="660" WIDTH="65" HEIGHT="31" CONTENT="into" WC="0.57" CC="4750"/>
						<SP ID="P127_SP00052" HPOS="292" VPOS="700" WIDTH="22"/>
						<String ID="P127_ST00062" HPOS="314" VPOS="661" WIDTH="53" HEIGHT="30" CONTENT="the" WC="0.74" CC="070"/>
						<SP ID="P127_SP00053" HPOS="367" VPOS="700" WIDTH="22"/>
						<String ID="P127_ST00063" HPOS="389" VPOS="661" WIDTH="85" HEIGHT="40" CONTENT="yard," WC="0.85" CC="00601"/>
						<SP ID="P127_SP00054" HPOS="474" VPOS="701" WIDTH="18"/>
						<String ID="P127_ST00064" HPOS="492" VPOS="661" WIDTH="61" HEIGHT="29" CONTENT="and" WC="0.75" CC="070"/>
						<SP ID="P127_SP00055" HPOS="553" VPOS="701" WIDTH="21"/>
						<String ID="P127_ST00065" HPOS="574" VPOS="671" WIDTH="17" HEIGHT="19" CONTENT="a" WC="1.00" CC="0"/>
						<SP ID="P127_SP00056" HPOS="591" VPOS="701" WIDTH="23"/>
						<String ID="P127_ST00066" HPOS="614" VPOS="661" WIDTH="72" HEIGHT="29" CONTENT="door" WC="0.69" CC="8004"/>
						<SP ID="P127_SP00057" HPOS="686" VPOS="701" WIDTH="20"/>
						<String ID="P127_ST00067" HPOS="706" VPOS="659" WIDTH="131" HEIGHT="40" CONTENT="opening" WC="0.62" CC="0006279"/>
					</TextLine>
					<TextLine ID="P127_TL00011" HPOS="72" VPOS="729" WIDTH="765" HEIGHT="41">
						<String ID="P127_ST00068" HPOS="72" VPOS="730" WIDTH="65" HEIGHT="29" CONTENT="into" WC="0.62" CC="7700"/>
						<SP ID="P127_SP00058" HPOS="137" VPOS="759" WIDTH="30"/>
						<String ID="P127_ST00069" HPOS="167" VPOS="730" WIDTH="53" HEIGHT="29" CONTENT="the" WC="0.70" CC="071"/>
						<SP ID="P127_SP00059" HPOS="220" VPOS="759" WIDTH="30"/>
						<String ID="P127_ST00070" HPOS="250" VPOS="740" WIDTH="135" HEIGHT="30" CONTENT="passage." WC="0.85" CC="00560000"/>
						<SP ID="P127_SP00060" HPOS="385" VPOS="770" WIDTH="47"/>
						<String ID="P127_ST00071" HPOS="432" VPOS="729" WIDTH="73" HEIGHT="30" CONTENT="This" WC="0.67" CC="0705"/>
						<SP ID="P127_SP00061" HPOS="505" VPOS="770" WIDTH="30"/>
						<String ID="P127_ST00072" HPOS="535" VPOS="730" WIDTH="73" HEIGHT="29" CONTENT="door" WC="0.92" CC="0300"/>
						<SP ID="P127_SP00062" HPOS="608" VPOS="770" WIDTH="24"/>
						<String ID="P127_ST00073" HPOS="632" VPOS="739" WIDTH="62" HEIGHT="20" CONTENT="was" WC="0.47" CC="905"/>
						<SP ID="P127_SP00063" HPOS="694" VPOS="770" WIDTH="30"/>
						<String ID="P127_ST00074" HPOS="724" VPOS="729" WIDTH="113" HEIGHT="39" CONTENT="seldpm" WC="0.53" CC="604690"/>
					</TextLine>
					<TextLine ID="P127_TL00012" HPOS="74" VPOS="797" WIDTH="763" HEIGHT="39">
						<String ID="P127_ST00075" HPOS="74" VPOS="798" WIDTH="80" HEIGHT="38" CONTENT="shut," WC="0.53" CC="67602"/>
						<SP ID="P127_SP00064" HPOS="154" VPOS="836" WIDTH="19"/>
						<String ID="P127_ST00076" HPOS="173" VPOS="798" WIDTH="60" HEIGHT="29" CONTENT="and" WC="0.75" CC="070"/>
						<SP ID="P127_SP00065" HPOS="233" VPOS="836" WIDTH="14"/>
						<String ID="P127_ST00077" HPOS="247" VPOS="798" WIDTH="54" HEIGHT="29" CONTENT="the" WC="0.75" CC="070"/>
						<SP ID="P127_SP00066" HPOS="301" VPOS="836" WIDTH="11"/>
						<String ID="P127_ST00078" HPOS="312" VPOS="797" WIDTH="132" HEIGHT="31" CONTENT="window" WC="0.48" CC="037909"/>
						<SP ID="P127_SP00067" HPOS="444" VPOS="836" WIDTH="14"/>
						<String ID="P127_ST00079" HPOS="458" VPOS="808" WIDTH="62" HEIGHT="20" CONTENT="was" WC="0.45" CC="906"/>
						<SP ID="P127_SP00068" HPOS="520" VPOS="836" WIDTH="15"/>
						<String ID="P127_ST00080" HPOS="535" VPOS="808" WIDTH="93" HEIGHT="19" CONTENT="never" WC="0.76" CC="70004"/>
						<SP ID="P127_SP00069" HPOS="628" VPOS="836" WIDTH="15"/>
						<String ID="P127_ST00081" HPOS="643" VPOS="807" WIDTH="85" HEIGHT="29" CONTENT="open." WC="0.85" CC="00070"/>
						<SP ID="P127_SP00070" HPOS="728" VPOS="836" WIDTH="46"/>
						<String ID="P127_ST00082" HPOS="774" VPOS="797" WIDTH="63" HEIGHT="29" CONTENT="But" WC="0.54" CC="670"/>
					</TextLine>
					<TextLine ID="P127_TL00013" HPOS="72" VPOS="865" WIDTH="765" HEIGHT="42">
						<String ID="P127_ST00083" HPOS="72" VPOS="878" WIDTH="18" HEIGHT="19" CONTENT="a" WC="1.00" CC="0"/>
						<SP ID="P127_SP00071" HPOS="90" VPOS="897" WIDTH="14"/>
						<String ID="P127_ST00084" HPOS="104" VPOS="877" WIDTH="78" HEIGHT="30" CONTENT="pane" WC="0.82" CC="0070"/>
						<SP ID="P127_SP00072" HPOS="182" VPOS="907" WIDTH="17"/>
						<String ID="P127_ST00085" HPOS="199" VPOS="867" WIDTH="33" HEIGHT="30" CONTENT="of" WC="1.00" CC="00"/>
						<SP ID="P127_SP00073" HPOS="232" VPOS="907" WIDTH="19"/>
						<String ID="P127_ST00086" HPOS="251" VPOS="867" WIDTH="81" HEIGHT="39" CONTENT="glass" WC="0.56" CC="70067"/>
						<SP ID="P127_SP00074" HPOS="332" VPOS="907" WIDTH="14"/>
						<String ID="P127_ST00087" HPOS="346" VPOS="867" WIDTH="61" HEIGHT="29" CONTENT="had" WC="0.43" CC="709"/>
						<SP ID="P127_SP00075" HPOS="407" VPOS="907" WIDTH="18"/>
						<String ID="P127_ST00088" HPOS="425" VPOS="867" WIDTH="77" HEIGHT="29" CONTENT="been" WC="0.63" CC="7015"/>
						<SP ID="P127_SP00076" HPOS="502" VPOS="907" WIDTH="14"/>
						<String ID="P127_ST00089" HPOS="516" VPOS="865" WIDTH="94" HEIGHT="31" CONTENT="taken" WC="0.85" CC="00006"/>
						<SP ID="P127_SP00077" HPOS="610" VPOS="907" WIDTH="15"/>
						<String ID="P127_ST00090" HPOS="625" VPOS="869" WIDTH="61" HEIGHT="34" CONTENT="out," WC="0.73" CC="3600"/>
						<SP ID="P127_SP00078" HPOS="686" VPOS="907" WIDTH="18"/>
						<String ID="P127_ST00091" HPOS="704" VPOS="865" WIDTH="133" HEIGHT="39" CONTENT="through" WC="0.43" CC="3704697"/>
					</TextLine>
					<TextLine ID="P127_TL00014" HPOS="71" VPOS="934" WIDTH="765" HEIGHT="33">
						<String ID="P127_ST00092" HPOS="71" VPOS="936" WIDTH="103" HEIGHT="31" CONTENT="which" WC="0.47" CC="07557"/>
						<SP ID="P127_SP00079" HPOS="174" VPOS="967" WIDTH="30"/>
						<String ID="P127_ST00093" HPOS="204" VPOS="946" WIDTH="17" HEIGHT="19" CONTENT="a" WC="1.00" CC="0"/>
						<SP ID="P127_SP00080" HPOS="221" VPOS="967" WIDTH="30"/>
						<String ID="P127_ST00094" HPOS="251" VPOS="936" WIDTH="96" HEIGHT="29" CONTENT="man's" WC="0.73" CC="00705"/>
						<SP ID="P127_SP00081" HPOS="347" VPOS="967" WIDTH="29"/>
						<String ID="P127_ST00095" HPOS="376" VPOS="935" WIDTH="83" HEIGHT="30" CONTENT="hand" WC="0.63" CC="7070"/>
						<SP ID="P127_SP00082" HPOS="459" VPOS="967" WIDTH="29"/>
						<String ID="P127_ST00096" HPOS="488" VPOS="935" WIDTH="60" HEIGHT="29" CONTENT="and" WC="0.75" CC="070"/>
						<SP ID="P127_SP00083" HPOS="548" VPOS="967" WIDTH="34"/>
						<String ID="P127_ST00097" HPOS="582" VPOS="945" WIDTH="64" HEIGHT="18" CONTENT="arm" WC="0.87" CC="030"/>
						<SP ID="P127_SP00084" HPOS="646" VPOS="967" WIDTH="29"/>
						<String ID="P127_ST00098" HPOS="675" VPOS="934" WIDTH="90" HEIGHT="29" CONTENT="could" WC="0.62" CC="40770"/>
						<SP ID="P127_SP00085" HPOS="765" VPOS="967" WIDTH="35"/>
						<String ID="P127_ST00099" HPOS="800" VPOS="935" WIDTH="36" HEIGHT="28" CONTENT="be" WC="0.89" CC="20"/>
					</TextLine>
					<TextLine ID="P127_TL00015" HPOS="71" VPOS="1002" WIDTH="766" HEIGHT="42">
						<String ID="P127_ST00100" HPOS="71" VPOS="1006" WIDTH="189" HEIGHT="38" CONTENT="introduced," WC="0.82" CC="37000060002"/>
						<SP ID="P127_SP00086" HPOS="260" VPOS="1044" WIDTH="45"/>
						<String ID="P127_ST00101" HPOS="305" VPOS="1005" WIDTH="60" HEIGHT="29" CONTENT="and" WC="0.57" CC="075"/>
						<SP ID="P127_SP00087" HPOS="365" VPOS="1044" WIDTH="41"/>
						<String ID="P127_ST00102" HPOS="406" VPOS="1004" WIDTH="51" HEIGHT="30" CONTENT="the" WC="0.75" CC="070"/>
						<SP ID="P127_SP00088" HPOS="457" VPOS="1044" WIDTH="37"/>
						<String ID="P127_ST00103" HPOS="494" VPOS="1002" WIDTH="131" HEIGHT="32" CONTENT="window" WC="0.67" CC="017810"/>
						<SP ID="P127_SP00089" HPOS="625" VPOS="1044" WIDTH="35"/>
						<String ID="P127_ST00104" HPOS="660" VPOS="1002" WIDTH="60" HEIGHT="29" CONTENT="had" WC="0.75" CC="700"/>
						<SP ID="P127_SP00090" HPOS="720" VPOS="1044" WIDTH="41"/>
						<String ID="P127_ST00105" HPOS="761" VPOS="1002" WIDTH="76" HEIGHT="29" CONTENT="been" WC="0.81" CC="0007"/>
					</TextLine>
					<TextLine ID="P127_TL00016" HPOS="72" VPOS="1071" WIDTH="765" HEIGHT="44">
						<String ID="P127_ST00106" HPOS="72" VPOS="1075" WIDTH="124" HEIGHT="40" CONTENT="opened," WC="0.83" CC="1007003"/>
						<SP ID="P127_SP00091" HPOS="196" VPOS="1115" WIDTH="33"/>
						<String ID="P127_ST00107" HPOS="229" VPOS="1074" WIDTH="47" HEIGHT="30" CONTENT="for" WC="0.70" CC="602"/>
						<SP ID="P127_SP00092" HPOS="276" VPOS="1115" WIDTH="34"/>
						<String ID="P127_ST00108" HPOS="310" VPOS="1073" WIDTH="25" HEIGHT="31" CONTENT="it" WC="0.79" CC="04"/>
						<SP ID="P127_SP00093" HPOS="335" VPOS="1115" WIDTH="28"/>
						<String ID="P127_ST00109" HPOS="363" VPOS="1084" WIDTH="63" HEIGHT="21" CONTENT="was" WC="0.45" CC="906"/>
						<SP ID="P127_SP00094" HPOS="426" VPOS="1115" WIDTH="34"/>
						<String ID="P127_ST00110" HPOS="460" VPOS="1073" WIDTH="56" HEIGHT="29" CONTENT="left" WC="0.95" CC="0002"/>
						<SP ID="P127_SP00095" HPOS="516" VPOS="1115" WIDTH="29"/>
						<String ID="P127_ST00111" HPOS="545" VPOS="1082" WIDTH="86" HEIGHT="30" CONTENT="open," WC="0.64" CC="50074"/>
						<SP ID="P127_SP00096" HPOS="631" VPOS="1115" WIDTH="32"/>
						<String ID="P127_ST00112" HPOS="663" VPOS="1072" WIDTH="59" HEIGHT="29" CONTENT="and" WC="0.75" CC="070"/>
						<SP ID="P127_SP00097" HPOS="722" VPOS="1115" WIDTH="33"/>
						<String ID="P127_ST00113" HPOS="755" VPOS="1071" WIDTH="82" HEIGHT="30" CONTENT="what" WC="0.81" CC="0700"/>
					</TextLine>
					<TextLine ID="P127_TL00017" HPOS="70" VPOS="1141" WIDTH="765" HEIGHT="42">
						<String ID="P127_ST00114" HPOS="70" VPOS="1156" WIDTH="64" HEIGHT="20" CONTENT="was" WC="0.79" CC="006"/>
						<SP ID="P127_SP00098" HPOS="134" VPOS="1176" WIDTH="25"/>
						<String ID="P127_ST00115" HPOS="159" VPOS="1155" WIDTH="92" HEIGHT="28" CONTENT="more," WC="0.74" CC="05403"/>
						<SP ID="P127_SP00099" HPOS="251" VPOS="1183" WIDTH="28"/>
						<String ID="P127_ST00116" HPOS="279" VPOS="1144" WIDTH="54" HEIGHT="29" CONTENT="the" WC="0.56" CC="570"/>
						<SP ID="P127_SP00100" HPOS="333" VPOS="1183" WIDTH="26"/>
						<String ID="P127_ST00117" HPOS="359" VPOS="1143" WIDTH="67" HEIGHT="30" CONTENT="iron" WC="0.51" CC="5607"/>
						<SP ID="P127_SP00101" HPOS="426" VPOS="1183" WIDTH="29"/>
						<String ID="P127_ST00118" HPOS="455" VPOS="1143" WIDTH="55" HEIGHT="30" CONTENT="bar" WC="0.62" CC="703"/>
						<SP ID="P127_SP00102" HPOS="510" VPOS="1183" WIDTH="28"/>
						<String ID="P127_ST00119" HPOS="538" VPOS="1141" WIDTH="61" HEIGHT="30" CONTENT="and" WC="0.77" CC="060"/>
						<SP ID="P127_SP00103" HPOS="599" VPOS="1183" WIDTH="28"/>
						<String ID="P127_ST00120" HPOS="627" VPOS="1141" WIDTH="83" HEIGHT="38" CONTENT="hasp," WC="0.65" CC="70603"/>
						<SP ID="P127_SP00104" HPOS="710" VPOS="1183" WIDTH="28"/>
						<String ID="P127_ST00121" HPOS="738" VPOS="1142" WIDTH="97" HEIGHT="37" CONTENT="rusty," WC="0.67" CC="356102"/>
					</TextLine>
					<TextLine ID="P127_TL00018" HPOS="71" VPOS="1210" WIDTH="766" HEIGHT="41">
						<String ID="P127_ST00122" HPOS="71" VPOS="1216" WIDTH="60" HEIGHT="28" CONTENT="and" WC="0.76" CC="070"/>
						<SP ID="P127_SP00105" HPOS="131" VPOS="1244" WIDTH="15"/>
						<String ID="P127_ST00123" HPOS="146" VPOS="1214" WIDTH="92" HEIGHT="30" CONTENT="Uable" WC="0.70" CC="70700"/>
						<SP ID="P127_SP00106" HPOS="238" VPOS="1244" WIDTH="19"/>
						<String ID="P127_ST00124" HPOS="257" VPOS="1217" WIDTH="33" HEIGHT="27" CONTENT="to" WC="1.00" CC="00"/>
						<SP ID="P127_SP00107" HPOS="290" VPOS="1244" WIDTH="16"/>
						<String ID="P127_ST00125" HPOS="306" VPOS="1213" WIDTH="89" HEIGHT="30" CONTENT="creak" WC="0.71" CC="06006"/>
						<SP ID="P127_SP00108" HPOS="395" VPOS="1244" WIDTH="15"/>
						<String ID="P127_ST00126" HPOS="410" VPOS="1212" WIDTH="27" HEIGHT="30" CONTENT="if" WC="0.79" CC="40"/>
						<SP ID="P127_SP00109" HPOS="437" VPOS="1244" WIDTH="18"/>
						<String ID="P127_ST00127" HPOS="455" VPOS="1211" WIDTH="151" HEIGHT="40" CONTENT="suddenly" WC="0.72" CC="47040600"/>
						<SP ID="P127_SP00110" HPOS="606" VPOS="1251" WIDTH="15"/>
						<String ID="P127_ST00128" HPOS="621" VPOS="1210" WIDTH="120" HEIGHT="38" CONTENT="turned," WC="0.72" CC="0727002"/>
						<SP ID="P127_SP00111" HPOS="741" VPOS="1251" WIDTH="18"/>
						<String ID="P127_ST00129" HPOS="759" VPOS="1219" WIDTH="78" HEIGHT="20" CONTENT="were" WC="0.91" CC="0030"/>
					</TextLine>
					<TextLine ID="P127_TL00019" HPOS="70" VPOS="1280" WIDTH="765" HEIGHT="39">
						<String ID="P127_ST00130" HPOS="70" VPOS="1283" WIDTH="121" HEIGHT="31" CONTENT="rubbed" WC="0.59" CC="267700"/>
						<SP ID="P127_SP00112" HPOS="191" VPOS="1314" WIDTH="29"/>
						<String ID="P127_ST00131" HPOS="220" VPOS="1283" WIDTH="42" HEIGHT="30" CONTENT="aU" WC="0.63" CC="07"/>
						<SP ID="P127_SP00113" HPOS="262" VPOS="1314" WIDTH="26"/>
						<String ID="P127_ST00132" HPOS="288" VPOS="1293" WIDTH="72" HEIGHT="19" CONTENT="over" WC="0.66" CC="3702"/>
						<SP ID="P127_SP00114" HPOS="360" VPOS="1314" WIDTH="24"/>
						<String ID="P127_ST00133" HPOS="384" VPOS="1282" WIDTH="78" HEIGHT="30" CONTENT="with" WC="0.77" CC="0107"/>
						<SP ID="P127_SP00115" HPOS="462" VPOS="1314" WIDTH="29"/>
						<String ID="P127_ST00134" HPOS="491" VPOS="1291" WIDTH="81" HEIGHT="20" CONTENT="some" WC="0.83" CC="6000"/>
						<SP ID="P127_SP00116" HPOS="572" VPOS="1314" WIDTH="30"/>
						<String ID="P127_ST00135" HPOS="602" VPOS="1280" WIDTH="90" HEIGHT="39" CONTENT="filthy" WC="0.88" CC="000070"/>
						<SP ID="P127_SP00117" HPOS="692" VPOS="1319" WIDTH="30"/>
						<String ID="P127_ST00136" HPOS="722" VPOS="1288" WIDTH="113" HEIGHT="30" CONTENT="grease," WC="0.86" CC="0200601"/>
					</TextLine>
					<TextLine ID="P127_TL00020" HPOS="73" VPOS="1347" WIDTH="764" HEIGHT="41">
						<String ID="P127_ST00137" HPOS="73" VPOS="1354" WIDTH="96" HEIGHT="30" CONTENT="found" WC="0.70" CC="00770"/>
						<SP ID="P127_SP00118" HPOS="169" VPOS="1384" WIDTH="27"/>
						<String ID="P127_ST00138" HPOS="196" VPOS="1355" WIDTH="31" HEIGHT="27" CONTENT="to" WC="1.00" CC="00"/>
						<SP ID="P127_SP00119" HPOS="227" VPOS="1384" WIDTH="22"/>
						<String ID="P127_ST00139" HPOS="249" VPOS="1352" WIDTH="39" HEIGHT="30" CONTENT="be" WC="0.63" CC="70"/>
						<SP ID="P127_SP00120" HPOS="288" VPOS="1384" WIDTH="25"/>
						<String ID="P127_ST00140" HPOS="313" VPOS="1351" WIDTH="158" HEIGHT="30" CONTENT="borrowed" WC="0.62" CC="70363900"/>
						<SP ID="P127_SP00121" HPOS="471" VPOS="1384" WIDTH="22"/>
						<String ID="P127_ST00141" HPOS="493" VPOS="1350" WIDTH="78" HEIGHT="29" CONTENT="from" WC="1.00" CC="0000"/>
						<SP ID="P127_SP00122" HPOS="571" VPOS="1384" WIDTH="24"/>
						<String ID="P127_ST00142" HPOS="595" VPOS="1351" WIDTH="77" HEIGHT="37" CONTENT="pots," WC="0.88" CC="00023"/>
						<SP ID="P127_SP00123" HPOS="672" VPOS="1388" WIDTH="24"/>
						<String ID="P127_ST00143" HPOS="696" VPOS="1348" WIDTH="75" HEIGHT="39" CONTENT="kept" WC="0.75" CC="9000"/>
						<SP ID="P127_SP00124" HPOS="771" VPOS="1388" WIDTH="24"/>
						<String ID="P127_ST00144" HPOS="795" VPOS="1347" WIDTH="42" HEIGHT="39" CONTENT="by" WC="0.63" CC="70"/>
					</TextLine>
					<TextLine ID="P127_TL00021" HPOS="70" VPOS="1416" WIDTH="766" HEIGHT="40">
						<String ID="P127_ST00145" HPOS="70" VPOS="1423" WIDTH="126" HEIGHT="31" CONTENT="Nicolas" WC="0.67" CC="9240006"/>
						<SP ID="P127_SP00125" HPOS="196" VPOS="1454" WIDTH="22"/>
						<String ID="P127_ST00146" HPOS="218" VPOS="1421" WIDTH="33" HEIGHT="30" CONTENT="in" WC="0.25" CC="77"/>
						<SP ID="P127_SP00126" HPOS="251" VPOS="1454" WIDTH="22"/>
						<String ID="P127_ST00147" HPOS="273" VPOS="1421" WIDTH="49" HEIGHT="29" CONTENT="his" WC="0.51" CC="725"/>
						<SP ID="P127_SP00127" HPOS="322" VPOS="1454" WIDTH="22"/>
						<String ID="P127_ST00148" HPOS="344" VPOS="1420" WIDTH="171" HEIGHT="30" CONTENT="tool-house" WC="0.65" CC="0341371740"/>
						<SP ID="P127_SP00128" HPOS="515" VPOS="1454" WIDTH="16"/>
						<String ID="P127_ST00149" HPOS="531" VPOS="1419" WIDTH="46" HEIGHT="30" CONTENT="for" WC="0.86" CC="004"/>
						<SP ID="P127_SP00129" HPOS="577" VPOS="1454" WIDTH="22"/>
						<String ID="P127_ST00150" HPOS="599" VPOS="1416" WIDTH="142" HEIGHT="40" CONTENT="greasing" WC="0.59" CC="95007270"/>
						<SP ID="P127_SP00130" HPOS="741" VPOS="1456" WIDTH="20"/>
						<String ID="P127_ST00151" HPOS="761" VPOS="1418" WIDTH="75" HEIGHT="27" CONTENT="cart-" WC="0.88" CC="10201"/>
					</TextLine>
				</TextBlock>
			</PrintSpace>
		</Page>
	</Layout>
</alto>
