1019 1638
263 97 63 22 THE
345 91 161 28 VICOMTE'S
525 99 157 20 TROUBLES.

806 93 49 24 149

97 179 77 31 been
201 181 50 31 old
276 184 163 40 Prevost's,
465 196 56 19 nor
551 196 76 20 even
656 186 67 29 that
751 186 104 30 imme-

97 249 116 42 diately
228 253 98 30 under
340 253 33 39 it,
389 254 100 31 which
502 254 48 31 his
565 255 127 39 nephew
706 255 59 29 had
780 255 75 30 been

97 320 76 29 used
188 323 31 28 to
235 320 127 32 inhabit.
409 323 31 30 It
454 334 62 19 was
537 323 51 30 the
611 324 83 29 salon
716 324 37 28 de
777 334 77 19 com-

97 389 121 40 pagnie,
236 400 32 19 as
283 390 182 39 provincials
490 395 78 26 term
594 391 33 39 it,
643 391 101 31 which
768 391 86 30 Mon-

97 458 83 30 sieur
195 459 134 30 Richard
352 461 60 29 had
437 462 108 28 caused
564 463 31 27 to
610 461 38 29 be
663 461 146 39 arranged
824 471 31 19 as

97 539 18 19 a
130 528 77 30 kind
223 529 34 30 of
276 530 101 41 study,
395 531 60 29 and
470 534 53 27 out
539 530 33 30 of
589 530 101 31 which
704 531 38 29 he
756 530 98 41 rarely

98 600 92 27 went.

141 666 105 31 When
289 667 52 30 the
378 666 138 31 Vicomte
554 668 131 38 entered,
724 667 131 31 Richard

98 735 130 30 Prevost
264 746 82 19 came
383 736 137 39 forward,
553 736 129 41 eagerly,
717 739 31 27 to
777 739 78 27 meet

98 804 73 39 him,
190 805 60 30 and
273 805 89 31 when
386 805 75 40 they
476 815 79 21 were
582 805 100 30 seated
704 805 39 29 he
758 805 97 39 began

98 873 53 31 the
167 873 216 31 conversation.
460 874 65 29 Has
544 874 52 30 the
619 873 140 40 shooting
780 874 75 30 been

98 942 191 42 satisfactory
299 943 13 30 ?
357 943 38 29 he
412 942 100 31 asked.
590 943 15 29 I
621 943 77 30 have
714 943 75 29 done
804 953 51 29 my

97 1012 76 38 best,
191 1012 60 30 and
265 1012 78 30 have
358 1012 65 30 told
438 1012 52 30 the
506 1012 93 39 garde
614 1014 31 28 at
666 1012 52 30 the
735 1011 120 30 Grande

97 1080 106 30 Ferme
229 1083 33 27 to
285 1080 77 39 keep
378 1091 17 18 a
411 1080 89 39 sharp
516 1080 139 30 look-out
665 1089 6 30 ;
695 1080 57 29 but
776 1079 26 29 it
827 1078 26 30 is

96 1149 76 30 hard
195 1149 34 30 in
243 1149 86 30 these
344 1151 83 37 parts
442 1151 54 28 not
519 1150 31 29 to
566 1148 87 30 share
669 1149 82 29 one's
766 1158 87 30 game

97 1218 77 30 with
197 1218 42 29 aU
263 1218 54 30 the
342 1218 236 31 ne'er-do-wells
605 1218 33 29 of
660 1218 52 29 the
739 1218 116 39 depart-

283 1356 162 41 yesterday
472 1356 16 30 I
513 1356 81 30 tried
616 1356 53 30 the
692 1356 102 31 woods
817 1366 40 29 up

248 1424 136 41 rejoined
421 1424 156 31 Monsieur
607 1425 36 30 de
672 1424 184 34 Verancour,
