1019 1638
172 121 53 25 228

422 128 60 21 ALL
501 128 57 21 FOR
578 126 106 22 GREED.

171 215 53 29 the
248 215 58 29 last
331 215 99 31 words
455 215 34 29 of
511 213 135 41 to-day's
663 211 123 40 Gospel,
805 210 46 31 for
877 221 61 30 you

171 283 64 31 will
265 294 49 20 see
342 284 70 31 how
441 284 75 39 they
546 282 93 40 apply
668 283 33 28 to
730 281 54 29 the
813 280 125 30 terrible

171 356 136 37 mystery
322 353 102 31 which
439 363 32 19 so
487 351 110 31 shocks
621 361 37 20 us
810 349 128 40 Placing

170 422 48 31 his
243 423 99 39 finger
356 432 84 30 upon
454 422 54 30 the
530 431 77 29 page
631 420 34 30 of
686 420 54 30 the
764 420 81 29 book
861 430 77 29 open

170 492 102 30 before
298 492 64 29 him
363 510 42 3 —
617 490 40 29 he
683 490 116 39 added;
829 490 109 29 "'For

170 562 52 29 the
237 562 78 29 hour
330 560 65 31 will
419 571 83 20 come
529 560 33 30 in
581 559 103 31 which
699 559 41 30 all
755 559 69 31 who
840 569 50 20 are
905 558 33 31 in

170 631 81 31 theh*
276 631 100 30 tombs
399 630 65 31 will
490 631 73 29 hear
578 630 53 30 the
646 629 86 31 voice
756 630 33 29 of
809 630 52 29 the
878 629 60 30 Son

171 701 33 29 of
239 700 76 30 God.
386 699 74 30 And
497 699 88 30 those
624 698 69 31 who
736 698 79 31 have
851 698 87 30 acted

171 768 191 41 righteously
386 768 65 31 will
477 768 86 39 arise,
590 768 61 29 and
675 767 98 31 theirs
799 768 77 29 shall
900 768 37 30 be

171 839 52 29 the
238 838 203 30 resurrection
455 840 32 28 to
502 838 54 29 life
568 847 6 31 ;
598 838 61 29 and
673 838 88 29 those
776 838 68 29 who
860 838 77 30 have

171 908 78 30 done
276 907 60 31 evil
360 907 65 32 will
451 908 62 30 also
547 906 87 40 arise,
662 907 57 30 but
745 907 73 40 only
844 910 32 27 to
900 907 37 30 be

169 977 135 39 judged.'
364 977 88 38 Now,
470 988 53 29 my
538 977 154 39 brethren,
710 977 86 29 these
819 987 50 19 are
883 980 55 27 not

171 1046 72 31 vain
271 1047 99 30 words
384 1056 7 30 ;
429 1047 85 30 these
544 1056 51 21 are
624 1046 86 31 facts.
757 1047 32 30 It
811 1046 26 31 is
859 1047 79 40 good

171 1126 62 30 you
259 1116 110 30 should
394 1116 71 30 look
486 1127 84 28 upon
591 1116 87 30 them
700 1127 32 19 as
748 1116 84 30 such.
878 1116 60 31 We

171 1194 50 20 are
236 1184 148 40 regretful
408 1187 31 27 at
462 1183 62 32 this
548 1188 136 27 moment
701 1186 68 29 that
795 1186 52 29 the
863 1185 74 31 evil-

171 1253 72 29 doer
267 1253 108 29 should
401 1253 78 29 have
506 1254 135 38 escaped,
671 1254 46 30 for
751 1254 48 30 his
833 1265 105 29 escape

171 1321 99 40 might
289 1321 78 31 have
383 1322 97 30 called
503 1322 91 31 down
608 1333 108 30 wrong
740 1324 60 29 and
826 1324 112 41 misery

171 1402 83 28 upon
277 1391 53 30 the
357 1391 152 39 innocent,
528 1392 60 30 and
613 1392 26 30 it
665 1392 26 31 is
718 1392 96 32 God's
836 1404 102 31 mercy

172 1461 87 30 alone
282 1460 102 33 which
407 1461 56 30 has
486 1461 129 31 allowed
644 1462 26 30 it
695 1465 33 27 to
757 1463 38 30 be
826 1464 112 41 clearly
