1019 1638
165 105 52 26 196

418 113 59 20 ALL
496 112 58 21 FOR
574 111 108 22 GREED.

163 210 62 20 was
246 210 40 20 no
309 199 109 41 saying
439 200 84 30 what
545 198 53 30 the
621 198 105 30 future
752 196 101 41 might
878 199 55 28 not

164 268 91 41 bring
291 269 90 38 forth,
389 287 43 3 —
437 278 18 20 a
490 277 115 31 young,
638 265 108 39 active,
779 265 155 41 energetic

165 349 71 19 man
261 338 102 31 would
389 338 39 29 be
453 336 145 40 required
627 339 32 27 to
685 335 171 30 undertake
881 335 55 30 the

163 408 132 41 journey
316 410 32 27 to
370 406 133 38 Mexico,
529 405 61 30 and
611 407 104 38 report
731 416 39 19 on
792 405 53 29 the
867 415 67 29 pro-

165 486 85 30 gress
273 476 33 29 of
323 476 54 29 the
391 475 109 31 works.
548 475 31 29 It
594 473 101 40 might
714 473 39 30 be
768 483 18 20 a
803 473 133 41 journey

168 546 33 30 of
246 555 81 20 some
364 545 123 39 danger,
527 544 57 30 but
621 543 54 30 the
711 543 226 30 remuneration

166 614 103 30 would
288 613 38 30 be
341 613 147 40 princely,
506 613 60 29 and
588 623 40 19 on
649 612 49 30 his
720 615 107 27 return
849 613 89 29 home

169 683 84 31 what
289 682 100 40 might
417 685 55 28 not
509 682 53 30 the
594 682 166 31 successful
795 682 144 41 emissary

168 751 99 39 aspire
282 754 31 27 to
327 752 6 29 !

392 820 162 31 Monsieur
583 820 125 40 Duprez
737 820 105 32 would
870 831 71 30 pru-

172 890 107 40 dently
301 890 68 38 add,
508 892 109 38 repute
643 890 33 30 of
698 890 54 30 the
775 890 166 40 enterprise

171 958 26 31 is
218 969 32 20 so
270 958 77 40 high
367 961 142 37 amongst
530 959 53 30 the
599 959 60 31 few
673 960 70 30 who
759 959 92 31 know
866 960 33 30 of
918 959 24 31 it

172 1029 68 29 that
269 1028 26 29 it
323 1029 105 30 would
456 1029 38 29 be
526 1029 150 41 probably
707 1029 176 41 impossible
912 1033 30 28 to

173 1107 104 21 secure
289 1100 117 37 twenty
422 1098 104 30 shares

216 1167 159 29 Monsieur
405 1167 95 34 Leon,
529 1167 153 41 however,
715 1170 61 30 had
806 1170 94 30 taken
930 1181 15 19 a

174 1235 116 31 sincere
312 1235 101 41 liking
439 1237 47 29 for
511 1237 108 31 Raoul.
665 1239 66 31 The
757 1250 107 31 young
892 1240 53 31 fel-

174 1305 85 31 low's
281 1305 197 40 intelligence
500 1308 60 30 and
582 1309 113 29 ardour
712 1310 124 39 pleased
859 1311 65 29 him
936 1321 7 29 ;

174 1375 39 29 he
229 1374 158 41 dehghted
405 1375 33 29 in
452 1376 49 30 his
524 1377 158 41 ambition,
700 1380 60 30 and
781 1381 104 30 would
908 1391 37 30 go

179 1445 41 30 all
235 1445 123 40 lengths
373 1447 32 29 to
422 1456 85 21 serve
522 1447 74 30 him.
