1019 1638
157 88 35 26 86

408 96 57 20 ALL
485 96 57 20 FOE
563 94 106 22 GREED.

159 184 136 38 Prevost,
325 183 127 30 careless
479 182 34 30 of
535 181 53 30 the
615 178 215 41 interruption.
912 178 16 29 I

158 254 78 30 have
258 254 52 29 the
326 253 141 40 strength
483 251 33 31 of
535 252 134 38 unspent
684 260 89 30 years
789 249 33 29 in
838 251 89 32 store,

159 323 45 32 for
231 324 16 29 I
273 324 78 29 have
377 321 178 41 capitaUsed
580 331 54 29 my
659 319 115 39 health,
803 328 33 21 as
860 317 71 32 well

159 405 32 18 as
214 405 52 29 my
281 404 119 29 money.
447 393 17 29 I
488 393 79 29 have
585 391 106 30 fifteen
715 400 89 31 years
828 389 104 31 before

160 473 55 29 me,
243 463 112 40 during
378 462 102 31 which
507 462 16 30 I
548 461 65 31 will
639 461 79 30 have
745 471 53 29 my
826 459 105 41 enjoy-

160 535 92 27 ment.
298 532 16 29 I
345 532 77 30 shaU
452 531 125 38 remain,
607 541 32 19 as
670 530 16 29 I
718 529 66 30 told
813 539 71 31 you,
916 540 15 18 a

160 601 148 40 plodding
331 601 148 40 plebeian,
505 601 57 30 but
584 600 16 30 I
616 600 65 31 will
705 599 73 40 plod
801 602 32 27 to
850 609 82 20 some

160 681 139 29 purpose,
318 670 59 30 and
392 681 39 19 on
452 681 17 19 a
488 670 111 40 higher
618 670 74 29 field
714 670 77 29 than
814 669 16 29 I
854 669 79 29 have

161 741 60 29 had
243 743 61 37 yet.
350 740 98 30 There
463 740 27 30 is
504 740 53 30 the
581 740 79 40 good
677 740 33 29 of
729 740 53 29 the
799 739 115 40 empire
925 749 7 29 ;

161 810 53 30 the
237 810 95 30 forces
354 809 78 31 from
447 809 98 32 below
568 819 83 20 come
674 808 66 31 into
763 809 74 41 play
853 819 78 28 now,

162 879 59 30 and
245 879 53 30 the
315 879 97 30 forces
436 879 77 30 from
537 879 97 30 above
658 890 51 19 are
732 879 199 39 annihilated,

162 950 119 39 though
310 950 75 40 they
411 949 86 30 don't
528 960 48 19 see
607 949 33 30 it.
687 949 88 41 They
802 952 54 38 get
882 950 52 29 the

161 1018 93 38 titles,
272 1018 59 30 and
353 1029 122 27 crosses,
496 1019 60 30 and
579 1018 244 31 Chamberlain's
846 1019 86 41 keys,

162 1088 60 29 and
255 1087 81 30 their
369 1087 109 41 vanity
508 1087 27 30 is
565 1091 125 27 content
703 1098 8 29 ;
749 1089 77 40 they
856 1089 79 31 have

161 1156 131 40 nothing
317 1156 80 40 else;
430 1157 58 30 but
511 1168 46 20 we
585 1157 33 31 of
646 1158 53 30 the
723 1158 94 31 lower
843 1160 93 29 ranks

162 1228 52 38 get
237 1227 53 29 the
312 1237 110 29 power.
477 1227 80 30 Now
579 1238 63 29 you
666 1238 58 28 see,
750 1227 144 40 Richard,
918 1229 17 30 I

162 1295 64 32 will
255 1295 88 31 make
370 1306 16 20 a
413 1296 177 40 gentleman
616 1298 33 29 of
687 1308 71 30 you,
788 1299 61 29 and
874 1310 62 29 you

167 1360 78 30 shall
281 1363 156 37 represent
472 1360 182 41 something.
721 1362 65 31 But
819 1363 16 30 I
872 1363 64 31 will

162 1431 66 29 rule
259 1441 79 29 your
353 1431 146 39 fortunes,
529 1432 60 29 and
615 1432 66 31 wiU
707 1436 55 27 not
788 1433 79 31 have
890 1432 46 32 for
