1019 1638
154 110 50 28 192

402 118 58 20 ALL
480 118 57 20 FOR
557 116 106 22 GREED.

152 204 78 30 That
254 204 87 40 point
369 205 155 30 remained
552 213 100 30 vague
683 202 61 30 and
773 201 142 31 undeter-

150 273 102 31 mined
273 274 32 30 in
327 274 48 30 his
390 274 93 38 mind,
501 273 57 30 but
580 271 160 31 Monsieur
756 271 85 30 Leon
856 271 59 29 and

148 343 49 30 his
244 354 118 20 success
408 342 167 31 fascinated
596 341 74 30 him.
717 341 88 38 Now,
828 340 87 30 those

148 416 61 27 two
245 413 99 30 words
419 411 115 31 reussir
605 410 60 30 and

148 482 100 31 which
277 482 78 31 have
385 481 110 31 within
524 481 53 29 the
607 480 59 29 last
692 479 107 30 fifteen
828 489 87 30 years

150 552 33 29 in
207 552 115 29 France
342 550 82 30 risen
450 553 32 27 to
507 549 76 31 such
606 559 17 19 a
640 548 127 31 terrible
789 547 125 41 import-

146 631 81 27 ance,
253 620 60 30 and
334 619 111 39 which,
463 619 38 30 be
524 619 25 30 it
572 619 156 38 observed,
748 628 94 20 never
864 629 50 18 are

146 689 166 30 associated
336 689 78 30 with
440 699 61 30 any
528 687 126 31 distinct
681 687 155 41 object,—
837 687 25 31 it
888 687 26 31 is

144 768 93 20 never
264 757 65 31 said
353 757 34 30 in
410 757 83 31 what
519 768 17 19 a
562 768 71 19 man
658 757 55 30 has
738 757 173 38 succeeded,

144 839 32 18 or
214 831 30 26 to
281 827 83 30 what
400 827 39 29 he
475 826 27 30 is
537 837 147 30 parvenu,
687 845 42 3 —
729 827 87 29 those
849 829 60 27 two

143 897 99 30 words
272 895 112 41 simply
413 906 89 19 mean
537 895 53 31 the
625 896 119 30 sudden
772 895 135 40 acquire-

143 970 83 25 ment
250 966 34 29 of
302 966 113 30 wealth
436 966 44 39 by
502 976 17 18 a
541 965 95 40 lucky
659 966 121 29 chance.
827 966 85 39 They

143 1034 95 41 imply
269 1034 120 30 neither
419 1034 117 40 genius,
569 1034 65 39 toil,
667 1045 56 19 nor
752 1034 138 40 patience
904 1044 6 30 ;

143 1104 72 39 they
238 1104 116 39 merely
376 1103 98 40 imply
496 1104 75 38 that,
596 1104 43 40 by
662 1114 83 19 some
770 1104 85 39 piece
881 1104 33 29 of

143 1173 78 39 good
247 1172 81 38 luck,
357 1172 52 30 the
435 1171 173 32 individual
631 1172 34 30 in
691 1173 142 40 question
857 1173 55 30 has

143 1241 143 40 acquired
312 1241 113 31 wealth
450 1241 104 30 before
579 1242 39 29 he
643 1253 63 20 was
730 1246 51 27 too
806 1243 51 30 old
883 1245 31 28 to

142 1311 89 41 enjoy
258 1310 33 31 it.
337 1311 87 40 They
450 1311 89 30 make
568 1312 54 30 the
649 1313 167 29 successful
843 1324 70 18 man

142 1381 189 39 interesting,
349 1381 130 30 because
494 1381 62 30 fate
572 1381 25 31 is
614 1384 153 38 supposed
788 1386 31 28 to
834 1384 78 30 have

143 1449 127 31 decided
285 1449 32 31 in
331 1450 49 30 his
396 1450 116 30 favour.
