1019 1638
238 110 62 21 THE
320 111 96 21 FEAST
435 111 58 21 FOR
511 111 62 21 THE
592 112 88 20 DEAD.

787 106 53 25 215

81 196 33 28 to
129 195 93 40 bring
237 196 41 30 all
294 207 55 20 our
371 197 145 31 brethren
540 200 32 28 to
594 208 49 20 see
670 198 52 31 the
743 199 96 38 truth,

78 265 61 29 and
153 265 69 30 love
234 265 33 31 it.
313 267 58 40 My
385 277 73 29 poor
479 267 80 29 little
579 267 80 29 lamb
674 268 11 29 !.
705 268 84 29 don't
800 268 43 30 let

79 334 141 39 yourself
247 334 39 31 be
318 334 211 31 be-medalled.
578 336 82 30 Love
685 335 77 39 God,
785 337 58 29 and

81 403 94 31 strive
210 404 122 41 beyond
355 415 78 30 your
470 406 139 39 strength
640 407 31 27 to
704 407 48 28 act
786 416 55 29 up-

79 472 119 41 rightly
221 473 60 29 and
305 473 143 40 honestly
460 483 7 29 ;
490 475 32 28 to
543 473 37 30 do
600 474 81 30 what
703 473 26 30 is
749 473 92 40 right.

79 541 56 30 All
161 542 52 30 the
243 542 115 30 medals
373 542 33 30 in
420 542 53 30 the
484 542 96 30 world
588 543 93 29 won't
696 543 70 39 help
781 553 62 30 you

82 621 32 19 as
129 611 93 29 much
238 621 32 19 as
284 611 69 29 that

135 680 85 30 Thus
244 679 118 41 saying,
388 680 74 40 they
487 680 128 30 reached
644 680 53 30 the
725 680 118 30 thresh-

84 748 51 30 old
162 748 33 29 of
222 748 53 30 the
299 748 192 40 Presbytere,
509 748 52 30 the
586 748 72 30 door
683 748 34 30 of
745 748 100 31 which

83 827 62 20 was
180 817 117 39 opened
325 816 43 41 by
398 827 18 19 a
445 817 236 30 stern-featured
708 827 126 26 woman,

83 886 74 39 long
179 887 68 38 past
270 886 53 28 the
344 885 124 29 canonic
488 888 87 37 age,*
591 886 59 28 and
664 885 130 29 familiar
814 888 31 27 to

84 954 29 28 D
216 964 31 18 as
471 953 28 29 le
515 953 106 29 Cure's

176 1024 67 30 I've
281 1024 78 29 been
399 1024 106 29 drawn
546 1022 65 30 into

85 1092 148 31 observed
261 1092 53 30 the
345 1091 89 38 Cure,
459 1091 77 31 with
561 1101 18 19 a
608 1091 92 29 shake
730 1091 34 29 of
796 1091 52 30 the

84 1162 79 29 head
176 1170 7 31 ;
273 1161 170 39 dangerous
459 1159 86 31 habit
559 1160 6 30 !
568 1179 42 2 —
611 1160 82 29 leads
715 1162 32 27 to
769 1159 78 31 into-

84 1231 129 37 lerance,
239 1230 60 29 and
327 1232 32 27 to
383 1229 133 40 judging
542 1229 82 29 one's
653 1228 194 39 neighbours.

84 1301 94 35 Here,
211 1300 72 28 dear
314 1298 91 38 child,
436 1298 71 30 take
541 1297 62 31 this
637 1297 63 31 box
724 1297 34 30 of
783 1298 65 29 dra-

117 1410 11 11 *
145 1409 39 23 No
201 1407 76 31 priest
293 1407 21 23 is
331 1407 101 24 allowed
450 1407 26 22 in
494 1407 93 22 France
603 1407 24 22 to
645 1406 29 23 be
691 1405 83 24 served
788 1405 34 30 by
838 1412 13 16 a

84 1461 96 16 woman
191 1452 78 23 under
279 1452 72 27 forty.
