1019 1638
138 115 50 25 136

385 121 57 20 ALL
461 121 58 20 FOR
538 118 107 23 GREED.

211 209 59 29 For
295 209 110 37 shame,
593 204 135 30 retorted
755 203 144 30 Vevette.

168 279 49 30 He
233 279 53 30 has
301 288 78 30 gone
394 276 136 39 through
546 275 75 30 such
637 284 39 20 an
693 272 94 31 awful
808 271 72 31 trial
893 281 7 29 ;

135 349 59 30 and
218 348 127 38 besides,
362 358 75 29 poor
458 345 160 31 Monsieur
641 342 145 39 Richard,
811 342 40 29 he
875 341 25 29 is

136 413 33 29 of
180 424 38 18 no
235 421 204 30 consequence
455 411 6 30 !

178 481 122 39 Dming
336 480 61 30 this
434 480 80 29 little
550 478 115 40 parley,
704 475 99 30 Raoul
841 475 59 29 had

135 551 148 40 managed
317 553 30 27 to
378 549 104 31 obtain
510 547 190 40 undisputed
729 544 171 41 possession

135 621 33 30 of
185 620 159 31 Vevette's
365 619 90 37 hand,
478 618 60 30 and
560 617 33 30 in
615 618 52 29 the
691 616 60 30 end
772 616 40 29 he
835 614 63 31 also

135 689 168 40 persuaded
324 689 55 29 her
400 690 32 28 to
459 697 83 21 come
561 686 78 32 with
654 685 66 30 him
734 685 66 30 into
816 685 84 30 what

135 759 38 28 he
190 758 95 29 called
300 758 52 29 the
367 756 151 31 Pavilion.

178 827 73 30 This
266 838 62 20 was
342 837 39 19 no
398 827 85 29 other
499 827 75 29 than
589 836 17 20 a
621 825 77 30 kind
720 825 33 30 of
770 825 130 40 garden-

135 897 103 37 house,
255 895 80 30 built
361 895 64 31 into
451 896 53 29 the
524 895 70 31 wall
618 895 34 30 of
670 895 54 30 the
748 894 50 31 old
820 905 79 19 ram-

135 968 76 37 part.
257 965 32 29 It
307 965 51 40 lay
374 965 206 40 immediately
597 965 98 29 under
715 965 53 29 the
784 966 117 28 terrace

137 1045 38 19 on
190 1033 108 40 which,
317 1044 81 20 some
415 1034 73 40 clays
510 1033 90 39 since,
618 1044 47 21 we
688 1044 62 21 saw
770 1033 53 31 the
839 1036 62 29 two

136 1104 103 29 sisters
268 1103 109 40 sitting
406 1106 32 26 at
466 1103 94 39 work,
593 1104 61 28 and
682 1113 63 20 was
775 1104 126 29 entered

135 1172 42 40 by
207 1183 17 19 a
254 1172 80 40 glass
372 1173 81 38 door,
485 1172 103 32 which
618 1173 117 40 opened
771 1184 84 29 upon
886 1185 15 19 a

134 1251 117 20 narrow
279 1242 75 39 path
391 1242 33 29 of
457 1242 53 29 the
539 1242 270 40 kitchen-garden.
871 1242 30 31 A

137 1310 86 30 small
246 1313 70 37 gate
342 1310 34 30 in
397 1311 53 30 the
476 1311 71 31 wall
573 1321 79 30 gave
677 1311 120 41 ingress
823 1313 78 30 from

135 1380 52 29 the
209 1380 68 29 lane
300 1379 65 31 into
388 1380 52 30 the
464 1381 124 39 garden,
606 1382 61 30 and
690 1382 34 30 of
746 1382 62 31 this
831 1386 70 37 gate

135 1447 132 32 Vevette
288 1448 74 41 kept
384 1450 52 30 the
459 1450 61 41 key
532 1461 8 30 ;
564 1451 47 30 for
633 1451 26 31 it
680 1463 62 20 was
765 1452 136 39 through
