1019 1638
147 92 77 21 POOR
244 93 155 21 MONSIEUR
418 86 158 28 RICHARD'S
595 94 114 20 RICHES.

768 85 50 27 105

55 187 80 20 were
152 178 33 29 of
197 179 53 29 the
266 190 80 18 same
362 179 131 39 opinion,
498 198 41 3 —
539 180 130 40 namely,
686 181 68 29 that
769 181 52 29 the

56 246 67 30 first
138 247 82 30 blow
234 248 61 29 had
310 248 172 39 suspended
497 248 62 38 life,
577 249 59 29 and
651 249 67 30 that
732 249 90 30 when

56 316 54 30 the
140 317 102 29 others
272 327 79 20 were
388 317 101 40 given,
529 318 74 39 they
632 329 80 19 were
741 318 81 29 dealt

56 385 117 41 merely
210 388 31 28 to
278 386 89 30 make
404 397 161 20 assurance
596 387 115 40 doubly
742 397 78 20 sure.

58 454 98 30 There
178 466 63 19 was
269 456 237 40 comparatively
533 456 80 29 little
639 456 99 38 blood,
763 457 59 28 and

57 524 84 30 what
156 523 87 31 there
257 534 64 21 was
339 525 61 29 had
415 525 109 31 flowed
538 525 188 31 downwards
741 535 81 29 upon

58 593 54 29 the
127 593 84 38 floor,
226 594 77 29 after
317 594 53 29 the
385 595 162 28 murdered
560 605 71 18 man
645 594 60 29 had
719 594 100 28 faUen.

58 662 91 30 None
171 662 62 30 had
255 663 126 39 spurted
404 666 61 35 out,
490 663 60 29 and
571 663 86 29 there
679 673 79 20 were
782 673 40 19 no

59 731 95 30 stains
171 742 39 19 on
224 742 61 28 any
300 731 105 30 article
421 731 33 30 of
465 731 160 29 furniture.

101 800 88 38 Now,
208 811 31 19 as
255 803 31 27 to
301 800 53 30 the
377 800 73 30 time
465 803 32 27 at
510 800 101 31 which
630 800 53 30 the
697 803 49 27 act
760 810 60 21 was

57 869 186 39 committed,
260 870 68 29 that
342 880 62 19 was
426 869 62 30 also
504 879 71 30 easy
590 871 31 28 to
637 869 165 30 determine
813 879 6 29 ;

57 938 25 31 it
104 941 83 27 must
201 939 78 30 have
301 938 78 30 been
393 938 138 31 between
545 938 52 29 the
613 938 91 29 hours
720 938 33 30 of
772 937 48 30 six

56 1008 60 29 and
138 1010 52 27 ten
212 1007 33 30 in
267 1007 53 30 the
343 1007 150 39 morning.
539 1007 60 30 Old
614 1007 129 30 Prevost
757 1018 61 19 was

54 1087 18 20 a
101 1076 149 41 perfectly
277 1076 170 39 wound-up
476 1075 138 31 machine
642 1086 33 20 as
711 1079 31 27 to
771 1075 47 31 his

52 1146 111 39 habits,
181 1146 60 29 and
261 1156 95 20 never
378 1145 141 31 deviated
540 1145 78 30 from
639 1146 53 29 the
713 1156 102 19 mono-

51 1219 110 26 tonous
190 1214 170 41 regularity
385 1214 40 30 he
448 1214 61 30 had
537 1213 125 31 marked
688 1216 53 28 out
769 1213 46 30 for

51 1284 132 30 himself.
229 1284 138 29 Summer
396 1284 60 29 and
484 1283 119 39 winter,
633 1283 40 30 he
702 1283 112 39 always

50 1364 67 20 rose
144 1356 31 27 at
200 1353 69 30 five.
315 1352 45 31 At
385 1352 48 31 six
458 1353 40 29 he
523 1354 47 28 sat
595 1352 89 30 down
709 1353 32 27 to
766 1350 48 30 his

51 1423 125 37 bureau,
201 1423 60 29 and
287 1422 108 30 busied
420 1421 126 30 himself
567 1420 76 31 with
672 1422 141 28 accounts
