1019 1638
180 110 235 22 MADEMOISELLE
435 104 145 28 FELICIE'S
599 111 147 21 HUSBAND.

799 104 53 27 237

89 196 160 31 Monsieur
279 198 142 39 Richard,
451 208 56 20 one
537 198 131 39 evening
696 199 91 29 when
815 199 39 29 he

89 276 64 20 was
176 266 110 40 sitting
300 267 78 31 with
399 267 53 30 the
467 267 106 41 famdy
589 270 30 27 at
639 268 52 29 the
707 267 145 38 Chateau,

89 337 99 28 round
210 337 53 28 the
287 337 207 39 smouldering
515 337 64 38 fire,
630 347 18 19 a
663 347 75 29 very
753 337 100 39 heavy

89 404 232 42 responsibility
334 415 8 30 ;
398 406 61 30 and
483 406 40 29 he
549 404 117 41 sighed,
695 405 60 30 and
780 415 74 21 ven-

89 474 92 28 tured
199 476 31 27 to
245 474 72 29 take
332 485 42 28 up
389 475 159 30 Vevette's
570 474 123 29 scissors
711 474 78 29 from
803 474 51 29 the

90 542 83 30 table
189 542 60 30 and
266 542 140 30 examine
421 543 85 30 them
521 542 190 40 attentively.

136 613 161 30 Monsieur
327 614 38 30 de
391 614 178 31 Verancour
593 614 107 39 placed
725 613 48 31 his
796 617 61 28 two

90 679 98 33 haVds
211 693 39 19 on
272 682 49 30 his
343 683 102 39 knees,
464 683 136 39 bending
621 683 156 38 forwards,
796 683 60 29 and

94 751 127 40 looking
247 751 135 41 intently
409 755 31 26 at
469 752 53 30 the
548 754 65 27 toes
643 751 34 30 of
702 751 49 30 his
774 751 86 30 thick

94 821 97 29 boots.
427 820 137 41 rejoined
589 820 46 38 he,
653 819 77 31 with
750 830 17 19 a
785 819 75 30 kind

97 889 33 31 of
150 893 104 36 grunt,
305 889 16 30 I
345 889 118 30 confess
481 889 25 29 it
527 899 102 29 passes
651 899 48 19 me
718 891 33 27 to
773 888 87 29 make

97 961 53 27 out
172 959 72 40 why
266 969 64 30 you
349 959 78 29 have
453 958 77 30 done
550 957 34 30 it.
630 957 17 30 I
672 957 109 30 should
804 957 57 30 call

96 1028 26 31 it
140 1039 18 19 a
172 1028 125 31 terrible
316 1027 206 40 imprudence.
568 1027 43 29 To
627 1037 38 29 go
680 1027 60 29 and
759 1027 102 29 saddle

97 1097 140 40 yourself
255 1097 77 30 with
354 1097 81 38 land,
439 1115 42 3 —
481 1095 77 31 with
578 1105 18 20 a
617 1105 76 30 very
712 1094 149 31 consider-

98 1167 68 30 able
179 1166 111 30 landed
301 1169 145 36 property
458 1165 111 29 indeed
581 1164 6 30 !
590 1182 41 3 —
632 1164 91 30 when
733 1162 128 40 nothing

99 1236 117 39 obliges
236 1246 63 30 you
321 1238 31 26 to
375 1235 38 29 do
437 1245 40 19 so.
524 1234 17 29 I
564 1233 116 30 confess
702 1233 68 29 that
791 1242 70 29 goes

99 1305 122 41 beyond
360 1303 61 30 and
442 1303 53 29 the
510 1302 142 30 Vicomte
674 1301 97 30 threw
785 1300 76 30 him-

100 1375 60 30 self
181 1374 79 31 back
285 1374 34 29 in
348 1372 48 30 his
423 1371 84 32 chair
536 1381 32 20 as
591 1370 28 30 if
645 1370 38 29 he
710 1380 76 29 gave
812 1369 49 30 the

100 1444 137 39 problem
260 1453 43 29 up
326 1441 33 31 in
383 1440 128 40 despair.
591 1439 78 30 That
795 1447 66 21 con-
