1019 1638
174 113 51 25 162

423 122 57 19 ALL
500 120 57 21 FOR
576 118 107 22 GREED.

175 211 30 26 at
236 219 63 28 one,
332 209 59 28 and
419 206 110 30 looked
559 207 31 27 at
623 203 26 29 it
682 212 18 19 a
732 201 73 38 long
838 198 102 31 while.

176 277 30 30 It
228 288 62 20 was
319 278 52 29 the
395 276 76 30 deed
496 275 33 29 of
558 273 61 30 sale
645 271 33 30 of
711 270 61 30 Les
803 269 137 30 Grandes

176 347 163 39 Bruyeres,
358 346 103 29 drawn
475 353 43 30 up
532 342 44 41 by
591 341 51 30 old
657 339 118 30 Martin
787 339 139 30 Prevost.

216 413 159 31 Monsieur
413 411 134 31 Richard
588 409 79 40 spelt
704 407 61 31 and
800 407 142 40 weighed

176 494 90 29 every
290 483 92 38 word,
409 482 59 30 and
497 480 76 31 then
603 481 31 27 at
663 478 59 30 last
751 477 75 31 took
849 477 25 30 it
899 488 42 29 up

176 552 58 29 and
275 551 160 30 examined
476 550 26 29 it
539 548 122 41 closely.
708 547 40 30 In
781 557 32 20 so
849 546 93 42 doing

176 621 125 29 another
325 620 85 30 sheet
434 619 33 30 of
496 628 93 30 paper
615 611 133 36 adhered
773 619 32 28 to
831 617 34 39 it,
883 617 59 30 and

176 689 77 30 from
281 689 140 32 between
449 689 53 29 the
526 688 79 30 folds
631 698 18 19 a
671 687 158 41 half-open
853 687 89 30 letter

180 760 134 39 dropped
332 769 84 30 upon
433 759 52 29 the
506 758 128 41 ground.
680 758 106 30 When
810 757 132 31 Richard

178 829 130 31 Prevost
326 829 61 30 had
405 827 185 42 sufficiently
602 827 163 31 examined
782 827 53 30 the
855 827 84 39 deed,

177 899 39 29 he
231 899 139 39 replaced
384 898 26 30 it
424 898 33 29 in
472 899 52 29 the
539 897 152 41 portfolio,
709 897 75 30 then
807 897 133 40 stooped,

177 968 110 40 picked
302 978 41 29 up
358 968 53 30 the
426 967 93 30 faUen
534 967 99 38 letter,
651 967 60 30 and
726 977 62 21 was
804 966 93 31 about
912 969 30 27 to

178 1037 118 39 replace
311 1037 25 29 it
351 1039 51 28 too
414 1046 8 30 ;
445 1037 57 29 but
518 1036 174 40 something
707 1036 33 30 in
762 1036 26 30 it
811 1037 131 29 arrested

178 1106 48 30 his
242 1105 158 39 attention,
419 1106 60 29 and
493 1106 38 29 he
548 1106 116 39 opened
680 1106 59 30 and
761 1106 73 30 read
849 1105 26 31 it
887 1115 7 31 ;
919 1105 23 30 it

179 1185 62 18 was
256 1185 32 18 as
303 1175 116 28 follows
433 1185 5 18 :
443 1193 42 3 —

255 1313 56 29 My
325 1312 92 29 Dear
431 1312 169 31 Monsieur
616 1313 148 39 Prevost,

319 1382 16 30 I
362 1382 71 30 dare
454 1385 54 27 not
529 1393 39 30 go
594 1385 32 28 to
652 1394 71 30 you,
741 1384 48 29 for
803 1384 64 30 fear
893 1395 51 29 my

179 1446 98 30 father
286 1446 110 30 should
409 1446 73 29 hear
498 1446 33 30 of
550 1446 24 31 it
590 1447 60 30 and
672 1447 78 30 have
773 1458 82 19 some
879 1459 64 18 sus-
