1019 1638
816 114 54 27 217

269 121 62 20 THE
350 121 96 20 FEAST
465 121 58 20 FOR
543 121 62 20 THE
624 121 89 20 DEAD.

149 204 134 32 Vevette
300 206 127 30 hurried
443 207 89 30 down
543 207 52 30 the
611 210 83 36 steep
709 207 74 39 path
797 207 76 30 with

104 273 56 30 her
175 275 190 39 companion,
383 278 54 27 not
451 276 147 39 knowing
612 276 73 40 why
700 276 52 30 the
766 276 106 30 Cure's

103 342 125 41 parting
242 345 100 30 words
358 345 61 29 had
436 344 105 31 struck
556 345 54 29 her
625 344 77 31 with
717 355 17 19 a
755 345 117 30 sudden

105 411 83 31 chill.
235 413 31 29 It
293 414 120 28 seemed
438 415 31 28 to
489 413 55 29 her
566 424 32 18 as
618 414 119 39 though
758 414 40 29 all
818 414 55 29 her

103 480 61 30 fine
180 481 75 38 days
271 491 81 21 were
368 484 32 28 at
416 492 38 19 an
470 482 67 29 end.

148 550 75 30 And
239 561 68 19 sure
323 551 123 40 enough
460 551 52 29 the
527 551 134 30 weather
676 551 53 29 did
744 552 124 39 change,

104 619 60 29 and
178 618 85 32 wind
278 619 60 29 and
353 619 68 30 rain
438 619 120 31 howled
573 620 59 29 and
647 620 102 39 pelted
764 620 40 30 all
819 621 52 29 the

104 688 100 39 night,
222 689 61 29 and
297 688 53 30 the
366 688 142 39 morning
522 698 66 20 rose
604 699 82 29 upon
701 699 32 19 as
748 689 122 40 gloomy

105 767 18 19 a
261 757 52 30 des
338 760 95 27 morts
499 767 32 20 as
557 767 61 31 any
643 757 172 31 inhabitant
840 757 34 31 of

106 826 28 29 D
233 826 90 30 cared
337 828 32 28 to
384 827 176 29 remember.
607 826 44 30 At
666 837 17 19 a
697 826 81 30 little
794 827 78 29 after

104 894 73 30 nine
193 894 53 30 the
265 894 112 39 tolling
392 894 35 30 of
443 894 53 30 the
520 894 113 30 church
648 894 62 30 bell
732 894 140 39 apprised

104 963 54 30 the
187 962 179 40 population
391 964 68 29 that
482 974 79 19 mass
587 964 47 30 for
659 965 52 29 the
736 964 81 30 souls
843 964 33 30 of

104 1032 52 30 the
173 1032 77 30 dead
268 1032 103 31 would
394 1043 73 19 soon
488 1032 38 30 be
549 1032 138 39 chanted,
710 1033 59 29 and
795 1032 77 30 from

103 1101 110 31 almost
239 1112 93 30 every
357 1102 95 30 house
477 1112 33 20 or
535 1102 164 39 shop-door
722 1112 62 30 you
809 1112 62 20 saw

102 1170 188 30 individuals
305 1170 34 30 of
357 1170 76 30 both
449 1181 87 19 sexes
559 1170 60 30 and
647 1170 40 30 all
703 1181 71 28 ages
794 1170 76 30 issu-

101 1239 55 40 ing
169 1248 8 31 ;
200 1239 48 30 for
268 1239 156 31 whatever
445 1239 53 30 the
513 1239 146 40 religious
681 1239 138 40 opinions
841 1239 35 30 of

102 1309 192 30 Frenchmen
321 1319 33 19 or
378 1318 127 28 women,
523 1308 63 29 this
613 1308 26 29 is
664 1318 18 19 a
708 1308 61 29 fete
792 1308 78 29 from

101 1378 102 31 which
233 1378 75 40 they
332 1387 50 20 are
412 1377 101 40 rarely
539 1376 118 31 absent.
718 1376 63 30 The
808 1376 62 30 bell

100 1447 96 30 toUed
211 1457 39 20 on
266 1447 46 30 for
327 1456 83 21 more
425 1446 75 30 than
510 1446 68 29 half
598 1456 39 19 an
657 1446 85 37 hour,
761 1445 58 38 till,
838 1448 31 27 at
