1019 1638
146 100 53 24 276

397 106 59 19 ALL
476 104 58 21 FOR
555 102 107 22 GREED.

147 196 56 35 ter,
220 203 62 31 you
308 193 61 29 had
391 191 69 30 best
485 200 95 20 never
604 190 90 28 meet.
741 186 60 31 She
827 196 95 19 never

148 263 109 30 alarms
273 262 59 30 and
347 271 94 20 never
457 260 130 30 releases
601 268 72 30 you.

201 332 67 29 Her
297 329 227 42 grandmother,
543 328 30 30 la
595 328 80 29 belle
706 326 143 30 Madame
887 325 37 29 de

149 402 187 37 Verancour,
357 411 33 19 as
410 400 52 29 old
481 397 119 31 Martin
617 397 133 30 Prevost
773 395 62 30 had
858 394 67 30 told

149 471 49 30 his
213 471 138 39 nephew,
369 470 61 29 had
445 469 78 30 been
535 466 141 32 Felicie's
691 466 117 39 perfect
822 467 103 38 proto-

151 543 73 37 type
238 549 6 29 ;
277 539 68 37 and,
378 538 130 30 Heaven
545 537 116 37 knows,
694 536 56 29 her
781 533 146 32 domestic

154 619 101 19 career
270 609 61 28 had
346 610 55 27 not
415 607 79 30 been
514 616 58 21 one
590 608 32 28 to
640 605 111 30 render
774 604 53 30 the
847 604 81 39 posi-

156 677 67 31 tion
238 677 34 30 of
290 678 55 29 her
360 676 142 30 husband
518 687 39 18 an
579 675 140 30 enviable
739 685 65 19 one.
850 673 47 31 As
912 684 18 20 a

157 758 106 29 young
278 757 120 20 woman
414 746 34 30 of
468 745 121 31 sixteen
603 745 105 30 before
723 745 54 30 the
793 744 134 31 Revolu-

158 816 74 38 tion,
260 816 53 30 she
343 816 62 29 had
434 815 78 30 been
543 814 229 40 distinguished
800 814 44 40 by
874 824 57 19 one

162 885 118 40 exploit
313 885 81 40 only,
427 884 57 30 but
516 885 68 29 that
614 894 57 20 one
700 894 63 20 was
799 883 131 39 enough.

164 954 59 30 She
238 964 63 21 was
316 954 130 39 reputed
468 957 32 27 to
520 954 79 30 have
618 953 112 30 beaten
747 953 52 30 the
816 953 117 29 famous

164 1024 69 29 Due
259 1024 38 28 de
321 1023 127 29 Lauzun
473 1023 122 38 hollow,
617 1023 61 29 and
704 1024 31 28 to
761 1023 80 29 have
865 1032 68 20 con-

166 1092 154 39 siderably
347 1092 111 39 helped
483 1095 32 27 to
539 1091 72 31 ruin
634 1091 73 39 him,
725 1091 106 32 whilst
849 1091 84 31 abso-

169 1162 99 40 lutely
300 1161 209 40 vanquishing
541 1161 49 30 his
623 1161 208 40 inconstancy.
878 1161 59 30 She

168 1234 82 28 went
264 1231 44 41 by
323 1232 52 29 the
391 1241 88 20 name
496 1231 33 30 of
640 1231 195 30 Provinciale
850 1231 54 40 qui
922 1242 17 19 a

169 1311 73 20 roue
462 1300 61 30 and
548 1300 78 30 after
651 1300 54 30 the
732 1303 87 37 great
844 1303 95 27 catas-

168 1367 117 39 trophe,
304 1367 54 29 she
374 1366 117 31 carried
507 1367 55 29 her
578 1366 209 32 devastations
803 1367 65 31 into
884 1368 55 29 her

170 1446 69 20 own
263 1437 200 38 department,
481 1437 69 38 and,
571 1436 50 30 till
644 1439 68 37 past
735 1437 81 39 fifty,
838 1437 101 30 levied
