1019 1638
179 76 51 26 126

428 84 57 20 ALL
505 84 57 20 FOR
582 83 107 21 GREED.

177 172 60 29 and
259 173 63 28 cast
336 172 90 30 down
442 171 169 30 enchained
625 172 32 28 at
678 170 54 29 the
755 170 61 29 feet
840 169 34 30 of
893 169 51 30 the

177 239 58 31 fair
260 240 154 41 enslaver;
442 240 60 30 and
527 239 105 32 whilst
657 239 39 30 he
722 239 150 40 regarded
897 238 47 31 his

176 321 75 30 very
274 310 164 39 adoration,
441 329 44 3 —
485 313 84 27 mute
595 310 122 39 though
743 309 25 30 it
793 320 72 28 was,
868 328 43 4 —
912 320 32 20 as

176 382 243 38 presumptuous,
437 379 26 30 it
477 379 104 31 would
607 379 78 30 have
707 378 79 31 been
811 379 78 30 hard
911 382 32 27 to

176 461 53 30 say
240 451 138 30 whether
392 450 54 30 she
458 449 227 31 condescended
700 459 79 21 even
794 452 31 27 to
840 448 103 31 notice

176 520 67 29 that
259 520 52 29 she
326 520 61 28 had
402 519 136 38 inspired
552 519 34 30 it.

218 590 64 29 The
304 591 61 29 two
388 589 103 30 sisters
506 600 80 20 were
606 600 76 30 very
698 589 142 30 different
852 598 8 30 ;
884 588 58 31 dif-

176 658 99 39 fering
297 658 33 30 in
351 658 114 41 beauty
480 669 33 19 as
534 658 34 30 in
587 658 155 31 character
764 658 60 30 and
846 658 95 30 mind.

177 727 113 30 Fehcie
304 738 63 20 was
378 727 66 41 just
458 727 152 40 nineteen,
628 729 55 28 her
697 738 141 30 younger
854 728 88 30 sister

176 798 163 29 seventeen
360 796 60 30 and
441 807 18 19 a
480 796 72 30 half.
599 797 86 40 They
700 807 80 20 were
795 796 34 31 in
849 807 93 30 every

175 867 117 38 respect
314 867 61 29 two
397 866 106 40 nearly
518 866 116 39 perfect
655 867 90 39 types
768 866 35 29 of
822 866 120 29 French

175 934 205 38 womanhood,
384 953 42 3 —
429 934 32 30 of
483 934 86 30 those
595 937 61 28 two
680 937 87 36 great
793 934 149 31 divisions

176 1004 33 29 of
220 1004 52 29 the
284 1004 107 29 female
404 1014 55 19 sex
474 1003 33 30 in
522 1003 123 39 France,
660 1003 121 30 neither
794 1004 33 29 of
838 1004 104 31 which

176 1073 38 30 do
228 1083 47 20 we
297 1072 203 40 Englishmen
525 1083 71 20 ever
618 1072 189 42 thoroughly
828 1074 113 30 under-

176 1142 96 30 stand.
318 1142 63 29 The
412 1141 83 30 elder
524 1141 60 40 girl
609 1152 63 20 was
698 1152 18 19 a
740 1144 70 28 true
839 1153 102 29 repre-

176 1210 149 31 sentative
352 1210 33 30 of
406 1210 53 30 the
485 1210 42 41 by
542 1210 46 30 far
613 1211 101 40 larger
737 1212 85 39 class,
840 1212 102 31 which

176 1281 77 29 from
278 1280 99 29 Diane
403 1281 38 28 de
467 1280 131 30 Poitiers
625 1282 91 30 down
741 1284 32 28 to
800 1282 142 31 Madame

176 1349 118 31 TalUen
308 1360 33 20 or
363 1353 32 27 to
410 1350 141 31 Madame
568 1351 167 40 Recamier,
749 1352 138 40 through
901 1353 41 30 all

175 1420 53 29 the
256 1419 196 39 Chevreuses,
485 1420 208 40 Montespans,
722 1422 61 30 and
812 1422 130 39 Pompa-
