1019 1638
377 102 154 21 MONSIEUR
550 102 85 21 LEON.

833 96 50 25 185

125 188 93 39 greed
240 189 116 41 utterly
379 189 188 30 unbalanced
592 188 43 41 by
656 199 60 30 any
739 199 145 28 generous

125 256 143 32 instincts
285 270 33 18 or
332 260 79 38 lofty
427 259 185 39 aspirations.

167 327 46 30 As
229 328 52 30 the
298 328 157 31 collective
470 328 102 30 efforts
588 327 33 31 of
638 328 52 30 the
706 327 180 40 population

127 396 34 29 of
186 397 29 28 D
319 398 113 29 tended
460 397 195 40 persistently
679 397 130 30 towards
834 397 52 29 the

126 464 175 41 fashioning
324 466 33 30 of
376 466 67 30 that
465 466 86 30 small
572 466 83 39 place
671 476 82 29 upon
767 466 52 30 the
834 476 50 28 ap-

127 535 115 38 proved
264 536 73 38 plan
359 535 33 29 of
411 546 17 18 a
444 535 121 30 Grande
580 534 91 39 Ville,
697 545 61 29 you
773 535 109 37 would,

126 603 62 29 had
202 614 63 30 you
279 603 83 31 lived
377 604 93 38 there,
488 604 77 30 have
584 603 94 30 found
693 614 17 19 a
725 602 160 31 miniature

126 682 78 31 copy
234 672 34 30 of
293 672 41 30 all
363 672 53 30 the
445 672 93 30 faults
564 672 59 30 and
649 671 181 31 absurdities
855 671 32 30 of

125 740 111 39 bigger
251 740 94 31 cities.

169 810 97 30 There
296 820 79 20 were
403 810 108 40 people
540 810 68 30 who
638 809 53 30 did
724 812 53 27 not
813 808 70 31 visit

125 879 88 30 other
234 879 115 40 people,
367 879 56 31 but
439 880 77 38 who,
534 879 42 30 all
597 879 52 30 the
672 889 89 28 same,
778 878 75 40 kept
867 889 16 19 a

124 948 79 30 close
225 949 100 29 watch
348 959 71 20 over
445 949 53 29 the
524 948 197 41 proceedings
743 948 33 30 of
798 948 85 30 those

124 1017 87 30 other
236 1028 125 28 persons
383 1018 100 30 whom
505 1018 74 40 they
601 1017 89 30 could
715 1019 54 27 not
791 1016 73 31 visit
876 1016 6 29 !

123 1087 97 29 There
235 1097 62 20 was
319 1087 135 40 intrigue
477 1088 59 28 and
558 1086 163 41 hypocrisy
741 1086 59 30 and
822 1085 59 30 dis-

122 1155 130 40 honesty
275 1155 59 29 and
357 1155 136 40 cunning
509 1155 122 39 enough
649 1157 32 27 to
696 1155 119 29 furnish
830 1155 51 29 the

122 1226 125 28 amount
264 1224 119 30 desired
404 1224 42 41 by
461 1224 52 30 the
536 1226 79 28 most
637 1223 134 40 despotic
787 1222 94 32 Court

122 1304 34 18 or
172 1292 208 31 Government
402 1293 33 29 in
456 1293 121 39 Europe
600 1303 17 19 a
639 1293 141 29 hundred
794 1303 87 29 years

120 1372 58 30 ago
191 1371 7 30 ;
243 1372 18 19 a
296 1361 159 40 perpetual
491 1361 125 40 craving
652 1361 46 31 for

119 1431 120 39 though
271 1431 86 30 there
386 1442 62 19 was
481 1442 39 19 no
552 1431 84 39 place
669 1431 109 39 higher
806 1430 75 29 than
