1019 1638
143 67 34 26 60

391 75 58 20 AEL
469 74 58 21 FOR
547 73 108 22 GREED.

174 162 32 30 Is
222 162 157 31 Monsieur
400 163 28 29 le
445 161 80 31 Cure
542 158 122 41 coming
686 161 32 28 to
734 168 114 30 supper
867 159 44 28 to-

217 303 16 29 I
248 302 92 31 think
456 311 63 21 was
534 300 54 30 the
603 298 97 41 reply.

185 372 39 30 In
247 372 53 30 the
319 371 170 40 provinces,
512 369 60 30 and
588 367 103 33 where
710 367 54 30 the
779 377 134 21 woman-

141 442 76 30 kind
229 442 33 30 of
274 442 76 30 such
364 440 131 31 famUies
511 450 33 20 as
559 439 86 30 these
661 448 85 20 come
761 437 152 40 together,

141 511 26 30 it
190 511 27 30 is
240 510 177 40 impossible
443 510 68 29 that
535 520 18 18 a
576 511 125 37 quarter
722 507 34 31 of
776 517 39 20 an
837 507 77 30 hour

141 580 110 30 should
273 579 100 40 elapse
394 578 132 31 without
548 577 139 30 mention
708 576 95 39 being
826 576 88 29 made

142 648 33 29 of
187 659 18 18 a
220 659 81 18 cure.

326 727 130 29 suppose
482 727 45 21 we
554 716 72 30 look
652 719 31 27 at
713 715 53 30 the
797 715 115 30 Monde

330 786 148 30 observed
507 785 125 39 Felicie,
665 785 140 40 drawing
835 785 78 30 from

141 857 52 29 the
213 856 117 30 bottom
345 855 33 31 of
397 855 53 31 the
472 855 84 40 large
572 854 220 40 work-basket,
810 855 103 31 where

141 926 75 40 they
230 925 52 40 lay
297 925 124 38 hidden,
439 928 61 28 two
516 936 33 19 or
570 925 86 30 three
671 925 81 30 back
769 925 145 30 numbers

142 996 33 30 of
202 1006 38 20 an
269 995 175 30 iUustrated
470 995 124 40 journal
619 995 104 31 which
752 1006 18 18 a
797 995 114 39 cousin,

141 1064 99 40 living
262 1068 32 26 at
316 1064 106 39 Tours,
440 1075 18 19 a
472 1064 73 41 lady
561 1065 34 30 of
615 1076 17 19 a
647 1064 132 42 worldly
794 1068 75 27 turn
885 1065 31 30 of

141 1134 94 39 mind,
252 1144 63 20 was
334 1133 33 30 in
387 1134 53 29 the
461 1134 88 30 habit
564 1135 34 29 of
617 1134 131 41 sending
769 1145 70 20 now
854 1135 60 29 and

142 1203 75 30 then
250 1206 32 28 to
312 1203 52 31 the
400 1206 61 28 two
497 1204 84 40 girls.
672 1204 100 31 What
806 1204 27 30 is
862 1205 53 29 the

142 1275 118 36 matter,
289 1272 152 41 Vevette;
475 1273 85 32 what
586 1284 51 20 are
666 1284 64 30 you
756 1273 159 40 dreaming

246 1344 53 30 she
321 1344 107 39 added,
445 1344 128 41 looking
595 1348 32 27 at
646 1345 56 30 her
717 1344 99 40 sister,
834 1345 79 38 who,

142 1413 77 31 with
242 1413 55 31 her
323 1413 85 31 work
433 1413 64 31 laid
520 1415 90 30 down
634 1425 84 28 upon
743 1415 57 29 her
825 1414 88 32 knee.
