1019 1638
276 108 19 19 A
315 108 82 19 VERY
418 107 98 20 SMALL
537 107 100 20 TOWN.

826 101 14 25 9

70 191 60 29 full
156 202 33 19 as
215 193 94 30 much
335 204 33 19 as
394 193 87 31 other
507 203 106 31 young
637 204 71 20 men
732 193 34 31 of
793 194 48 30 his

71 260 116 31 station
203 262 91 30 could
309 263 88 29 boast
412 263 34 29 of
468 263 183 38 possessing.

116 329 201 42 Wednesday
331 341 64 21 was
420 331 121 30 market
570 332 59 40 day
659 331 33 30 in
716 331 29 30 D
833 355 6 15 ,

72 400 62 29 and
150 410 41 19 on
207 410 18 19 a
241 400 117 30 certain
373 400 208 40 Wednesday,
599 403 55 27 not
676 401 86 39 quite
781 403 61 28 two

71 478 90 30 years
188 478 67 31 ago,
274 479 18 20 a
317 469 82 31 little
426 480 98 29 group
552 470 33 30 of
612 473 62 27 two
701 480 33 20 or
756 470 86 30 three

71 548 122 19 women
206 549 64 19 was
286 539 149 39 gathered
449 539 100 30 round
563 539 53 30 the
633 550 77 29 open
725 540 73 29 door
813 540 29 29 of

71 606 118 31 Martin
218 607 139 31 Prevost'
362 618 13 19 s
401 608 95 30 house
525 607 122 40 talking
673 607 77 31 with
775 608 67 30 Ma-

71 676 89 29 dame
175 676 90 29 Jean.
310 677 98 29 There
430 687 62 19 was
512 677 53 29 the
586 687 82 19 same
688 677 154 29 character

71 744 34 30 of
127 745 161 40 sharpness
309 745 33 30 in
366 746 75 30 each
464 745 33 31 of
524 746 86 30 those
626 745 108 30 female
751 745 88 39 faces,

71 814 58 29 but
153 814 142 29 Madame
321 815 79 29 Jean
425 815 60 28 had
512 825 39 18 an
565 814 46 30 air
626 815 33 29 of
685 814 157 40 authority

71 882 103 31 which
188 883 54 30 the
259 883 102 30 others
377 882 116 39 lacked,
508 883 60 29 and
585 883 53 29 the
660 882 108 31 basket
789 882 52 30 she

70 950 117 31 carried
208 961 40 20 on
262 951 56 30 her
333 953 107 37 strong
455 953 84 28 stout
559 961 65 19 arm
638 961 63 20 was
721 950 67 31 half
809 961 32 19 as

67 1020 55 40 big
140 1021 61 30 and
224 1020 69 30 half
320 1030 33 20 as
378 1019 59 31 full
463 1019 92 41 again
581 1030 32 19 as
640 1030 61 30 any
728 1019 34 30 of
787 1020 52 29 the

69 1090 89 29 other
175 1090 146 31 women's
348 1090 132 29 baskets.
528 1090 32 29 It
581 1099 63 21 was
669 1091 54 28 not
749 1090 91 29 much

66 1162 70 37 past
154 1158 87 41 eight
264 1158 125 39 o'clock,
408 1159 60 30 and
488 1158 120 40 though
631 1158 53 30 the
709 1158 131 31 October

67 1239 59 19 sun
143 1239 63 21 was
221 1239 104 28 warm,
343 1228 54 30 the
419 1227 45 30 air
479 1238 62 20 was
564 1227 64 30 still
651 1227 73 39 cool,
743 1228 59 29 and
822 1238 17 19 a

66 1298 84 30 fresh
176 1298 58 30 but
263 1300 55 27 not
347 1297 183 40 unpleasant
555 1296 84 31 wind
668 1296 96 31 shook
786 1296 53 30 the

66 1367 121 40 boughs
209 1367 35 30 of
269 1367 54 30 the
352 1366 168 30 lime-trees
551 1365 210 40 overhanging
786 1365 53 30 the

66 1441 116 26 terrace
204 1437 33 30 of
257 1436 51 31 old
323 1436 157 31 Prevost's
499 1436 123 38 garden.
