1019 1638
144 78 53 26 262

395 85 59 19 ALL
472 84 60 20 FOR
550 81 108 22 GREED.

190 174 29 29 It
251 173 33 39 is,
313 172 158 40 probably,
499 168 139 31 needless
664 168 32 28 to
726 164 113 31 inform
864 173 53 30 my

146 243 118 29 readers
294 242 75 37 that,
398 240 53 30 the
480 240 77 28 next
594 237 69 40 day,
692 234 74 40 only
803 232 113 31 Felicie

148 311 213 40 accompanied
380 310 56 29 her
458 308 101 30 father
580 316 85 30 upon
686 305 53 29 the
762 301 156 43 projected

146 380 171 31 excursion.
376 378 134 31 Vevette
537 374 177 32 discovered
739 384 40 19 an
805 382 113 20 excuse

146 450 47 29 for
221 448 170 39 remaining
411 449 32 28 at
471 446 99 37 home,
595 444 60 30 and
685 445 31 28 at
744 443 91 29 home
864 441 54 31 she

148 519 114 40 stayed,
277 517 59 30 and
350 526 63 21 was
427 515 150 40 virtually
592 514 88 30 alone
695 512 33 30 in
743 512 54 31 the
811 512 105 29 house.

149 587 127 38 Celeste,
300 586 54 29 the
380 582 225 42 all-pervading
627 582 206 39 functionary,
856 591 63 20 was

149 659 30 26 at
196 655 41 30 all
261 654 89 31 times
376 656 51 28 too
450 654 74 39 glad
548 654 56 28 not
628 654 32 28 to
675 652 39 30 be
740 651 179 31 summoned

148 725 79 29 from
241 725 55 28 her
311 724 106 30 lawful
440 721 172 32 dominions
634 720 33 31 in
689 721 53 30 the
757 723 68 28 vast
848 720 70 30 sub-

148 798 160 26 terranean
334 792 142 31 kitchens
503 792 34 30 of
564 792 53 29 the
644 801 74 19 once
745 791 98 40 grand
869 790 51 30 old

150 863 154 40 dwelhng,
322 863 61 29 and
405 862 79 30 from
509 862 56 29 her
586 860 134 31 Vevette
756 861 92 31 knew
866 861 53 31 she

148 943 63 20 was
226 932 70 30 safe.
342 930 149 41 Baptiste,
509 931 52 30 the
610 941 72 19 man
698 930 33 30 of
748 930 42 30 all

149 1012 62 20 was
237 1002 107 29 absent
358 1001 77 30 with
454 1001 51 29 the
532 999 144 41 carriage,
693 1000 61 30 and
777 1000 62 30 had
864 1002 57 38 put

151 1081 39 20 on
211 1070 48 30 his
282 1070 51 30 old
355 1069 100 41 livery
477 1072 33 27 to
530 1069 72 30 look
624 1068 63 30 like
703 1079 17 19 a
736 1070 163 29 coachman
912 1079 7 30 ;

148 1140 49 29 his
226 1140 79 38 wife,
331 1140 51 29 old
411 1140 132 38 Suzette,
566 1139 70 31 who
665 1149 64 20 was
759 1140 53 29 the
842 1143 79 27 most

150 1210 171 38 dangerous
335 1218 111 30 person
461 1208 34 30 of
512 1208 54 30 the
581 1208 54 39 lot,
653 1218 62 21 was
731 1208 143 41 weeding
888 1209 33 30 in

149 1278 52 30 the
217 1278 122 39 garden,
358 1278 61 29 and
434 1277 93 40 doing
543 1288 83 19 some
641 1278 87 30 work
743 1280 47 28 set
806 1281 54 27 out
875 1278 46 30 for

150 1349 55 28 her
234 1348 42 40 by
296 1348 56 29 her
378 1357 109 30 spouse
516 1346 34 31 in
575 1347 53 30 the
654 1347 159 30 artichoke
836 1348 83 29 beds.

151 1416 59 30 She
228 1427 62 20 was
316 1419 54 28 not
391 1420 31 27 to
449 1416 38 31 be
513 1420 54 36 got
593 1416 49 31 rid
669 1417 38 39 of,
734 1428 33 20 or
790 1418 112 30 eluded
913 1427 6 30 ;
