1019 1638
149 81 34 26 72

402 89 58 19 ALL
479 88 59 20 FOR
559 86 109 22 GREED.

147 177 64 30 The
223 176 116 31 uncle's
353 177 85 38 hard,
451 175 99 40 sharp,
563 171 205 33 vulture-like
785 171 136 31 features

146 258 80 19 were
255 249 54 28 not
338 245 189 42 reproduced
556 243 33 31 in
619 243 53 30 the
702 243 104 29 rather
832 240 90 32 weak

147 317 104 30 mould
273 316 33 31 in
332 316 102 32 which
459 315 89 31 those
575 314 34 30 of
630 313 54 30 the
706 312 133 40 nephew
860 311 62 30 had

146 387 79 30 been
248 389 72 28 cast.
367 386 64 29 The
458 385 51 30 old
534 383 98 31 man's
656 382 70 31 thin
756 381 60 41 lips
840 392 82 20 were

147 468 76 29 very
250 456 141 30 different
421 456 78 30 from
528 455 54 31 the
612 453 67 39 full,
708 453 63 38 red,
799 453 123 29 sensual

148 527 108 31 mouth
278 527 33 30 of
328 527 52 30 the
403 536 106 31 young
531 536 71 20 man
629 523 139 41 opposite
790 525 32 28 to
844 523 75 38 him,

148 597 60 30 and
244 596 49 30 his
328 595 140 40 piercing
505 606 72 29 eyes
614 593 118 41 utterly
770 593 150 31 outshone

148 664 159 31 Monsieur
337 664 162 31 Richard's
527 663 77 31 mild
634 663 73 31 blue
734 674 82 28 ones,
842 662 78 32 with

149 734 80 31 their
244 734 103 30 rather
361 744 110 29 vague,
489 733 181 40 wandering
685 733 134 40 glances.
853 732 66 31 One

148 804 91 40 thing
253 814 63 20 was
340 814 17 20 a
379 803 69 41 pity
461 813 7 30 ;
492 802 161 32 Monsieur
670 802 162 31 Richard's
848 812 71 31 eye-

148 874 59 30 lids
222 884 80 21 were
326 872 137 40 delicate,
482 874 61 30 and
566 883 94 31 every
675 883 71 22 now
761 873 61 30 and
844 872 76 31 then

148 947 53 37 got
223 944 152 39 inflamed,
393 944 102 31 which
515 944 74 30 took
604 944 78 29 from
697 944 54 29 the
766 943 153 40 pleasant-

146 1024 70 20 ness
232 1013 34 31 of
283 1013 49 31 his
355 1016 111 37 aspect,
484 1013 48 31 for
553 1013 39 31 he
614 1013 98 41 really
727 1023 64 21 was
818 1013 101 31 other-

146 1082 74 32 wise
250 1083 84 31 what
367 1093 72 30 may
468 1082 39 31 be
537 1083 119 31 termed
686 1082 231 41 good-looking.

147 1153 98 30 There
260 1163 71 29 was,
350 1152 27 30 if
395 1164 64 29 you
473 1153 74 40 will,
565 1164 18 19 a
604 1153 117 31 certain
741 1153 126 30 dulness
886 1152 34 31 in

146 1223 49 30 his
210 1223 46 30 air
267 1232 8 31 ;
300 1223 17 30 I
328 1223 95 31 won't
446 1233 54 31 say
515 1223 69 30 that
605 1223 40 30 he
665 1223 111 31 looked
795 1223 124 41 exactly

147 1292 112 41 stupid,
273 1293 58 30 but
345 1293 87 30 there
444 1303 62 21 was
522 1303 18 20 a
554 1293 78 31 total
647 1293 129 32 absence
792 1293 34 32 of
838 1293 81 41 light

146 1364 94 30 about
265 1363 74 29 him.
394 1363 73 30 You
494 1364 103 30 would
621 1375 96 20 swear
742 1364 69 30 that
833 1364 28 30 if
880 1364 39 30 he

145 1433 62 30 had
231 1433 79 30 been
333 1432 34 31 in
389 1433 54 30 the
462 1433 87 40 place
565 1433 34 31 of
615 1444 61 29 any
693 1434 34 30 of
747 1433 50 31 his
819 1434 100 30 elders
