1019 1638
170 125 53 26 244

420 133 58 20 ALL
497 132 58 21 FOR
574 130 106 22 GREED.

172 220 33 28 of
238 220 51 29 the
319 221 244 28 announcement
591 216 89 30 made
708 218 33 27 to
771 213 74 39 him,
878 212 60 31 and

171 289 129 40 nothing
326 289 33 30 in
383 288 49 30 his
461 297 127 21 manner
617 284 155 31 indicated
801 284 68 30 that
900 283 38 30 he

171 369 62 19 was
256 359 87 29 other
368 358 76 29 than
469 355 141 31 flattered
635 353 43 41 by
698 353 54 30 the
771 352 167 30 Vicomte's

171 428 166 30 behaviour
348 437 7 30 ;
378 427 55 38 for,
452 426 33 30 in
499 425 96 38 truth,
614 425 52 29 the
678 423 143 30 Vicomte
836 425 102 28 meant

172 501 31 27 to
228 497 38 30 be
292 496 198 40 particularly
516 494 86 38 kind,
629 493 118 38 affable,
778 493 60 29 and
868 502 70 20 con-

173 566 192 39 descending,
404 563 202 41 patronising,
642 574 71 29 nay,
721 581 43 4 —
774 573 77 20 even
887 573 51 29 pa-

172 635 106 29 ternal.

216 704 228 30 Mademoiselle
470 702 123 40 Felicie,
621 703 44 41 by
690 713 108 20 reason
828 702 34 31 of
887 702 53 30 the

172 775 99 41 thirty
286 775 96 41 years'
400 774 162 30 difference
586 773 33 30 of
638 784 56 29 age
708 773 142 31 between
871 773 68 29 her-

174 845 59 29 self
252 845 60 29 and
333 845 55 28 her
404 844 107 38 father,
531 854 61 20 saw
607 843 106 40 things
729 842 34 30 in
778 853 17 19 a
811 842 128 41 slightly

174 913 141 31 different
344 913 89 40 light,
465 913 60 30 ancl
555 922 63 22 was
644 912 67 41 just
748 912 125 39 capable
911 911 33 31 of

173 983 242 39 understanding
430 983 68 29 that
515 982 160 30 Monsieur
691 982 136 30 Richard
841 982 100 39 might

174 1052 37 29 be
238 1051 150 41 anything
410 1052 57 30 but
492 1052 142 30 flattered
658 1051 44 42 by
725 1052 57 30 her
807 1053 135 39 parent's

174 1121 124 40 naively
313 1123 233 37 contemptuous
561 1121 180 41 familiarity
752 1132 6 29 ;
776 1122 60 30 and
851 1122 91 31 when

174 1191 81 30 their
279 1190 108 31 visitor
409 1201 68 19 rose
502 1193 33 27 to
561 1201 47 30 go,
635 1192 53 29 she
712 1193 169 38 proceeded
910 1194 32 29 to

175 1271 17 19 a
216 1261 87 30 small
326 1260 161 31 side-table
507 1260 33 30 in
555 1261 53 30 the
623 1261 200 40 half-lighted
845 1263 95 30 draw-

174 1330 153 39 ing-room
353 1330 60 29 and
438 1330 94 29 asked
555 1330 65 30 him
646 1331 28 29 if
693 1331 40 30 he
759 1331 105 32 would
889 1334 55 29 not

174 1399 70 31 take
267 1409 17 20 a
307 1399 80 40 glass
412 1399 33 30 of
468 1410 57 19 eau
551 1410 113 20 sucree.
710 1401 91 40 Upon
823 1402 49 30 his
895 1413 47 19 ac-

176 1470 142 37 ceptance
351 1469 34 30 of
417 1469 68 30 that
521 1469 118 38 favour,
672 1470 53 31 she
755 1471 107 31 mixed
890 1472 54 30 the
