1019 1638
181 95 51 26 252

431 102 57 19 ALL
508 102 57 19 FOR
585 99 107 22 GREED.

180 190 131 39 nothing
324 190 38 29 be
382 190 77 29 done
471 188 15 30 ?
538 184 230 32 recommenced
790 181 159 32 Monsieur

181 259 142 39 Richard,
338 258 77 32 with
430 268 18 19 a
456 257 77 30 kind
543 256 34 30 of
588 254 91 31 timid
689 262 169 31 eagerness,
873 251 76 30 after

180 339 17 18 a
213 329 111 28 silence
340 328 34 29 of
393 338 17 19 a
425 327 59 30 few
499 327 160 29 moments.

425 395 135 41 rejoined
584 393 160 31 Monsieur
770 393 38 30 de
831 391 104 31 Veran

180 477 79 18 cour.

256 535 124 38 Indeed,
397 534 26 30 it
438 534 26 30 is
478 533 77 30 hard
575 536 31 27 to
737 531 137 41 rejoined
893 531 53 30 the

179 605 88 28 other
283 604 86 39 sadly
381 613 6 29 ;
444 603 58 29 but
518 601 103 41 surely
637 600 26 31 it
677 600 104 31 would
799 599 39 31 be
852 599 94 40 possi-

178 674 50 30 ble
243 677 32 27 to
289 673 66 30 find
376 683 81 20 some
480 671 135 41 remedy.
660 670 168 41 Anything
842 670 104 30 would

179 743 38 30 be
232 742 168 39 preferable
416 743 32 28 to
463 742 53 29 the
532 743 123 38 present

258 812 17 30 I
313 811 110 31 should
459 810 92 31 think
587 810 26 30 it
648 809 112 39 would,
789 809 111 30 indeed
912 809 7 30 !

181 881 136 30 retorted
330 880 129 39 bitterly
475 879 159 30 Monsieur
650 880 37 29 de
702 879 188 30 Verancour.

376 949 57 31 but
433 968 43 3 —
539 949 167 40 suggested
745 948 205 40 hesitatingly

180 1019 159 30 Monsieur
354 1018 143 38 Richard,
653 1028 39 19 no
709 1017 87 30 other
814 1017 80 40 parti
913 1017 37 30 be

460 1155 85 30 cried
576 1156 53 29 the
659 1155 151 30 Vicomte.

179 1236 62 31 you
263 1225 100 41 fancy,
385 1235 53 30 my
464 1224 122 41 worthy
616 1224 161 31 Monsieur
807 1224 143 38 Richard,

181 1295 68 30 that
273 1294 160 30 husbands
459 1294 46 30 for
536 1294 159 30 discarded
724 1305 106 30 young
859 1294 96 30 ladies

182 1374 50 20 are
256 1366 33 28 to
312 1363 39 31 be
367 1363 96 31 found
489 1363 43 41 by
559 1363 127 40 beating
710 1363 54 30 the
790 1364 103 30 woods
908 1363 46 31 for

182 1433 96 38 them,
307 1433 61 29 and
397 1433 69 29 that
494 1433 76 38 they
600 1442 85 20 come
714 1442 34 21 as
778 1433 110 30 snakes
918 1433 37 29 do
