1019 1638
136 71 33 26 88

386 81 58 19 ALL
463 81 58 19 FOR
540 79 108 21 GREED.

137 167 271 39 Chateaubreville,
434 178 63 30 you
524 167 77 29 shall
629 176 101 29 marry
756 166 64 38 her,
845 165 59 29 and

135 237 90 30 when
253 248 62 29 you
345 248 51 19 are
426 236 167 31 somewhat
623 245 72 21 over
724 235 83 40 forty
843 244 61 31 you

134 306 64 31 will
213 306 113 31 inherit
342 307 40 30 all
397 317 53 30 my
465 305 121 39 wealth,
605 305 38 30 be
667 315 17 19 a
703 314 199 29 persoimage,

136 377 16 28 I
182 377 55 29 tell
271 387 63 29 you
364 376 98 40 again,
495 376 61 29 and
589 386 103 29 marry
728 385 78 30 your
837 385 67 20 own

135 448 164 39 daughters
330 449 30 27 to
386 446 154 40 penniless
570 444 169 41 marquises
767 455 33 20 or
828 454 76 21 even

135 516 104 39 dukes,
258 516 27 30 if
296 527 62 29 you

209 586 50 29 Oh
271 586 6 30 !
301 586 97 37 uncle,
416 586 90 29 uncle
576 585 108 38 sighed
700 584 49 30 his
764 585 137 38 nephew.

177 651 65 29 The
268 653 206 27 countenance
500 650 34 30 of
557 651 50 29 old
634 650 132 30 Prevost
792 650 112 30 under-

134 722 83 28 went
238 730 18 19 a
278 719 95 39 slight
388 719 125 39 change.
559 719 142 39 Looking
724 719 180 40 steadfastly

136 792 30 26 at
189 788 158 30 Monsieur
373 788 142 39 Richard,
518 807 43 3 —
562 788 127 40 looking
715 791 31 27 at
772 788 74 40 him,
872 799 32 19 as

134 858 25 30 it
185 868 87 28 were,
297 858 136 39 through
458 858 61 30 and
544 858 145 39 through,
717 858 40 30 he
783 857 75 41 said,
862 878 42 2 —

137 928 81 29 "I'll
243 928 55 29 tell
327 938 63 30 you
415 928 83 30 what
526 938 63 30 you
618 927 93 30 think
736 928 104 31 would
866 928 38 30 be

131 998 65 41 just
222 998 59 30 and
303 1008 117 30 proper.
465 998 73 30 You
563 997 92 31 think
680 998 69 30 that
774 998 130 30 because

133 1078 62 30 you
220 1078 51 19 are
300 1078 106 30 young
431 1078 62 30 you
520 1068 98 39 ought
646 1070 32 28 to
704 1067 39 31 be
772 1067 70 31 able
872 1071 32 27 to

134 1136 107 41 satisfy
261 1137 41 29 all
323 1147 79 30 your
422 1136 113 30 desires
546 1146 6 30 ;
577 1148 63 29 you
661 1138 105 31 would
787 1137 63 30 Uke
871 1140 33 28 to

133 1206 77 30 have
232 1206 54 29 the
307 1205 133 40 position
463 1206 17 29 I
501 1216 56 20 can
579 1205 72 41 give
673 1217 72 30 you,
768 1208 61 29 and
851 1207 53 30 the

133 1286 119 20 woman
274 1286 62 30 you
358 1276 108 30 choose
488 1278 32 28 to
543 1277 101 40 fancy,
669 1277 121 31 besides
803 1287 8 30 ;
842 1288 62 30 you

133 1345 103 31 would
258 1344 62 31 like
339 1355 53 31 my
408 1345 143 41 earnings
567 1347 61 29 and
650 1357 79 30 your
745 1358 70 21 own
829 1348 74 30 will.

133 1415 59 38 No,
216 1425 49 28 no,
291 1415 142 40 Richard,
458 1426 63 30 you
546 1420 84 27 must
656 1427 61 30 pay
739 1420 51 28 too
804 1427 7 30 ;
842 1428 62 29 you
