1019 1638
313 113 69 22 LESS
402 114 84 22 THAN
506 115 22 20 A
546 116 111 23 SQUIRE.

808 111 49 25 171

101 199 74 36 cate,
192 198 143 40 required
351 201 78 39 good
447 201 98 40 hving
560 202 59 29 and
639 202 143 39 exercise,
799 204 60 29 and

98 267 54 29 the
166 267 61 31 bad
246 268 100 41 hving
360 270 60 31 and
441 270 148 31 seclusion
605 272 33 29 of
655 272 52 29 the
728 276 130 26 convent

101 335 96 32 killed
219 338 63 29 her.
329 339 58 29 She
409 343 82 28 went
513 343 54 27 out
585 339 61 31 like
662 351 17 19 a
694 340 89 40 lamp,
801 342 58 29 and

101 416 33 19 as
163 417 39 19 no
233 417 56 20 one
318 409 116 30 around
462 409 55 30 her
550 409 88 30 could
674 411 185 29 understand

101 475 81 41 why,
201 476 53 29 she
276 487 70 29 was,
366 488 38 19 on
423 478 52 29 the
491 478 106 39 whole,
617 479 102 30 rather
740 479 119 30 blamed

101 544 76 30 than
191 544 105 39 pitied.

143 613 68 30 Her
228 615 118 30 mother
366 616 146 30 mourned
534 616 32 30 in
588 616 110 30 sUence
721 627 70 19 over
805 617 53 29 her

101 682 69 39 loss,
188 684 69 38 and,
274 687 32 27 at
324 684 53 30 the
399 685 59 30 end
480 685 34 30 of
534 695 16 20 a
575 686 105 40 couple
706 686 33 29 of
760 696 96 30 years,

101 746 71 30 died
193 747 71 30 also.
310 747 88 39 Died,
416 751 53 27 not
492 748 71 40 only
584 749 33 30 of
638 748 148 41 grieving,
803 749 55 30 but

99 816 130 30 because
257 816 34 31 in
316 817 52 30 the
395 818 72 39 dull,
490 818 180 40 weakening
695 821 163 37 monotony

100 886 34 29 of
153 896 38 19 an
213 886 154 30 existence
390 886 114 30 carried
524 897 39 19 on
577 888 97 28 under
694 888 74 28 such
788 898 68 18 con-

99 953 113 30 ditions
248 964 32 19 as
309 954 87 30 those
426 954 34 30 of
486 955 53 29 the
567 955 143 30 Morville
740 955 114 40 family,

97 1018 85 29 there
212 1028 50 19 are
287 1029 40 19 no
350 1018 230 30 reserve-forces
605 1018 127 30 created.
789 1018 66 29 Life

95 1087 27 30 is
151 1097 93 20 never
272 1086 201 41 replenished,
500 1087 59 30 and
588 1087 89 31 when
706 1087 53 30 the
788 1097 65 30 par-

95 1156 109 30 ticular
219 1166 120 20 sources
360 1156 33 29 of
409 1156 123 40 vitahty
547 1156 34 30 of
598 1167 55 19 one
669 1156 95 40 epoch
777 1156 76 31 have

94 1224 78 31 been
198 1224 132 40 drained,
353 1225 86 30 there
461 1224 26 31 is
509 1235 39 20 no
571 1225 123 40 general
716 1225 137 30 fountain

94 1294 34 30 of
153 1293 53 30 life
230 1294 78 29 from
333 1293 101 31 which
459 1295 32 28 to
517 1293 118 31 borrow
656 1294 53 29 the
731 1293 122 40 vitality

92 1362 143 41 required
259 1363 47 30 for
331 1374 18 19 a
374 1362 83 30 fresh
482 1362 113 40 period.
641 1362 97 30 There
764 1361 26 31 is
814 1372 39 20 no

91 1432 246 30 transformation
367 1432 33 29 of
426 1432 148 37 strength,
606 1431 60 29 and
694 1440 71 20 men
793 1430 60 30 and
