1019 1638
265 82 63 20 THE
348 82 158 20 MARRIAGE
526 82 139 20 PORTION.

817 77 33 24 33

84 166 69 30 that
181 167 61 30 had
271 168 80 30 been
379 168 152 40 promised
556 168 65 30 him
644 169 43 40 by
712 169 140 30 Madame

85 236 87 38 Jean,
190 237 69 29 who
274 248 64 20 was
361 238 172 40 graciously
547 238 123 39 pleased
688 238 116 29 herself
821 241 31 27 to

85 305 161 31 introduce
271 306 66 31 him
362 307 66 30 into
453 307 53 30 the
530 318 81 19 same
636 317 84 20 room
743 318 39 19 on
800 307 53 30 the

86 376 158 30 first-floor
270 376 33 30 in
326 376 102 31 which
451 387 46 20 we
526 376 79 30 have
631 376 123 40 already
777 376 76 30 been

86 446 89 29 made
205 445 184 40 acquainted
418 445 77 30 with
523 446 53 29 the
601 448 113 27 master
743 445 34 30 of
802 445 51 30 the

86 514 105 29 house.

131 583 74 30 This
235 593 85 20 room
348 593 64 20 was
440 582 118 30 Martin
587 582 156 30 Prevost's
772 592 82 19 sanc-

87 654 101 37 tuary.
244 652 39 28 In
313 652 24 29 it
362 662 81 20 were
469 651 169 30 assembled
662 652 53 28 the
741 651 114 29 several

88 721 114 40 objects
228 720 33 30 of
280 720 49 30 his
350 721 118 30 dearest
491 731 75 23 care,
570 740 42 2 —
612 720 49 30 his
683 730 171 29 correspon-

88 790 103 38 dence,
209 790 49 28 his
274 790 245 38 account-books,
538 790 59 28 and
611 790 48 29 his
676 790 69 29 safe.
777 790 78 28 That

87 869 82 19 same
193 858 94 30 caisse
312 858 37 29 de
376 861 101 27 surete
501 868 62 20 was
589 857 93 30 about
706 857 52 30 the
782 857 72 40 only

86 927 170 29 indication
279 927 67 29 that
369 926 159 30 Monsieur
544 926 128 30 Prevost
698 925 61 30 had
784 935 71 20 ever

86 999 128 29 allowed
229 997 127 31 himself
372 1000 31 28 to
426 997 95 30 afford
543 1000 31 27 to
589 997 52 30 the
657 1000 86 27 outer
758 996 95 31 world

86 1067 33 30 of
141 1066 49 30 his
213 1066 100 30 riches
324 1076 6 29 ;
366 1066 68 39 and,
460 1066 163 39 naturally,
642 1066 125 39 legends
792 1065 61 29 had

83 1135 93 31 taken
192 1135 26 30 it
240 1135 46 30 for
301 1134 81 31 their
396 1134 82 31 basis
493 1134 33 30 in
547 1134 53 30 the
615 1134 80 30 little
710 1134 95 31 world
821 1134 33 29 of

792 1178 12 13 »

83 1205 28 29 D
201 1228 5 6 .
254 1204 31 30 It
314 1204 61 29 had
405 1214 84 19 come
518 1203 41 30 all
588 1203 52 30 the
670 1214 68 29 way
772 1203 76 29 from

81 1274 96 37 Paris,
196 1274 60 30 and
270 1273 142 31 fabulous
435 1283 82 20 sums
533 1283 78 21 were
627 1272 174 30 mentioned
816 1282 32 20 as

80 1343 40 31 its
147 1343 91 40 price.
290 1342 73 30 This
390 1342 155 40 infinitely
569 1342 140 39 annoyed
732 1340 116 30 Martin

80 1414 143 36 Prevost,
236 1413 60 29 and
308 1412 27 30 if
347 1413 38 29 he
399 1411 89 31 could
499 1411 78 30 have
589 1411 74 39 kept
677 1410 49 30 his
737 1409 111 31 wealth

122 1487 67 20 VOL.
208 1487 20 20 I.
489 1485 17 19 D
