<?xml version="1.0" encoding="UTF-8"?>
<alto xmlns:xsi="http://www.w3.org/2001/XMLSchema-instance" xsi:noNamespaceSchemaLocation="http://www.bl.uk/schemas/alto/alto-1-4.xsd" xmlns:xlink="http://www.w3.org/1999/xlink">
	<Description>
		<MeasurementUnit>mm10</MeasurementUnit>
		<sourceImageInformation>
			<fileName>//head1/IN/2007-46/A0010904365.1/000130.jp2</fileName>
		</sourceImageInformation>
		<OCRProcessing ID="OCRPROCESSING_1">
			<preProcessingStep>
				<processingSoftware>
					<softwareCreator>CCS Content Conversion Specialists GmbH, Germany</softwareCreator>
					<softwareName>CCS docWORKS</softwareName>
					<softwareVersion>6.1-0.62</softwareVersion>
				</processingSoftware>
			</preProcessingStep>
			<ocrProcessingStep>
				<processingSoftware>
					<softwareCreator>ABBYY (BIT Software), Russia</softwareCreator>
					<softwareName>Finereader</softwareName>
				</processingSoftware>
			</ocrProcessingStep>
		</OCRProcessing>
	</Description>
	<Styles>
		<TextStyle ID="TXT_0" FONTSIZE="11" FONTFAMILY="Courier New"/>
		<TextStyle ID="TXT_1" FONTSIZE="9" FONTFAMILY="Courier New"/>
		<ParagraphStyle ID="PAR_LEFT" ALIGN="Left"/>
		<ParagraphStyle ID="PAR_CENTER" ALIGN="Center"/>
		<ParagraphStyle ID="PAR_RIGHT" ALIGN="Right"/>
	</Styles>
	<Layout>
		<Page ID="P116" PHYSICAL_IMG_NR="116" HEIGHT="1638" WIDTH="1019" PRINTED_IMG_NR="98" POSITION="Left" ACCURACY="69.94">
			<TopMargin ID="P116_TM00001" HPOS="0" VPOS="0" WIDTH="1019" HEIGHT="103">
				<TextBlock ID="P116_TB00001" HPOS="130" VPOS="75" WIDTH="35" HEIGHT="26" STYLEREFS="TXT_0 PAR_LEFT">
					<TextLine ID="P116_TL00001" HPOS="130" VPOS="75" WIDTH="35" HEIGHT="26">
						<String ID="P116_ST00001" HPOS="130" VPOS="75" WIDTH="35" HEIGHT="26" CONTENT="98" WC="1.00" CC="00"/>
					</TextLine>
				</TextBlock>
				<TextBlock ID="P116_TB00002" HPOS="379" VPOS="82" WIDTH="262" HEIGHT="21" STYLEREFS="TXT_1 PAR_CENTER">
					<TextLine ID="P116_TL00002" HPOS="380" VPOS="83" WIDTH="261" HEIGHT="20">
						<String ID="P116_ST00002" HPOS="380" VPOS="84" WIDTH="57" HEIGHT="19" CONTENT="ALL" WC="0.77" CC="600"/>
						<SP ID="P116_SP00001" HPOS="437" VPOS="103" WIDTH="21"/>
						<String ID="P116_ST00003" HPOS="458" VPOS="84" WIDTH="56" HEIGHT="19" CONTENT="FOR" WC="0.34" CC="765"/>
						<SP ID="P116_SP00002" HPOS="514" VPOS="103" WIDTH="20"/>
						<String ID="P116_ST00004" HPOS="534" VPOS="83" WIDTH="107" HEIGHT="20" CONTENT="GREED." WC="0.68" CC="460060"/>
					</TextLine>
				</TextBlock>
			</TopMargin>
			<LeftMargin ID="P116_LM00001" HPOS="0" VPOS="103" WIDTH="127" HEIGHT="1356"/>
			<RightMargin ID="P116_RM00001" HPOS="900" VPOS="103" WIDTH="119" HEIGHT="1356"/>
			<BottomMargin ID="P116_BM00001" HPOS="0" VPOS="1459" WIDTH="1019" HEIGHT="179"/>
			<PrintSpace ID="P116_PS00001" HPOS="127" VPOS="103" WIDTH="773" HEIGHT="1356">
				<TextBlock ID="P116_TB00003" HPOS="127" VPOS="167" WIDTH="773" HEIGHT="1222" STYLEREFS="TXT_1 PAR_LEFT">
					<TextLine ID="P116_TL00003" HPOS="171" VPOS="168" WIDTH="727" HEIGHT="40">
						<String ID="P116_ST00005" HPOS="171" VPOS="170" WIDTH="168" HEIGHT="31" CONTENT="Whatever" WC="0.75" CC="07610004"/>
						<SP ID="P116_SP00003" HPOS="339" VPOS="201" WIDTH="21"/>
						<String ID="P116_ST00006" HPOS="360" VPOS="171" WIDTH="55" HEIGHT="29" CONTENT="her" WC="0.52" CC="706"/>
						<SP ID="P116_SP00004" HPOS="415" VPOS="201" WIDTH="23"/>
						<String ID="P116_ST00007" HPOS="438" VPOS="171" WIDTH="87" HEIGHT="29" CONTENT="other" WC="0.65" CC="06702"/>
						<SP ID="P116_SP00005" HPOS="525" VPOS="201" WIDTH="15"/>
						<String ID="P116_ST00008" HPOS="540" VPOS="170" WIDTH="102" HEIGHT="38" CONTENT="faults," WC="0.69" CC="0065063"/>
						<SP ID="P116_SP00006" HPOS="642" VPOS="208" WIDTH="20"/>
						<String ID="P116_ST00009" HPOS="662" VPOS="169" WIDTH="141" HEIGHT="29" CONTENT="Madame" WC="0.92" CC="040000"/>
						<SP ID="P116_SP00007" HPOS="803" VPOS="208" WIDTH="16"/>
						<String ID="P116_ST00010" HPOS="819" VPOS="168" WIDTH="79" HEIGHT="30" CONTENT="Jean" WC="0.83" CC="0006"/>
					</TextLine>
					<TextLine ID="P116_TL00004" HPOS="128" VPOS="238" WIDTH="767" HEIGHT="42">
						<String ID="P116_ST00011" HPOS="128" VPOS="240" WIDTH="61" HEIGHT="30" CONTENT="had" WC="0.62" CC="703"/>
						<SP ID="P116_SP00008" HPOS="189" VPOS="270" WIDTH="25"/>
						<String ID="P116_ST00012" HPOS="214" VPOS="241" WIDTH="41" HEIGHT="29" CONTENT="aU" WC="0.77" CC="04"/>
						<SP ID="P116_SP00009" HPOS="255" VPOS="270" WIDTH="25"/>
						<String ID="P116_ST00013" HPOS="280" VPOS="241" WIDTH="52" HEIGHT="29" CONTENT="the" WC="0.71" CC="170"/>
						<SP ID="P116_SP00010" HPOS="332" VPOS="270" WIDTH="22"/>
						<String ID="P116_ST00014" HPOS="354" VPOS="240" WIDTH="189" HEIGHT="40" CONTENT="helpfulness" WC="0.70" CC="71000037056"/>
						<SP ID="P116_SP00011" HPOS="543" VPOS="280" WIDTH="17"/>
						<String ID="P116_ST00015" HPOS="560" VPOS="239" WIDTH="34" HEIGHT="31" CONTENT="of" WC="1.00" CC="00"/>
						<SP ID="P116_SP00012" HPOS="594" VPOS="280" WIDTH="19"/>
						<String ID="P116_ST00016" HPOS="613" VPOS="249" WIDTH="17" HEIGHT="20" CONTENT="a" WC="1.00" CC="0"/>
						<SP ID="P116_SP00013" HPOS="630" VPOS="280" WIDTH="16"/>
						<String ID="P116_ST00017" HPOS="646" VPOS="238" WIDTH="249" HEIGHT="37" CONTENT="Frenchwoman," WC="0.60" CC="740727900080"/>
					</TextLine>
					<TextLine ID="P116_TL00005" HPOS="128" VPOS="307" WIDTH="770" HEIGHT="41">
						<String ID="P116_ST00018" HPOS="128" VPOS="310" WIDTH="67" HEIGHT="38" CONTENT="and," WC="0.55" CC="6704"/>
						<SP ID="P116_SP00014" HPOS="195" VPOS="348" WIDTH="32"/>
						<String ID="P116_ST00019" HPOS="227" VPOS="310" WIDTH="61" HEIGHT="30" CONTENT="had" WC="0.76" CC="700"/>
						<SP ID="P116_SP00015" HPOS="288" VPOS="348" WIDTH="35"/>
						<String ID="P116_ST00020" HPOS="323" VPOS="310" WIDTH="26" HEIGHT="30" CONTENT="it" WC="1.00" CC="00"/>
						<SP ID="P116_SP00016" HPOS="349" VPOS="348" WIDTH="28"/>
						<String ID="P116_ST00021" HPOS="377" VPOS="312" WIDTH="55" HEIGHT="28" CONTENT="not" WC="0.63" CC="604"/>
						<SP ID="P116_SP00017" HPOS="432" VPOS="348" WIDTH="28"/>
						<String ID="P116_ST00022" HPOS="460" VPOS="309" WIDTH="78" HEIGHT="30" CONTENT="been" WC="0.65" CC="7007"/>
						<SP ID="P116_SP00018" HPOS="538" VPOS="348" WIDTH="30"/>
						<String ID="P116_ST00023" HPOS="568" VPOS="309" WIDTH="46" HEIGHT="29" CONTENT="for" WC="0.86" CC="004"/>
						<SP ID="P116_SP00019" HPOS="614" VPOS="348" WIDTH="29"/>
						<String ID="P116_ST00024" HPOS="643" VPOS="309" WIDTH="56" HEIGHT="29" CONTENT="her" WC="0.63" CC="702"/>
						<SP ID="P116_SP00020" HPOS="699" VPOS="348" WIDTH="37"/>
						<String ID="P116_ST00025" HPOS="736" VPOS="318" WIDTH="67" HEIGHT="19" CONTENT="care" WC="0.73" CC="1063"/>
						<SP ID="P116_SP00021" HPOS="803" VPOS="348" WIDTH="34"/>
						<String ID="P116_ST00026" HPOS="837" VPOS="307" WIDTH="61" HEIGHT="29" CONTENT="and" WC="0.75" CC="070"/>
					</TextLine>
					<TextLine ID="P116_TL00006" HPOS="128" VPOS="377" WIDTH="769" HEIGHT="43">
						<String ID="P116_ST00027" HPOS="128" VPOS="379" WIDTH="127" HEIGHT="41" CONTENT="activity" WC="0.94" CC="04000000"/>
						<SP ID="P116_SP00022" HPOS="255" VPOS="420" WIDTH="26"/>
						<String ID="P116_ST00028" HPOS="281" VPOS="381" WIDTH="60" HEIGHT="29" CONTENT="and" WC="0.77" CC="060"/>
						<SP ID="P116_SP00023" HPOS="341" VPOS="420" WIDTH="22"/>
						<String ID="P116_ST00029" HPOS="363" VPOS="390" WIDTH="94" HEIGHT="28" CONTENT="sense," WC="0.66" CC="507303"/>
						<SP ID="P116_SP00024" HPOS="457" VPOS="420" WIDTH="18"/>
						<String ID="P116_ST00030" HPOS="475" VPOS="390" WIDTH="74" HEIGHT="29" CONTENT="poor" WC="0.82" CC="0016"/>
						<SP ID="P116_SP00025" HPOS="549" VPOS="420" WIDTH="26"/>
						<String ID="P116_ST00031" HPOS="575" VPOS="378" WIDTH="160" HEIGHT="30" CONTENT="Monsieur" WC="0.67" CC="00665070"/>
						<SP ID="P116_SP00026" HPOS="735" VPOS="420" WIDTH="28"/>
						<String ID="P116_ST00032" HPOS="763" VPOS="377" WIDTH="134" HEIGHT="31" CONTENT="Richard" WC="0.64" CC="7207070"/>
					</TextLine>
					<TextLine ID="P116_TL00007" HPOS="127" VPOS="447" WIDTH="770" HEIGHT="42">
						<String ID="P116_ST00033" HPOS="127" VPOS="451" WIDTH="102" HEIGHT="29" CONTENT="would" WC="0.38" CC="90749"/>
						<SP ID="P116_SP00027" HPOS="229" VPOS="480" WIDTH="28"/>
						<String ID="P116_ST00034" HPOS="257" VPOS="450" WIDTH="77" HEIGHT="30" CONTENT="have" WC="0.81" CC="7000"/>
						<SP ID="P116_SP00028" HPOS="334" VPOS="480" WIDTH="27"/>
						<String ID="P116_ST00035" HPOS="361" VPOS="449" WIDTH="79" HEIGHT="39" CONTENT="died," WC="0.82" CC="04004"/>
						<SP ID="P116_SP00029" HPOS="440" VPOS="488" WIDTH="30"/>
						<String ID="P116_ST00036" HPOS="470" VPOS="460" WIDTH="33" HEIGHT="20" CONTENT="or" WC="0.76" CC="04"/>
						<SP ID="P116_SP00030" HPOS="503" VPOS="488" WIDTH="26"/>
						<String ID="P116_ST00037" HPOS="529" VPOS="459" WIDTH="78" HEIGHT="30" CONTENT="gone" WC="0.78" CC="0170"/>
						<SP ID="P116_SP00031" HPOS="607" VPOS="489" WIDTH="27"/>
						<String ID="P116_ST00038" HPOS="634" VPOS="449" WIDTH="79" HEIGHT="38" CONTENT="mad," WC="0.93" CC="0002"/>
						<SP ID="P116_SP00032" HPOS="713" VPOS="489" WIDTH="27"/>
						<String ID="P116_ST00039" HPOS="740" VPOS="448" WIDTH="78" HEIGHT="30" CONTENT="from" WC="1.00" CC="0000"/>
						<SP ID="P116_SP00033" HPOS="818" VPOS="489" WIDTH="25"/>
						<String ID="P116_ST00040" HPOS="843" VPOS="447" WIDTH="54" HEIGHT="30" CONTENT="the" WC="0.61" CC="074"/>
					</TextLine>
					<TextLine ID="P116_TL00008" HPOS="128" VPOS="516" WIDTH="769" HEIGHT="33">
						<String ID="P116_ST00041" HPOS="128" VPOS="519" WIDTH="88" HEIGHT="30" CONTENT="effect" WC="0.90" CC="000032"/>
						<SP ID="P116_SP00034" HPOS="216" VPOS="549" WIDTH="28"/>
						<String ID="P116_ST00042" HPOS="244" VPOS="519" WIDTH="33" HEIGHT="30" CONTENT="of" WC="0.98" CC="00"/>
						<SP ID="P116_SP00035" HPOS="277" VPOS="549" WIDTH="26"/>
						<String ID="P116_ST00043" HPOS="303" VPOS="519" WIDTH="47" HEIGHT="29" CONTENT="his" WC="0.39" CC="746"/>
						<SP ID="P116_SP00036" HPOS="350" VPOS="549" WIDTH="30"/>
						<String ID="P116_ST00044" HPOS="380" VPOS="519" WIDTH="116" HEIGHT="29" CONTENT="uncle's" WC="0.64" CC="7713005"/>
						<SP ID="P116_SP00037" HPOS="496" VPOS="549" WIDTH="30"/>
						<String ID="P116_ST00045" HPOS="526" VPOS="519" WIDTH="119" HEIGHT="29" CONTENT="sudden" WC="0.42" CC="677507"/>
						<SP ID="P116_SP00038" HPOS="645" VPOS="549" WIDTH="33"/>
						<String ID="P116_ST00046" HPOS="678" VPOS="518" WIDTH="60" HEIGHT="29" CONTENT="and" WC="0.75" CC="070"/>
						<SP ID="P116_SP00039" HPOS="738" VPOS="549" WIDTH="32"/>
						<String ID="P116_ST00047" HPOS="770" VPOS="516" WIDTH="127" HEIGHT="30" CONTENT="terrible" WC="0.59" CC="40670760"/>
					</TextLine>
					<TextLine ID="P116_TL00009" HPOS="128" VPOS="588" WIDTH="769" HEIGHT="38">
						<String ID="P116_ST00048" HPOS="128" VPOS="589" WIDTH="99" HEIGHT="29" CONTENT="death." WC="0.74" CC="800070"/>
						<SP ID="P116_SP00040" HPOS="227" VPOS="618" WIDTH="65"/>
						<String ID="P116_ST00049" HPOS="292" VPOS="589" WIDTH="133" HEIGHT="29" CONTENT="Richard" WC="0.46" CC="7367066"/>
						<SP ID="P116_SP00041" HPOS="425" VPOS="618" WIDTH="34"/>
						<String ID="P116_ST00050" HPOS="459" VPOS="589" WIDTH="129" HEIGHT="29" CONTENT="Prevost" WC="0.66" CC="7505050"/>
						<SP ID="P116_SP00042" HPOS="588" VPOS="618" WIDTH="24"/>
						<String ID="P116_ST00051" HPOS="612" VPOS="599" WIDTH="62" HEIGHT="20" CONTENT="was" WC="0.80" CC="005"/>
						<SP ID="P116_SP00043" HPOS="674" VPOS="619" WIDTH="27"/>
						<String ID="P116_ST00052" HPOS="701" VPOS="599" WIDTH="40" HEIGHT="19" CONTENT="no" WC="0.42" CC="64"/>
						<SP ID="P116_SP00044" HPOS="741" VPOS="619" WIDTH="27"/>
						<String ID="P116_ST00053" HPOS="768" VPOS="588" WIDTH="83" HEIGHT="38" CONTENT="hero," WC="0.69" CC="70304"/>
						<String ID="P116_ST00054" HPOS="854" VPOS="607" WIDTH="43" HEIGHT="2" CONTENT="—" WC="0.20" CC="8"/>
					</TextLine>
					<TextLine ID="P116_TL00010" HPOS="128" VPOS="657" WIDTH="766" HEIGHT="41">
						<String ID="P116_ST00055" HPOS="128" VPOS="657" WIDTH="66" HEIGHT="30" CONTENT="that" WC="0.50" CC="2754"/>
						<SP ID="P116_SP00045" HPOS="194" VPOS="687" WIDTH="15"/>
						<String ID="P116_ST00056" HPOS="209" VPOS="657" WIDTH="52" HEIGHT="30" CONTENT="the" WC="0.75" CC="070"/>
						<SP ID="P116_SP00046" HPOS="261" VPOS="687" WIDTH="26"/>
						<String ID="P116_ST00057" HPOS="287" VPOS="657" WIDTH="106" HEIGHT="30" CONTENT="reader" WC="0.82" CC="320005"/>
						<SP ID="P116_SP00047" HPOS="393" VPOS="687" WIDTH="22"/>
						<String ID="P116_ST00058" HPOS="415" VPOS="657" WIDTH="133" HEIGHT="41" CONTENT="scarcely" WC="0.79" CC="62060000"/>
						<SP ID="P116_SP00048" HPOS="548" VPOS="698" WIDTH="16"/>
						<String ID="P116_ST00059" HPOS="564" VPOS="657" WIDTH="138" HEIGHT="39" CONTENT="requires" WC="0.70" CC="70070405"/>
						<SP ID="P116_SP00049" HPOS="702" VPOS="698" WIDTH="16"/>
						<String ID="P116_ST00060" HPOS="718" VPOS="660" WIDTH="31" HEIGHT="27" CONTENT="to" WC="0.94" CC="01"/>
						<SP ID="P116_SP00050" HPOS="749" VPOS="698" WIDTH="15"/>
						<String ID="P116_ST00061" HPOS="764" VPOS="657" WIDTH="39" HEIGHT="29" CONTENT="be" WC="0.63" CC="70"/>
						<SP ID="P116_SP00051" HPOS="803" VPOS="698" WIDTH="15"/>
						<String ID="P116_ST00062" HPOS="818" VPOS="657" WIDTH="76" HEIGHT="38" CONTENT="told," WC="0.79" CC="04302"/>
					</TextLine>
					<TextLine ID="P116_TL00011" HPOS="128" VPOS="726" WIDTH="770" HEIGHT="41">
						<String ID="P116_ST00063" HPOS="128" VPOS="746" WIDTH="42" HEIGHT="4" CONTENT="—" WC="0.20" CC="8"/>
						<String ID="P116_ST00064" HPOS="171" VPOS="728" WIDTH="60" HEIGHT="29" CONTENT="and" WC="0.75" CC="070"/>
						<SP ID="P116_SP00052" HPOS="231" VPOS="757" WIDTH="30"/>
						<String ID="P116_ST00065" HPOS="261" VPOS="727" WIDTH="82" HEIGHT="30" CONTENT="since" WC="0.71" CC="60700"/>
						<SP ID="P116_SP00053" HPOS="343" VPOS="757" WIDTH="33"/>
						<String ID="P116_ST00066" HPOS="376" VPOS="727" WIDTH="24" HEIGHT="30" CONTENT="it" WC="0.67" CC="60"/>
						<SP ID="P116_SP00054" HPOS="400" VPOS="757" WIDTH="36"/>
						<String ID="P116_ST00067" HPOS="436" VPOS="738" WIDTH="62" HEIGHT="20" CONTENT="was" WC="0.25" CC="975"/>
						<SP ID="P116_SP00055" HPOS="498" VPOS="758" WIDTH="25"/>
						<String ID="P116_ST00068" HPOS="523" VPOS="728" WIDTH="115" HEIGHT="39" CONTENT="proved" WC="0.78" CC="060006"/>
						<SP ID="P116_SP00056" HPOS="638" VPOS="767" WIDTH="36"/>
						<String ID="P116_ST00069" HPOS="674" VPOS="729" WIDTH="33" HEIGHT="28" CONTENT="to" WC="1.00" CC="00"/>
						<SP ID="P116_SP00057" HPOS="707" VPOS="767" WIDTH="33"/>
						<String ID="P116_ST00070" HPOS="740" VPOS="726" WIDTH="65" HEIGHT="30" CONTENT="him" WC="0.69" CC="710"/>
						<SP ID="P116_SP00058" HPOS="805" VPOS="767" WIDTH="24"/>
						<String ID="P116_ST00071" HPOS="829" VPOS="727" WIDTH="69" HEIGHT="29" CONTENT="that" WC="0.81" CC="0700"/>
					</TextLine>
					<TextLine ID="P116_TL00012" HPOS="130" VPOS="795" WIDTH="767" HEIGHT="32">
						<String ID="P116_ST00072" HPOS="130" VPOS="797" WIDTH="53" HEIGHT="30" CONTENT="the" WC="0.60" CC="470"/>
						<SP ID="P116_SP00059" HPOS="183" VPOS="827" WIDTH="28"/>
						<String ID="P116_ST00073" HPOS="211" VPOS="796" WIDTH="95" HEIGHT="30" CONTENT="house" WC="0.54" CC="71760"/>
						<SP ID="P116_SP00060" HPOS="306" VPOS="827" WIDTH="29"/>
						<String ID="P116_ST00074" HPOS="335" VPOS="796" WIDTH="39" HEIGHT="30" CONTENT="he" WC="0.62" CC="70"/>
						<SP ID="P116_SP00061" HPOS="374" VPOS="827" WIDTH="20"/>
						<String ID="P116_ST00075" HPOS="394" VPOS="795" WIDTH="159" HEIGHT="31" CONTENT="inhabited" WC="0.48" CC="477665007"/>
						<SP ID="P116_SP00062" HPOS="553" VPOS="827" WIDTH="28"/>
						<String ID="P116_ST00076" HPOS="581" VPOS="796" WIDTH="61" HEIGHT="30" CONTENT="had" WC="0.75" CC="700"/>
						<SP ID="P116_SP00063" HPOS="642" VPOS="827" WIDTH="29"/>
						<String ID="P116_ST00077" HPOS="671" VPOS="796" WIDTH="79" HEIGHT="30" CONTENT="been" WC="0.65" CC="7006"/>
						<SP ID="P116_SP00064" HPOS="750" VPOS="827" WIDTH="29"/>
						<String ID="P116_ST00078" HPOS="779" VPOS="796" WIDTH="118" HEIGHT="30" CONTENT="broken" WC="0.62" CC="750305"/>
					</TextLine>
					<TextLine ID="P116_TL00013" HPOS="128" VPOS="865" WIDTH="769" HEIGHT="40">
						<String ID="P116_ST00079" HPOS="128" VPOS="866" WIDTH="74" HEIGHT="39" CONTENT="into," WC="0.57" CC="57404"/>
						<SP ID="P116_SP00065" HPOS="202" VPOS="905" WIDTH="25"/>
						<String ID="P116_ST00080" HPOS="227" VPOS="866" WIDTH="68" HEIGHT="29" CONTENT="that" WC="0.60" CC="0743"/>
						<SP ID="P116_SP00066" HPOS="295" VPOS="905" WIDTH="26"/>
						<String ID="P116_ST00081" HPOS="321" VPOS="876" WIDTH="39" HEIGHT="19" CONTENT="an" WC="0.64" CC="07"/>
						<SP ID="P116_SP00067" HPOS="360" VPOS="905" WIDTH="25"/>
						<String ID="P116_ST00082" HPOS="385" VPOS="865" WIDTH="130" HEIGHT="30" CONTENT="assassin" WC="0.51" CC="07637635"/>
						<SP ID="P116_SP00068" HPOS="515" VPOS="905" WIDTH="26"/>
						<String ID="P116_ST00083" HPOS="541" VPOS="866" WIDTH="61" HEIGHT="28" CONTENT="had" WC="0.48" CC="707"/>
						<SP ID="P116_SP00069" HPOS="602" VPOS="905" WIDTH="26"/>
						<String ID="P116_ST00084" HPOS="628" VPOS="866" WIDTH="135" HEIGHT="39" CONTENT="actually" WC="0.86" CC="00360000"/>
						<SP ID="P116_SP00070" HPOS="763" VPOS="905" WIDTH="24"/>
						<String ID="P116_ST00085" HPOS="787" VPOS="866" WIDTH="110" HEIGHT="39" CONTENT="passed" WC="0.62" CC="906600"/>
					</TextLine>
					<TextLine ID="P116_TL00014" HPOS="129" VPOS="933" WIDTH="768" HEIGHT="31">
						<String ID="P116_ST00086" HPOS="129" VPOS="934" WIDTH="103" HEIGHT="30" CONTENT="before" WC="0.80" CC="500060"/>
						<SP ID="P116_SP00071" HPOS="232" VPOS="964" WIDTH="24"/>
						<String ID="P116_ST00087" HPOS="256" VPOS="934" WIDTH="53" HEIGHT="30" CONTENT="the" WC="0.75" CC="070"/>
						<SP ID="P116_SP00072" HPOS="309" VPOS="964" WIDTH="24"/>
						<String ID="P116_ST00088" HPOS="333" VPOS="934" WIDTH="72" HEIGHT="30" CONTENT="door" WC="0.77" CC="0404"/>
						<SP ID="P116_SP00073" HPOS="405" VPOS="964" WIDTH="27"/>
						<String ID="P116_ST00089" HPOS="432" VPOS="933" WIDTH="33" HEIGHT="30" CONTENT="of" WC="0.84" CC="30"/>
						<SP ID="P116_SP00074" HPOS="465" VPOS="964" WIDTH="22"/>
						<String ID="P116_ST00090" HPOS="487" VPOS="933" WIDTH="52" HEIGHT="30" CONTENT="the" WC="0.56" CC="570"/>
						<SP ID="P116_SP00075" HPOS="539" VPOS="964" WIDTH="25"/>
						<String ID="P116_ST00091" HPOS="564" VPOS="944" WIDTH="84" HEIGHT="19" CONTENT="room" WC="0.84" CC="6000"/>
						<SP ID="P116_SP00076" HPOS="648" VPOS="964" WIDTH="26"/>
						<String ID="P116_ST00092" HPOS="674" VPOS="933" WIDTH="34" HEIGHT="31" CONTENT="in" WC="0.63" CC="07"/>
						<SP ID="P116_SP00077" HPOS="708" VPOS="964" WIDTH="25"/>
						<String ID="P116_ST00093" HPOS="733" VPOS="934" WIDTH="102" HEIGHT="30" CONTENT="which" WC="0.52" CC="07447"/>
						<SP ID="P116_SP00078" HPOS="835" VPOS="964" WIDTH="23"/>
						<String ID="P116_ST00094" HPOS="858" VPOS="934" WIDTH="39" HEIGHT="30" CONTENT="he" WC="0.68" CC="60"/>
					</TextLine>
					<TextLine ID="P116_TL00015" HPOS="130" VPOS="1003" WIDTH="768" HEIGHT="40">
						<String ID="P116_ST00095" HPOS="130" VPOS="1004" WIDTH="86" HEIGHT="39" CONTENT="slept," WC="0.84" CC="510001"/>
						<SP ID="P116_SP00079" HPOS="216" VPOS="1043" WIDTH="29"/>
						<String ID="P116_ST00096" HPOS="245" VPOS="1003" WIDTH="32" HEIGHT="29" CONTENT="in" WC="0.66" CC="06"/>
						<SP ID="P116_SP00080" HPOS="277" VPOS="1043" WIDTH="27"/>
						<String ID="P116_ST00097" HPOS="304" VPOS="1004" WIDTH="87" HEIGHT="29" CONTENT="order" WC="0.69" CC="56003"/>
						<SP ID="P116_SP00081" HPOS="391" VPOS="1043" WIDTH="24"/>
						<String ID="P116_ST00098" HPOS="415" VPOS="1005" WIDTH="32" HEIGHT="28" CONTENT="to" WC="0.76" CC="04"/>
						<SP ID="P116_SP00082" HPOS="447" VPOS="1043" WIDTH="27"/>
						<String ID="P116_ST00099" HPOS="474" VPOS="1014" WIDTH="87" HEIGHT="29" CONTENT="creep" WC="0.89" CC="03020"/>
						<SP ID="P116_SP00083" HPOS="561" VPOS="1043" WIDTH="22"/>
						<String ID="P116_ST00100" HPOS="583" VPOS="1015" WIDTH="42" HEIGHT="28" CONTENT="up" WC="0.63" CC="70"/>
						<SP ID="P116_SP00084" HPOS="625" VPOS="1043" WIDTH="23"/>
						<String ID="P116_ST00101" HPOS="648" VPOS="1004" WIDTH="54" HEIGHT="29" CONTENT="the" WC="0.57" CC="570"/>
						<SP ID="P116_SP00085" HPOS="702" VPOS="1043" WIDTH="23"/>
						<String ID="P116_ST00102" HPOS="725" VPOS="1004" WIDTH="89" HEIGHT="30" CONTENT="stairs" WC="0.61" CC="530066"/>
						<SP ID="P116_SP00086" HPOS="814" VPOS="1043" WIDTH="23"/>
						<String ID="P116_ST00103" HPOS="837" VPOS="1004" WIDTH="61" HEIGHT="30" CONTENT="and" WC="0.76" CC="070"/>
					</TextLine>
					<TextLine ID="P116_TL00016" HPOS="130" VPOS="1072" WIDTH="768" HEIGHT="43">
						<String ID="P116_ST00104" HPOS="130" VPOS="1076" WIDTH="86" HEIGHT="27" CONTENT="enter" WC="0.78" CC="07003"/>
						<SP ID="P116_SP00087" HPOS="216" VPOS="1103" WIDTH="13"/>
						<String ID="P116_ST00105" HPOS="229" VPOS="1072" WIDTH="48" HEIGHT="31" CONTENT="his" WC="0.47" CC="717"/>
						<SP ID="P116_SP00088" HPOS="277" VPOS="1103" WIDTH="16"/>
						<String ID="P116_ST00106" HPOS="293" VPOS="1073" WIDTH="115" HEIGHT="30" CONTENT="uncle's" WC="0.65" CC="7640006"/>
						<SP ID="P116_SP00089" HPOS="408" VPOS="1103" WIDTH="21"/>
						<String ID="P116_ST00107" HPOS="429" VPOS="1083" WIDTH="84" HEIGHT="20" CONTENT="room" WC="0.64" CC="6304"/>
						<SP ID="P116_SP00090" HPOS="513" VPOS="1103" WIDTH="23"/>
						<String ID="P116_ST00108" HPOS="536" VPOS="1073" WIDTH="210" HEIGHT="42" CONTENT="immediately" WC="0.85" CC="00000306050"/>
						<SP ID="P116_SP00091" HPOS="746" VPOS="1115" WIDTH="16"/>
						<String ID="P116_ST00109" HPOS="762" VPOS="1084" WIDTH="73" HEIGHT="20" CONTENT="over" WC="0.83" CC="1005"/>
						<SP ID="P116_SP00092" HPOS="835" VPOS="1115" WIDTH="14"/>
						<String ID="P116_ST00110" HPOS="849" VPOS="1074" WIDTH="49" HEIGHT="30" CONTENT="his" WC="0.54" CC="435"/>
					</TextLine>
					<TextLine ID="P116_TL00017" HPOS="129" VPOS="1142" WIDTH="770" HEIGHT="40">
						<String ID="P116_ST00111" HPOS="129" VPOS="1143" WIDTH="87" HEIGHT="38" CONTENT="head," WC="0.75" CC="71003"/>
						<SP ID="P116_SP00093" HPOS="216" VPOS="1181" WIDTH="28"/>
						<String ID="P116_ST00112" HPOS="244" VPOS="1142" WIDTH="52" HEIGHT="29" CONTENT="the" WC="0.75" CC="070"/>
						<SP ID="P116_SP00094" HPOS="296" VPOS="1181" WIDTH="25"/>
						<String ID="P116_ST00113" HPOS="321" VPOS="1142" WIDTH="197" HEIGHT="30" CONTENT="unfortunate" WC="0.49" CC="78756077050"/>
						<SP ID="P116_SP00095" HPOS="518" VPOS="1181" WIDTH="26"/>
						<String ID="P116_ST00114" HPOS="544" VPOS="1153" WIDTH="105" HEIGHT="29" CONTENT="young" WC="0.70" CC="00770"/>
						<SP ID="P116_SP00096" HPOS="649" VPOS="1182" WIDTH="31"/>
						<String ID="P116_ST00115" HPOS="680" VPOS="1154" WIDTH="72" HEIGHT="18" CONTENT="man" WC="0.76" CC="007"/>
						<SP ID="P116_SP00097" HPOS="752" VPOS="1182" WIDTH="26"/>
						<String ID="P116_ST00116" HPOS="778" VPOS="1144" WIDTH="121" HEIGHT="30" CONTENT="seemed" WC="0.83" CC="600030"/>
					</TextLine>
					<TextLine ID="P116_TL00018" HPOS="131" VPOS="1210" WIDTH="769" HEIGHT="43">
						<String ID="P116_ST00117" HPOS="131" VPOS="1211" WIDTH="155" HEIGHT="40" CONTENT="possessed" WC="0.66" CC="027606600"/>
						<SP ID="P116_SP00098" HPOS="286" VPOS="1251" WIDTH="24"/>
						<String ID="P116_ST00118" HPOS="310" VPOS="1211" WIDTH="43" HEIGHT="40" CONTENT="by" WC="0.63" CC="70"/>
						<SP ID="P116_SP00099" HPOS="353" VPOS="1251" WIDTH="20"/>
						<String ID="P116_ST00119" HPOS="373" VPOS="1210" WIDTH="53" HEIGHT="31" CONTENT="the" WC="0.74" CC="070"/>
						<SP ID="P116_SP00100" HPOS="426" VPOS="1251" WIDTH="22"/>
						<String ID="P116_ST00120" HPOS="448" VPOS="1210" WIDTH="68" HEIGHT="31" CONTENT="idea" WC="1.00" CC="0000"/>
						<SP ID="P116_SP00101" HPOS="516" VPOS="1251" WIDTH="21"/>
						<String ID="P116_ST00121" HPOS="537" VPOS="1212" WIDTH="69" HEIGHT="30" CONTENT="that" WC="0.68" CC="5700"/>
						<SP ID="P116_SP00102" HPOS="606" VPOS="1251" WIDTH="21"/>
						<String ID="P116_ST00122" HPOS="627" VPOS="1212" WIDTH="53" HEIGHT="30" CONTENT="the" WC="0.75" CC="070"/>
						<SP ID="P116_SP00103" HPOS="680" VPOS="1251" WIDTH="23"/>
						<String ID="P116_ST00123" HPOS="703" VPOS="1222" WIDTH="82" HEIGHT="20" CONTENT="same" WC="0.85" CC="6000"/>
						<SP ID="P116_SP00104" HPOS="785" VPOS="1251" WIDTH="22"/>
						<String ID="P116_ST00124" HPOS="807" VPOS="1213" WIDTH="93" HEIGHT="40" CONTENT="thing" WC="0.64" CC="07370"/>
					</TextLine>
					<TextLine ID="P116_TL00019" HPOS="132" VPOS="1280" WIDTH="768" HEIGHT="41">
						<String ID="P116_ST00125" HPOS="132" VPOS="1280" WIDTH="99" HEIGHT="39" CONTENT="might" WC="0.78" CC="00370"/>
						<SP ID="P116_SP00105" HPOS="231" VPOS="1319" WIDTH="25"/>
						<String ID="P116_ST00126" HPOS="256" VPOS="1280" WIDTH="120" HEIGHT="39" CONTENT="happen" WC="0.60" CC="709015"/>
						<SP ID="P116_SP00106" HPOS="376" VPOS="1319" WIDTH="23"/>
						<String ID="P116_ST00127" HPOS="399" VPOS="1280" WIDTH="90" HEIGHT="39" CONTENT="again" WC="0.54" CC="08427"/>
						<SP ID="P116_SP00107" HPOS="489" VPOS="1319" WIDTH="23"/>
						<String ID="P116_ST00128" HPOS="512" VPOS="1291" WIDTH="60" HEIGHT="30" CONTENT="any" WC="0.75" CC="070"/>
						<SP ID="P116_SP00108" HPOS="572" VPOS="1321" WIDTH="17"/>
						<String ID="P116_ST00129" HPOS="589" VPOS="1281" WIDTH="68" HEIGHT="40" CONTENT="day," WC="0.70" CC="8003"/>
						<SP ID="P116_SP00109" HPOS="657" VPOS="1321" WIDTH="19"/>
						<String ID="P116_ST00130" HPOS="676" VPOS="1282" WIDTH="60" HEIGHT="29" CONTENT="and" WC="0.76" CC="070"/>
						<SP ID="P116_SP00110" HPOS="736" VPOS="1321" WIDTH="26"/>
						<String ID="P116_ST00131" HPOS="762" VPOS="1282" WIDTH="69" HEIGHT="30" CONTENT="that" WC="0.67" CC="2703"/>
						<SP ID="P116_SP00111" HPOS="831" VPOS="1321" WIDTH="15"/>
						<String ID="P116_ST00132" HPOS="846" VPOS="1282" WIDTH="54" HEIGHT="31" CONTENT="the" WC="0.39" CC="377"/>
					</TextLine>
					<TextLine ID="P116_TL00020" HPOS="132" VPOS="1348" WIDTH="701" HEIGHT="41">
						<String ID="P116_ST00133" HPOS="132" VPOS="1352" WIDTH="76" HEIGHT="27" CONTENT="next" WC="0.46" CC="6095"/>
						<SP ID="P116_SP00112" HPOS="208" VPOS="1379" WIDTH="15"/>
						<String ID="P116_ST00134" HPOS="223" VPOS="1348" WIDTH="106" HEIGHT="32" CONTENT="victim" WC="0.73" CC="606020"/>
						<SP ID="P116_SP00113" HPOS="329" VPOS="1380" WIDTH="14"/>
						<String ID="P116_ST00135" HPOS="343" VPOS="1349" WIDTH="103" HEIGHT="31" CONTENT="would" WC="0.74" CC="00705"/>
						<SP ID="P116_SP00114" HPOS="446" VPOS="1380" WIDTH="14"/>
						<String ID="P116_ST00136" HPOS="460" VPOS="1349" WIDTH="171" HEIGHT="40" CONTENT="inevitably" WC="0.77" CC="0700520700"/>
						<SP ID="P116_SP00115" HPOS="631" VPOS="1389" WIDTH="16"/>
						<String ID="P116_ST00137" HPOS="647" VPOS="1350" WIDTH="38" HEIGHT="30" CONTENT="be" WC="0.63" CC="70"/>
						<SP ID="P116_SP00116" HPOS="685" VPOS="1389" WIDTH="15"/>
						<String ID="P116_ST00138" HPOS="700" VPOS="1350" WIDTH="133" HEIGHT="31" CONTENT="himself." WC="0.68" CC="73060421"/>
					</TextLine>
				</TextBlock>
				<TextBlock ID="P116_TB00004" HPOS="177" VPOS="1418" WIDTH="723" HEIGHT="41" STYLEREFS="TXT_1 PAR_RIGHT">
					<TextLine ID="P116_TL00021" HPOS="178" VPOS="1419" WIDTH="722" HEIGHT="40">
						<String ID="P116_ST00139" HPOS="178" VPOS="1419" WIDTH="99" HEIGHT="29" CONTENT='"You' WC="0.56" CC="4507"/>
						<SP ID="P116_SP00117" HPOS="277" VPOS="1448" WIDTH="16"/>
						<String ID="P116_ST00140" HPOS="293" VPOS="1419" WIDTH="84" HEIGHT="29" CONTENT="don't" WC="0.88" CC="00600"/>
						<SP ID="P116_SP00118" HPOS="377" VPOS="1448" WIDTH="16"/>
						<String ID="P116_ST00141" HPOS="393" VPOS="1421" WIDTH="109" HEIGHT="37" CONTENT="expect" WC="0.86" CC="000035"/>
						<SP ID="P116_SP00119" HPOS="502" VPOS="1458" WIDTH="21"/>
						<String ID="P116_ST00142" HPOS="523" VPOS="1430" WIDTH="48" HEIGHT="19" CONTENT="me" WC="1.00" CC="00"/>
						<SP ID="P116_SP00120" HPOS="571" VPOS="1458" WIDTH="15"/>
						<String ID="P116_ST00143" HPOS="586" VPOS="1422" WIDTH="33" HEIGHT="27" CONTENT="to" WC="1.00" CC="00"/>
						<SP ID="P116_SP00121" HPOS="619" VPOS="1458" WIDTH="16"/>
						<String ID="P116_ST00144" HPOS="635" VPOS="1430" WIDTH="84" HEIGHT="20" CONTENT="come" WC="0.96" CC="1000"/>
						<SP ID="P116_SP00122" HPOS="719" VPOS="1458" WIDTH="16"/>
						<String ID="P116_ST00145" HPOS="735" VPOS="1421" WIDTH="60" HEIGHT="30" CONTENT="and" WC="0.51" CC="077"/>
						<SP ID="P116_SP00123" HPOS="795" VPOS="1458" WIDTH="23"/>
						<String ID="P116_ST00146" HPOS="818" VPOS="1421" WIDTH="82" HEIGHT="38" CONTENT="sleep" WC="0.79" CC="64000"/>
					</TextLine>
				</TextBlock>
			</PrintSpace>
		</Page>
	</Layout>
</alto>
