1019 1638
159 99 50 25 134

406 105 58 21 ALL
484 105 57 21 FOR
561 103 106 23 GREED.

200 193 63 29 The
279 202 105 31 young
406 202 71 19 man
496 200 83 21 came
602 189 80 30 close
705 190 32 27 to
757 186 52 30 the
829 189 93 27 trem-

158 262 86 40 bling
266 261 68 41 girl,
359 262 60 29 and
445 260 72 31 took
544 269 56 20 one
629 257 34 30 of
685 257 56 29 her
766 255 98 30 hands
891 254 33 30 in

157 332 56 38 his,
237 332 102 31 which
362 330 180 40 apparently
565 326 156 32 increased
747 326 56 29 her
829 325 95 29 alarm

157 401 124 30 tenfold.
548 396 129 41 pleaded
699 395 48 38 he,
770 393 151 41 tenderly,

191 481 46 20 we
252 470 77 29 have
346 480 16 18 a
377 468 99 31 whole
490 467 79 30 hour
589 469 31 27 to
642 464 164 31 ourselves.
851 463 74 29 You

158 538 64 31 will
243 541 53 27 not
318 537 38 31 be
379 536 149 40 expected
549 536 89 28 home
660 533 105 31 before
788 532 58 39 six,
865 532 60 30 and

158 607 24 30 it
204 608 55 28 has
279 609 56 27 not
356 608 54 38 yet
433 604 106 31 struck
560 604 69 30 five.
675 603 80 31 Now
777 602 93 31 hsten
892 605 32 27 to

158 687 57 27 me,
430 674 60 30 and
515 674 40 30 he
582 674 83 30 drew
691 673 96 30 closer
812 675 32 27 to
870 672 55 30 her

159 746 64 29 side
236 755 7 30 ;
300 746 86 29 there
412 755 71 30 may
505 744 39 30 be
566 754 17 19 a
610 742 116 31 certain
752 743 116 39 danger
892 741 34 31 in

158 814 121 40 talking
304 814 80 38 here,
413 824 32 20 as
471 823 47 21 we
540 823 52 20 are
613 823 70 20 now
706 812 95 40 doing
814 822 7 29 ;
852 812 25 30 it
899 812 27 30 is

159 885 54 27 not
235 883 96 40 likely
346 883 67 29 that
436 893 61 30 any
513 892 56 20 one
589 881 66 31 will
677 892 70 30 pass
767 881 63 31 this
845 892 79 31 way,

160 951 102 31 which
290 951 83 30 leads
403 951 73 40 only
502 951 78 30 from
606 961 79 30 your
711 954 71 37 gate
811 954 32 27 to
873 951 53 31 the

161 1022 132 37 church,-
293 1039 36 4 —
331 1021 64 30 still
412 1021 27 29 it
453 1021 26 29 is
495 1021 110 30 within
621 1021 175 40 possibihty
809 1030 7 30 ;
839 1021 87 29 there

160 1091 64 30 will
246 1091 37 30 be
305 1101 39 19 no
368 1091 114 39 danger
504 1094 31 27 at
557 1091 43 30 aU
622 1090 27 30 if
668 1101 63 30 you
753 1090 65 31 will
842 1101 84 20 come

161 1160 89 30 down
269 1170 32 19 as
321 1160 46 29 far
386 1170 32 19 as
438 1160 53 29 the
506 1160 151 39 Pavilion,
675 1160 61 30 and
757 1160 44 30 let
823 1171 48 19 me
887 1171 39 30 go

160 1229 32 29 in
208 1229 84 30 there
307 1228 77 31 with

203 1298 65 29 The
284 1298 59 39 girl
359 1298 182 29 shuddered.
617 1298 72 30 Into
704 1298 54 31 the
773 1299 152 40 Pavilion,

349 1368 52 29 she
440 1367 179 31 exclaimed.
846 1370 83 30 what

162 1437 101 29 would
292 1437 123 30 become
445 1437 34 30 of
501 1448 46 29 us,
579 1437 28 31 if
769 1440 53 29 she
848 1440 80 30 hesi-
