1019 1638
237 60 77 20 POOR
332 60 155 21 MONSIEUR
505 54 157 27 RICHARD'S
681 61 114 20 RICHES.

861 54 35 26 93

133 143 131 33 Prevost
275 155 7 30 ;
305 148 69 38 and,
392 148 136 31 whether
550 148 73 39 they
638 147 68 29 who
733 148 161 28 conversed

133 224 79 19 were
238 219 141 35 peasants
410 228 33 19 or
476 217 207 39 shopkeepers,
709 226 63 30 you
794 217 100 30 would

133 283 78 31 have
227 284 77 30 been
321 287 123 39 equally
459 286 181 38 astonished,
657 285 61 29 had
732 295 62 30 you
810 295 83 19 over-

133 353 94 30 heard
249 354 93 39 them,
360 358 32 27 to
414 358 70 27 note
506 355 52 30 the
574 353 228 41 extraordinary
818 353 76 39 apti-

133 423 73 29 tude
238 423 33 29 of
304 424 41 29 all
381 425 46 29 for
456 425 52 29 the
537 424 156 39 discharge
729 424 33 29 of
795 424 99 29 duties

132 491 214 41 appertaining
370 496 33 27 to
426 493 52 30 the
503 492 104 40 pohce.
661 492 84 30 Each
769 502 78 28 man,
852 512 41 2 —

131 560 69 39 and,
218 560 47 30 for
280 561 68 30 that
362 564 118 35 matter,
498 562 72 29 each
585 572 126 28 woman,
729 563 58 36 too,
790 580 43 3 —
834 562 58 28 had

131 629 48 30 his
204 640 34 20 or
263 630 55 30 her
335 630 107 31 notion
464 630 92 31 about
577 631 52 29 the
652 630 163 38 murderer,
833 630 60 30 and

131 710 62 19 was
219 700 52 29 the
298 699 141 30 inventor
464 700 33 29 of
519 710 17 18 a
560 702 67 36 trap
658 699 33 29 in
713 699 101 30 which
840 699 51 29 the

130 767 138 31 criminal
304 772 83 27 must
423 768 37 30 be
497 767 153 41 infallibly
679 768 122 39 caught,
832 768 59 29 and

128 838 110 38 which,
264 848 39 19 on
332 838 52 29 the
414 840 67 37 part
512 837 33 30 of
570 837 52 30 the
652 837 65 30 said
739 837 148 37 inventor,

125 906 114 39 proved
263 916 17 19 a
305 905 143 39 wiliness,
475 916 18 18 a
519 905 94 39 depth
639 905 34 29 of
698 905 188 38 calculation,

124 976 59 29 and
199 986 39 19 an
253 975 126 30 instinct
395 975 34 30 of
446 975 52 30 the
521 985 140 20 manners
676 975 60 30 and
759 985 84 31 ways
859 975 33 30 of

122 1045 101 39 crime,
241 1046 69 29 that
325 1055 33 20 so
380 1045 46 30 far
448 1055 32 20 as
502 1045 52 30 the
577 1045 95 30 moral
688 1044 154 31 condition
858 1045 33 30 of

121 1115 62 30 this
210 1115 83 30 rural
322 1115 179 39 population
530 1126 61 19 was
622 1115 174 39 concerned,
825 1126 62 19 was

122 1187 55 27 not
201 1184 146 39 pleasant.
403 1184 65 30 The
492 1183 115 31 officers
630 1184 33 30 of
682 1183 111 41 justice
814 1184 72 39 only

123 1253 122 29 seemed
260 1252 98 40 gifted
372 1253 77 29 with
470 1255 69 28 true
561 1252 241 30 administrative
818 1253 66 28 dul-

122 1333 79 27 ness,
228 1322 61 30 and
311 1322 54 29 the
387 1332 120 29 process
533 1323 33 29 of
855 1332 31 19 as

122 1393 26 31 it
174 1392 26 31 is
226 1391 105 37 called,
358 1390 129 38 elicited,
514 1402 33 18 as
570 1391 25 29 it
621 1391 136 37 dragged
783 1400 39 19 on
846 1389 40 30 its
