1019 1638
138 101 54 26 176

377 109 57 20 ALL
453 109 59 20 FOR
531 107 108 22 GREED.

137 197 77 30 have
244 196 64 30 said
337 197 68 29 that
434 195 28 29 if
488 194 51 30 old
568 191 144 32 Morville
739 190 103 31 would
868 201 32 19 or

137 266 89 30 could
242 266 38 30 do
294 264 130 41 nothing
439 264 46 30 for
500 263 48 30 his
571 272 63 28 son,
651 261 40 30 he
706 260 104 31 would
828 260 72 40 help

137 335 61 27 him
215 335 162 31 whenever
391 335 39 28 he
445 331 145 40 required
603 329 81 41 help.

180 405 64 29 The
268 403 145 31 tradition
439 402 33 30 in
498 401 59 30 and
582 400 94 31 about
697 399 30 30 D
827 408 72 29 was,

137 475 67 30 that
218 473 140 31 Madame
374 473 38 30 de
427 471 146 30 Morville
588 470 61 30 had
665 479 74 21 once
754 468 148 31 rendered

137 554 18 19 a
184 545 85 38 great
299 541 114 31 service
442 543 32 28 to
505 540 50 30 old
584 539 157 31 Prevost's
772 538 127 39 mother,

137 612 90 31 when
250 611 141 30 Madame
420 611 37 29 de
484 609 144 30 Morville
655 607 117 31 herself
796 617 63 21 was
885 617 18 20 a

137 690 105 31 young
257 679 130 31 married
397 689 127 28 woman,
540 678 60 31 and
614 678 141 30 Madame
772 677 130 30 Prevost

137 761 39 20 an
192 750 77 40 aged
284 760 64 28 one,
366 749 110 31 within
490 751 61 28 two
568 758 87 30 years
677 747 33 30 of
728 747 56 29 her
799 747 100 29 death.

138 819 158 30 Monsieur
317 819 29 29 le
363 818 78 30 Cure
464 817 92 31 knew
571 817 41 30 all
634 816 94 31 about
750 815 33 39 it,
802 816 60 30 and
877 815 25 31 it

141 899 59 21 was
224 887 150 40 supposed
399 887 68 30 that
492 886 117 30 Martin
635 886 131 30 Prevost
793 885 52 30 did
870 896 32 19 so

138 960 59 27 too.
236 957 44 29 At
295 956 41 30 all
351 958 115 36 events,
484 955 48 30 his
547 955 101 40 liking
663 955 47 30 for
725 954 100 31 Raoul
839 965 63 21 was

140 1037 16 19 a
179 1027 68 29 fact.
293 1025 60 31 Old
375 1025 153 39 Morville,
554 1036 32 19 so
609 1025 46 29 far
681 1025 80 30 from
787 1025 116 39 feeling

138 1096 110 39 kindly
263 1096 130 29 towards
408 1094 117 30 Martin
540 1095 138 39 Prevost,
695 1094 72 30 held
785 1094 48 30 his
855 1095 47 29 in-

141 1164 144 31 clination
307 1164 45 30 for
374 1164 52 29 the
448 1163 62 41 boy
524 1167 32 27 to
579 1163 38 31 be
633 1174 17 19 a
672 1163 131 40 positive
818 1163 86 41 piece

141 1235 33 29 of
199 1232 217 41 presumption,
448 1233 60 29 and
538 1233 141 40 formally
706 1233 124 30 forbade
855 1233 49 30 his

142 1313 54 20 son
210 1312 70 20 ever
302 1304 31 28 to
357 1301 144 31 associate
516 1301 77 31 with
615 1301 135 31 Richard
764 1302 139 31 Prevost.

142 1371 138 30 Admiral
304 1371 37 29 de
365 1370 152 39 MorviUe,
543 1371 69 30 who
634 1382 63 19 was
722 1382 17 19 a
763 1372 141 39 sensible,

142 1439 142 40 practical
298 1450 79 29 man,
396 1439 59 30 and
476 1439 61 31 had
558 1439 119 32 rubbed
692 1441 44 30 off
755 1442 52 30 the
823 1445 83 27 crust
