1019 1638
373 108 63 20 THE
454 108 120 20 LOVERS.

808 102 49 25 143

99 189 155 42 spiration,
308 193 15 30 I
339 193 65 31 wUl
429 194 129 40 promise
573 205 62 31 you
657 198 32 27 to
711 195 70 30 take
807 196 51 29 the

99 259 62 31 ved
183 262 104 30 rather
308 263 76 29 than
403 274 101 30 marry
519 274 61 30 any
596 275 55 19 one
667 264 68 30 else.
781 264 77 31 That

100 329 16 29 I
133 340 55 19 can
205 331 46 37 do,
265 332 62 30 and
342 332 67 31 that
425 333 17 30 I
457 332 64 31 wiU

176 400 81 30 Poor
408 402 134 40 rejoined
556 402 54 30 her
624 402 84 31 lover
720 402 139 41 gravely;

134 469 61 30 and
217 480 32 20 so
265 470 86 31 work
365 474 54 27 out
440 471 53 30 the
509 471 112 41 misery
636 473 60 28 and
718 472 91 30 death
831 473 31 28 of

100 536 77 32 both
201 539 140 39 yourself
363 540 60 28 and
448 550 56 19 me.
549 540 73 29 And
647 540 62 30 this
735 540 26 30 is
779 540 83 31 what

101 606 75 40 they
192 607 57 29 call
265 607 145 40 religious
425 607 143 40 teaching
581 608 7 30 !
632 609 79 30 Now
725 608 92 31 listen
830 612 32 27 to

102 685 57 28 me,
381 677 60 29 and
470 677 38 29 he
533 679 57 37 put
614 677 76 30 both
714 677 48 30 his
784 688 78 19 arms

102 744 99 29 round
216 744 63 29 her.

178 813 93 30 Hush
335 813 170 40 whispered
527 813 61 38 she,
613 813 148 40 breaking
786 814 75 30 from

102 882 64 28 him
188 882 159 40 hurriedly
359 891 8 30 ;
423 882 86 29 there
531 882 27 29 is
576 892 80 19 some
673 893 56 19 one
743 882 118 39 coming

103 951 89 31 down
206 950 53 31 the
273 951 75 38 path
362 950 63 31 this
440 961 68 28 way
522 960 7 29 ;
552 961 46 20 we
613 961 50 19 are
678 950 58 31 lost

250 1019 86 38 calm,
554 1018 65 30 said
648 1019 106 38 Raoul,
786 1019 75 30 with

100 1088 158 41 authority
268 1098 8 29 ;
365 1087 65 32 will
451 1087 72 31 hide
537 1087 114 41 myself
662 1087 85 30 there
762 1087 33 30 in
809 1088 52 30 the

100 1157 77 30 dark
192 1157 101 30 closet.
340 1157 87 40 Open
447 1157 52 29 the
515 1157 73 29 door
603 1157 129 40 directly
745 1166 6 30 ;
782 1160 79 26 meet

100 1226 142 31 whoever
271 1225 24 30 it
324 1225 27 30 is
376 1225 77 31 with
478 1236 168 27 assurance,
674 1226 61 29 and
757 1228 51 38 try
829 1229 32 27 to

100 1297 83 29 draw
198 1295 85 30 them
298 1305 87 28 away
399 1294 78 30 from
492 1295 52 29 the

142 1364 134 32 Vevette
302 1363 116 40 obeyed
447 1363 218 40 mechanicaUy
678 1373 7 29 ;
718 1363 73 30 took
820 1374 40 28 up

99 1436 55 30 her
178 1435 115 38 garden
315 1434 61 38 hat,
395 1432 116 40 opened
531 1432 53 30 the
605 1432 80 39 glass
704 1432 81 38 door,
802 1433 58 29 and
