1019 1638
182 99 49 25 130

430 105 58 20 ALL
506 104 58 21 FOR
583 102 107 22 GREED.

180 193 54 39 ful,
261 192 134 40 refined;
423 202 94 30 every
538 189 183 38 movement,
747 198 93 29 every
862 186 81 38 look,

180 272 61 21 was
266 262 92 30 feline
371 271 7 30 ;
410 262 68 37 and,
504 270 73 20 once
603 259 33 29 in
661 258 56 30 her
743 257 201 40 atmosphere,

179 343 62 29 you
266 342 79 20 were
370 329 199 41 magnetised.
627 327 60 30 She
715 326 146 40 occupied
887 326 60 30 and

180 401 147 30 attracted
356 410 62 30 you
447 398 195 39 incessantly,
667 396 101 30 raised
797 396 41 30 all
868 406 79 30 your

181 470 155 39 curiosity,
359 469 59 29 and
443 478 95 19 never
563 466 47 30 for
636 476 57 20 one
715 464 117 32 instant
859 464 87 31 satis-

180 539 61 29 fied
256 538 33 30 it.

224 607 45 30 As
298 609 31 27 to
356 606 132 30 Vevette
489 624 43 4 —
544 615 7 30 ;
585 605 58 30 but
669 605 53 30 she
748 604 27 30 is
800 606 51 29 too
878 604 70 31 well

182 677 112 30 known
318 678 33 28 to
376 675 38 31 be
436 675 171 40 portrayed.
665 674 54 29 All
744 674 122 30 nations
889 674 60 29 and

183 745 40 29 all
245 754 72 30 ages
338 743 91 30 know
450 743 64 30 her.
561 743 83 40 Italy
667 742 74 31 calls
762 742 56 30 her
840 741 107 39 Juliet,

186 813 154 40 Germany
356 812 154 31 Gretchen
522 822 7 29 ;
552 823 47 20 we
618 811 33 30 in
673 812 144 39 England
840 814 111 27 cannot

184 895 86 19 name
285 884 63 38 her,
367 883 46 30 for
433 884 52 29 she
500 883 27 30 is
546 884 104 39 legion
660 893 7 30 ;
691 883 34 30 in
740 884 116 29 France
876 883 74 40 only

185 954 25 30 is
241 954 51 29 she
322 963 74 28 rare,
422 952 46 30 for
498 952 53 30 she
581 952 26 30 is
635 956 53 27 out
719 952 33 30 of
778 953 53 30 the
859 952 93 31 social

186 1033 120 30 groove,
323 1022 61 29 and
402 1021 87 39 lives,
506 1022 143 30 however
663 1022 145 30 innocent
826 1033 33 19 or
874 1033 77 28 pure

187 1093 52 29 she
261 1103 70 29 may
345 1092 122 39 happen
488 1094 31 27 to
541 1091 47 39 be,
606 1091 33 30 in
659 1102 17 19 a
690 1092 160 39 perpetual
874 1094 77 27 state

187 1161 33 30 of
241 1164 97 27 terror
360 1160 59 30 and
445 1160 194 30 humiliation
662 1163 31 27 at
715 1160 53 31 the
790 1160 108 31 notion
922 1161 32 31 of

187 1231 55 28 her
257 1229 55 30 sin.

231 1299 86 31 Well
329 1299 5 30 !
381 1298 131 31 October
527 1309 62 20 was
605 1299 139 41 drawing
759 1303 32 28 to
807 1299 41 32 its
864 1300 89 40 close,

190 1369 60 29 and
271 1368 86 29 there
379 1367 136 41 seeming
537 1370 31 28 to
590 1368 39 30 be
651 1380 40 19 no
714 1370 113 30 chance
850 1370 34 30 of
903 1370 52 30 the

189 1437 123 40 gloomy
336 1440 136 37 mystery
495 1437 93 40 being
615 1438 163 39 fathomed,
804 1440 53 29 the
881 1440 74 29 Pre-
