1019 1638
200 110 234 22 MADEMOISELLE
453 105 143 28 FELICIE's
615 114 147 19 HUSBAND.

814 108 52 24 245

109 195 147 32 harmless
270 197 150 41 beverage
442 198 47 31 for
506 199 64 30 him
588 199 119 39 herself,
725 201 143 29 tendered

108 264 26 30 it
154 267 32 28 to
208 265 73 40 him,
299 268 60 28 and
385 277 32 20 as
443 268 53 29 she
522 268 52 29 did
600 279 40 28 so,
666 268 127 31 allowed
816 269 52 30 her

108 335 95 30 white
239 336 83 30 hand
358 337 233 40 unconsciously
620 340 31 27 to
682 338 92 29 touch
811 338 55 37 his,

108 403 140 40 lingered
273 405 47 29 for
346 416 17 18 a
386 406 60 30 few
472 407 123 29 seconds
622 417 49 19 ere
700 407 53 29 she
777 407 91 29 relin-

109 473 131 39 quished
261 474 55 30 her
338 474 73 30 hold
432 485 83 29 upon
535 475 53 30 the
609 475 88 39 glass,
715 475 59 30 and
794 475 74 30 with

107 553 18 19 a
154 543 149 40 perfectly
334 544 118 39 angelic
481 544 70 29 look
588 544 92 29 asked
712 544 156 29 Monsieur

108 611 135 30 Richard
267 611 28 30 if
319 612 39 30 he
384 622 80 21 were
490 612 85 39 quite
605 622 68 20 sure
699 612 85 30 there
807 622 61 21 was

108 691 92 27 sugar
215 681 124 37 enough
353 681 33 29 in
401 682 52 28 the
468 683 103 28 water.

148 749 75 31 And
242 750 76 30 then
341 750 127 30 another
490 749 88 31 week
595 752 82 29 went
694 749 50 41 by,
762 749 60 30 and
844 749 22 30 it

107 819 119 29 seemed
251 819 152 29 somehow
428 828 33 20 or
486 818 87 30 other
595 821 33 27 to
650 818 37 30 be
709 817 157 39 becoming

105 889 115 30 known
234 888 68 30 that
321 887 229 30 Mademoiselle
566 887 112 30 Felicie
693 887 102 30 would
814 889 52 27 not

105 968 102 29 marry
230 957 160 29 Monsieur
412 957 36 29 de
472 955 223 40 Champmorin.
740 955 81 31 How
843 955 23 30 it

105 1027 60 29 had
189 1025 172 40 transpired
386 1036 39 19 no
457 1035 55 20 one
543 1025 90 29 could
662 1033 71 31 say;
764 1024 57 29 but
843 1024 23 29 it

104 1106 62 20 was
184 1096 135 39 thought
340 1097 32 27 to
394 1094 39 30 be
452 1093 151 31 traceable
621 1095 32 28 to
668 1093 53 30 the
737 1092 129 39 Champ-

105 1164 99 30 morin
226 1166 118 38 notary,
367 1163 69 31 who
457 1162 33 29 in
509 1164 149 27 moments
684 1161 34 30 of
740 1160 126 31 effusion

106 1234 60 29 and
192 1232 194 31 confidential
411 1231 67 31 talk
502 1230 77 32 with
600 1229 119 31 trusted
742 1229 123 38 friends,

104 1303 61 31 had
195 1301 175 31 discoursed
399 1311 84 29 upon
511 1300 53 29 the
594 1297 214 41 impossibility
838 1299 28 27 of

104 1372 75 40 girls
215 1369 159 42 marrying
402 1368 133 32 without
568 1376 119 30 money,
719 1365 60 30 and
807 1365 59 29 had

103 1439 215 40 unguardedly
334 1438 123 30 alluded
472 1439 31 28 to
518 1435 49 31 his
583 1435 93 30 chent
690 1445 32 19 as
777 1434 89 29 much
