1019 1638
156 107 51 26 194

401 116 58 19 ALL
478 115 58 20 FOR
556 113 107 22 GREED.

153 202 61 29 and
228 202 70 30 look
313 204 32 28 at
359 212 48 19 me
423 212 69 19 now
583 198 74 31 And
672 200 32 27 at
718 197 86 29 these
820 196 99 31 words

153 270 157 32 Monsieur
334 272 86 29 Leon
443 280 63 21 was
530 270 84 29 wont
638 269 32 28 to
694 265 127 40 indulge
846 265 33 30 in
904 276 15 18 a

153 340 70 29 look
252 340 61 29 and
341 341 123 38 gesture
496 338 69 30 that
595 335 120 32 seemed
744 337 32 28 to
803 345 53 30 say
882 335 37 29 he

153 409 90 30 could
266 409 65 40 buy
346 408 42 30 aU
411 408 29 29 D
545 406 28 29 if
595 406 39 29 he
661 405 90 30 chose
763 414 5 20 :
795 403 124 41 barring

153 478 51 29 old
225 478 139 37 Prevost,
382 477 68 29 that
464 485 63 21 was
548 475 54 30 the
624 473 235 40 interpretation
881 473 38 30 all

153 546 29 29 D
284 556 77 28 gave
375 548 32 27 to
423 545 52 30 the
490 544 109 31 words.

196 615 65 29 Ten
298 624 89 31 years
400 614 6 30 !
450 623 54 31 yes
515 622 7 30 ;
563 612 59 30 but
653 614 54 28 ten
739 622 88 30 years
860 622 61 20 was

154 694 39 19 an
226 683 142 40 eternity.
424 682 101 29 Raoul
560 681 90 30 could
682 683 54 28 not
764 679 74 32 wait
868 682 52 29 ten

154 763 97 31 years.
302 751 96 41 Why,
416 751 39 29 he
479 750 110 30 should
610 749 39 31 be
671 749 176 41 thirty-two
862 750 59 29 and

153 822 135 31 Vevette
314 823 235 38 twenty-seven.
638 820 65 29 Ten
726 829 97 31 years,
840 820 81 31 what

155 903 39 18 an
209 902 57 28 age

368 959 27 30 is
420 959 88 30 made
539 959 127 39 quicker
821 959 102 30 would

153 1030 87 40 reply
269 1029 159 30 Monsieur
457 1029 94 30 Leon.
749 1031 55 28 ten
832 1029 88 30 thou-

155 1099 75 29 sand
258 1098 100 30 francs
387 1098 33 30 in
454 1098 83 30 hand
572 1109 17 20 a
618 1108 72 20 man
718 1098 76 32 who*
818 1098 106 32 knows

153 1168 83 29 what
265 1167 39 29 he
334 1166 26 30 is
390 1167 93 30 about
512 1178 72 30 may
613 1168 90 29 make
733 1179 17 18 a
784 1169 140 29 hundred

153 1237 153 30 thousand
330 1236 33 30 in
390 1236 49 30 six
464 1238 123 30 months
613 1238 62 30 and
704 1248 18 20 a
747 1237 120 31 milUon
892 1237 32 31 in

153 1317 17 18 a

195 1374 97 30 What
313 1373 163 32 Aladdin's
499 1375 161 41 lamp-like
678 1376 116 31 visions
808 1378 7 30 !
860 1377 65 30 But

155 1444 102 31 where
292 1454 39 19 on
366 1445 86 29 earth
481 1456 80 20 were
596 1445 53 31 the
683 1449 55 27 ten
771 1446 154 30 thousand
