1019 1638
159 131 52 25 240

409 138 57 21 ALL
486 138 57 21 FOR
563 135 106 24 GREED.

158 237 54 19 use
236 227 33 29 of
288 226 126 39 putting
436 236 37 19 us
497 226 89 28 down
597 223 14 30 ?
655 221 118 38 Found,
792 220 109 30 indeed
916 220 5 31 !

159 295 15 29 I
191 296 109 28 should
320 295 62 29 like
398 298 31 26 to
445 295 92 29 know
552 293 84 30 what
657 291 54 30 the
734 300 71 20 men
827 290 33 30 of
878 293 43 28 to-

157 365 68 38 day,
243 366 52 29 the
310 376 71 19 men
395 365 133 30 without
542 372 114 28 names,
675 372 56 19 can
746 361 96 30 found

234 434 64 30 Not
316 444 39 20 an
378 433 51 30 old
450 431 142 40 nobility,
809 429 114 40 replied

157 503 159 30 Monsieur
338 503 135 30 Richard
488 502 117 39 gently,
624 500 60 30 and
701 499 78 31 with
795 510 17 19 a
828 499 94 38 smile,

190 573 58 29 but
261 573 131 37 perhaps
407 582 18 20 a
439 582 69 20 new

232 641 112 30 Whew
422 641 69 29 half
523 640 144 30 whistled
703 638 160 30 Monsieur
889 637 37 31 de

156 711 187 38 Verancour,
361 710 76 30 with
460 720 17 20 a
500 709 175 40 supremely
691 711 234 36 contemptuous

155 780 65 29 curl
243 779 33 31 of
296 780 53 30 the
370 779 52 39 lip.
601 779 88 29 takes
711 778 69 30 four
800 788 124 30 genera-

154 849 81 30 tions
250 852 32 27 at
296 849 85 38 least,
399 849 61 29 and
474 849 94 39 heaps
585 848 34 30 of
633 858 112 30 money
758 848 6 30 !
840 847 83 38 And,

155 917 121 40 getting
298 928 42 29 up
363 918 60 29 and
447 917 145 40 standing
613 917 79 31 with
715 917 48 29 his
790 916 80 30 back
895 919 31 27 to

155 987 52 29 the
222 987 64 39 fire,
304 987 38 29 he
365 987 174 39 continued,
591 987 97 40 Why,
706 997 79 28 now,
804 986 72 30 look
895 989 31 27 at

155 1056 83 30 what
264 1056 106 40 you're
394 1056 103 40 doing.
543 1056 105 30 When
670 1056 114 41 you've
806 1056 120 40 bought

157 1125 59 29 and
242 1125 72 39 paid
337 1126 46 29 for
409 1126 53 29 the
481 1126 268 30 Chateaubreville
769 1129 156 37 property,

157 1194 97 40 you'll
276 1194 78 30 have
376 1198 32 27 to
430 1199 57 35 put
507 1195 25 31 it
554 1195 33 31 in
608 1196 97 39 order,
729 1197 61 29 and
812 1199 114 27 restore

156 1263 53 29 the
224 1263 103 39 house,
332 1282 42 4 —
375 1264 50 30 it's
442 1265 183 42 shockingly
642 1269 54 28 out
719 1266 34 31 of
772 1267 109 40 repair,
885 1287 41 2 —

158 1333 60 29 and
232 1332 122 30 furnish

235 1402 124 31 There's
375 1414 17 19 a
408 1408 85 35 great
509 1405 69 31 deal
593 1406 34 30 of
639 1407 142 39 splendid
797 1408 52 30 old
863 1408 62 30 fur-

157 1470 102 32 niture
274 1472 33 30 in
395 1473 192 39 interrupted
608 1475 134 32 Richard
758 1478 141 32 Prevost.
