1019 1638
147 71 51 26 128

396 79 58 20 ALL
473 79 59 20 FOR
551 78 108 21 GREED.

146 166 90 30 social
252 166 199 31 constitution
462 166 34 31 of
508 166 125 38 France,
648 165 167 31 somewhat
830 175 83 20 more

144 237 32 28 to
191 236 52 30 the
258 235 151 31 influence
425 236 34 30 of
470 236 53 29 the
539 235 105 41 clergy
660 235 61 30 and
735 234 82 31 their
832 234 81 31 curi-

144 315 53 21 ous
219 305 232 40 interpretation
468 305 33 30 of
514 304 138 32 Catholic
675 304 161 39 doctrines,
854 304 58 30 but

142 378 77 27 most
236 376 33 29 of
280 375 41 29 all
343 377 31 28 to
390 376 53 29 the
459 375 184 30 conventual
659 375 60 29 and
735 374 176 41 physically

141 444 109 31 ascetic
265 444 161 31 education
446 445 34 30 of
490 445 165 30 well-bom
669 455 128 20 women.
844 444 66 30 But

140 509 46 30 for
200 509 52 30 the
267 508 86 41 pivot
368 509 98 30 round
480 508 103 32 which
598 509 41 30 all
655 503 92 36 social
762 508 147 30 relations

138 579 123 30 revolve
275 579 34 29 in
331 579 123 38 France,
473 580 59 28 and
548 590 39 18 on
602 578 103 31 which
721 579 122 39 depend
865 579 41 28 all

137 648 55 30 her
214 647 216 39 immoralities,
449 648 59 30 and
530 659 18 19 a
562 650 69 29 vast
647 648 68 30 deal
731 648 34 30 of
781 647 56 30 her
859 647 46 30 in-

137 717 155 29 tellectual
315 720 163 37 greatness,
496 728 62 29 you
580 718 78 28 need
684 717 72 29 look
777 728 41 18 no
841 717 64 29 fur-

136 786 69 29 ther
227 786 75 29 than
324 788 30 27 to
370 786 52 30 the
438 785 232 31 condemnation
686 786 34 30 of
736 786 78 38 love,
832 786 73 29 held

135 857 32 28 to
190 866 32 18 as
245 866 17 18 a
283 855 148 40 principle
446 855 42 40 by
503 855 42 29 all
566 855 255 39 Frenchwomen,-
821 873 40 4 —
861 855 43 40 by

135 924 86 30 those
233 924 68 30 who
317 927 48 27 act
379 935 42 28 up
436 927 40 34 to,
495 934 32 20 as
542 924 70 30 well
628 934 32 20 as
675 924 43 41 by
733 924 88 30 those
833 925 70 30 who

135 1004 50 18 are
200 993 137 29 faithless
353 996 31 26 to
400 993 33 29 it.

177 1061 114 31 Felicie
313 1062 37 29 de
365 1061 179 31 Verancour
558 1072 63 20 was
642 1062 53 30 the
711 1073 77 30 very
803 1062 97 31 incar-

133 1132 105 29 nation
254 1132 33 29 of
295 1132 83 30 what
392 1131 26 30 is
435 1132 97 29 called
547 1143 17 18 a
580 1132 137 39 superior
733 1143 121 20 woman
868 1132 32 30 in

133 1202 123 29 France.
313 1201 60 30 She
401 1202 61 29 had
492 1202 97 30 latent
618 1202 33 29 in
680 1203 56 28 her
762 1203 42 29 all
833 1203 67 30 that

132 1271 99 40 might
253 1271 88 30 make
358 1281 55 20 one
430 1271 33 30 of
482 1271 52 30 the
557 1275 79 27 most
659 1271 118 31 famous
793 1272 34 30 of
845 1272 55 31 her

131 1341 83 30 kind.
261 1341 233 39 Self-possessed
517 1342 53 29 she
592 1353 71 28 was,
686 1343 107 38 proud,
818 1342 79 39 firm,

130 1412 60 29 and
212 1422 17 19 a
244 1412 82 29 slave
348 1414 31 27 to
395 1412 83 30 what
501 1412 53 29 she
573 1412 143 30 believed
730 1423 63 20 was
809 1413 87 39 duty.
