1019 1638
836 104 52 25 293

299 110 20 20 A
339 110 143 21 PRUDENT
502 110 107 21 YOUNG
628 111 87 20 LADY.

202 196 60 39 No,
308 196 120 39 indeed,
474 207 87 30 papa,
609 197 15 29 I
673 197 109 29 should
826 200 61 26 not.

122 263 173 42 Authority
310 265 26 30 is
358 265 158 41 authority
532 265 113 41 always
658 275 7 29 ;
688 266 60 29 and
762 265 86 30 there
864 265 25 30 is

122 343 57 20 our
190 343 70 21 own
274 333 115 39 cousin,
406 334 53 30 the
475 334 138 40 Marquis
625 335 36 29 de
673 334 133 40 Vovray,
820 334 68 30 who

122 402 56 29 has
203 403 44 29 let
268 402 127 30 himself
415 403 38 30 be
478 404 87 29 made
588 414 18 19 a
624 403 221 39 Chamberlain,
849 421 40 4 —

122 471 53 30 the
197 470 70 31 title
292 482 104 20 means
421 472 80 30 Uttle
527 473 123 39 enough
673 473 47 29 for
743 483 44 27 us,
792 491 41 3 —
834 472 55 30 but

122 540 26 29 it
177 550 105 20 means
312 541 64 30 still
410 541 53 29 the
498 541 171 39 separation
698 541 77 30 from
804 541 85 29 those

122 609 141 40 beneath,
288 610 79 30 from
389 611 53 29 the
464 620 97 30 mass;
592 611 68 29 that
682 611 25 29 is
732 611 53 29 the
807 610 81 40 prin-

123 679 79 38 cipal
217 679 93 38 thing

165 748 160 30 Monsieur
355 749 36 29 de
421 748 178 30 Verancour
627 759 62 21 was
725 748 90 30 sdent
844 749 46 29 for

123 828 82 19 some
235 820 159 36 moments,
427 817 60 30 and
520 817 118 31 rubbed
672 817 49 30 his
749 817 141 30 forehead

122 886 174 40 anxiously.
385 885 34 32 Is
448 885 25 31 it
502 886 141 40 possible,
852 886 38 29 he

121 955 95 30 asked
241 957 32 27 at
300 955 67 38 last,
521 965 62 29 you
609 965 56 19 can
690 955 38 29 be
753 954 137 30 serious?

122 1024 32 31 Is
169 1024 27 30 it
210 1023 134 41 possible
367 1034 62 30 you
445 1033 56 20 can
516 1033 89 21 mean
623 1024 68 30 that
712 1034 62 30 you
789 1023 101 31 would

120 1104 104 29 marry
241 1093 160 30 Monsieur

386 1163 53 30 she
476 1163 164 38 answered,
673 1161 130 41 steaddy
832 1162 58 29 and

119 1231 119 41 slowly,
312 1231 17 31 I
364 1231 57 31 teU
457 1242 63 30 you
550 1231 91 40 again
674 1231 85 31 there
789 1231 26 30 is
851 1242 39 19 no

119 1300 136 31 sacrifice
282 1300 17 31 I
325 1300 66 31 wiU
417 1303 55 28 not
497 1301 89 30 make
610 1303 32 28 to
667 1311 56 20 our
748 1300 142 41 position.

119 1371 16 30 I
158 1370 91 32 make
271 1369 26 32 it
318 1373 33 28 to
373 1380 72 31 you,
470 1369 17 31 I
513 1370 89 30 make
625 1370 25 30 it
672 1373 32 27 to

118 1441 65 29 The
207 1441 92 29 latter
322 1440 109 30 looked
454 1450 42 29 up
519 1440 152 39 suddenly
690 1439 76 31 with
788 1449 39 20 an
848 1439 42 30 air
