1019 1638
384 88 62 19 THE
466 88 123 19 SISTERS.

835 84 33 23 69

103 174 31 28 at
150 182 83 20 once.
380 185 62 29 you
456 177 54 28 not
523 174 39 31 be
578 174 172 41 dreadfully
766 174 103 41 lonely

103 240 133 32 without
260 253 61 30 any
341 243 116 31 friends
483 254 33 20 or
541 244 253 40 acquaintances?
833 245 36 29 In

104 312 76 29 such
200 322 18 19 a
247 312 86 39 place
363 323 32 19 as
424 312 96 40 Paris,
544 313 84 32 what
652 312 65 33 will
743 323 62 31 you
832 314 37 30 do

107 380 78 31 with

316 451 135 30 retorted
472 451 52 30 the
545 461 105 31 young
673 462 78 28 man,
802 452 15 29 I
835 452 36 29 do

107 522 55 28 not
184 520 92 30 think
291 520 144 41 anybody
449 520 76 31 with
545 521 107 40 plenty
669 521 33 30 of
716 532 110 29 money
841 524 30 27 to

109 589 96 39 spend
216 588 26 31 is
254 588 97 40 likely
362 592 32 26 to
406 588 115 31 remain
532 589 73 39 long
616 589 102 40 lonely
729 589 32 30 in
773 590 97 38 Paris,

109 659 61 29 and
181 668 53 28 my
246 658 90 30 uncle
347 658 55 30 has
413 658 78 30 been
502 668 77 28 very
590 668 149 28 generous
750 661 32 27 to

361 726 65 31 said
452 726 124 31 Felicie.
779 727 16 30 I
826 737 46 20 am

109 806 70 20 sure
196 796 16 30 I
228 795 79 31 wish
330 806 62 31 you
413 806 127 29 success,
558 796 158 30 Monsieur
731 797 140 29 Richard.

109 865 75 40 Any
199 865 60 40 day
275 864 102 31 before
401 864 155 31 breakfast
571 875 63 30 you
656 875 55 20 can
734 875 82 20 come
843 870 29 25 to

109 935 53 29 the
187 934 146 30 Chateau.
380 934 16 29 I
423 934 127 40 daresay
573 944 77 30 papa
671 933 64 31 will
755 934 117 30 receive

109 1015 70 28 you.
225 1004 70 29 Bon

151 1074 65 29 The
241 1074 59 39 day
318 1083 62 20 was
407 1072 131 41 waning,
557 1073 59 29 and
641 1073 53 29 the
716 1074 61 29 two
800 1073 73 39 girls

108 1143 148 41 gathered
281 1153 42 29 up
349 1141 81 32 their
452 1141 94 39 work,
570 1141 134 31 Vevette
730 1141 143 41 carrying

109 1213 54 29 the
178 1212 117 30 basket.

184 1282 65 30 The
264 1281 69 30 idea
348 1281 33 30 of
392 1281 68 30 that
472 1280 50 31 old
537 1280 130 31 Prevost
683 1279 129 40 sending
826 1280 48 29 his

108 1351 131 40 nephew
264 1353 32 28 to
476 1349 160 31 remarked
662 1348 122 31 Felicie.

109 1422 125 30 wonder
248 1421 84 31 what
347 1420 64 32 will
426 1420 123 30 become
565 1419 33 31 of
