1019 1638
241 100 62 20 THE
323 93 162 27 VICOMTE'S
505 100 159 20 TROUBLES.

777 93 52 27 153

71 184 61 31 sale
170 185 33 30 of
243 186 60 30 Les
346 187 136 30 Grandes
767 188 64 29 The

71 254 141 31 Vicomte
228 256 121 30 nodded
364 259 108 27 assent.
552 255 16 31 I
595 259 81 27 must
700 255 61 41 beg
785 256 47 30 for

71 326 189 39 forgiveness
271 337 8 29 ;
306 327 57 30 but
390 327 17 30 I
426 327 77 31 have
524 327 71 41 only
611 337 72 20 once
700 327 61 31 had
779 327 53 31 the

71 405 131 30 courage
226 398 32 27 to
285 406 38 30 go
349 407 42 29 up
416 397 86 29 there
535 397 97 39 again,
635 415 42 4 —
678 397 64 30 into
765 397 67 29 that

72 464 141 30 dreadful
238 475 92 20 room.
387 465 16 30 I
430 466 76 30 have
533 465 72 41 only
629 476 71 20 once
724 465 108 31 looked

71 533 66 30 into
164 544 52 30 my
240 544 74 29 poor
339 534 115 29 uncle's
479 545 115 29 papers,
612 535 59 29 and
697 534 16 30 I
739 535 93 29 found

73 602 132 38 nothing

148 671 64 30 Yes
227 672 6 29 !
257 671 34 30 in
315 672 87 29 truth
427 671 25 30 it
474 674 81 27 must
575 671 38 30 be
636 672 136 29 dreadful
785 681 49 30 ;—

73 740 141 29 dreadful
227 740 7 30 !
293 740 136 40 rejoined
453 740 159 29 Monsieur
635 740 29 29 le
685 740 148 38 Vicomte,

73 810 103 29 whose
202 809 199 30 self-interest
425 819 62 20 was
512 809 124 40 waxing
657 820 102 28 warm,
777 809 57 30 and

72 878 69 30 who
157 878 110 40 hardly
281 878 91 30 knew
386 878 70 30 how
472 880 31 27 to
526 888 83 19 come
623 879 32 28 to
670 877 48 30 his
739 877 94 40 point.

105 947 150 30 Dreadful
270 948 5 29 !
300 947 170 40 shattering
495 950 31 27 to
551 947 52 30 the
619 957 130 20 nervous
771 957 63 30 sys-

71 1016 62 26 tem
146 1022 8 30 ;
176 1012 58 30 but
248 1023 47 20 we
309 1015 83 27 must
413 1012 38 30 be
462 1022 78 29 men,
543 1031 42 3 —
585 1022 53 31 my
651 1022 74 30 poor
746 1012 88 30 Mon-

71 1081 82 29 sieur
168 1081 133 29 Richard
315 1082 7 28 !
338 1100 42 3 —
380 1092 47 18 we
442 1084 82 26 must
538 1081 38 29 be
591 1091 70 19 men
675 1081 7 29 !

115 1150 159 31 Monsieur
304 1149 134 31 Richard
468 1149 116 41 sighed.
677 1149 56 41 My
762 1160 71 29 poor

71 1220 72 29 dear
171 1220 90 29 uncle
291 1220 61 29 had
375 1220 120 39 agreed,
523 1220 16 29 I
563 1219 91 30 think
684 1230 61 29 you
770 1219 63 29 told

72 1298 58 29 me,
148 1291 32 27 to
202 1288 148 40 purchase
367 1288 58 30 Les
441 1287 138 31 Grandes
796 1287 37 29 he

70 1357 108 38 began,
197 1356 76 31 with
288 1367 40 19 an
342 1359 147 36 apparent
504 1357 95 29 effort.

148 1426 61 30 For
223 1425 52 31 the
292 1436 68 19 sum
375 1425 33 30 of
427 1428 127 36 seventy
568 1425 153 30 thousand
735 1425 98 29 francs
