1019 1638
150 103 35 26 44

403 111 59 20 ALL
481 110 59 21 FOR
559 108 109 22 GREED.

150 202 142 37 ceptance
308 199 34 30 of
361 199 127 29 another
503 197 79 29 form
598 195 33 30 of
650 194 148 40 payment
812 192 43 40 by
871 191 52 30 the

151 268 216 41 Champmorin
382 270 119 37 notary.
548 264 128 31 Instead
691 263 35 30 of
741 263 54 30 the
811 261 112 41 capital

148 333 72 41 paid
236 334 98 38 down,
352 333 44 30 M.
414 333 38 29 de
467 331 180 30 Verancour
661 339 63 21 was
746 330 32 28 to
794 337 61 31 pay
871 326 52 31 the

149 403 113 30 annual
276 403 129 29 interest
420 411 85 31 upon
519 400 26 31 it
561 403 31 28 to
608 399 49 31 his
673 397 162 41 daughter,
853 397 70 32 who

148 483 62 21 was
225 475 33 27 to
272 472 119 30 receive
406 472 87 30 three
512 470 155 32 thousand
689 469 101 30 francs
806 479 18 18 a
838 478 83 30 year,

148 541 100 39 £120,
288 541 73 40 paid
397 541 167 40 quarterly,
567 559 44 3 —
612 539 69 31 £30
712 549 94 31 every
836 538 87 31 three

148 613 123 28 months
284 612 6 30 !
336 611 93 39 Well,
447 610 26 30 it
487 621 64 20 was
573 621 17 19 a
613 610 95 40 cheap
730 608 85 42 price
837 608 47 32 for
906 619 17 20 a

148 681 149 39 husband,
316 680 28 31 if
363 691 63 30 you
441 690 85 21 come
548 683 33 27 to
603 679 93 31 think
711 679 34 31 of
768 679 26 30 it
806 680 6 30 !
858 679 64 30 But

147 756 70 20 now
232 756 83 19 came
338 745 53 30 the
414 744 153 41 difficulty
580 754 8 30 ;
620 745 71 30 how
713 746 32 28 to
768 744 79 30 raise
869 744 52 30 the

148 826 110 30 money
272 816 5 30 !
280 834 43 3 —
324 815 118 30 Martin
464 815 132 30 Prevost
610 815 6 30 !
662 815 99 30 There
784 825 63 20 was
869 814 52 31 the

148 885 134 31 solution
295 886 6 31 !
325 885 74 30 And
415 896 32 20 so
463 885 161 31 Monsieur
639 885 29 30 le
680 884 143 32 Vicomte
839 895 82 21 came

147 958 32 28 to
194 955 118 30 Martin
326 955 139 39 Prevost,
484 955 61 30 and
566 955 61 30 had
650 959 32 27 to
705 956 56 30 tell
782 955 65 31 him
870 956 49 38 all,

148 1026 61 29 and
230 1025 85 30 leave
337 1027 55 28 not
414 1035 58 20 one
501 1025 82 30 little
606 1036 107 20 corner
736 1026 34 30 of
797 1026 49 30 his
870 1027 50 29 do-

148 1094 105 31 mestic
269 1095 277 40 embarrassments,
565 1096 143 31 however
723 1096 199 40 humiliating

147 1165 75 40 they
244 1164 101 40 might
366 1165 47 39 be,
439 1166 195 31 unrevealed.
690 1167 32 30 It
744 1167 62 30 had
827 1169 33 28 to
882 1166 39 31 be

148 1235 86 39 done,
253 1245 33 19 or
301 1235 40 29 ad
364 1236 113 29 chance
493 1236 33 30 of
545 1237 123 39 placing
691 1237 231 31 Mademoiselle

148 1303 114 32 Felicie
277 1314 62 21 was
362 1307 31 28 at
415 1315 40 20 an
477 1306 68 30 end.
591 1305 46 31 At
659 1307 54 30 the
729 1308 60 29 end
805 1307 34 30 of
857 1307 66 30 half

148 1385 39 19 an
202 1375 86 38 hour,
302 1375 83 38 then,
404 1375 118 30 Martin
549 1376 132 31 Prevost
695 1377 74 31 held
784 1378 54 30 the
855 1378 65 30 des-

147 1444 92 30 tinies
255 1444 34 30 of
300 1445 52 29 the
369 1444 179 31 Verancour
563 1446 108 39 family
683 1447 34 30 in
732 1447 49 31 his
797 1448 107 31 hands.
