1019 1638
141 119 51 26 188

378 128 59 20 ALL
456 127 58 21 FOR
534 126 108 22 GREED.

139 214 37 29 be
198 215 68 29 that
288 225 32 19 as
342 214 26 30 it
390 225 80 29 may,
498 212 160 30 Monsieur
680 211 124 39 Duprez
828 220 82 21 came

141 294 75 31 very
246 284 83 30 often
359 286 31 27 to
421 283 29 29 D
540 305 6 15 ,
581 284 68 27 sent
679 281 91 30 down
807 281 107 39 showy

140 353 119 30 articles
273 353 33 29 of
318 352 152 29 furniture
486 351 80 29 from
581 349 96 39 Paris,
697 360 77 29 gave
787 348 125 31 dinners

141 432 69 20 now
224 422 61 29 and
299 421 75 30 then
389 424 32 27 to
445 420 53 30 the
547 418 182 31 authorities
745 419 6 30 !
799 419 114 40 played

141 491 138 29 billiards
314 490 76 30 with
427 490 52 29 the
517 489 99 29 whole
654 491 92 35 town,
787 487 126 41 beating

143 553 184 41 everybody,
353 552 59 30 and
435 555 32 27 at
489 552 52 30 the
565 552 65 30 cafe
655 562 38 19 on
716 552 53 29 the
789 552 124 29 Market

143 622 100 37 Place,
263 620 136 40 opposite
423 620 52 29 the
492 619 119 38 Mairie,
630 629 62 22 was
715 619 53 30 the
783 619 54 31 life
853 620 59 31 and

141 690 67 29 soul
231 689 34 30 of
284 689 53 29 the
361 688 84 40 daily
469 688 189 40 gatherings,
684 688 61 29 and
771 688 142 30 initiated

141 758 42 30 all
213 757 29 30 D
359 757 65 30 into
454 757 53 30 the
538 757 124 40 deepest
691 757 162 42 mysteries
883 758 33 30 of

142 827 122 40 politics
301 828 61 28 and
399 827 118 30 finance
554 827 193 39 throughout
782 827 130 40 Europe.

143 892 98 29 What
256 891 61 30 had
333 894 45 27 set
394 891 52 30 the
463 902 102 19 crown
587 894 31 27 to
634 891 63 30 this
713 892 201 39 gentleman's

143 960 178 41 popularity
337 971 71 28 was,
426 960 76 39 that,
517 960 94 30 about
627 971 17 19 a
659 971 73 30 year
748 960 102 31 before
862 961 52 30 the

144 1030 106 40 period
274 1040 46 20 we
345 1040 50 20 are
423 1029 149 40 speaking
598 1029 39 39 of,
663 1030 39 30 he
725 1030 61 30 had
809 1033 67 27 sent
898 1041 17 19 a

144 1099 290 40 tolerable-looking
456 1100 97 38 horse,
572 1100 60 29 ancl
647 1100 84 31 what
753 1101 39 30 he
815 1102 100 40 styled

147 1181 17 17 a
180 1168 138 41 Tilbury,
337 1170 90 29 down
447 1172 32 27 to
494 1169 50 29 his
566 1170 105 39 house,
689 1171 60 29 and
765 1171 90 31 when
877 1171 38 30 he

147 1249 61 20 was
234 1241 123 37 present
381 1238 39 30 he
446 1238 93 31 drove
566 1238 127 31 himself
716 1242 54 27 out
796 1240 33 30 in
854 1240 62 31 this

145 1308 127 39 vehicle,
292 1308 59 29 and
367 1308 90 31 when
479 1308 39 30 he
533 1319 64 20 was
620 1309 108 31 absent
750 1310 38 30 he
804 1310 66 31 lent
892 1310 24 31 it

143 1380 32 27 to
201 1377 53 30 the
285 1377 82 40 Juge
394 1377 37 30 de
456 1377 88 40 Paix,
573 1378 71 31 who
669 1379 93 31 drove
789 1383 53 27 out
868 1380 48 31 his

143 1446 80 31 wife.
268 1446 75 30 This
366 1446 52 30 the
440 1446 108 39 people
572 1447 33 30 of
624 1447 29 30 D
757 1449 96 30 called
876 1460 39 19 an
