1019 1638
139 93 55 26 284

392 102 58 20 ALL
469 102 58 20 FOR
547 100 108 22 GREED.

138 189 86 28 tered
245 189 53 29 the
320 189 159 38 Vicomte;
614 187 89 29 those
727 185 94 31 about
846 184 65 30 him

138 256 78 31 have
238 257 113 39 talked,
370 257 60 30 and
444 256 66 32 wdl
533 256 75 39 talk,
626 255 61 30 and
709 255 53 30 the
777 254 134 40 position

138 326 27 29 is
179 337 18 18 a
211 337 76 29 very
303 327 154 31 awkward

310 396 100 30 father
443 396 81 38 dear,
551 395 34 31 of
773 393 138 42 rejoined

138 465 122 39 FeUcie,
289 465 33 30 in
354 465 56 30 her
440 475 77 30 very
540 464 143 30 blandest
707 465 108 38 tones;

138 543 106 21 course
265 533 27 31 it
315 533 26 31 is
364 536 77 28 next
464 536 32 27 to
522 532 177 40 impossible
724 535 33 28 to
780 535 130 38 prevent

138 602 106 40 people
260 602 63 30 like
346 602 133 30 notaries
506 603 60 28 and
590 602 41 29 all
653 603 69 29 that
738 602 77 30 class
830 602 79 29 from

138 670 173 41 discussing
326 682 56 20 our
397 671 101 31 affairs
510 681 8 30 ;
541 672 76 40 they
632 670 65 33 will
718 671 66 31 talk
800 671 34 31 of
851 682 38 20 us
900 681 7 30 ;

137 739 26 30 it
177 739 27 30 is
218 740 80 30 their
314 740 83 30 chief
408 740 129 40 pastime
547 749 8 31 ;
577 741 69 39 and,
649 759 43 4 —
693 741 17 29 I
726 741 86 29 don't
828 741 80 40 deny

137 807 34 39 it,
174 827 42 3 —
216 808 27 30 it
256 808 70 31 faUs
348 809 155 41 naturally
518 819 77 30 very
609 809 102 40 heavy
726 819 83 29 upon
833 808 75 41 girls

137 875 62 31 like
215 887 44 28 us,
277 879 32 28 to
325 877 38 30 be
377 877 88 30 made
488 878 53 29 the
566 877 102 30 theme
693 877 34 30 of
750 887 157 20 conversa-

137 944 66 30 tion
219 945 33 29 of
263 945 41 29 all
319 946 52 29 the
386 946 111 38 vulgar
512 945 80 30 little
607 946 164 39 bourgeois
788 946 33 30 of
833 946 75 30 such

138 1023 17 19 a
170 1012 159 31 miserable
344 1013 48 31 bit
411 1014 34 30 of
457 1024 18 20 a
489 1014 85 40 place
598 1024 32 20 as
654 1014 64 31 this
728 1024 7 31 ;
759 1015 58 30 but
840 1016 68 29 that

138 1081 26 30 is
179 1082 53 29 the
247 1081 79 30 fault
341 1082 34 29 of
392 1082 170 40 provincial
576 1084 99 29 towns
685 1093 9 29 ;
718 1084 87 29 there
827 1084 26 30 is
868 1095 39 19 no

138 1149 87 29 other
249 1150 180 39 occupation
452 1161 71 20 save
547 1150 69 31 that
641 1151 33 30 of
701 1151 115 41 prying
842 1152 65 31 into

138 1228 77 30 your
231 1217 195 41 neighbours'
445 1229 152 21 concerns.
644 1220 35 30 If
700 1231 46 21 we
770 1232 81 21 were
876 1222 33 29 in

138 1287 95 40 Paris,
251 1287 119 31 instead
386 1288 33 30 of
436 1288 94 41 being
545 1288 34 31 in
593 1290 29 30 D
712 1315 6 15 ,
736 1302 47 20 we
799 1292 110 29 should

138 1366 105 31 escape
273 1356 50 40 all,
356 1368 33 20 or
425 1358 107 41 nearly
561 1359 50 40 all,
644 1360 53 30 the
733 1360 175 32 immediate

139 1425 103 30 effects
258 1426 34 30 of
303 1426 52 30 the
