1019 1638
140 114 54 27 204

393 123 57 20 ALL
470 122 58 21 FOR
548 121 108 22 GREED.

140 209 133 31 Vincent
287 220 61 20 was
364 220 39 19 an
420 209 106 30 infidel
541 208 61 29 and
617 217 18 20 a
650 206 106 31 scoffer
773 206 59 31 and
855 206 51 31 the

140 289 54 20 son
217 279 34 30 of
269 290 17 19 a
308 279 100 30 father
430 279 70 30 who
522 277 62 30 had
605 276 34 30 in
662 276 50 30 '93
736 276 170 30 massacred

139 348 118 39 priests,
285 348 63 31 this
373 348 62 30 fact
464 346 191 31 scandalised
683 346 54 29 the
762 345 143 41 bishops;

138 417 57 30 but
216 417 26 30 it
264 417 110 30 caused
396 417 78 30 Pere
490 415 134 31 Vincent
642 417 32 27 to
690 414 78 31 have
784 414 126 31 himself

138 486 139 39 baptised
303 485 111 32 within
438 485 53 29 the
518 494 82 30 year,
625 483 61 30 and
712 485 32 28 to
766 483 69 31 bow
858 483 50 30 his

138 554 77 30 head
237 554 123 40 meekly
375 553 102 31 before
500 553 53 30 the
572 552 104 39 gentle
698 552 81 30 force
803 552 33 30 of
854 552 53 31 the

139 622 121 40 Gospel.
307 622 31 29 It
353 632 62 20 was
430 622 63 29 also
508 620 159 31 notorious
681 621 69 30 that
765 621 33 30 in
812 622 91 39 June,

139 690 60 39 '48,
237 691 90 31 when
364 690 160 31 Monsieur
560 690 29 30 le
626 690 108 39 Maire,
770 691 136 31 terrified

138 760 109 29 almost
276 759 65 30 into
371 760 145 41 insanity,
543 771 63 20 was
635 762 143 31 nowhere
807 763 32 28 to
868 762 39 30 be

139 828 105 39 found,
276 828 53 31 the
359 828 81 31 Cure
469 829 62 30 had
560 831 142 29 assumed
731 830 49 30 his
809 830 95 40 place,

138 897 59 30 and
226 896 201 41 distributing
457 899 178 29 cartouches
663 901 33 28 to
722 900 53 29 the
803 899 102 31 Garde

137 965 162 30 Nationale
320 966 60 29 and
404 966 109 41 sturdy
530 967 124 30 counsel
678 970 32 28 to
731 968 75 30 each
826 968 79 31 indi-

138 1033 104 31 vidual
271 1045 78 29 man,
380 1036 61 30 had
478 1037 162 40 organised
671 1038 61 30 and
761 1038 74 40 kept
864 1049 43 29 up

138 1103 75 29 such
238 1113 18 19 a
285 1104 186 39 respectable
502 1109 116 37 system
648 1106 35 31 of
710 1107 124 30 defence
860 1107 48 30 for

138 1171 52 30 the
212 1170 80 32 Uttle
311 1175 84 29 town
419 1173 34 31 of
472 1174 30 30 D
591 1199 6 16 ,
618 1176 69 30 that
708 1176 54 30 the
784 1176 122 31 various

138 1240 257 41 insurrectionary
418 1242 98 31 bands
545 1244 68 31 that
643 1248 98 37 swept
770 1246 137 39 through

138 1309 52 30 the
213 1309 191 40 department
426 1313 112 38 agreed
560 1315 31 28 to
612 1314 87 31 leave
714 1314 30 31 D
849 1325 56 19 un-

138 1377 119 40 visited,
286 1379 60 29 and
372 1380 125 31 avowed
526 1380 77 32 later
629 1383 68 30 that
727 1384 75 40 they
826 1394 80 21 were

138 1446 97 31 afraid
251 1447 34 31 of
296 1447 52 31 the
365 1447 90 31 Cure.
