1019 1638
134 101 51 26 180

384 110 56 19 ALL
460 110 57 19 FOR
538 108 107 21 GREED.

132 201 146 40 Admiral,
304 202 59 29 and
385 202 76 29 then
482 198 200 43 propounded
705 197 52 31 the
780 197 117 30 famous

131 271 118 30 scheme
264 271 47 30 for
326 271 52 31 the
394 269 153 39 clerkship
563 268 33 31 in
611 268 53 30 the
679 267 186 40 Admiralty.

173 340 74 30 This
274 340 161 39 happened
463 338 94 30 about
587 338 52 30 the
670 337 60 30 end
760 336 33 30 of
826 335 72 40 Sep-

131 410 125 38 tember,
289 409 60 30 and
379 412 29 26 at
439 408 67 30 first
536 407 86 30 there
654 407 120 30 seemed
811 405 88 30 small

131 479 110 29 chance
258 478 33 30 of
302 478 52 30 the
371 477 167 29 Admiral's
552 475 116 42 project
684 485 72 21 ever
778 474 122 40 coming

130 550 31 28 to
192 546 155 41 maturity.
393 546 65 30 Not
488 545 73 40 only
592 545 52 29 did
675 545 51 30 old
755 544 144 30 MorvUle

131 615 98 40 object
244 616 32 28 to
291 614 49 30 his
363 624 54 20 son
439 613 162 40 becoming
621 623 39 20 an
676 612 150 41 employe,
843 612 57 31 but

132 683 98 29 Raoul
268 682 126 30 himself
434 682 209 40 respectfully,
683 682 57 29 but
782 681 115 40 firmly,

133 751 123 31 refused
279 754 31 27 to
326 753 126 28 consent
468 750 81 31 until
570 751 39 29 he
626 751 111 30 should
759 750 79 32 have
853 761 45 20 re-

131 821 110 29 flected
267 821 104 40 amply
397 831 84 28 upon
506 820 55 30 the
584 820 184 39 obligations
792 821 34 29 of
848 821 52 29 the

134 899 101 21 career
250 890 117 39 opened
388 892 32 27 to
442 888 73 31 him.
563 888 60 31 Old
646 888 145 32 Morville
806 899 63 21 was
884 900 18 20 a

133 959 70 38 fool,
220 959 60 29 and
302 958 49 30 his
365 959 125 30 brother
505 969 62 21 was
590 958 121 30 neither
727 959 176 31 astonished

135 1030 40 37 at,
192 1038 55 20 nor
263 1027 52 30 did
330 1028 38 29 he
380 1038 67 20 care
462 1028 93 30 much
570 1028 55 39 for,
638 1028 48 30 his
701 1029 129 40 refusal;
847 1030 57 29 but

136 1097 106 37 Raoul,
247 1114 41 3 —
289 1096 83 30 what
401 1097 88 29 made
518 1096 66 30 him
613 1097 131 31 hesitate
757 1098 14 30 ?
825 1098 79 31 That

136 1164 53 30 the
204 1164 140 30 Admiral
360 1164 90 30 could
464 1168 54 27 not
534 1165 125 40 fathom,
674 1167 69 40 and,
758 1168 79 30 after
852 1168 50 38 all,

138 1245 32 18 as
185 1234 48 29 his
255 1234 129 39 nephew
400 1234 73 41 only
488 1235 94 30 asked
602 1235 47 31 for
671 1236 84 39 time,
772 1237 39 31 he
827 1248 77 30 gave

138 1302 23 31 it
187 1302 73 39 him,
287 1303 60 30 and
373 1303 120 31 waited.
540 1304 39 30 In
605 1305 53 30 the
684 1306 68 30 first
777 1307 74 41 days
876 1308 33 30 of

138 1367 132 30 October
285 1367 52 30 the
352 1367 141 31 Admiral
515 1370 146 30 returned
684 1373 32 27 to
732 1371 96 40 Paris,
847 1373 58 30 and

140 1436 25 31 it
186 1447 62 20 was
274 1436 111 31 settled
411 1437 68 30 that
505 1438 98 31 Raoul
630 1439 111 32 should
763 1442 89 30 write
876 1446 31 26 to
