1019 1638
141 77 34 27 54

392 87 58 19 ALL
470 86 58 20 FOR
548 84 108 22 GREED.

138 173 53 31 the
214 174 96 40 grand
332 173 225 40 tragi-comedy
573 172 34 30 of
626 171 53 30 the
696 170 134 41 Empire,
834 189 43 3 —
878 180 33 20 as

139 243 98 40 equal.
281 244 90 30 From
386 243 53 29 the
455 241 139 41 equality
618 241 33 31 of
671 240 150 41 suffering
836 240 75 41 they

138 313 133 31 inferred
286 313 52 31 the
354 311 139 41 equality
508 311 34 30 of
562 312 90 37 caste,
664 311 61 29 and
740 309 171 40 swamping

137 394 62 30 any
220 383 100 30 minor
342 382 188 38 differences,
546 380 114 41 agreed
683 382 32 28 to
739 382 46 28 set
810 379 99 31 them-

138 453 98 29 selves
252 454 86 37 apart
353 452 78 30 from
446 451 52 31 the
513 453 64 28 rest
592 450 34 30 of
645 449 82 31 their
738 449 127 32 fellows.

181 522 43 30 To
260 521 63 31 this
359 521 72 40 plan
473 521 52 30 the
569 520 135 30 smallest
740 520 170 40 provincial

139 590 138 39 families,
309 590 111 41 totally
447 590 153 30 oblivious
630 590 34 30 of
690 590 82 30 their
798 590 109 41 origin,

138 660 133 30 adhered
286 660 77 31 with
382 659 185 31 marvellous
587 659 146 41 tenacity,
751 660 61 30 and
827 660 83 31 what

137 730 28 30 is
193 741 83 19 more
306 730 185 30 marvellous
521 730 72 39 still,
625 730 54 29 the
708 733 64 27 rest
798 730 34 30 of
858 730 52 30 the

138 800 96 29 world
260 799 53 30 did
338 799 41 30 its
408 800 68 29 best
506 802 32 27 to
563 799 72 30 take
662 800 86 29 them
773 802 32 27 at
830 800 80 29 their

138 869 92 30 word.
276 869 66 30 The
364 868 111 41 priests
497 869 159 31 honoured
677 869 95 40 them,
795 869 116 42 society

138 934 137 39 tempted
296 934 94 39 them,
414 934 54 30 the
490 934 98 40 really
606 934 172 31 Ulustrious
800 935 111 31 houses

139 1003 34 30 of
203 1003 53 30 the
286 1003 72 30 land
387 1003 215 31 intermarried
630 1005 79 31 with
743 1006 94 39 them,
870 1006 41 30 all

139 1076 215 36 governments
397 1075 163 39 coquetted
601 1074 78 32 with
719 1076 96 40 them,
857 1077 54 30 the

138 1145 165 38 peasantry
326 1144 127 29 sneered
479 1146 31 28 at
533 1145 95 38 them,
653 1145 61 30 and
740 1145 54 31 the
819 1146 92 31 bour-

139 1211 115 40 geoisie
280 1212 150 31 abhorred
459 1213 94 40 them,
582 1225 33 19 as
641 1214 28 30 if
695 1215 77 41 they
798 1227 113 30 sprang

140 1282 210 41 indisputably
387 1283 78 30 from
501 1283 161 32 Brahma's
700 1286 144 41 eyebrow
879 1298 32 19 or

138 1350 149 41 Jupiter's
312 1351 100 41 thigh.
462 1353 171 32 Whatever
658 1354 102 41 might
789 1356 39 31 be
858 1357 53 30 the

137 1421 106 41 purity
270 1432 32 20 or
331 1421 150 42 impurity
508 1423 33 30 of
568 1424 53 30 the
651 1425 92 31 blood
769 1426 33 31 in
828 1426 83 32 their
