1019 1638
794 97 52 26 209

248 103 62 21 THE
330 104 96 20 FEAST
446 104 58 20 FOR
523 104 62 20 THE
605 104 87 20 DEAD.

85 188 61 30 and
170 189 52 30 the
242 189 146 31 sacristan
412 193 31 27 to
466 200 38 30 go
526 193 31 27 to
579 190 80 30 then-
682 190 165 40 respective

85 257 105 30 homes
204 268 7 29 ;
235 259 59 28 and
320 259 74 29 then
415 259 108 39 taking
544 259 34 29 in
598 259 82 29 hand
702 269 39 18 an
763 270 83 18 enor-

85 336 87 20 mous
195 326 61 41 key
282 327 101 31 which
406 328 86 39 hung
514 327 76 31 with
614 327 85 30 three
722 337 33 20 or
780 327 67 30 four

86 396 103 29 others
204 398 32 28 to
251 407 18 18 a
283 397 171 39 ponderous
468 397 67 29 iron
553 397 78 39 ring,
649 397 38 29 he
702 397 145 39 prepared

84 468 33 26 to
132 468 57 36 put
204 465 25 30 it
244 465 65 31 into
324 466 53 30 the
392 466 69 30 lock
476 466 33 30 of
523 466 52 29 the
591 466 144 29 so-called
750 465 96 30 choir-

85 534 82 38 door,
186 535 60 28 and
261 534 70 30 lock
345 535 79 29 from
438 535 52 29 the
506 534 118 30 outside
639 535 52 28 the
706 538 140 25 entrance

84 601 102 31 which
197 612 63 20 was
276 602 135 39 opposite
426 606 32 26 to
473 603 52 29 the
540 602 190 40 Presbytere.
776 602 71 29 Just

83 680 33 20 as
139 671 54 29 the
216 671 62 40 key
294 672 107 39 grated
423 671 33 30 in
477 672 53 29 the
549 671 84 30 ward
655 671 39 29 he
715 671 93 29 heard
829 681 17 19 a

83 739 85 30 voice
184 739 148 39 speaking
347 743 31 26 to
393 739 72 30 him.
535 739 95 29 Don't
645 739 71 29 shut
730 750 48 18 me
793 750 50 28 up,

233 808 65 30 said
319 808 52 30 the
394 811 101 35 sweet,
513 807 109 40 girlish
636 807 94 39 voice,
747 808 60 29 and
828 818 17 19 a

82 877 96 39 slight
204 877 85 38 form,
309 877 120 29 clothed
453 877 32 29 in
507 877 97 38 black,
623 877 133 29 brushed
777 879 67 37 past

81 946 53 28 the
150 945 80 29 Cure
246 946 60 28 and
322 946 120 28 crossed
456 945 52 29 the
523 945 164 29 threshold.

251 1026 53 28 my
485 1014 167 29 exclaimed
673 1014 39 29 he
735 1024 39 19 on
795 1024 44 19 re-

78 1083 160 40 cognising
267 1083 142 30 Vevette.
618 1082 16 30 I
664 1082 99 30 didn't
791 1093 48 18 see

77 1162 62 30 you
161 1152 33 29 in
209 1153 122 28 church.
378 1152 15 29 I
416 1152 133 39 thought
564 1162 61 30 you
640 1151 60 30 had
715 1161 77 30 gone
807 1153 32 28 to

76 1221 42 29 St.

150 1291 50 29 No
212 1300 8 30 ;
245 1290 16 29 I
277 1290 53 29 did
344 1292 54 27 not
409 1299 6 30 ;
439 1289 114 30 Felicie
569 1289 59 30 did.
659 1289 71 30 You
745 1289 90 30 know

73 1361 17 30 I
121 1360 114 40 always
266 1369 83 21 come
525 1359 96 29 These
650 1359 58 29 last
737 1358 98 31 words

72 1440 80 19 were
169 1428 64 30 said
259 1428 33 30 in
307 1439 18 18 a
340 1428 139 29 subdued
500 1430 70 27 tone
597 1428 60 29 and
676 1426 159 31 contained

113 1507 67 20 VOL.
198 1507 21 20 I.
456 1506 18 20 P
