1019 1638
133 101 35 26 28

387 108 59 19 ALL
466 107 59 20 FOR
546 103 109 23 GREED.

135 196 50 29 old
200 195 117 31 Martin
328 196 139 36 Prevost,
483 192 60 31 and
559 189 122 41 though
693 188 53 31 the
762 186 73 31 look
850 196 62 20 was

134 266 75 30 both
230 265 74 31 bold
323 264 60 31 and
402 263 86 38 hard,
507 261 26 30 it
548 269 63 22 was
632 269 17 19 a
664 257 47 31 far
731 257 103 30 better
856 265 56 20 one

134 335 75 29 than
231 335 68 29 that
324 333 103 31 which
451 332 70 30 shot
544 329 80 30 from
649 327 50 30 his
720 326 83 31 keen
817 325 95 30 ferret

135 414 81 29 eyes,
234 404 61 30 and
309 404 40 29 he
365 401 124 41 quailed
504 400 105 30 before
624 398 33 31 it.

209 473 132 39 Prosper
353 471 101 30 Morel
468 470 27 30 is
510 480 18 20 a
540 470 174 38 dangerous
849 465 66 30 said

135 543 54 29 she
207 540 265 39 authoritatively.

212 611 68 30 Bah
295 611 5 30 !
363 609 164 40 grumbled
562 607 163 31 Monsieur
761 606 134 31 Prevost
908 616 7 30 ;

169 693 17 18 a
210 691 72 20 man
310 680 134 32 without
473 689 18 20 a
520 689 56 20 sou
604 677 28 31 is
668 688 96 20 never
787 677 128 39 danger-

502 819 121 40 replied
654 818 143 30 Madame
828 817 86 39 Jean,

212 897 71 19 man
306 885 79 31 with
409 895 74 20 ever
505 895 33 20 so
565 884 82 31 little
673 893 113 31 money
812 882 27 31 is
864 885 55 28 not

139 957 180 39 dangerous,
337 955 58 30 but
416 965 18 19 a
456 964 72 21 man
550 953 79 32 with
648 964 82 20 none
753 955 31 29 at
808 953 42 30 all
868 953 27 30 is
908 963 7 29 ;

141 1025 61 31 and
229 1025 16 29 I
269 1024 56 31 tell
349 1035 72 29 you,
441 1024 121 31 beware
587 1024 34 29 of
643 1024 134 40 Prosper
801 1023 101 30 Morel
913 1033 6 30 ;

140 1095 86 30 don't
243 1097 63 27 cast
322 1093 65 30 him
403 1093 49 39 off,
466 1093 72 41 give
553 1093 67 31 him
635 1094 130 30 another

139 1166 40 29 In
194 1163 185 41 everything
394 1163 144 31 Madame
554 1164 79 31 Jean
651 1165 123 30 seemed
793 1165 77 30 used
888 1167 32 27 to

138 1235 80 29 have
244 1234 56 29 her
327 1244 69 20 own
419 1244 79 30 way.
545 1234 60 30 She
630 1235 184 40 apparently
831 1235 90 30 ruled

140 1304 61 30 and
230 1302 164 41 governed,
413 1302 61 30 and
498 1302 92 32 when
621 1303 54 31 she
700 1303 118 31 retired
841 1304 80 30 from

138 1374 55 29 her
219 1373 139 30 master's
388 1383 154 29 presence,
567 1373 26 30 it
622 1384 64 21 was
714 1374 113 31 settled
853 1375 68 31 that

139 1442 131 40 Prosper
296 1441 100 31 Morel
422 1441 111 31 should
550 1442 39 30 be
617 1444 142 39 severely
779 1444 142 32 lectured
