<?xml version="1.0" encoding="UTF-8"?>
<alto xmlns:xsi="http://www.w3.org/2001/XMLSchema-instance" xsi:noNamespaceSchemaLocation="http://www.bl.uk/schemas/alto/alto-1-4.xsd" xmlns:xlink="http://www.w3.org/1999/xlink">
	<Description>
		<MeasurementUnit>mm10</MeasurementUnit>
		<sourceImageInformation>
			<fileName>//head1/IN/2007-46/A0010904365.1/000108.jp2</fileName>
		</sourceImageInformation>
		<OCRProcessing ID="OCRPROCESSING_1">
			<preProcessingStep>
				<processingSoftware>
					<softwareCreator>CCS Content Conversion Specialists GmbH, Germany</softwareCreator>
					<softwareName>CCS docWORKS</softwareName>
					<softwareVersion>6.1-0.62</softwareVersion>
				</processingSoftware>
			</preProcessingStep>
			<ocrProcessingStep>
				<processingSoftware>
					<softwareCreator>ABBYY (BIT Software), Russia</softwareCreator>
					<softwareName>Finereader</softwareName>
				</processingSoftware>
			</ocrProcessingStep>
		</OCRProcessing>
	</Description>
	<Styles>
		<TextStyle ID="TXT_0" FONTSIZE="11" FONTFAMILY="Courier New"/>
		<TextStyle ID="TXT_1" FONTSIZE="10" FONTFAMILY="Courier New"/>
		<ParagraphStyle ID="PAR_LEFT" ALIGN="Left"/>
		<ParagraphStyle ID="PAR_CENTER" ALIGN="Center"/>
	</Styles>
	<Layout>
		<Page ID="P94" PHYSICAL_IMG_NR="94" HEIGHT="1638" WIDTH="1019" PRINTED_IMG_NR="76" POSITION="Left" ACCURACY="71.23">
			<TopMargin ID="P94_TM00001" HPOS="0" VPOS="0" WIDTH="1019" HEIGHT="110">
				<TextBlock ID="P94_TB00001" HPOS="147" VPOS="82" WIDTH="36" HEIGHT="26" STYLEREFS="TXT_0 PAR_LEFT">
					<TextLine ID="P94_TL00001" HPOS="147" VPOS="82" WIDTH="36" HEIGHT="26">
						<String ID="P94_ST00001" HPOS="147" VPOS="82" WIDTH="36" HEIGHT="26" CONTENT="76" WC="1.00" CC="00"/>
					</TextLine>
				</TextBlock>
				<TextBlock ID="P94_TB00002" HPOS="399" VPOS="88" WIDTH="265" HEIGHT="22" STYLEREFS="TXT_1 PAR_CENTER">
					<TextLine ID="P94_TL00002" HPOS="400" VPOS="89" WIDTH="264" HEIGHT="21">
						<String ID="P94_ST00002" HPOS="400" VPOS="90" WIDTH="58" HEIGHT="20" CONTENT="ALL" WC="0.45" CC="907"/>
						<SP ID="P94_SP00001" HPOS="458" VPOS="110" WIDTH="19"/>
						<String ID="P94_ST00003" HPOS="477" VPOS="89" WIDTH="59" HEIGHT="21" CONTENT="FOR" WC="0.59" CC="740"/>
						<SP ID="P94_SP00002" HPOS="536" VPOS="110" WIDTH="20"/>
						<String ID="P94_ST00004" HPOS="556" VPOS="89" WIDTH="108" HEIGHT="21" CONTENT="GREED." WC="0.82" CC="303021"/>
					</TextLine>
				</TextBlock>
			</TopMargin>
			<LeftMargin ID="P94_LM00001" HPOS="0" VPOS="110" WIDTH="144" HEIGHT="1356"/>
			<RightMargin ID="P94_RM00001" HPOS="921" VPOS="110" WIDTH="98" HEIGHT="1356"/>
			<BottomMargin ID="P94_BM00001" HPOS="0" VPOS="1466" WIDTH="1019" HEIGHT="172"/>
			<PrintSpace ID="P94_PS00001" HPOS="144" VPOS="110" WIDTH="777" HEIGHT="1356">
				<TextBlock ID="P94_TB00003" HPOS="144" VPOS="173" WIDTH="777" HEIGHT="1091" STYLEREFS="TXT_1 PAR_LEFT">
					<TextLine ID="P94_TL00003" HPOS="150" VPOS="173" WIDTH="768" HEIGHT="42">
						<String ID="P94_ST00005" HPOS="150" VPOS="179" WIDTH="18" HEIGHT="15" CONTENT='"' WC="0.55" CC="4"/>
						<SP ID="P94_SP00003" HPOS="168" VPOS="194" WIDTH="12"/>
						<String ID="P94_ST00006" HPOS="180" VPOS="177" WIDTH="78" HEIGHT="30" CONTENT="shall" WC="0.59" CC="67042"/>
						<SP ID="P94_SP00004" HPOS="258" VPOS="207" WIDTH="23"/>
						<String ID="P94_ST00007" HPOS="281" VPOS="178" WIDTH="37" HEIGHT="29" CONTENT="do" WC="1.00" CC="00"/>
						<SP ID="P94_SP00005" HPOS="318" VPOS="207" WIDTH="16"/>
						<String ID="P94_ST00008" HPOS="334" VPOS="177" WIDTH="53" HEIGHT="30" CONTENT="the" WC="0.71" CC="170"/>
						<SP ID="P94_SP00006" HPOS="387" VPOS="207" WIDTH="15"/>
						<String ID="P94_ST00009" HPOS="402" VPOS="177" WIDTH="135" HEIGHT="29" CONTENT="honours" WC="0.54" CC="7380606"/>
						<SP ID="P94_SP00007" HPOS="537" VPOS="207" WIDTH="16"/>
						<String ID="P94_ST00010" HPOS="553" VPOS="174" WIDTH="34" HEIGHT="31" CONTENT="of" WC="1.00" CC="00"/>
						<SP ID="P94_SP00008" HPOS="587" VPOS="207" WIDTH="18"/>
						<String ID="P94_ST00011" HPOS="605" VPOS="184" WIDTH="79" HEIGHT="31" CONTENT="your" WC="0.58" CC="0276"/>
						<SP ID="P94_SP00009" HPOS="684" VPOS="215" WIDTH="21"/>
						<String ID="P94_ST00012" HPOS="705" VPOS="174" WIDTH="96" HEIGHT="30" CONTENT="house" WC="0.54" CC="71760"/>
						<SP ID="P94_SP00010" HPOS="801" VPOS="215" WIDTH="16"/>
						<String ID="P94_ST00013" HPOS="817" VPOS="177" WIDTH="32" HEIGHT="27" CONTENT="to" WC="0.45" CC="64"/>
						<SP ID="P94_SP00011" HPOS="849" VPOS="215" WIDTH="15"/>
						<String ID="P94_ST00014" HPOS="864" VPOS="173" WIDTH="54" HEIGHT="31" CONTENT="the" WC="0.37" CC="477"/>
					</TextLine>
					<TextLine ID="P94_TL00004" HPOS="146" VPOS="244" WIDTH="773" HEIGHT="43">
						<String ID="P94_ST00015" HPOS="146" VPOS="246" WIDTH="98" HEIGHT="31" CONTENT="whole" WC="0.77" CC="06040"/>
						<SP ID="P94_SP00012" HPOS="244" VPOS="277" WIDTH="16"/>
						<String ID="P94_ST00016" HPOS="260" VPOS="247" WIDTH="200" HEIGHT="40" CONTENT="department." WC="0.85" CC="00004000740"/>
						<SP ID="P94_SP00013" HPOS="460" VPOS="287" WIDTH="47"/>
						<String ID="P94_ST00017" HPOS="507" VPOS="245" WIDTH="17" HEIGHT="30" CONTENT="I" WC="1.00" CC="0"/>
						<SP ID="P94_SP00014" HPOS="524" VPOS="287" WIDTH="17"/>
						<String ID="P94_ST00018" HPOS="541" VPOS="245" WIDTH="37" HEIGHT="30" CONTENT="do" WC="1.00" CC="00"/>
						<SP ID="P94_SP00015" HPOS="578" VPOS="287" WIDTH="21"/>
						<String ID="P94_ST00019" HPOS="599" VPOS="246" WIDTH="55" HEIGHT="28" CONTENT="not" WC="0.60" CC="721"/>
						<SP ID="P94_SP00016" HPOS="654" VPOS="287" WIDTH="15"/>
						<String ID="P94_ST00020" HPOS="669" VPOS="244" WIDTH="118" HEIGHT="30" CONTENT="destine" WC="0.77" CC="0060270"/>
						<SP ID="P94_SP00017" HPOS="787" VPOS="287" WIDTH="16"/>
						<String ID="P94_ST00021" HPOS="803" VPOS="254" WIDTH="63" HEIGHT="30" CONTENT="you" WC="0.83" CC="005"/>
						<SP ID="P94_SP00018" HPOS="866" VPOS="287" WIDTH="20"/>
						<String ID="P94_ST00022" HPOS="886" VPOS="246" WIDTH="33" HEIGHT="27" CONTENT="to" WC="0.80" CC="03"/>
					</TextLine>
					<TextLine ID="P94_TL00005" HPOS="146" VPOS="314" WIDTH="773" HEIGHT="43">
						<String ID="P94_ST00023" HPOS="146" VPOS="316" WIDTH="37" HEIGHT="31" CONTENT="be" WC="0.63" CC="70"/>
						<SP ID="P94_SP00019" HPOS="183" VPOS="347" WIDTH="16"/>
						<String ID="P94_ST00024" HPOS="199" VPOS="327" WIDTH="17" HEIGHT="20" CONTENT="a" WC="1.00" CC="0"/>
						<SP ID="P94_SP00020" HPOS="216" VPOS="347" WIDTH="15"/>
						<String ID="P94_ST00025" HPOS="231" VPOS="317" WIDTH="136" HEIGHT="40" CONTENT="Deputy," WC="0.70" CC="7107004"/>
						<SP ID="P94_SP00021" HPOS="367" VPOS="357" WIDTH="19"/>
						<String ID="P94_ST00026" HPOS="386" VPOS="316" WIDTH="143" HEIGHT="30" CONTENT="Richard." WC="0.73" CC="70070500"/>
						<SP ID="P94_SP00022" HPOS="529" VPOS="357" WIDTH="42"/>
						<String ID="P94_ST00027" HPOS="571" VPOS="314" WIDTH="16" HEIGHT="30" CONTENT="I" WC="1.00" CC="0"/>
						<SP ID="P94_SP00023" HPOS="587" VPOS="357" WIDTH="16"/>
						<String ID="P94_ST00028" HPOS="603" VPOS="324" WIDTH="90" HEIGHT="19" CONTENT="mean" WC="0.82" CC="0007"/>
						<SP ID="P94_SP00024" HPOS="693" VPOS="357" WIDTH="15"/>
						<String ID="P94_ST00029" HPOS="708" VPOS="316" WIDTH="32" HEIGHT="28" CONTENT="to" WC="1.00" CC="00"/>
						<SP ID="P94_SP00025" HPOS="740" VPOS="357" WIDTH="15"/>
						<String ID="P94_ST00030" HPOS="755" VPOS="314" WIDTH="79" HEIGHT="40" CONTENT="keep" WC="0.84" CC="6000"/>
						<SP ID="P94_SP00026" HPOS="834" VPOS="357" WIDTH="16"/>
						<String ID="P94_ST00031" HPOS="850" VPOS="314" WIDTH="69" HEIGHT="30" CONTENT="that" WC="0.72" CC="0703"/>
					</TextLine>
					<TextLine ID="P94_TL00006" HPOS="145" VPOS="383" WIDTH="774" HEIGHT="45">
						<String ID="P94_ST00032" HPOS="145" VPOS="387" WIDTH="47" HEIGHT="30" CONTENT="for" WC="0.72" CC="701"/>
						<SP ID="P94_SP00027" HPOS="192" VPOS="417" WIDTH="21"/>
						<String ID="P94_ST00033" HPOS="213" VPOS="386" WIDTH="143" HEIGHT="42" CONTENT='myself,"' WC="0.83" CC="00600033"/>
						<SP ID="P94_SP00028" HPOS="356" VPOS="428" WIDTH="18"/>
						<String ID="P94_ST00034" HPOS="374" VPOS="386" WIDTH="60" HEIGHT="30" CONTENT="and" WC="0.76" CC="070"/>
						<SP ID="P94_SP00029" HPOS="434" VPOS="428" WIDTH="21"/>
						<String ID="P94_ST00035" HPOS="455" VPOS="385" WIDTH="55" HEIGHT="30" CONTENT="the" WC="0.75" CC="070"/>
						<SP ID="P94_SP00030" HPOS="510" VPOS="428" WIDTH="16"/>
						<String ID="P94_ST00036" HPOS="526" VPOS="384" WIDTH="51" HEIGHT="31" CONTENT="old" WC="0.96" CC="100"/>
						<SP ID="P94_SP00031" HPOS="577" VPOS="428" WIDTH="22"/>
						<String ID="P94_ST00037" HPOS="599" VPOS="394" WIDTH="71" HEIGHT="20" CONTENT="man" WC="0.75" CC="007"/>
						<SP ID="P94_SP00032" HPOS="670" VPOS="428" WIDTH="22"/>
						<String ID="P94_ST00038" HPOS="692" VPOS="383" WIDTH="111" HEIGHT="31" CONTENT="looked" WC="0.82" CC="051300"/>
						<SP ID="P94_SP00033" HPOS="803" VPOS="428" WIDTH="23"/>
						<String ID="P94_ST00039" HPOS="826" VPOS="394" WIDTH="32" HEIGHT="21" CONTENT="as" WC="0.76" CC="04"/>
						<SP ID="P94_SP00034" HPOS="858" VPOS="428" WIDTH="21"/>
						<String ID="P94_ST00040" HPOS="879" VPOS="384" WIDTH="40" HEIGHT="30" CONTENT="he" WC="0.62" CC="70"/>
					</TextLine>
					<TextLine ID="P94_TL00007" HPOS="146" VPOS="454" WIDTH="773" HEIGHT="43">
						<String ID="P94_ST00041" HPOS="146" VPOS="457" WIDTH="94" HEIGHT="40" CONTENT="spoke" WC="0.84" CC="50020"/>
						<SP ID="P94_SP00035" HPOS="240" VPOS="497" WIDTH="30"/>
						<String ID="P94_ST00042" HPOS="270" VPOS="456" WIDTH="124" HEIGHT="40" CONTENT="capable" WC="0.85" CC="0000702"/>
						<SP ID="P94_SP00036" HPOS="394" VPOS="497" WIDTH="30"/>
						<String ID="P94_ST00043" HPOS="424" VPOS="455" WIDTH="34" HEIGHT="31" CONTENT="of" WC="0.73" CC="50"/>
						<SP ID="P94_SP00037" HPOS="458" VPOS="497" WIDTH="27"/>
						<String ID="P94_ST00044" HPOS="485" VPOS="457" WIDTH="118" HEIGHT="28" CONTENT="sterner" WC="0.69" CC="6004603"/>
						<SP ID="P94_SP00038" HPOS="603" VPOS="497" WIDTH="31"/>
						<String ID="P94_ST00045" HPOS="634" VPOS="454" WIDTH="104" HEIGHT="30" CONTENT="efforts" WC="0.80" CC="1000507"/>
						<SP ID="P94_SP00039" HPOS="738" VPOS="497" WIDTH="26"/>
						<String ID="P94_ST00046" HPOS="764" VPOS="454" WIDTH="78" HEIGHT="30" CONTENT="than" WC="0.63" CC="0707"/>
						<SP ID="P94_SP00040" HPOS="842" VPOS="497" WIDTH="26"/>
						<String ID="P94_ST00047" HPOS="868" VPOS="465" WIDTH="51" HEIGHT="19" CONTENT="are" WC="0.79" CC="060"/>
					</TextLine>
					<TextLine ID="P94_TL00008" HPOS="146" VPOS="523" WIDTH="773" HEIGHT="42">
						<String ID="P94_ST00048" HPOS="146" VPOS="525" WIDTH="143" HEIGHT="40" CONTENT="required" WC="0.71" CC="10076600"/>
						<SP ID="P94_SP00041" HPOS="289" VPOS="565" WIDTH="29"/>
						<String ID="P94_ST00049" HPOS="318" VPOS="528" WIDTH="32" HEIGHT="27" CONTENT="to" WC="0.89" CC="02"/>
						<SP ID="P94_SP00042" HPOS="350" VPOS="565" WIDTH="31"/>
						<String ID="P94_ST00050" HPOS="381" VPOS="524" WIDTH="117" HEIGHT="40" CONTENT="compel" WC="0.93" CC="040000"/>
						<SP ID="P94_SP00043" HPOS="498" VPOS="565" WIDTH="33"/>
						<String ID="P94_ST00051" HPOS="531" VPOS="524" WIDTH="53" HEIGHT="30" CONTENT="the" WC="0.84" CC="040"/>
						<SP ID="P94_SP00044" HPOS="584" VPOS="565" WIDTH="31"/>
						<String ID="P94_ST00052" HPOS="615" VPOS="523" WIDTH="153" HEIGHT="30" CONTENT="attention" WC="0.72" CC="000075037"/>
						<SP ID="P94_SP00045" HPOS="768" VPOS="565" WIDTH="29"/>
						<String ID="P94_ST00053" HPOS="797" VPOS="523" WIDTH="35" HEIGHT="31" CONTENT="of" WC="0.78" CC="40"/>
						<SP ID="P94_SP00046" HPOS="832" VPOS="565" WIDTH="33"/>
						<String ID="P94_ST00054" HPOS="865" VPOS="524" WIDTH="54" HEIGHT="30" CONTENT="the" WC="0.52" CC="472"/>
					</TextLine>
					<TextLine ID="P94_TL00009" HPOS="146" VPOS="593" WIDTH="770" HEIGHT="42">
						<String ID="P94_ST00055" HPOS="146" VPOS="595" WIDTH="96" HEIGHT="40" CONTENT="Corps" WC="0.52" CC="64606"/>
						<SP ID="P94_SP00047" HPOS="242" VPOS="635" WIDTH="23"/>
						<String ID="P94_ST00056" HPOS="265" VPOS="594" WIDTH="172" HEIGHT="41" CONTENT="Legislatif." WC="0.92" CC="20006000000"/>
						<SP ID="P94_SP00048" HPOS="437" VPOS="635" WIDTH="49"/>
						<String ID="P94_ST00057" HPOS="486" VPOS="597" WIDTH="19" HEIGHT="14" CONTENT='"' WC="0.56" CC="4"/>
						<SP ID="P94_SP00049" HPOS="505" VPOS="635" WIDTH="13"/>
						<String ID="P94_ST00058" HPOS="518" VPOS="594" WIDTH="16" HEIGHT="30" CONTENT="I" WC="0.60" CC="3"/>
						<SP ID="P94_SP00050" HPOS="534" VPOS="635" WIDTH="18"/>
						<String ID="P94_ST00059" HPOS="552" VPOS="594" WIDTH="66" HEIGHT="31" CONTENT="will" WC="0.84" CC="0104"/>
						<SP ID="P94_SP00051" HPOS="618" VPOS="635" WIDTH="22"/>
						<String ID="P94_ST00060" HPOS="640" VPOS="594" WIDTH="39" HEIGHT="30" CONTENT="be" WC="0.63" CC="70"/>
						<SP ID="P94_SP00052" HPOS="679" VPOS="635" WIDTH="23"/>
						<String ID="P94_ST00061" HPOS="702" VPOS="593" WIDTH="53" HEIGHT="31" CONTENT="the" WC="0.75" CC="070"/>
						<SP ID="P94_SP00053" HPOS="755" VPOS="635" WIDTH="23"/>
						<String ID="P94_ST00062" HPOS="778" VPOS="593" WIDTH="138" HEIGHT="42" CONTENT="Deputy," WC="0.68" CC="7007304"/>
					</TextLine>
					<TextLine ID="P94_TL00010" HPOS="145" VPOS="663" WIDTH="774" HEIGHT="42">
						<String ID="P94_ST00063" HPOS="145" VPOS="675" WIDTH="63" HEIGHT="30" CONTENT="you" WC="0.42" CC="907"/>
						<SP ID="P94_SP00054" HPOS="208" VPOS="705" WIDTH="22"/>
						<String ID="P94_ST00064" HPOS="230" VPOS="664" WIDTH="78" HEIGHT="30" CONTENT="shall" WC="0.70" CC="67010"/>
						<SP ID="P94_SP00055" HPOS="308" VPOS="705" WIDTH="21"/>
						<String ID="P94_ST00065" HPOS="329" VPOS="664" WIDTH="39" HEIGHT="30" CONTENT="be" WC="0.63" CC="70"/>
						<SP ID="P94_SP00056" HPOS="368" VPOS="705" WIDTH="16"/>
						<String ID="P94_ST00066" HPOS="384" VPOS="664" WIDTH="34" HEIGHT="30" CONTENT="of" WC="0.40" CC="29"/>
						<SP ID="P94_SP00057" HPOS="418" VPOS="705" WIDTH="18"/>
						<String ID="P94_ST00067" HPOS="436" VPOS="664" WIDTH="54" HEIGHT="30" CONTENT="the" WC="0.56" CC="570"/>
						<SP ID="P94_SP00058" HPOS="490" VPOS="705" WIDTH="16"/>
						<String ID="P94_ST00068" HPOS="506" VPOS="663" WIDTH="282" HEIGHT="31" CONTENT="Conseil-General." WC="0.66" CC="7277042070616000"/>
						<SP ID="P94_SP00059" HPOS="788" VPOS="705" WIDTH="47"/>
						<String ID="P94_ST00069" HPOS="835" VPOS="663" WIDTH="84" HEIGHT="30" CONTENT="Who" WC="0.75" CC="070"/>
					</TextLine>
					<TextLine ID="P94_TL00011" HPOS="145" VPOS="733" WIDTH="774" HEIGHT="41">
						<String ID="P94_ST00070" HPOS="145" VPOS="735" WIDTH="106" HEIGHT="30" CONTENT="knows" WC="0.67" CC="07305"/>
						<SP ID="P94_SP00060" HPOS="251" VPOS="765" WIDTH="13"/>
						<String ID="P94_ST00071" HPOS="264" VPOS="735" WIDTH="14" HEIGHT="29" CONTENT="?" WC="0.35" CC="6"/>
						<SP ID="P94_SP00061" HPOS="278" VPOS="765" WIDTH="44"/>
						<String ID="P94_ST00072" HPOS="322" VPOS="733" WIDTH="163" HEIGHT="31" CONTENT="President" WC="0.68" CC="750600071"/>
						<SP ID="P94_SP00062" HPOS="485" VPOS="765" WIDTH="23"/>
						<String ID="P94_ST00073" HPOS="508" VPOS="734" WIDTH="34" HEIGHT="29" CONTENT="of" WC="0.90" CC="10"/>
						<SP ID="P94_SP00063" HPOS="542" VPOS="765" WIDTH="18"/>
						<String ID="P94_ST00074" HPOS="560" VPOS="733" WIDTH="35" HEIGHT="40" CONTENT="it," WC="0.78" CC="203"/>
						<SP ID="P94_SP00064" HPOS="595" VPOS="773" WIDTH="19"/>
						<String ID="P94_ST00075" HPOS="614" VPOS="734" WIDTH="141" HEIGHT="40" CONTENT="perhaps." WC="0.71" CC="00670072"/>
						<SP ID="P94_SP00065" HPOS="755" VPOS="774" WIDTH="47"/>
						<String ID="P94_ST00076" HPOS="802" VPOS="734" WIDTH="117" HEIGHT="40" CONTENT="Money" WC="0.80" CC="02700"/>
					</TextLine>
					<TextLine ID="P94_TL00012" HPOS="145" VPOS="803" WIDTH="774" HEIGHT="42">
						<String ID="P94_ST00077" HPOS="145" VPOS="804" WIDTH="64" HEIGHT="31" CONTENT="will" WC="0.83" CC="0600"/>
						<SP ID="P94_SP00066" HPOS="209" VPOS="835" WIDTH="38"/>
						<String ID="P94_ST00078" HPOS="247" VPOS="804" WIDTH="38" HEIGHT="30" CONTENT="do" WC="0.86" CC="02"/>
						<SP ID="P94_SP00067" HPOS="285" VPOS="835" WIDTH="38"/>
						<String ID="P94_ST00079" HPOS="323" VPOS="803" WIDTH="153" HEIGHT="41" CONTENT="anything" WC="0.67" CC="07027260"/>
						<String ID="P94_ST00080" HPOS="490" VPOS="804" WIDTH="7" HEIGHT="31" CONTENT="!" WC="0.63" CC="3"/>
						<SP ID="P94_SP00068" HPOS="497" VPOS="844" WIDTH="64"/>
						<String ID="P94_ST00081" HPOS="561" VPOS="803" WIDTH="75" HEIGHT="31" CONTENT="And" WC="0.76" CC="070"/>
						<SP ID="P94_SP00069" HPOS="636" VPOS="844" WIDTH="38"/>
						<String ID="P94_ST00082" HPOS="674" VPOS="804" WIDTH="16" HEIGHT="30" CONTENT="I" WC="0.97" CC="0"/>
						<SP ID="P94_SP00070" HPOS="690" VPOS="844" WIDTH="38"/>
						<String ID="P94_ST00083" HPOS="728" VPOS="803" WIDTH="65" HEIGHT="32" CONTENT="will" WC="0.83" CC="0501"/>
						<SP ID="P94_SP00071" HPOS="793" VPOS="844" WIDTH="38"/>
						<String ID="P94_ST00084" HPOS="831" VPOS="814" WIDTH="88" HEIGHT="31" CONTENT="carry" WC="0.65" CC="00970"/>
					</TextLine>
					<TextLine ID="P94_TL00013" HPOS="146" VPOS="873" WIDTH="773" HEIGHT="42">
						<String ID="P94_ST00085" HPOS="146" VPOS="873" WIDTH="136" HEIGHT="40" CONTENT="through" WC="0.48" CC="1760657"/>
						<SP ID="P94_SP00072" HPOS="282" VPOS="913" WIDTH="29"/>
						<String ID="P94_ST00086" HPOS="311" VPOS="873" WIDTH="53" HEIGHT="30" CONTENT="the" WC="0.75" CC="070"/>
						<SP ID="P94_SP00073" HPOS="364" VPOS="913" WIDTH="30"/>
						<String ID="P94_ST00087" HPOS="394" VPOS="873" WIDTH="98" HEIGHT="30" CONTENT="direct" WC="0.69" CC="008037"/>
						<SP ID="P94_SP00074" HPOS="492" VPOS="913" WIDTH="29"/>
						<String ID="P94_ST00088" HPOS="521" VPOS="873" WIDTH="63" HEIGHT="30" CONTENT="line" WC="0.74" CC="2070"/>
						<SP ID="P94_SP00075" HPOS="584" VPOS="913" WIDTH="31"/>
						<String ID="P94_ST00089" HPOS="615" VPOS="873" WIDTH="34" HEIGHT="30" CONTENT="of" WC="0.84" CC="30"/>
						<SP ID="P94_SP00076" HPOS="649" VPOS="913" WIDTH="33"/>
						<String ID="P94_ST00090" HPOS="682" VPOS="873" WIDTH="129" HEIGHT="42" CONTENT="railway" WC="0.74" CC="2026006"/>
						<SP ID="P94_SP00077" HPOS="811" VPOS="915" WIDTH="30"/>
						<String ID="P94_ST00091" HPOS="841" VPOS="873" WIDTH="78" HEIGHT="31" CONTENT="from" WC="0.81" CC="3300"/>
					</TextLine>
					<TextLine ID="P94_TL00014" HPOS="146" VPOS="942" WIDTH="773" HEIGHT="42">
						<String ID="P94_ST00092" HPOS="146" VPOS="942" WIDTH="95" HEIGHT="31" CONTENT="Paris." WC="0.64" CC="607060"/>
						<SP ID="P94_SP00078" HPOS="241" VPOS="973" WIDTH="40"/>
						<String ID="P94_ST00093" HPOS="281" VPOS="943" WIDTH="106" HEIGHT="30" CONTENT="When" WC="0.62" CC="0707"/>
						<SP ID="P94_SP00079" HPOS="387" VPOS="973" WIDTH="15"/>
						<String ID="P94_ST00094" HPOS="402" VPOS="953" WIDTH="74" HEIGHT="20" CONTENT="once" WC="0.60" CC="5703"/>
						<SP ID="P94_SP00080" HPOS="476" VPOS="973" WIDTH="15"/>
						<String ID="P94_ST00095" HPOS="491" VPOS="944" WIDTH="97" HEIGHT="30" CONTENT="we've" WC="0.91" CC="00040"/>
						<SP ID="P94_SP00081" HPOS="588" VPOS="974" WIDTH="16"/>
						<String ID="P94_ST00096" HPOS="604" VPOS="946" WIDTH="55" HEIGHT="38" CONTENT="got" WC="0.80" CC="005"/>
						<SP ID="P94_SP00082" HPOS="659" VPOS="984" WIDTH="15"/>
						<String ID="P94_ST00097" HPOS="674" VPOS="944" WIDTH="77" HEIGHT="39" CONTENT="that," WC="0.71" CC="07033"/>
						<String ID="P94_ST00098" HPOS="754" VPOS="962" WIDTH="43" HEIGHT="4" CONTENT="—" WC="0.20" CC="8"/>
						<String ID="P94_ST00099" HPOS="797" VPOS="944" WIDTH="122" HEIGHT="30" CONTENT="besides" WC="0.69" CC="7250007"/>
					</TextLine>
					<TextLine ID="P94_TL00015" HPOS="146" VPOS="1012" WIDTH="775" HEIGHT="43">
						<String ID="P94_ST00100" HPOS="146" VPOS="1012" WIDTH="52" HEIGHT="30" CONTENT="the" WC="0.51" CC="770"/>
						<SP ID="P94_SP00083" HPOS="198" VPOS="1042" WIDTH="15"/>
						<String ID="P94_ST00101" HPOS="213" VPOS="1023" WIDTH="69" HEIGHT="21" CONTENT="new" WC="0.43" CC="709"/>
						<SP ID="P94_SP00084" HPOS="282" VPOS="1044" WIDTH="16"/>
						<String ID="P94_ST00102" HPOS="298" VPOS="1012" WIDTH="175" HEIGHT="40" CONTENT="coal-fields," WC="0.79" CC="456100000043"/>
						<String ID="P94_ST00103" HPOS="477" VPOS="1032" WIDTH="43" HEIGHT="3" CONTENT="—" WC="0.20" CC="8"/>
						<String ID="P94_ST00104" HPOS="521" VPOS="1013" WIDTH="25" HEIGHT="31" CONTENT="it" WC="0.90" CC="20"/>
						<SP ID="P94_SP00085" HPOS="546" VPOS="1052" WIDTH="23"/>
						<String ID="P94_ST00105" HPOS="569" VPOS="1014" WIDTH="79" HEIGHT="30" CONTENT="shall" WC="0.71" CC="77000"/>
						<SP ID="P94_SP00086" HPOS="648" VPOS="1052" WIDTH="22"/>
						<String ID="P94_ST00106" HPOS="670" VPOS="1014" WIDTH="39" HEIGHT="31" CONTENT="be" WC="0.63" CC="70"/>
						<SP ID="P94_SP00087" HPOS="709" VPOS="1052" WIDTH="15"/>
						<String ID="P94_ST00107" HPOS="724" VPOS="1025" WIDTH="54" HEIGHT="30" CONTENT="my" WC="1.00" CC="00"/>
						<SP ID="P94_SP00088" HPOS="778" VPOS="1055" WIDTH="15"/>
						<String ID="P94_ST00108" HPOS="793" VPOS="1015" WIDTH="80" HEIGHT="30" CONTENT="fault" WC="0.65" CC="00754"/>
						<SP ID="P94_SP00089" HPOS="873" VPOS="1055" WIDTH="22"/>
						<String ID="P94_ST00109" HPOS="895" VPOS="1015" WIDTH="26" HEIGHT="30" CONTENT="if" WC="1.00" CC="00"/>
					</TextLine>
					<TextLine ID="P94_TL00016" HPOS="146" VPOS="1081" WIDTH="773" HEIGHT="41">
						<String ID="P94_ST00110" HPOS="146" VPOS="1092" WIDTH="61" HEIGHT="30" CONTENT="any" WC="0.79" CC="060"/>
						<SP ID="P94_SP00090" HPOS="207" VPOS="1122" WIDTH="16"/>
						<String ID="P94_ST00111" HPOS="223" VPOS="1081" WIDTH="33" HEIGHT="30" CONTENT="of" WC="1.00" CC="00"/>
						<SP ID="P94_SP00091" HPOS="256" VPOS="1122" WIDTH="11"/>
						<String ID="P94_ST00112" HPOS="267" VPOS="1082" WIDTH="53" HEIGHT="29" CONTENT="the" WC="0.65" CC="360"/>
						<SP ID="P94_SP00092" HPOS="320" VPOS="1122" WIDTH="16"/>
						<String ID="P94_ST00113" HPOS="336" VPOS="1093" WIDTH="69" HEIGHT="20" CONTENT="new" WC="0.78" CC="510"/>
						<SP ID="P94_SP00093" HPOS="405" VPOS="1122" WIDTH="14"/>
						<String ID="P94_ST00114" HPOS="419" VPOS="1093" WIDTH="71" HEIGHT="19" CONTENT="men" WC="0.72" CC="017"/>
						<SP ID="P94_SP00094" HPOS="490" VPOS="1122" WIDTH="20"/>
						<String ID="P94_ST00115" HPOS="510" VPOS="1083" WIDTH="33" HEIGHT="30" CONTENT="in" WC="0.41" CC="47"/>
						<SP ID="P94_SP00095" HPOS="543" VPOS="1122" WIDTH="15"/>
						<String ID="P94_ST00116" HPOS="558" VPOS="1083" WIDTH="97" HEIGHT="39" CONTENT="Paris," WC="0.61" CC="706062"/>
						<String ID="P94_ST00117" HPOS="659" VPOS="1103" WIDTH="43" HEIGHT="3" CONTENT="—" WC="0.20" CC="8"/>
						<String ID="P94_ST00118" HPOS="703" VPOS="1094" WIDTH="80" HEIGHT="21" CONTENT="were" WC="0.66" CC="9030"/>
						<SP ID="P94_SP00096" HPOS="783" VPOS="1122" WIDTH="16"/>
						<String ID="P94_ST00119" HPOS="799" VPOS="1083" WIDTH="26" HEIGHT="32" CONTENT="it" WC="1.00" CC="00"/>
						<SP ID="P94_SP00097" HPOS="825" VPOS="1122" WIDTH="16"/>
						<String ID="P94_ST00120" HPOS="841" VPOS="1095" WIDTH="78" HEIGHT="20" CONTENT="even" WC="0.85" CC="0006"/>
					</TextLine>
					<TextLine ID="P94_TL00017" HPOS="146" VPOS="1150" WIDTH="773" HEIGHT="41">
						<String ID="P94_ST00121" HPOS="146" VPOS="1150" WIDTH="53" HEIGHT="30" CONTENT="the" WC="0.67" CC="270"/>
						<SP ID="P94_SP00098" HPOS="199" VPOS="1180" WIDTH="26"/>
						<String ID="P94_ST00122" HPOS="225" VPOS="1150" WIDTH="138" HEIGHT="30" CONTENT="Pereires" WC="0.55" CC="80602557"/>
						<SP ID="P94_SP00099" HPOS="363" VPOS="1180" WIDTH="26"/>
						<String ID="P94_ST00123" HPOS="389" VPOS="1150" WIDTH="194" HEIGHT="41" CONTENT="themselves," WC="0.72" CC="57007000063"/>
						<String ID="P94_ST00124" HPOS="588" VPOS="1171" WIDTH="43" HEIGHT="3" CONTENT="—" WC="0.20" CC="8"/>
						<String ID="P94_ST00125" HPOS="632" VPOS="1163" WIDTH="50" HEIGHT="20" CONTENT="are" WC="0.77" CC="060"/>
						<SP ID="P94_SP00100" HPOS="682" VPOS="1191" WIDTH="30"/>
						<String ID="P94_ST00126" HPOS="712" VPOS="1153" WIDTH="102" HEIGHT="30" CONTENT="richer" WC="0.64" CC="313705"/>
						<SP ID="P94_SP00101" HPOS="814" VPOS="1191" WIDTH="29"/>
						<String ID="P94_ST00127" HPOS="843" VPOS="1155" WIDTH="76" HEIGHT="29" CONTENT="than" WC="0.60" CC="1706"/>
					</TextLine>
					<TextLine ID="P94_TL00018" HPOS="146" VPOS="1219" WIDTH="756" HEIGHT="45">
						<String ID="P94_ST00128" HPOS="146" VPOS="1230" WIDTH="56" HEIGHT="19" CONTENT="me." WC="1.00" CC="000"/>
						<SP ID="P94_SP00102" HPOS="202" VPOS="1249" WIDTH="46"/>
						<String ID="P94_ST00129" HPOS="248" VPOS="1219" WIDTH="64" HEIGHT="30" CONTENT="But" WC="0.51" CC="660"/>
						<SP ID="P94_SP00103" HPOS="312" VPOS="1249" WIDTH="16"/>
						<String ID="P94_ST00130" HPOS="328" VPOS="1220" WIDTH="52" HEIGHT="29" CONTENT="the" WC="0.75" CC="070"/>
						<SP ID="P94_SP00104" HPOS="380" VPOS="1249" WIDTH="15"/>
						<String ID="P94_ST00131" HPOS="395" VPOS="1220" WIDTH="68" HEIGHT="30" CONTENT="first" WC="0.71" CC="00660"/>
						<SP ID="P94_SP00105" HPOS="463" VPOS="1250" WIDTH="14"/>
						<String ID="P94_ST00132" HPOS="477" VPOS="1221" WIDTH="92" HEIGHT="40" CONTENT="thing" WC="0.65" CC="07170"/>
						<SP ID="P94_SP00106" HPOS="569" VPOS="1261" WIDTH="15"/>
						<String ID="P94_ST00133" HPOS="584" VPOS="1221" WIDTH="26" HEIGHT="31" CONTENT="is" WC="0.61" CC="07"/>
						<SP ID="P94_SP00107" HPOS="610" VPOS="1261" WIDTH="16"/>
						<String ID="P94_ST00134" HPOS="626" VPOS="1233" WIDTH="79" HEIGHT="30" CONTENT="your" WC="0.72" CC="0064"/>
						<SP ID="P94_SP00108" HPOS="705" VPOS="1263" WIDTH="15"/>
						<String ID="P94_ST00135" HPOS="720" VPOS="1224" WIDTH="182" HEIGHT="40" CONTENT='marriage."' WC="0.77" CC="1054500005"/>
					</TextLine>
				</TextBlock>
				<TextBlock ID="P94_TB00004" HPOS="147" VPOS="1289" WIDTH="774" HEIGHT="177" STYLEREFS="TXT_1 PAR_LEFT">
					<TextLine ID="P94_TL00019" HPOS="189" VPOS="1289" WIDTH="729" HEIGHT="43">
						<String ID="P94_ST00136" HPOS="189" VPOS="1289" WIDTH="158" HEIGHT="31" CONTENT="Monsieur" WC="0.66" CC="00760066"/>
						<SP ID="P94_SP00109" HPOS="347" VPOS="1320" WIDTH="20"/>
						<String ID="P94_ST00137" HPOS="367" VPOS="1290" WIDTH="161" HEIGHT="31" CONTENT="Richard's" WC="0.59" CC="742705504"/>
						<SP ID="P94_SP00110" HPOS="528" VPOS="1321" WIDTH="26"/>
						<String ID="P94_ST00138" HPOS="554" VPOS="1302" WIDTH="73" HEIGHT="30" CONTENT="eyes" WC="0.83" CC="0006"/>
						<SP ID="P94_SP00111" HPOS="627" VPOS="1332" WIDTH="21"/>
						<String ID="P94_ST00139" HPOS="648" VPOS="1293" WIDTH="63" HEIGHT="31" CONTENT="had" WC="0.75" CC="700"/>
						<SP ID="P94_SP00112" HPOS="711" VPOS="1332" WIDTH="19"/>
						<String ID="P94_ST00140" HPOS="730" VPOS="1293" WIDTH="81" HEIGHT="32" CONTENT="been" WC="0.64" CC="7007"/>
						<SP ID="P94_SP00113" HPOS="811" VPOS="1332" WIDTH="22"/>
						<String ID="P94_ST00141" HPOS="833" VPOS="1299" WIDTH="85" HEIGHT="27" CONTENT="actu" SUBS_TYPE="HypPart1" SUBS_CONTENT="actually" WC="0.78" CC="01260"/>
						<HYP CONTENT="-"/>
					</TextLine>
					<TextLine ID="P94_TL00020" HPOS="147" VPOS="1359" WIDTH="773" HEIGHT="45">
						<String ID="P94_ST00142" HPOS="147" VPOS="1359" WIDTH="63" HEIGHT="41" CONTENT="ally" SUBS_TYPE="HypPart2" SUBS_CONTENT="actually" WC="1.00" CC="0000"/>
						<SP ID="P94_SP00114" HPOS="210" VPOS="1400" WIDTH="29"/>
						<String ID="P94_ST00143" HPOS="239" VPOS="1359" WIDTH="133" HEIGHT="40" CONTENT="flashing" WC="0.73" CC="00067060"/>
						<SP ID="P94_SP00115" HPOS="372" VPOS="1400" WIDTH="28"/>
						<String ID="P94_ST00144" HPOS="400" VPOS="1359" WIDTH="83" HEIGHT="41" CONTENT="light" WC="0.81" CC="20060"/>
						<SP ID="P94_SP00116" HPOS="483" VPOS="1400" WIDTH="28"/>
						<String ID="P94_ST00145" HPOS="511" VPOS="1360" WIDTH="42" HEIGHT="31" CONTENT="all" WC="0.84" CC="040"/>
						<SP ID="P94_SP00117" HPOS="553" VPOS="1400" WIDTH="36"/>
						<String ID="P94_ST00146" HPOS="589" VPOS="1362" WIDTH="64" HEIGHT="30" CONTENT="this" WC="0.46" CC="6716"/>
						<SP ID="P94_SP00118" HPOS="653" VPOS="1400" WIDTH="29"/>
						<String ID="P94_ST00147" HPOS="682" VPOS="1364" WIDTH="103" HEIGHT="40" CONTENT="whUe," WC="0.58" CC="07903"/>
						<SP ID="P94_SP00119" HPOS="785" VPOS="1404" WIDTH="34"/>
						<String ID="P94_ST00148" HPOS="819" VPOS="1376" WIDTH="33" HEIGHT="19" CONTENT="as" WC="0.65" CC="06"/>
						<SP ID="P94_SP00120" HPOS="852" VPOS="1404" WIDTH="29"/>
						<String ID="P94_ST00149" HPOS="881" VPOS="1366" WIDTH="39" HEIGHT="30" CONTENT="he" WC="0.63" CC="70"/>
					</TextLine>
					<TextLine ID="P94_TL00021" HPOS="147" VPOS="1428" WIDTH="774" HEIGHT="38">
						<String ID="P94_ST00150" HPOS="147" VPOS="1428" WIDTH="131" HEIGHT="31" CONTENT="listened" WC="0.82" CC="00700700"/>
						<SP ID="P94_SP00121" HPOS="278" VPOS="1459" WIDTH="25"/>
						<String ID="P94_ST00151" HPOS="303" VPOS="1431" WIDTH="31" HEIGHT="28" CONTENT="to" WC="1.00" CC="00"/>
						<SP ID="P94_SP00122" HPOS="334" VPOS="1459" WIDTH="30"/>
						<String ID="P94_ST00152" HPOS="364" VPOS="1429" WIDTH="49" HEIGHT="30" CONTENT="his" WC="0.58" CC="705"/>
						<SP ID="P94_SP00123" HPOS="413" VPOS="1459" WIDTH="31"/>
						<String ID="P94_ST00153" HPOS="444" VPOS="1430" WIDTH="116" HEIGHT="31" CONTENT="uncle's" WC="0.55" CC="7754007"/>
						<SP ID="P94_SP00124" HPOS="560" VPOS="1461" WIDTH="27"/>
						<String ID="P94_ST00154" HPOS="587" VPOS="1433" WIDTH="109" HEIGHT="30" CONTENT="words." WC="0.67" CC="045062"/>
						<SP ID="P94_SP00125" HPOS="696" VPOS="1463" WIDTH="57"/>
						<String ID="P94_ST00155" HPOS="753" VPOS="1434" WIDTH="52" HEIGHT="30" CONTENT="He" WC="0.63" CC="70"/>
						<SP ID="P94_SP00126" HPOS="805" VPOS="1464" WIDTH="25"/>
						<String ID="P94_ST00156" HPOS="830" VPOS="1435" WIDTH="91" HEIGHT="31" CONTENT="knew" WC="0.82" CC="0700"/>
					</TextLine>
				</TextBlock>
			</PrintSpace>
		</Page>
	</Layout>
</alto>
