1019 1638
359 108 62 19 THE
439 108 120 19 LOVERS.

790 102 51 25 135

84 192 94 30 tated.
268 193 98 31 What
395 194 101 31 would
529 194 120 41 happen
678 195 164 40 supposing

83 266 54 29 my
152 257 101 30 father

159 326 116 31 Where
305 327 26 30 is
361 338 77 30 your
466 327 99 31 father
577 328 13 30 ?
652 327 191 41 interrupted

84 396 108 28 Raoul.

161 465 64 31 Out
251 466 141 40 shooting
417 466 33 30 in
474 466 53 30 the
552 466 101 30 woods
678 465 163 41 belonging

84 536 31 26 to
131 534 45 29 La
192 534 122 29 Grande

218 603 5 30 !
245 603 48 30 his
308 614 68 20 new
390 603 108 39 friend,
512 603 158 31 Monsieur
685 603 157 31 Richard's

240 672 146 30 observed
407 673 38 29 he
466 672 75 31 with
561 683 17 18 a
599 673 94 29 smile.
770 672 72 30 And

161 809 113 30 FeUcie
300 809 27 30 is
356 812 32 27 at
416 810 96 39 home,
540 810 76 29 hard
646 813 30 27 at
701 810 86 31 work
812 813 28 27 at

83 879 53 30 the
156 879 77 30 altar
248 881 102 37 carpet
371 889 46 21 we
438 889 50 19 are
502 881 31 28 to
553 878 70 40 give
638 878 157 30 Monsieur
814 878 26 30 le

83 948 80 29 Cure
179 950 31 27 at
224 947 55 29 All
295 947 140 30 Saints'."

157 1015 82 39 And,
263 1015 67 41 rely
356 1026 83 29 upon
467 1015 33 39 it,
526 1015 158 30 Monsieur
709 1015 130 30 Richard

80 1086 26 29 is
143 1086 32 29 in
208 1086 180 29 attendance
425 1095 82 30 upon
655 1085 98 29 added
788 1085 51 29 the

80 1165 105 30 young
211 1165 78 28 man,
317 1154 78 31 with
421 1164 39 20 an
485 1153 176 40 expression
690 1153 33 31 of
748 1153 91 30 bitter

80 1224 127 30 disdain.
287 1224 16 29 I
334 1224 110 29 should
473 1225 54 27 not
556 1223 38 29 be
620 1222 163 40 permitted
808 1225 31 27 to

79 1293 39 31 be
133 1293 87 30 alone
232 1292 76 31 with
324 1292 97 30 either
436 1292 33 30 of
481 1302 62 30 you
557 1291 47 30 for
618 1294 60 28 two
693 1291 145 39 minutes;

79 1363 57 30 but
151 1363 67 30 that
233 1361 379 40 bourgeois-mUhonnaire
632 1372 71 29 may
717 1371 60 30 pay
791 1360 47 30 his

79 1435 87 26 corn's
181 1434 31 27 at
228 1431 40 30 all
