1019 1638
127 106 53 26 202

376 116 58 21 ALL
453 117 58 20 FOR
530 115 107 22 GREED.

127 201 192 39 fellow-men,
337 202 115 40 feeling
466 202 47 30 for
527 202 85 30 them
627 202 60 29 and
701 200 76 32 with
793 201 92 39 them,

127 273 59 28 and
208 283 92 20 never
320 273 165 40 preaching
507 275 40 37 at,
566 284 33 19 or
618 272 211 40 condemning,
855 283 33 19 or

128 342 191 41 denouncing
337 344 59 29 and
416 343 189 40 renouncing
628 343 93 38 them,
739 342 57 31 but
816 341 69 31 sim-

128 411 53 40 ply
197 411 130 40 striving
344 414 31 28 to
393 412 188 30 understand
604 412 93 29 them.
746 411 138 39 Neither,

126 481 106 38 strong
255 479 33 30 in
310 480 49 30 his
381 491 68 20 own
471 480 78 31 faith
569 491 32 20 as
623 481 39 29 he
684 490 71 29 was,
774 479 53 31 did
848 480 40 30 he

125 558 71 21 ever
209 549 71 29 take
295 560 83 28 upon
391 550 126 29 himself
528 552 31 28 to
574 550 71 39 help
657 550 53 30 the
722 549 165 40 Almighty

126 617 33 30 in
181 617 49 30 his
253 618 85 31 work
358 618 33 31 of
412 619 179 40 awakening
614 618 79 31 faith
714 618 34 31 in
774 619 112 38 others,

126 686 57 30 but
204 686 112 31 waited
339 687 49 30 till
413 688 93 30 God's
526 699 89 29 grace
629 688 133 32 touched
782 688 86 30 them
881 698 7 29 ;

126 755 112 32 waited
252 757 189 41 prayerfully
456 759 59 28 and
534 758 171 40 trustfully,
722 758 58 29 but
799 757 91 30 could

126 828 55 28 not
205 826 39 29 be
267 826 135 39 brought
426 829 31 27 to
486 826 157 41 recognise
672 827 53 30 the
755 826 79 41 duty
860 826 33 30 of

127 894 157 41 knocking
306 895 60 30 ancl
388 895 122 41 driving
531 896 78 30 faith
631 896 65 29 into
719 895 108 41 people
849 894 42 42 by

129 964 253 38 sledge-hammer
396 964 115 31 threats
527 965 33 30 of
577 964 184 31 damnation.

172 1039 64 30 The
262 1038 79 31 Cure
372 1039 34 30 of
427 1039 29 30 D
561 1040 62 29 had
643 1039 132 40 nothing
799 1038 93 31 about

129 1107 65 29 him
224 1107 34 30 of
289 1107 53 30 the
380 1107 211 31 conventional
620 1107 158 40 Apostolic
807 1109 84 39 type.

130 1176 133 41 Nobody
278 1187 111 30 among
410 1176 48 31 his
478 1176 211 41 parishioners,
706 1176 121 31 neither
841 1176 53 31 the

131 1245 51 31 old
203 1256 120 21 women
341 1256 57 20 nor
421 1245 53 30 the
496 1256 76 30 very
589 1255 106 31 young
722 1255 80 29 ones,
825 1255 70 20 ever

132 1315 97 30 called
252 1314 64 31 him
337 1314 98 31 either
457 1325 39 20 an
521 1314 91 41 angel
638 1324 34 21 or
695 1324 17 20 a
734 1313 88 40 saint,
839 1313 56 31 but

132 1394 93 31 every
241 1394 56 21 one
312 1384 156 39 respected
485 1383 73 40 him,
573 1384 61 30 and
653 1384 42 30 all
709 1394 80 21 were
804 1384 91 41 ready

131 1455 32 28 to
184 1453 117 30 declare
316 1453 68 30 that
405 1453 39 30 he
459 1463 63 21 was
536 1454 54 29 the
607 1455 80 29 most
708 1454 187 39 thoroughly
