1019 1638
115 112 53 26 220

371 120 59 20 ALL
449 120 58 20 FOR
526 117 108 23 GREED.

115 209 108 37 tapers,
242 207 51 33 the
315 207 111 40 yellow
441 215 72 20 wax
535 201 183 33 wherefrom
741 198 144 41 guttered

115 275 89 31 down
229 275 32 30 in
287 276 52 30 the
365 274 149 39 draughts
537 272 34 30 of
594 270 46 31 air
664 270 70 30 that
760 268 126 30 entered

113 345 135 39 through
275 355 92 29 every
393 342 142 41 opening.
581 340 45 30 At
656 350 18 19 a
700 338 81 30 little
807 337 79 31 after

115 412 72 31 nine
209 423 61 31 you
292 413 100 39 began
414 414 32 27 to
461 412 74 28 hear
557 410 54 30 the
634 409 91 38 sharp
742 406 99 31 sound
856 406 32 30 of

114 482 100 29 sabots
236 492 83 29 upon
345 481 52 30 the
419 480 84 30 floor.
552 478 87 40 They
662 488 83 19 came
772 476 34 30 in
828 486 57 20 one

113 550 42 41 by
182 561 55 20 one
249 561 7 28 ;
290 550 53 30 the
369 549 118 40 closing
513 548 74 30 door
613 556 77 31 gave
717 556 17 20 a
760 545 125 30 muffled

113 619 84 38 slam,
215 619 53 30 the
282 618 71 40 ring
369 618 33 30 of
414 627 39 20 an
468 616 150 30 umbrella
634 615 152 40 dropping
801 625 83 29 upon

112 688 54 29 the
191 689 162 38 pavement
379 686 155 41 produced
563 696 18 20 a
610 684 135 31 metallic
775 685 107 38 sound,

112 757 53 30 the
187 757 128 30 wooden
336 756 85 30 heels
444 755 113 40 tapped
578 754 121 40 against
717 754 53 29 the
786 756 95 37 stone,

113 836 18 19 a
145 825 241 38 half-drenched,
400 823 248 42 poorly-dressed
659 825 126 38 peasant
796 823 87 30 made

113 894 57 39 his,
189 905 33 20 or
243 895 64 38 her,
325 904 69 30 way
409 904 42 29 up
474 896 31 28 to
521 893 53 30 the
590 892 128 32 wooden
739 892 142 39 benches,

113 964 60 29 and
203 964 40 29 all
269 973 62 21 was
360 962 92 41 again
481 962 72 30 still.
601 961 61 31 Till
688 961 66 42 just
779 961 104 31 before

112 1042 79 20 mass
213 1042 62 21 was
298 1032 193 30 commenced
514 1032 73 40 only
601 1031 55 30 the
671 1041 76 31 very
768 1031 114 31 devout

111 1113 80 20 were
206 1101 119 40 visible,
342 1102 61 29 and
417 1102 86 29 these
518 1112 80 20 were
621 1102 113 39 mostly
750 1103 130 39 country

111 1170 116 40 people,
231 1189 42 2 —
274 1170 83 31 what
382 1169 33 30 in
445 1170 116 30 France
590 1180 51 20 are
668 1170 98 30 called
791 1169 89 31 culti-

111 1243 131 35 vateurs,
247 1258 42 4 —
289 1240 61 29 and
378 1239 81 30 their
488 1239 140 31 famdies.
673 1240 126 40 During
828 1240 53 30 the

111 1308 172 41 procession
312 1309 99 30 round
444 1309 53 30 the
528 1309 123 39 church,
684 1310 87 30 there
800 1320 81 20 were

110 1378 60 30 few
200 1378 33 30 of
259 1378 52 30 the
340 1378 173 39 townsfolk,
546 1378 58 30 but
634 1378 40 30 all
703 1379 70 31 who
800 1389 80 22 were

110 1450 121 37 present
253 1447 141 32 followed
415 1448 54 30 the
491 1447 181 41 procession,
695 1450 61 28 and
774 1449 107 39 joined
