1019 1638
156 121 52 26 166

400 128 56 20 ALL
477 128 57 20 FOR
554 124 107 23 GREED.

156 216 86 29 holds
253 225 7 30 ;
284 216 59 29 and
365 215 80 29 their
467 214 208 30 adventurous
699 208 98 41 spirit,
816 206 106 32 mixed

157 284 75 32 with
246 285 52 30 the
313 283 109 40 daring
440 283 34 30 of
492 283 52 29 the
720 279 37 29 de

157 349 117 39 helped,
300 349 78 28 from
404 348 52 29 the
483 345 110 31 battles
625 344 34 30 of
683 344 54 29 the
764 342 100 39 Ligue
891 344 32 27 to

157 419 86 29 those
266 418 33 30 of
322 418 44 29 La
384 416 135 38 Vendee,
537 417 32 27 to
590 413 70 41 give
685 415 32 28 to
739 412 53 30 the
814 410 109 30 armies

159 487 33 30 of
215 487 113 29 France
349 485 80 30 their
455 482 175 42 reputation
651 482 47 30 for
720 480 204 31 recklessness

159 556 59 29 and
243 555 82 38 dash,
348 555 60 29 and
433 557 32 27 to
490 554 78 38 keep
588 563 43 29 up
657 552 53 29 the
732 549 136 42 prestige
895 548 32 31 of

249 624 79 29 furia
554 620 145 41 acquired
729 620 113 39 during
872 619 52 30 the

162 693 111 30 Italian
288 692 153 31 invasions
457 692 33 30 of
503 692 124 30 Charles
644 691 33 29 of
689 689 114 40 Anjou.

205 763 37 29 So
272 762 54 39 far,
352 762 83 38 then,
463 761 53 30 the
545 759 300 41 pre-revolutionary
871 769 53 19 ex-

162 831 112 31 istence
305 831 33 30 of
368 831 85 30 these
483 830 88 30 small
600 829 195 30 landholders
825 828 55 29 has
909 838 18 19 a

162 900 121 30 motive.
328 900 64 29 But
406 899 78 30 after
500 899 49 30 '89
565 899 6 30 !
609 898 91 31 After
716 898 49 30 '89
783 897 25 31 it
824 897 104 32 would

162 970 37 29 be
214 970 76 29 hard
309 973 31 26 to
356 969 65 30 find
439 979 61 30 any
516 979 106 19 reason
637 968 72 40 why
726 968 75 40 they
818 967 110 30 should

162 1039 141 29 continue
326 1042 31 26 to
379 1039 38 29 be
428 1048 7 30 ;
459 1040 53 38 yet
533 1038 87 29 there
643 1038 75 40 they
737 1047 51 20 are
811 1047 33 20 as
867 1036 59 31 dis-

162 1108 77 30 tinct
264 1118 32 19 as
322 1117 72 21 ever
419 1107 78 31 from
520 1107 53 30 the
597 1107 109 31 classes
730 1107 77 30 both
832 1106 96 31 above

162 1177 60 28 and
257 1176 98 30 below
383 1176 86 29 them
485 1186 7 30 ;
536 1177 60 29 and
632 1176 117 40 having
786 1176 33 30 in
850 1177 79 39 good

162 1249 118 26 earnest
354 1245 120 30 neither
510 1245 100 31 learnt
648 1256 56 20 nor
741 1246 156 40 forgotten

162 1314 158 40 anything,
349 1315 73 40 they
454 1325 56 19 can
539 1316 134 40 scarcely
703 1316 39 29 be
772 1316 157 30 described

162 1383 159 31 otherwise
336 1384 75 29 than
427 1394 31 20 as
474 1395 17 19 a
506 1384 153 30 nuisance.

203 1454 97 30 What
325 1454 131 31 remains
483 1456 34 30 of
538 1456 54 30 the
615 1456 156 31 historical
797 1456 133 40 nobility
