1019 1638
170 125 237 21 MADEMOISELLE
427 119 144 27 FELICIE's
590 127 148 19 HUSBAND.

792 119 53 27 239

79 220 57 20 can
173 211 172 41 absolutely
376 213 37 29 do
444 213 154 30 whatever
626 224 62 29 you
719 214 106 29 choose
838 224 7 28 ;

79 290 63 30 you
171 280 79 31 have
280 281 132 41 nothing
441 285 31 28 to
496 282 77 40 keep
598 293 41 29 up
641 301 41 3 —
683 292 39 20 no
752 282 93 30 tradi-

79 349 89 39 tions,
191 360 40 19 no
256 361 112 29 names,
392 362 39 20 no
455 354 153 28 ancestors
632 352 68 30 who
725 352 77 30 have
830 363 16 19 a

80 418 87 40 right
190 421 33 28 to
250 423 111 36 expect
385 420 79 31 from
489 431 61 30 you
574 421 52 30 the
657 420 134 31 sacrifice
818 421 32 30 of

81 487 42 30 all
147 497 83 20 mere
251 489 132 39 worldly
399 490 184 38 advantages
605 491 32 28 to
657 490 52 29 the
731 492 116 36 respect

81 556 47 30 for
157 556 82 30 their
272 556 132 42 dignity.
464 558 60 30 We
562 568 50 20 are
649 558 196 37 trammelled,

82 625 139 39 fettered,
247 626 129 30 chained
399 628 89 29 down
511 638 39 18 on
572 628 41 28 all
637 627 86 39 sides,
746 628 103 30 whilst

82 705 63 30 you
176 705 51 20 are
257 694 65 31 free
355 705 32 20 as
417 695 51 30 air.
529 695 73 31 And
627 699 53 38 yet
709 707 61 30 you
800 707 49 19 are

84 765 113 40 always
235 764 127 41 seeking
391 767 32 28 to
454 765 84 40 forge
576 776 81 19 some
687 766 89 29 chain
804 766 46 29 for

85 833 185 40 yourselves.
317 834 97 38 Land,
435 834 136 31 forsooth
583 835 6 30 !
614 835 72 29 land
700 835 6 30 !
737 835 66 30 that
825 834 25 30 it

84 902 26 30 is
139 902 77 31 with
248 903 102 30 which
380 914 63 29 you
472 914 165 19 nouveaux
669 904 98 29 riches
800 914 49 19 are

84 971 113 40 always
212 972 176 39 burdening

214 1042 26 29 is
450 1042 98 39 edged
570 1042 33 29 in
624 1042 122 39 meekly
761 1042 88 29 Mon-

85 1110 81 30 sieur
181 1110 144 39 Richard,
378 1111 68 30 that
464 1121 46 20 we
531 1121 70 30 may
616 1110 78 31 wish
709 1113 32 27 to
756 1110 94 30 found

161 1250 110 29 Found
447 1248 169 31 exclaimed
632 1249 51 30 the
699 1248 149 38 Vicomte,

85 1318 76 32 with
180 1319 87 40 truly
283 1318 111 40 superb
411 1318 128 30 disdain.
620 1318 30 29 It
672 1318 87 29 takes
781 1328 70 29 ages

85 1391 31 27 to
141 1388 96 30 found
263 1398 40 19 an
329 1388 88 29 order
441 1387 34 30 in
498 1387 53 30 the
578 1390 86 27 state.
720 1387 131 40 Nobody

85 1458 134 28 founded
245 1467 45 19 us.
348 1456 60 30 We
439 1467 78 19 were
532 1456 6 30 !
582 1456 97 30 What
709 1467 61 19 was
800 1456 51 30 the
