1019 1638
177 106 235 24 MADEMOISELLE
431 102 143 28 FELICIE's
593 110 148 20 HUSBAND.

794 103 54 26 247

83 202 83 20 come
197 197 31 27 to
259 195 61 29 this
351 195 76 30 with
458 196 42 29 all
536 196 84 30 these
657 197 191 29 confounded

83 262 106 40 delays
201 273 6 29 ;
232 265 60 29 and
311 275 70 21 now
395 266 85 29 there
501 265 25 31 it
546 265 26 31 is
585 266 6 30 !
638 266 19 30 S
763 266 83 30 mille

83 334 160 28 tonnerres
264 334 37 29 de
316 334 82 29 Dieu
413 335 6 29 !
502 335 73 29 And
597 335 41 29 all
659 335 87 29 those
769 335 78 39 good

83 401 165 41 principles
263 404 101 30 which
385 416 79 19 were
482 408 32 27 to
534 406 77 39 keep
631 406 62 29 this-

83 472 148 40 thinking
290 473 49 31 fils
364 475 51 30 des
442 475 110 30 croises
580 475 77 30 from
687 475 157 39 swearing,

84 541 70 31 flew
173 545 31 27 to
229 543 53 29 the
304 544 107 38 winds,
430 545 59 29 and
511 545 38 29 he
572 545 146 38 indulged
742 545 33 28 in
794 545 52 29 the

85 611 129 31 comfort
237 613 33 30 of
292 623 17 20 a
330 614 98 40 string
455 614 33 30 of
509 615 94 38 oaths,
621 625 33 19 as
676 613 27 31 if
724 614 38 29 he
788 613 60 30 had

85 682 79 29 been
187 693 39 18 no
250 693 83 19 more
355 683 76 30 than
454 694 57 20 one
536 683 33 31 of
590 683 86 30 those
701 682 147 40 long-for-

87 754 106 37 gotten
219 751 140 31 Saulnier
382 753 179 29 forefathers
588 753 33 29 of
643 752 56 38 his,
724 751 124 40 picking

87 832 41 27 up
144 821 59 30 salt
218 821 33 30 in
265 822 53 29 the
334 821 118 31 Breton
467 822 142 30 marshes.

162 890 17 30 I
193 890 130 30 beseech
338 891 34 29 of
514 891 156 29 entreated
696 890 154 30 Monsieur

88 959 142 39 Richard,
248 959 105 40 rising,
399 960 37 29 do
462 963 54 27 not
540 959 70 40 give
636 970 42 29 up
701 960 86 38 hope.
834 959 16 30 I

88 1030 86 39 have,
193 1041 39 18 on
247 1030 52 29 the
315 1033 150 37 contrary,
480 1030 78 39 good
573 1040 91 19 news.
711 1030 16 28 I
744 1030 108 29 should

88 1100 78 30 have
191 1109 78 30 gone
293 1102 32 27 to
349 1109 49 21 see
425 1109 62 31 you
510 1099 59 30 last
594 1098 131 40 evening
751 1098 27 30 if
800 1099 51 29 the

88 1169 134 31 weather
237 1169 61 30 had
317 1172 54 27 not
392 1169 78 29 been
489 1179 32 19 so
536 1169 60 29 bad
611 1169 59 29 and
685 1179 52 29 my
753 1168 99 39 cough

88 1239 213 38 troublesome,
319 1238 57 30 but
398 1238 16 30 I
434 1248 63 20 was
519 1237 94 40 going
635 1238 88 30 down
743 1240 31 27 to
801 1237 51 29 the

89 1308 138 31 Chateau
242 1318 78 20 now.
367 1307 16 30 I
404 1308 78 29 have
501 1318 17 18 a
539 1307 90 29 letter
645 1307 78 28 from
743 1316 38 18 an
804 1306 49 28 old

88 1378 101 29 friend
208 1378 34 29 of
260 1388 53 29 my
327 1387 74 30 poor
423 1376 116 30 uncle's
558 1375 34 30 in
613 1375 126 37 Nantes,
757 1375 60 28 and
838 1374 15 29 I

90 1458 49 20 am
154 1446 165 39 positively
331 1448 53 28 not
395 1445 131 31 without
541 1445 94 38 hopes
650 1444 66 29 that
726 1443 127 40 perhaps
