1019 1638
138 99 54 26 224

411 105 56 22 ALL
486 106 58 21 FOR
563 104 107 22 GREED.

138 192 54 30 red
213 192 134 40 poppies,
365 192 72 30 blue
461 191 215 36 corn-flowers,
699 188 61 30 and
782 198 17 19 a
814 187 95 31 white

137 272 81 20 cross
252 261 33 30 in
318 262 52 30 the
404 260 124 31 middle.
584 259 65 29 The
683 256 156 41 brigadier
873 257 36 30 de

138 331 208 38 gendarmerie
361 340 62 21 was
440 327 174 42 splendidly
630 330 53 37 got
699 337 50 29 up.

180 399 105 30 When
310 399 52 29 the
389 397 126 30 terrible
541 396 92 30 chant
660 395 34 30 of
720 395 53 30 the
834 393 73 31 Dies

138 469 60 29 Iræ
265 467 110 30 wailed
416 466 61 30 and
517 464 131 31 moaned
683 463 137 40 through
856 464 51 29 the

138 537 123 38 chiu-ch,
294 547 92 29 many
416 546 18 18 a
462 535 79 29 head
570 543 63 21 was
666 532 110 32 bowed
806 532 99 39 down,

137 607 60 28 and
231 605 150 40 although
414 603 132 40 nothing
581 602 90 31 could
706 602 115 29 exceed
854 602 53 30 the

138 674 193 30 discordance
362 674 33 29 of
428 673 52 29 the
511 672 113 30 sounds
655 681 39 21 on
723 670 103 32 which
854 671 53 30 the

136 742 94 31 awful
252 742 99 31 words
370 751 81 21 were
472 740 103 39 borne,
600 740 60 29 and
682 740 151 39 although
854 740 53 29 the

138 812 93 29 drone
254 810 34 30 of
306 811 54 29 the
383 812 130 37 serpent,
539 812 54 27 out
616 808 34 31 of
671 811 76 27 tune
770 808 61 29 and
854 810 53 28 out

137 881 33 30 of
208 880 82 38 time,
329 880 61 30 and
431 879 139 31 confided
611 882 32 27 to
684 878 54 31 the
779 878 128 30 musical

136 949 154 40 aptitudes
325 949 33 29 of
391 960 18 18 a
443 949 143 29 fanatical
623 948 131 38 cobbler,
790 948 116 39 verged

136 1028 83 29 upon
247 1018 53 29 the
329 1017 177 38 ridiculous,
538 1016 132 40 nothing
699 1017 122 29 seemed
849 1016 57 31 felt

135 1087 57 30 but
213 1087 53 29 the
289 1087 92 29 dread
404 1086 33 30 of
459 1086 52 30 the
533 1086 105 30 future
660 1086 61 30 and
746 1086 53 30 the
826 1086 81 40 grief

135 1155 47 31 for
207 1155 52 30 the
285 1155 67 30 lost.
399 1155 79 30 Poor
503 1154 81 31 little
610 1154 133 31 Vevette
768 1165 63 20 was
852 1154 51 31 ob-

135 1225 107 30 served
263 1227 31 27 to
318 1224 52 30 sob
391 1224 129 41 bitterly
542 1234 32 20 as
596 1225 53 29 she
671 1224 56 30 hid
748 1225 56 29 her
826 1225 80 29 head

135 1293 34 30 in
190 1294 55 29 her
266 1293 228 39 handkerchief,
512 1294 60 29 and
594 1293 76 31 both
686 1294 51 30 old
759 1294 145 31 Morville

136 1363 60 29 and
217 1362 48 30 his
288 1373 54 19 son
364 1363 99 29 Raoul
486 1364 128 29 covered
636 1363 81 30 theh-
732 1363 81 30 faces
827 1364 78 31 with

136 1431 80 32 their
237 1432 76 30 hats.
359 1432 135 31 Richard
515 1433 130 31 Prevost
664 1443 63 21 was
749 1434 77 38 pale,
845 1435 61 29 and
