1019 1638
181 86 51 26 124

430 96 58 19 ALL
508 96 57 19 FOR
585 95 107 20 GREED.

178 182 78 30 been
271 184 148 39 managed
440 183 42 40 by
499 182 117 30 Martin
639 182 139 38 Prevost,
797 182 61 29 and
880 181 68 30 that

178 251 78 30 after
280 252 53 30 the
355 252 116 30 latter's
493 251 178 30 retirement
693 251 78 30 from
797 250 49 31 his
862 250 85 31 office

178 322 37 30 he
237 322 61 30 had
319 323 155 40 preferred
495 321 48 31 his
566 321 107 32 advice
695 324 32 27 to
750 321 68 30 that
841 320 34 31 of
893 320 53 31 the

177 395 108 38 notary
300 392 69 32 who
386 403 62 21 was
470 392 48 30 his
541 392 110 30 official
674 402 162 28 successor,
855 391 90 29 Mon-

177 461 81 31 sieur
283 462 28 29 le
327 462 140 30 Vicomte
491 461 158 31 contrived
675 463 32 28 to
731 460 104 31 obtain
858 471 18 20 a
897 471 48 20 re-

176 530 77 40 spite
283 531 78 30 from
397 530 48 31 his
475 531 104 30 future
609 530 204 31 son-in-law's
842 541 102 28 repre-

176 600 157 39 sentative,
352 601 59 29 and
427 603 45 27 set
494 602 32 27 to
542 600 85 30 work
643 602 32 27 to
692 600 88 29 make
797 600 52 29 the
865 601 80 28 most

174 670 38 29 he
229 670 90 29 could
333 671 34 28 of
379 671 50 28 old
444 671 137 28 Prevost'
586 681 13 18 s
614 669 75 30 heir.

217 739 98 30 There
330 750 61 20 was
413 750 39 19 no
467 739 155 39 kindness,
640 750 40 19 no
696 738 161 40 attention,
874 739 69 29 that

174 818 62 21 was
258 811 53 28 not
334 809 105 30 shown
461 809 43 40 by
518 809 53 30 the
593 808 131 31 inmates
740 808 35 30 of
792 808 54 30 the
863 807 79 32 Cha-

173 881 72 27 teau
260 880 32 28 to
306 888 74 30 poor
395 877 159 31 Monsieur
569 877 148 40 Richard;
735 878 68 39 and,
821 878 122 40 though

173 949 53 29 the
242 948 119 41 quaUty
377 949 33 29 of
429 949 86 29 these
535 949 149 30 advances
699 959 63 20 was
785 948 64 30 stUl
872 948 35 30 of
925 958 18 19 a

176 1016 192 41 patronising
383 1020 71 36 sort,
472 1021 54 37 yet
552 1018 75 41 they
648 1028 80 21 were
743 1028 77 31 very
841 1018 102 30 sooth-

173 1086 55 40 ing
256 1089 32 27 to
316 1087 53 29 the
399 1087 147 41 unhappy
571 1098 106 30 young
707 1098 79 28 man,
813 1088 61 29 and
902 1088 40 30 he

174 1156 104 40 gladly
295 1156 143 39 accepted
460 1156 84 30 them
557 1166 7 30 ;
588 1167 32 20 so
643 1157 76 39 that,
737 1157 43 41 by
804 1158 136 39 degrees,

173 1225 68 30 half
259 1225 48 30 his
328 1225 75 30 time
419 1236 83 19 came
524 1229 31 27 to
572 1226 38 30 be
628 1229 89 37 spent
739 1229 32 28 at
792 1227 54 30 the
863 1226 79 32 Cha-

173 1298 79 27 teau.
298 1295 50 30 He
370 1306 94 19 never
487 1306 83 30 grew
584 1298 32 28 to
632 1297 60 29 feel
707 1299 32 27 at
760 1297 91 30 home
866 1297 77 31 with

172 1363 62 32 this
256 1364 116 41 fanuly,
389 1364 58 30 but
473 1365 53 30 the
548 1364 188 32 intercourse
758 1365 78 32 with
858 1366 85 30 them

173 1445 61 19 was
250 1434 145 39 pleasant,
414 1435 60 29 and
488 1435 74 30 took
576 1435 66 30 him
658 1438 53 28 out
727 1435 34 31 of
772 1435 132 31 himself.
