1019 1638
782 100 52 26 213

228 102 64 21 THE
311 103 95 21 FEAST
427 104 57 20 FOR
504 105 62 20 THE
589 105 88 20 DEAD.

66 186 142 41 Vevette,
373 201 63 30 you
458 201 50 19 are
535 191 77 30 hard
642 203 82 28 upon
754 194 78 29 Feli-

141 325 16 30 I
180 327 79 40 hope
281 328 17 29 I
319 339 49 19 am
388 331 54 28 not
463 329 76 30 hard
560 340 83 29 upon
664 340 60 31 any

66 394 66 30 said
153 396 53 30 the
230 396 80 32 Cure
324 407 7 30 ;
389 398 56 30 but
469 398 16 30 I
508 409 48 19 am
578 399 129 30 anxious
729 402 32 27 to
784 411 48 19 see

64 464 52 30 the
132 466 133 39 worship
282 466 33 30 of
333 466 53 30 the
400 466 164 41 Almighty
574 467 76 39 kept
663 478 76 29 pure
754 468 77 30 from

63 534 41 30 all
131 536 165 40 unworthy
314 536 138 39 personal
478 536 236 31 considerations
729 547 7 30 ;
760 539 68 38 and,

63 604 47 29 for
136 604 145 39 instance,
306 615 53 30 my
389 605 90 38 child,
505 606 16 29 I
552 606 37 30 do
615 606 78 39 hope
713 607 67 30 that
806 607 26 30 if

64 673 100 39 death,
168 693 42 2 —
212 684 33 20 or
266 674 54 30 the
339 673 124 40 Bishop,
468 693 42 3 —
511 675 108 29 should
641 685 120 20 remove
782 687 48 18 me

61 743 80 30 from
155 743 29 29 D
274 767 6 14 ,
298 753 62 31 you
375 743 64 31 will
453 743 38 30 be
506 746 31 28 to
552 754 53 30 my
620 754 159 29 successor,
797 755 32 20 as

60 823 79 30 your
154 812 104 40 parish
271 812 104 40 priest,
392 813 41 29 all
448 823 62 30 you
524 814 77 28 have
624 813 77 29 been
715 816 31 27 to
767 824 56 29 me,

61 891 78 21 even
154 881 111 30 should
279 881 38 29 he
332 881 120 39 happen
467 884 31 27 to
520 881 37 30 be
580 882 53 29 the
654 892 121 20 reverse
796 882 34 30 of

60 952 156 30 whatever
231 961 62 30 you
308 961 71 30 may
394 951 108 29 choose
524 953 31 27 to
578 951 91 29 think
689 951 136 39 pleasant

60 1031 33 20 or
109 1019 167 41 agreeable.
322 1019 116 31 Where
453 1030 50 19 are
519 1030 45 21 we
579 1019 129 40 tending
718 1019 14 30 ?
786 1019 37 29 he

59 1090 106 38 added,
183 1089 77 30 after
276 1100 16 18 a
307 1089 160 29 moment's
489 1099 101 30 pause,
608 1089 60 29 and
689 1088 136 39 walking

58 1170 39 20 on
112 1169 18 20 a
144 1162 66 36 step
227 1169 33 20 or
271 1161 70 36 two,
387 1158 76 31 with
474 1158 41 30 all
530 1158 84 30 these
630 1157 191 39 littlenesses,

55 1228 61 31 and
138 1228 141 39 caprices,
293 1228 60 29 and
378 1227 186 40 hypocrisies
574 1227 14 29 ?
631 1227 64 29 The
710 1227 68 29 love
795 1227 33 29 of

57 1298 70 30 God
150 1298 60 30 and
232 1297 54 30 the
305 1297 64 30 fear
391 1296 34 31 of
447 1296 69 31 God
538 1306 50 20 are
612 1295 211 40 disappearing

55 1368 78 30 from
159 1367 115 30 human
298 1366 110 39 hearts,
426 1366 60 30 ancl
509 1366 33 29 in
567 1365 80 30 their
670 1365 84 40 place
776 1374 46 20 we

54 1438 78 30 have
148 1436 208 38 new-fangled
371 1434 156 40 practices,
545 1437 200 37 pet-prayers,
763 1433 59 29 and
