1019 1638
171 100 235 23 MADEMOISELLE
426 96 125 27 FELICIE'
555 103 14 20 S
587 103 148 20 HUSBAND.

787 96 52 27 251

76 189 84 27 went
213 198 39 19 on
288 189 154 40 watching
477 190 65 29 him
578 190 130 30 without
747 191 92 39 being

77 255 130 29 noticed.

153 325 66 31 One
245 326 91 41 thing
350 330 83 27 must
459 330 30 28 at
510 329 40 28 all
576 331 105 28 events
706 329 38 29 be
770 340 71 18 seen

158 394 169 40 ejaculated
342 396 141 40 Richard,
499 407 32 20 as
546 397 118 40 though
680 398 104 29 struck
798 398 43 40 by

77 474 17 19 a
111 464 118 30 sudden
248 464 190 41 inspiration.
516 467 64 28 The
595 467 97 30 whole
708 469 82 27 must
804 467 37 29 be

75 533 76 39 kept
185 537 98 27 secret
295 544 7 29 ;
337 534 25 31 it
402 539 82 27 must
521 545 93 21 never
651 535 38 30 be
727 535 113 31 known

75 603 68 28 that

152 671 65 30 Not
234 671 114 31 known
360 672 6 30 !
431 673 172 29 thundered
621 673 53 29 the
689 672 148 31 Vicomte.

218 751 53 31 my
291 742 80 39 good
391 742 50 39 sir,
460 752 55 19 one
537 752 63 19 sees
615 743 83 30 what
719 742 26 29 it
763 742 25 29 is
808 745 31 27 to

73 809 62 32 Uve
156 813 54 27 out
230 810 34 30 of
286 810 52 30 the
360 811 96 30 world
478 821 32 20 as
525 821 62 30 you
605 811 37 30 do
659 811 5 30 !
703 811 94 40 Why,
815 811 24 30 it

73 880 26 29 is
123 880 114 31 known
268 881 132 39 already.
463 880 185 40 Everybody
674 880 106 30 knows
805 880 33 29 it.

73 949 31 31 It
128 959 61 21 was
213 949 114 31 known
353 949 103 30 before
480 949 25 30 it
520 959 61 21 was
607 951 68 28 true
691 949 6 30 !
742 948 97 30 These

73 1019 105 39 things
195 1019 114 39 always
325 1029 50 19 are
390 1019 7 29 !

153 1088 38 30 So
353 1087 134 40 groaned
510 1086 159 31 Monsieur
693 1086 142 38 Richard,

103 1157 26 31 it
143 1157 65 32 will
222 1157 39 30 be
283 1157 105 40 public
409 1157 190 39 throughout
619 1157 52 29 the
692 1156 143 40 province

70 1228 68 29 that
157 1227 230 31 Mademoiselle
410 1226 114 30 FeUcie
525 1245 42 3 —
568 1225 269 31 Ma-de-moi-selle

218 1316 43 3 —
261 1297 61 30 and
344 1297 39 29 he
408 1296 93 32 dwelt
526 1306 39 20 on
594 1306 92 29 every
710 1295 127 40 syllable

69 1367 158 41 solemnly,
231 1386 42 3 —
387 1366 78 30 been
484 1365 93 40 given
597 1375 51 29 up,
671 1364 164 38 discarded,

68 1438 122 30 refused
207 1439 8 29 !
275 1437 32 29 It
343 1436 26 30 is
405 1439 51 27 too
493 1435 139 31 dreadful
644 1434 7 31 !
775 1433 62 32 Can
