<?xml version="1.0" encoding="UTF-8"?>
<alto xmlns:xsi="http://www.w3.org/2001/XMLSchema-instance" xsi:noNamespaceSchemaLocation="http://www.bl.uk/schemas/alto/alto-1-4.xsd" xmlns:xlink="http://www.w3.org/1999/xlink">
	<Description>
		<MeasurementUnit>mm10</MeasurementUnit>
		<sourceImageInformation>
			<fileName>//head1/IN/2007-46/A0010904365.1/000077.jp2</fileName>
		</sourceImageInformation>
		<OCRProcessing ID="OCRPROCESSING_1">
			<preProcessingStep>
				<processingSoftware>
					<softwareCreator>CCS Content Conversion Specialists GmbH, Germany</softwareCreator>
					<softwareName>CCS docWORKS</softwareName>
					<softwareVersion>6.1-0.62</softwareVersion>
				</processingSoftware>
			</preProcessingStep>
			<ocrProcessingStep>
				<processingSoftware>
					<softwareCreator>ABBYY (BIT Software), Russia</softwareCreator>
					<softwareName>Finereader</softwareName>
				</processingSoftware>
			</ocrProcessingStep>
		</OCRProcessing>
	</Description>
	<Styles>
		<TextStyle ID="TXT_0" FONTSIZE="10" FONTFAMILY="Courier New"/>
		<TextStyle ID="TXT_1" FONTSIZE="11" FONTFAMILY="Courier New"/>
		<ParagraphStyle ID="PAR_LEFT" ALIGN="Left"/>
		<ParagraphStyle ID="PAR_RIGHT" ALIGN="Right"/>
	</Styles>
	<Layout>
		<Page ID="P65" PHYSICAL_IMG_NR="65" HEIGHT="1638" WIDTH="1019" PRINTED_IMG_NR="47" POSITION="Right" ACCURACY="71.44">
			<TopMargin ID="P65_TM00001" HPOS="0" VPOS="0" WIDTH="1019" HEIGHT="106">
				<TextBlock ID="P65_TB00001" HPOS="254" VPOS="82" WIDTH="401" HEIGHT="22" STYLEREFS="TXT_0 PAR_LEFT">
					<TextLine ID="P65_TL00001" HPOS="254" VPOS="82" WIDTH="401" HEIGHT="22">
						<String ID="P65_ST00001" HPOS="254" VPOS="82" WIDTH="63" HEIGHT="21" CONTENT="THE" WC="0.78" CC="060"/>
						<SP ID="P65_SP00001" HPOS="317" VPOS="103" WIDTH="19"/>
						<String ID="P65_ST00002" HPOS="336" VPOS="83" WIDTH="160" HEIGHT="21" CONTENT="MARRIAGE" WC="0.90" CC="00005001"/>
						<SP ID="P65_SP00002" HPOS="496" VPOS="104" WIDTH="20"/>
						<String ID="P65_ST00003" HPOS="516" VPOS="84" WIDTH="139" HEIGHT="20" CONTENT="PORTION." WC="0.70" CC="63706000"/>
					</TextLine>
				</TextBlock>
				<TextBlock ID="P65_TB00002" HPOS="806" VPOS="80" WIDTH="33" HEIGHT="24" STYLEREFS="TXT_1 PAR_RIGHT">
					<TextLine ID="P65_TL00002" HPOS="806" VPOS="80" WIDTH="33" HEIGHT="24">
						<String ID="P65_ST00004" HPOS="806" VPOS="80" WIDTH="33" HEIGHT="24" CONTENT="47" WC="1.00" CC="00"/>
					</TextLine>
				</TextBlock>
			</TopMargin>
			<LeftMargin ID="P65_LM00001" HPOS="0" VPOS="106" WIDTH="65" HEIGHT="1351"/>
			<RightMargin ID="P65_RM00001" HPOS="844" VPOS="106" WIDTH="175" HEIGHT="1351"/>
			<BottomMargin ID="P65_BM00001" HPOS="0" VPOS="1457" WIDTH="1019" HEIGHT="181"/>
			<PrintSpace ID="P65_PS00001" HPOS="65" VPOS="106" WIDTH="779" HEIGHT="1351">
				<TextBlock ID="P65_TB00003" HPOS="71" VPOS="167" WIDTH="773" HEIGHT="666" STYLEREFS="TXT_0 PAR_LEFT">
					<TextLine ID="P65_TL00003" HPOS="120" VPOS="168" WIDTH="719" HEIGHT="43">
						<String ID="P65_ST00005" HPOS="120" VPOS="170" WIDTH="18" HEIGHT="15" CONTENT='"' WC="0.54" CC="4"/>
						<SP ID="P65_SP00003" HPOS="138" VPOS="185" WIDTH="11"/>
						<String ID="P65_ST00006" HPOS="149" VPOS="168" WIDTH="16" HEIGHT="30" CONTENT="I" WC="0.35" CC="6"/>
						<SP ID="P65_SP00004" HPOS="165" VPOS="198" WIDTH="17"/>
						<String ID="P65_ST00007" HPOS="182" VPOS="172" WIDTH="83" HEIGHT="27" CONTENT="must" WC="0.69" CC="0660"/>
						<SP ID="P65_SP00005" HPOS="265" VPOS="199" WIDTH="14"/>
						<String ID="P65_ST00008" HPOS="279" VPOS="172" WIDTH="55" HEIGHT="28" CONTENT="not" WC="0.59" CC="740"/>
						<SP ID="P65_SP00006" HPOS="334" VPOS="200" WIDTH="14"/>
						<String ID="P65_ST00009" HPOS="348" VPOS="170" WIDTH="55" HEIGHT="30" CONTENT="teU" WC="0.64" CC="307"/>
						<SP ID="P65_SP00007" HPOS="403" VPOS="200" WIDTH="16"/>
						<String ID="P65_ST00010" HPOS="419" VPOS="181" WIDTH="62" HEIGHT="30" CONTENT="you" WC="0.76" CC="007"/>
						<SP ID="P65_SP00008" HPOS="481" VPOS="211" WIDTH="15"/>
						<String ID="P65_ST00011" HPOS="496" VPOS="171" WIDTH="83" HEIGHT="40" CONTENT='yet,"' WC="0.86" CC="00033"/>
						<SP ID="P65_SP00009" HPOS="579" VPOS="211" WIDTH="17"/>
						<String ID="P65_ST00012" HPOS="596" VPOS="172" WIDTH="141" HEIGHT="29" CONTENT="resumed" WC="0.76" CC="4056000"/>
						<SP ID="P65_SP00010" HPOS="737" VPOS="211" WIDTH="14"/>
						<String ID="P65_ST00013" HPOS="751" VPOS="172" WIDTH="88" HEIGHT="30" CONTENT="Mon" SUBS_TYPE="HypPart1" SUBS_CONTENT="Monsieur" WC="0.70" CC="0470"/>
						<HYP CONTENT="-"/>
					</TextLine>
					<TextLine ID="P65_TL00004" HPOS="74" VPOS="237" WIDTH="765" HEIGHT="44">
						<String ID="P65_ST00014" HPOS="74" VPOS="237" WIDTH="82" HEIGHT="30" CONTENT="sieur" SUBS_TYPE="HypPart2" SUBS_CONTENT="Monsieur" WC="0.70" CC="70070"/>
						<SP ID="P65_SP00011" HPOS="156" VPOS="267" WIDTH="27"/>
						<String ID="P65_ST00015" HPOS="183" VPOS="239" WIDTH="37" HEIGHT="29" CONTENT="de" WC="1.00" CC="00"/>
						<SP ID="P65_SP00012" HPOS="220" VPOS="268" WIDTH="23"/>
						<String ID="P65_ST00016" HPOS="243" VPOS="239" WIDTH="187" HEIGHT="40" CONTENT="Verancour," WC="0.59" CC="7060603744"/>
						<SP ID="P65_SP00013" HPOS="430" VPOS="279" WIDTH="18"/>
						<String ID="P65_ST00017" HPOS="448" VPOS="240" WIDTH="77" HEIGHT="30" CONTENT="with" WC="0.53" CC="9007"/>
						<SP ID="P65_SP00014" HPOS="525" VPOS="279" WIDTH="26"/>
						<String ID="P65_ST00018" HPOS="551" VPOS="251" WIDTH="39" HEIGHT="19" CONTENT="an" WC="0.64" CC="07"/>
						<SP ID="P65_SP00015" HPOS="590" VPOS="279" WIDTH="25"/>
						<String ID="P65_ST00019" HPOS="615" VPOS="240" WIDTH="45" HEIGHT="30" CONTENT="air" WC="0.50" CC="077"/>
						<SP ID="P65_SP00016" HPOS="660" VPOS="279" WIDTH="24"/>
						<String ID="P65_ST00020" HPOS="684" VPOS="241" WIDTH="33" HEIGHT="29" CONTENT="of" WC="1.00" CC="00"/>
						<SP ID="P65_SP00017" HPOS="717" VPOS="279" WIDTH="28"/>
						<String ID="P65_ST00021" HPOS="745" VPOS="241" WIDTH="94" HEIGHT="40" CONTENT="diplo" SUBS_TYPE="HypPart1" SUBS_CONTENT="diplomatic" WC="0.77" CC="410340"/>
						<HYP CONTENT="-"/>
					</TextLine>
					<TextLine ID="P65_TL00005" HPOS="72" VPOS="308" WIDTH="770" HEIGHT="41">
						<String ID="P65_ST00022" HPOS="72" VPOS="308" WIDTH="93" HEIGHT="30" CONTENT="matic" SUBS_TYPE="HypPart2" SUBS_CONTENT="diplomatic" WC="0.56" CC="09533"/>
						<SP ID="P65_SP00018" HPOS="165" VPOS="338" WIDTH="30"/>
						<String ID="P65_ST00023" HPOS="195" VPOS="308" WIDTH="197" HEIGHT="41" CONTENT="importance," WC="0.78" CC="00005507204"/>
						<SP ID="P65_SP00019" HPOS="392" VPOS="349" WIDTH="17"/>
						<String ID="P65_ST00024" HPOS="409" VPOS="310" WIDTH="85" HEIGHT="30" CONTENT='"but' WC="0.46" CC="4763"/>
						<SP ID="P65_SP00020" HPOS="494" VPOS="349" WIDTH="24"/>
						<String ID="P65_ST00025" HPOS="518" VPOS="310" WIDTH="85" HEIGHT="31" CONTENT="there" WC="0.73" CC="07050"/>
						<SP ID="P65_SP00021" HPOS="603" VPOS="349" WIDTH="30"/>
						<String ID="P65_ST00026" HPOS="633" VPOS="310" WIDTH="26" HEIGHT="31" CONTENT="is" WC="0.44" CC="46"/>
						<SP ID="P65_SP00022" HPOS="659" VPOS="349" WIDTH="30"/>
						<String ID="P65_ST00027" HPOS="689" VPOS="322" WIDTH="39" HEIGHT="19" CONTENT="an" WC="0.63" CC="07"/>
						<SP ID="P65_SP00023" HPOS="728" VPOS="349" WIDTH="28"/>
						<String ID="P65_ST00028" HPOS="756" VPOS="311" WIDTH="86" HEIGHT="30" CONTENT="affair" WC="0.94" CC="300000"/>
					</TextLine>
					<TextLine ID="P65_TL00006" HPOS="72" VPOS="377" WIDTH="768" HEIGHT="33">
						<String ID="P65_ST00029" HPOS="72" VPOS="377" WIDTH="94" HEIGHT="31" CONTENT="about" WC="0.58" CC="07076"/>
						<SP ID="P65_SP00024" HPOS="166" VPOS="408" WIDTH="15"/>
						<String ID="P65_ST00030" HPOS="181" VPOS="380" WIDTH="32" HEIGHT="28" CONTENT="to" WC="0.85" CC="02"/>
						<SP ID="P65_SP00025" HPOS="213" VPOS="408" WIDTH="16"/>
						<String ID="P65_ST00031" HPOS="229" VPOS="378" WIDTH="37" HEIGHT="30" CONTENT="be" WC="1.00" CC="00"/>
						<SP ID="P65_SP00026" HPOS="266" VPOS="408" WIDTH="16"/>
						<String ID="P65_ST00032" HPOS="282" VPOS="379" WIDTH="152" HEIGHT="30" CONTENT="launched" WC="0.68" CC="20670700"/>
						<SP ID="P65_SP00027" HPOS="434" VPOS="409" WIDTH="14"/>
						<String ID="P65_ST00033" HPOS="448" VPOS="380" WIDTH="68" HEIGHT="29" CONTENT="that" WC="0.79" CC="0701"/>
						<SP ID="P65_SP00028" HPOS="516" VPOS="409" WIDTH="9"/>
						<String ID="P65_ST00034" HPOS="525" VPOS="379" WIDTH="65" HEIGHT="31" CONTENT="will" WC="0.67" CC="0452"/>
						<SP ID="P65_SP00029" HPOS="590" VPOS="410" WIDTH="15"/>
						<String ID="P65_ST00035" HPOS="605" VPOS="380" WIDTH="88" HEIGHT="29" CONTENT="make" WC="0.85" CC="0050"/>
						<SP ID="P65_SP00030" HPOS="693" VPOS="410" WIDTH="15"/>
						<String ID="P65_ST00036" HPOS="708" VPOS="380" WIDTH="119" HEIGHT="30" CONTENT="million" WC="0.68" CC="0412338"/>
						<SP ID="P65_SP00031" HPOS="827" VPOS="410" WIDTH="3"/>
						<String ID="P65_ST00037" HPOS="830" VPOS="398" WIDTH="10" HEIGHT="4" CONTENT="-" WC="0.78" CC="2"/>
					</TextLine>
					<TextLine ID="P65_TL00007" HPOS="71" VPOS="446" WIDTH="768" HEIGHT="44">
						<String ID="P65_ST00038" HPOS="71" VPOS="446" WIDTH="101" HEIGHT="31" CONTENT="naires" WC="0.52" CC="707706"/>
						<SP ID="P65_SP00032" HPOS="172" VPOS="477" WIDTH="10"/>
						<String ID="P65_ST00039" HPOS="182" VPOS="447" WIDTH="33" HEIGHT="31" CONTENT="of" WC="0.73" CC="40"/>
						<SP ID="P65_SP00033" HPOS="215" VPOS="478" WIDTH="13"/>
						<String ID="P65_ST00040" HPOS="228" VPOS="448" WIDTH="42" HEIGHT="30" CONTENT="all" WC="0.96" CC="000"/>
						<SP ID="P65_SP00034" HPOS="270" VPOS="478" WIDTH="14"/>
						<String ID="P65_ST00041" HPOS="284" VPOS="449" WIDTH="86" HEIGHT="30" CONTENT="those" WC="0.51" CC="77260"/>
						<SP ID="P65_SP00035" HPOS="370" VPOS="479" WIDTH="13"/>
						<String ID="P65_ST00042" HPOS="383" VPOS="449" WIDTH="69" HEIGHT="30" CONTENT="who" WC="0.69" CC="071"/>
						<SP ID="P65_SP00036" HPOS="452" VPOS="479" WIDTH="11"/>
						<String ID="P65_ST00043" HPOS="463" VPOS="460" WIDTH="50" HEIGHT="19" CONTENT="are" WC="0.77" CC="060"/>
						<SP ID="P65_SP00037" HPOS="513" VPOS="479" WIDTH="11"/>
						<String ID="P65_ST00044" HPOS="524" VPOS="451" WIDTH="166" HEIGHT="28" CONTENT="connected" WC="0.77" CC="207700003"/>
						<SP ID="P65_SP00038" HPOS="690" VPOS="479" WIDTH="14"/>
						<String ID="P65_ST00045" HPOS="704" VPOS="451" WIDTH="77" HEIGHT="29" CONTENT="with" WC="0.66" CC="0237"/>
						<SP ID="P65_SP00039" HPOS="781" VPOS="480" WIDTH="15"/>
						<String ID="P65_ST00046" HPOS="796" VPOS="451" WIDTH="25" HEIGHT="29" CONTENT="it" WC="1.00" CC="00"/>
						<String ID="P65_ST00047" HPOS="831" VPOS="461" WIDTH="8" HEIGHT="29" CONTENT=";" WC="0.55" CC="4"/>
					</TextLine>
					<TextLine ID="P65_TL00008" HPOS="72" VPOS="517" WIDTH="767" HEIGHT="40">
						<String ID="P65_ST00048" HPOS="72" VPOS="517" WIDTH="16" HEIGHT="29" CONTENT="I" WC="1.00" CC="0"/>
						<SP ID="P65_SP00040" HPOS="88" VPOS="546" WIDTH="16"/>
						<String ID="P65_ST00049" HPOS="104" VPOS="517" WIDTH="79" HEIGHT="31" CONTENT="have" WC="0.64" CC="7060"/>
						<SP ID="P65_SP00041" HPOS="183" VPOS="548" WIDTH="15"/>
						<String ID="P65_ST00050" HPOS="198" VPOS="517" WIDTH="116" HEIGHT="30" CONTENT="friends" WC="0.65" CC="3320706"/>
						<SP ID="P65_SP00042" HPOS="314" VPOS="548" WIDTH="18"/>
						<String ID="P65_ST00051" HPOS="332" VPOS="521" WIDTH="32" HEIGHT="27" CONTENT="at" WC="0.83" CC="03"/>
						<SP ID="P65_SP00043" HPOS="364" VPOS="548" WIDTH="25"/>
						<String ID="P65_ST00052" HPOS="389" VPOS="518" WIDTH="52" HEIGHT="30" CONTENT="the" WC="0.65" CC="270"/>
						<SP ID="P65_SP00044" HPOS="441" VPOS="548" WIDTH="22"/>
						<String ID="P65_ST00053" HPOS="463" VPOS="518" WIDTH="80" HEIGHT="31" CONTENT="head" WC="0.81" CC="7000"/>
						<SP ID="P65_SP00045" HPOS="543" VPOS="549" WIDTH="15"/>
						<String ID="P65_ST00054" HPOS="558" VPOS="518" WIDTH="33" HEIGHT="31" CONTENT="of" WC="0.91" CC="10"/>
						<SP ID="P65_SP00046" HPOS="591" VPOS="549" WIDTH="19"/>
						<String ID="P65_ST00055" HPOS="610" VPOS="519" WIDTH="33" HEIGHT="38" CONTENT="it," WC="0.89" CC="003"/>
						<SP ID="P65_SP00047" HPOS="643" VPOS="557" WIDTH="19"/>
						<String ID="P65_ST00056" HPOS="662" VPOS="520" WIDTH="60" HEIGHT="29" CONTENT="and" WC="0.79" CC="060"/>
						<String ID="P65_ST00057" HPOS="722" VPOS="539" WIDTH="43" HEIGHT="2" CONTENT="—" WC="0.20" CC="8"/>
						<String ID="P65_ST00058" HPOS="766" VPOS="520" WIDTH="17" HEIGHT="15" CONTENT='"' WC="0.67" CC="3"/>
						<SP ID="P65_SP00048" HPOS="783" VPOS="557" WIDTH="17"/>
						<String ID="P65_ST00059" HPOS="800" VPOS="520" WIDTH="39" HEIGHT="30" CONTENT="he" WC="0.48" CC="72"/>
					</TextLine>
					<TextLine ID="P65_TL00009" HPOS="73" VPOS="587" WIDTH="771" HEIGHT="41">
						<String ID="P65_ST00060" HPOS="73" VPOS="587" WIDTH="129" HEIGHT="39" CONTENT="stopped" WC="0.87" CC="6020000"/>
						<SP ID="P65_SP00049" HPOS="202" VPOS="626" WIDTH="16"/>
						<String ID="P65_ST00061" HPOS="218" VPOS="587" WIDTH="160" HEIGHT="41" CONTENT="suddenly," WC="0.74" CC="660005003"/>
						<SP ID="P65_SP00050" HPOS="378" VPOS="628" WIDTH="19"/>
						<String ID="P65_ST00062" HPOS="397" VPOS="598" WIDTH="32" HEIGHT="19" CONTENT="as" WC="0.68" CC="06"/>
						<SP ID="P65_SP00051" HPOS="429" VPOS="628" WIDTH="15"/>
						<String ID="P65_ST00063" HPOS="444" VPOS="588" WIDTH="119" HEIGHT="39" CONTENT="though" WC="0.59" CC="072707"/>
						<SP ID="P65_SP00052" HPOS="563" VPOS="628" WIDTH="21"/>
						<String ID="P65_ST00064" HPOS="584" VPOS="598" WIDTH="40" HEIGHT="19" CONTENT="on" WC="0.48" CC="27"/>
						<SP ID="P65_SP00053" HPOS="624" VPOS="628" WIDTH="13"/>
						<String ID="P65_ST00065" HPOS="637" VPOS="588" WIDTH="53" HEIGHT="29" CONTENT="the" WC="0.54" CC="670"/>
						<SP ID="P65_SP00054" HPOS="690" VPOS="628" WIDTH="15"/>
						<String ID="P65_ST00066" HPOS="705" VPOS="588" WIDTH="91" HEIGHT="29" CONTENT="brink" WC="0.44" CC="76067"/>
						<SP ID="P65_SP00055" HPOS="796" VPOS="628" WIDTH="15"/>
						<String ID="P65_ST00067" HPOS="811" VPOS="589" WIDTH="33" HEIGHT="29" CONTENT="of" WC="0.67" CC="33"/>
					</TextLine>
					<TextLine ID="P65_TL00010" HPOS="72" VPOS="656" WIDTH="769" HEIGHT="40">
						<String ID="P65_ST00068" HPOS="72" VPOS="656" WIDTH="152" HEIGHT="39" CONTENT="violating" WC="0.78" CC="710300070"/>
						<SP ID="P65_SP00056" HPOS="224" VPOS="695" WIDTH="30"/>
						<String ID="P65_ST00069" HPOS="254" VPOS="667" WIDTH="82" HEIGHT="19" CONTENT="some" WC="0.82" CC="7000"/>
						<SP ID="P65_SP00057" HPOS="336" VPOS="695" WIDTH="29"/>
						<String ID="P65_ST00070" HPOS="365" VPOS="656" WIDTH="95" HEIGHT="32" CONTENT="awful" WC="0.85" CC="00070"/>
						<SP ID="P65_SP00058" HPOS="460" VPOS="695" WIDTH="31"/>
						<String ID="P65_ST00071" HPOS="491" VPOS="660" WIDTH="96" HEIGHT="27" CONTENT="secret" WC="0.70" CC="600505"/>
						<String ID="P65_ST00072" HPOS="599" VPOS="667" WIDTH="8" HEIGHT="29" CONTENT=";" WC="0.29" CC="7"/>
						<SP ID="P65_SP00059" HPOS="607" VPOS="696" WIDTH="30"/>
						<String ID="P65_ST00073" HPOS="637" VPOS="659" WIDTH="18" HEIGHT="15" CONTENT='"' WC="0.54" CC="4"/>
						<SP ID="P65_SP00060" HPOS="655" VPOS="696" WIDTH="11"/>
						<String ID="P65_ST00074" HPOS="666" VPOS="658" WIDTH="60" HEIGHT="29" CONTENT="and" WC="0.65" CC="370"/>
						<SP ID="P65_SP00061" HPOS="726" VPOS="696" WIDTH="25"/>
						<String ID="P65_ST00075" HPOS="751" VPOS="657" WIDTH="90" HEIGHT="32" CONTENT="when" WC="0.66" CC="0705"/>
					</TextLine>
					<TextLine ID="P65_TL00011" HPOS="72" VPOS="725" WIDTH="769" HEIGHT="42">
						<String ID="P65_ST00076" HPOS="72" VPOS="726" WIDTH="53" HEIGHT="29" CONTENT="the" WC="0.75" CC="070"/>
						<SP ID="P65_SP00062" HPOS="125" VPOS="755" WIDTH="16"/>
						<String ID="P65_ST00077" HPOS="141" VPOS="725" WIDTH="74" HEIGHT="30" CONTENT="time" WC="0.69" CC="6301"/>
						<SP ID="P65_SP00063" HPOS="215" VPOS="755" WIDTH="16"/>
						<String ID="P65_ST00078" HPOS="231" VPOS="726" WIDTH="130" HEIGHT="39" CONTENT='comes,"' WC="0.85" CC="0000703"/>
						<SP ID="P65_SP00064" HPOS="361" VPOS="765" WIDTH="17"/>
						<String ID="P65_ST00079" HPOS="378" VPOS="726" WIDTH="39" HEIGHT="29" CONTENT="he" WC="0.62" CC="70"/>
						<SP ID="P65_SP00065" HPOS="417" VPOS="765" WIDTH="11"/>
						<String ID="P65_ST00080" HPOS="428" VPOS="727" WIDTH="149" HEIGHT="38" CONTENT="resumed," WC="0.61" CC="40760084"/>
						<SP ID="P65_SP00066" HPOS="577" VPOS="765" WIDTH="21"/>
						<String ID="P65_ST00081" HPOS="598" VPOS="728" WIDTH="17" HEIGHT="15" CONTENT='"' WC="0.53" CC="4"/>
						<SP ID="P65_SP00067" HPOS="615" VPOS="765" WIDTH="12"/>
						<String ID="P65_ST00082" HPOS="627" VPOS="726" WIDTH="16" HEIGHT="29" CONTENT="I" WC="0.62" CC="3"/>
						<SP ID="P65_SP00068" HPOS="643" VPOS="765" WIDTH="15"/>
						<String ID="P65_ST00083" HPOS="658" VPOS="726" WIDTH="65" HEIGHT="30" CONTENT="will" WC="0.92" CC="0011"/>
						<SP ID="P65_SP00069" HPOS="723" VPOS="765" WIDTH="21"/>
						<String ID="P65_ST00084" HPOS="744" VPOS="729" WIDTH="51" HEIGHT="38" CONTENT="try" WC="0.82" CC="050"/>
						<SP ID="P65_SP00070" HPOS="795" VPOS="767" WIDTH="15"/>
						<String ID="P65_ST00085" HPOS="810" VPOS="729" WIDTH="31" HEIGHT="26" CONTENT="to" WC="1.00" CC="00"/>
					</TextLine>
					<TextLine ID="P65_TL00012" HPOS="73" VPOS="794" WIDTH="391" HEIGHT="39">
						<String ID="P65_ST00086" HPOS="73" VPOS="794" WIDTH="130" HEIGHT="31" CONTENT="interest" WC="0.78" CC="07004041"/>
						<SP ID="P65_SP00071" HPOS="203" VPOS="825" WIDTH="15"/>
						<String ID="P65_ST00087" HPOS="218" VPOS="805" WIDTH="63" HEIGHT="28" CONTENT="you" WC="0.66" CC="027"/>
						<SP ID="P65_SP00072" HPOS="281" VPOS="833" WIDTH="14"/>
						<String ID="P65_ST00088" HPOS="295" VPOS="795" WIDTH="34" HEIGHT="29" CONTENT="in" WC="0.34" CC="57"/>
						<SP ID="P65_SP00073" HPOS="329" VPOS="833" WIDTH="14"/>
						<String ID="P65_ST00089" HPOS="343" VPOS="794" WIDTH="26" HEIGHT="31" CONTENT="it" WC="0.93" CC="10"/>
						<SP ID="P65_SP00074" HPOS="369" VPOS="833" WIDTH="15"/>
						<String ID="P65_ST00090" HPOS="384" VPOS="795" WIDTH="80" HEIGHT="30" CONTENT='too."' WC="0.91" CC="10002"/>
					</TextLine>
				</TextBlock>
				<TextBlock ID="P65_TB00004" HPOS="70" VPOS="863" WIDTH="767" HEIGHT="109" STYLEREFS="TXT_0 PAR_LEFT">
					<TextLine ID="P65_TL00013" HPOS="117" VPOS="864" WIDTH="720" HEIGHT="40">
						<String ID="P65_ST00091" HPOS="117" VPOS="866" WIDTH="18" HEIGHT="15" CONTENT='"' WC="0.53" CC="4"/>
						<SP ID="P65_SP00075" HPOS="135" VPOS="881" WIDTH="12"/>
						<String ID="P65_ST00092" HPOS="147" VPOS="864" WIDTH="158" HEIGHT="30" CONTENT="Serviteur" WC="0.74" CC="701701060"/>
						<SP ID="P65_SP00076" HPOS="305" VPOS="894" WIDTH="12"/>
						<String ID="P65_ST00093" HPOS="317" VPOS="873" WIDTH="8" HEIGHT="31" CONTENT=";" WC="0.27" CC="7"/>
						<SP ID="P65_SP00077" HPOS="325" VPOS="904" WIDTH="15"/>
						<String ID="P65_ST00094" HPOS="340" VPOS="865" WIDTH="17" HEIGHT="14" CONTENT='"' WC="0.50" CC="4"/>
						<SP ID="P65_SP00078" HPOS="357" VPOS="904" WIDTH="18"/>
						<String ID="P65_ST00095" HPOS="375" VPOS="865" WIDTH="158" HEIGHT="29" CONTENT="answered" WC="0.72" CC="06690000"/>
						<SP ID="P65_SP00079" HPOS="533" VPOS="904" WIDTH="13"/>
						<String ID="P65_ST00096" HPOS="546" VPOS="864" WIDTH="50" HEIGHT="30" CONTENT="old" WC="0.95" CC="100"/>
						<SP ID="P65_SP00080" HPOS="596" VPOS="904" WIDTH="14"/>
						<String ID="P65_ST00097" HPOS="610" VPOS="865" WIDTH="138" HEIGHT="38" CONTENT="Prevost," WC="0.66" CC="50053343"/>
						<SP ID="P65_SP00081" HPOS="748" VPOS="904" WIDTH="14"/>
						<String ID="P65_ST00098" HPOS="762" VPOS="864" WIDTH="75" HEIGHT="31" CONTENT="with" WC="0.77" CC="0107"/>
					</TextLine>
					<TextLine ID="P65_TL00014" HPOS="70" VPOS="933" WIDTH="765" HEIGHT="39">
						<String ID="P65_ST00099" HPOS="70" VPOS="945" WIDTH="17" HEIGHT="19" CONTENT="a" WC="0.14" CC="8"/>
						<SP ID="P65_SP00082" HPOS="87" VPOS="964" WIDTH="15"/>
						<String ID="P65_ST00100" HPOS="102" VPOS="933" WIDTH="153" HEIGHT="39" CONTENT="profound" WC="0.67" CC="04061760"/>
						<SP ID="P65_SP00083" HPOS="255" VPOS="972" WIDTH="14"/>
						<String ID="P65_ST00101" HPOS="269" VPOS="934" WIDTH="78" HEIGHT="31" CONTENT="bow." WC="0.67" CC="7500"/>
						<SP ID="P65_SP00084" HPOS="347" VPOS="972" WIDTH="42"/>
						<String ID="P65_ST00102" HPOS="389" VPOS="935" WIDTH="18" HEIGHT="15" CONTENT='"' WC="0.53" CC="4"/>
						<SP ID="P65_SP00085" HPOS="407" VPOS="972" WIDTH="13"/>
						<String ID="P65_ST00103" HPOS="420" VPOS="933" WIDTH="16" HEIGHT="30" CONTENT="I" WC="0.71" CC="2"/>
						<SP ID="P65_SP00086" HPOS="436" VPOS="972" WIDTH="17"/>
						<String ID="P65_ST00104" HPOS="453" VPOS="944" WIDTH="49" HEIGHT="19" CONTENT="am" WC="1.00" CC="00"/>
						<SP ID="P65_SP00087" HPOS="502" VPOS="972" WIDTH="16"/>
						<String ID="P65_ST00105" HPOS="518" VPOS="933" WIDTH="153" HEIGHT="39" CONTENT="infinitely" WC="0.71" CC="4711740010"/>
						<SP ID="P65_SP00088" HPOS="671" VPOS="972" WIDTH="13"/>
						<String ID="P65_ST00106" HPOS="684" VPOS="933" WIDTH="151" HEIGHT="39" CONTENT='obliged."' WC="0.76" CC="563000004"/>
					</TextLine>
				</TextBlock>
				<TextBlock ID="P65_TB00005" HPOS="65" VPOS="1001" WIDTH="775" HEIGHT="456" STYLEREFS="TXT_0 PAR_LEFT">
					<TextLine ID="P65_TL00015" HPOS="119" VPOS="1002" WIDTH="719" HEIGHT="40">
						<String ID="P65_ST00107" HPOS="119" VPOS="1004" WIDTH="74" HEIGHT="30" CONTENT="Just" WC="0.48" CC="4753"/>
						<SP ID="P65_SP00089" HPOS="193" VPOS="1034" WIDTH="27"/>
						<String ID="P65_ST00108" HPOS="220" VPOS="1013" WIDTH="34" HEIGHT="20" CONTENT="as" WC="1.00" CC="00"/>
						<SP ID="P65_SP00090" HPOS="254" VPOS="1034" WIDTH="30"/>
						<String ID="P65_ST00109" HPOS="284" VPOS="1002" WIDTH="159" HEIGHT="30" CONTENT="Monsieur" WC="0.60" CC="03760066"/>
						<SP ID="P65_SP00091" HPOS="443" VPOS="1034" WIDTH="23"/>
						<String ID="P65_ST00110" HPOS="466" VPOS="1003" WIDTH="36" HEIGHT="29" CONTENT="de" WC="0.89" CC="02"/>
						<SP ID="P65_SP00092" HPOS="502" VPOS="1034" WIDTH="16"/>
						<String ID="P65_ST00111" HPOS="518" VPOS="1002" WIDTH="177" HEIGHT="30" CONTENT="Verancour" WC="0.69" CC="805070060"/>
						<SP ID="P65_SP00093" HPOS="695" VPOS="1034" WIDTH="20"/>
						<String ID="P65_ST00112" HPOS="715" VPOS="1004" WIDTH="53" HEIGHT="38" CONTENT="got" WC="0.70" CC="205"/>
						<SP ID="P65_SP00094" HPOS="768" VPOS="1042" WIDTH="28"/>
						<String ID="P65_ST00113" HPOS="796" VPOS="1013" WIDTH="42" HEIGHT="29" CONTENT="up" WC="0.65" CC="70"/>
					</TextLine>
					<TextLine ID="P65_TL00016" HPOS="68" VPOS="1070" WIDTH="765" HEIGHT="43">
						<String ID="P65_ST00114" HPOS="68" VPOS="1076" WIDTH="31" HEIGHT="27" CONTENT="to" WC="0.84" CC="30"/>
						<SP ID="P65_SP00095" HPOS="99" VPOS="1103" WIDTH="38"/>
						<String ID="P65_ST00115" HPOS="137" VPOS="1083" WIDTH="48" HEIGHT="30" CONTENT="go," WC="0.89" CC="003"/>
						<SP ID="P65_SP00096" HPOS="185" VPOS="1113" WIDTH="40"/>
						<String ID="P65_ST00116" HPOS="225" VPOS="1072" WIDTH="53" HEIGHT="30" CONTENT="the" WC="0.71" CC="170"/>
						<SP ID="P65_SP00097" HPOS="278" VPOS="1113" WIDTH="44"/>
						<String ID="P65_ST00117" HPOS="322" VPOS="1070" WIDTH="233" HEIGHT="41" CONTENT="money-lender" WC="0.81" CC="006003007004"/>
						<SP ID="P65_SP00098" HPOS="555" VPOS="1113" WIDTH="41"/>
						<String ID="P65_ST00118" HPOS="596" VPOS="1070" WIDTH="93" HEIGHT="41" CONTENT="spoke" WC="0.75" CC="60050"/>
						<SP ID="P65_SP00099" HPOS="689" VPOS="1113" WIDTH="45"/>
						<String ID="P65_ST00119" HPOS="734" VPOS="1070" WIDTH="99" HEIGHT="40" CONTENT="again." WC="0.88" CC="000070"/>
					</TextLine>
					<TextLine ID="P65_TL00017" HPOS="71" VPOS="1139" WIDTH="766" HEIGHT="33">
						<String ID="P65_ST00120" HPOS="71" VPOS="1145" WIDTH="17" HEIGHT="14" CONTENT='"' WC="0.79" CC="2"/>
						<SP ID="P65_SP00100" HPOS="88" VPOS="1159" WIDTH="13"/>
						<String ID="P65_ST00121" HPOS="101" VPOS="1142" WIDTH="98" HEIGHT="30" CONTENT="There" WC="0.75" CC="07050"/>
						<SP ID="P65_SP00101" HPOS="199" VPOS="1172" WIDTH="36"/>
						<String ID="P65_ST00122" HPOS="235" VPOS="1151" WIDTH="96" HEIGHT="20" CONTENT="seems" WC="0.76" CC="50006"/>
						<SP ID="P65_SP00102" HPOS="331" VPOS="1172" WIDTH="37"/>
						<String ID="P65_ST00123" HPOS="368" VPOS="1143" WIDTH="31" HEIGHT="27" CONTENT="to" WC="0.78" CC="04"/>
						<SP ID="P65_SP00103" HPOS="399" VPOS="1172" WIDTH="37"/>
						<String ID="P65_ST00124" HPOS="436" VPOS="1151" WIDTH="49" HEIGHT="19" CONTENT="me" WC="1.00" CC="00"/>
						<SP ID="P65_SP00104" HPOS="485" VPOS="1172" WIDTH="36"/>
						<String ID="P65_ST00125" HPOS="521" VPOS="1142" WIDTH="31" HEIGHT="28" CONTENT="to" WC="1.00" CC="00"/>
						<SP ID="P65_SP00105" HPOS="552" VPOS="1172" WIDTH="37"/>
						<String ID="P65_ST00126" HPOS="589" VPOS="1140" WIDTH="38" HEIGHT="30" CONTENT="be" WC="0.64" CC="70"/>
						<SP ID="P65_SP00106" HPOS="627" VPOS="1172" WIDTH="37"/>
						<String ID="P65_ST00127" HPOS="664" VPOS="1150" WIDTH="56" HEIGHT="20" CONTENT="one" WC="0.75" CC="070"/>
						<SP ID="P65_SP00107" HPOS="720" VPOS="1172" WIDTH="36"/>
						<String ID="P65_ST00128" HPOS="756" VPOS="1139" WIDTH="81" HEIGHT="31" CONTENT="little" WC="0.88" CC="001400"/>
					</TextLine>
					<TextLine ID="P65_TL00018" HPOS="67" VPOS="1208" WIDTH="773" HEIGHT="43">
						<String ID="P65_ST00129" HPOS="67" VPOS="1211" WIDTH="153" HEIGHT="40" CONTENT="difficulty" WC="0.72" CC="0311147510"/>
						<SP ID="P65_SP00108" HPOS="220" VPOS="1251" WIDTH="15"/>
						<String ID="P65_ST00130" HPOS="235" VPOS="1210" WIDTH="94" HEIGHT="30" CONTENT="about" WC="0.50" CC="07268"/>
						<SP ID="P65_SP00109" HPOS="329" VPOS="1251" WIDTH="14"/>
						<String ID="P65_ST00131" HPOS="343" VPOS="1219" WIDTH="79" HEIGHT="31" CONTENT="your" WC="0.75" CC="0072"/>
						<SP ID="P65_SP00110" HPOS="422" VPOS="1251" WIDTH="11"/>
						<String ID="P65_ST00132" HPOS="433" VPOS="1211" WIDTH="235" HEIGHT="37" CONTENT="arrangements," WC="0.75" CC="0420700006064"/>
						<SP ID="P65_SP00111" HPOS="668" VPOS="1251" WIDTH="15"/>
						<String ID="P65_ST00133" HPOS="683" VPOS="1208" WIDTH="157" HEIGHT="30" CONTENT="Monsieur" WC="0.65" CC="05770070"/>
					</TextLine>
					<TextLine ID="P65_TL00019" HPOS="66" VPOS="1277" WIDTH="773" HEIGHT="42">
						<String ID="P65_ST00134" HPOS="66" VPOS="1281" WIDTH="30" HEIGHT="30" CONTENT="le" WC="0.85" CC="02"/>
						<SP ID="P65_SP00112" HPOS="96" VPOS="1311" WIDTH="36"/>
						<String ID="P65_ST00135" HPOS="132" VPOS="1280" WIDTH="172" HEIGHT="39" CONTENT='Vicomte,"' WC="0.82" CC="700400013"/>
						<SP ID="P65_SP00113" HPOS="304" VPOS="1319" WIDTH="39"/>
						<String ID="P65_ST00136" HPOS="343" VPOS="1278" WIDTH="178" HEIGHT="30" CONTENT="murmured" WC="0.74" CC="07106500"/>
						<SP ID="P65_SP00114" HPOS="521" VPOS="1319" WIDTH="36"/>
						<String ID="P65_ST00137" HPOS="557" VPOS="1277" WIDTH="117" HEIGHT="31" CONTENT="Martin" WC="0.65" CC="006526"/>
						<SP ID="P65_SP00115" HPOS="674" VPOS="1319" WIDTH="37"/>
						<String ID="P65_ST00138" HPOS="711" VPOS="1278" WIDTH="128" HEIGHT="30" CONTENT="Prevost" WC="0.59" CC="7516070"/>
					</TextLine>
					<TextLine ID="P65_TL00020" HPOS="65" VPOS="1346" WIDTH="770" HEIGHT="44">
						<String ID="P65_ST00139" HPOS="65" VPOS="1349" WIDTH="147" HEIGHT="41" CONTENT="blandly;" WC="0.70" CC="73060006"/>
						<SP ID="P65_SP00116" HPOS="212" VPOS="1390" WIDTH="42"/>
						<String ID="P65_ST00140" HPOS="254" VPOS="1351" WIDTH="92" HEIGHT="38" CONTENT='"you' WC="0.72" CC="4006"/>
						<SP ID="P65_SP00117" HPOS="346" VPOS="1390" WIDTH="29"/>
						<String ID="P65_ST00141" HPOS="375" VPOS="1347" WIDTH="66" HEIGHT="32" CONTENT="will" WC="0.89" CC="0012"/>
						<SP ID="P65_SP00118" HPOS="441" VPOS="1390" WIDTH="28"/>
						<String ID="P65_ST00142" HPOS="469" VPOS="1357" WIDTH="61" HEIGHT="30" CONTENT="pay" WC="1.00" CC="000"/>
						<SP ID="P65_SP00119" HPOS="530" VPOS="1390" WIDTH="30"/>
						<String ID="P65_ST00143" HPOS="560" VPOS="1349" WIDTH="32" HEIGHT="28" CONTENT="to" WC="0.66" CC="15"/>
						<SP ID="P65_SP00120" HPOS="592" VPOS="1390" WIDTH="35"/>
						<String ID="P65_ST00144" HPOS="627" VPOS="1346" WIDTH="141" HEIGHT="30" CONTENT="Madame" WC="1.00" CC="000000"/>
						<SP ID="P65_SP00121" HPOS="768" VPOS="1390" WIDTH="31"/>
						<String ID="P65_ST00145" HPOS="799" VPOS="1346" WIDTH="36" HEIGHT="29" CONTENT="de" WC="0.79" CC="04"/>
					</TextLine>
					<TextLine ID="P65_TL00021" HPOS="66" VPOS="1415" WIDTH="766" HEIGHT="42">
						<String ID="P65_ST00146" HPOS="66" VPOS="1418" WIDTH="218" HEIGHT="39" CONTENT="Champmorin" WC="0.73" CC="1700005227"/>
						<SP ID="P65_SP00122" HPOS="284" VPOS="1457" WIDTH="15"/>
						<String ID="P65_ST00147" HPOS="299" VPOS="1418" WIDTH="53" HEIGHT="29" CONTENT="the" WC="0.75" CC="070"/>
						<SP ID="P65_SP00123" HPOS="352" VPOS="1457" WIDTH="23"/>
						<String ID="P65_ST00148" HPOS="375" VPOS="1416" WIDTH="108" HEIGHT="41" CONTENT="yearly" WC="0.93" CC="000400"/>
						<SP ID="P65_SP00124" HPOS="483" VPOS="1457" WIDTH="16"/>
						<String ID="P65_ST00149" HPOS="499" VPOS="1426" WIDTH="68" HEIGHT="20" CONTENT="sum" WC="0.57" CC="570"/>
						<SP ID="P65_SP00125" HPOS="567" VPOS="1457" WIDTH="18"/>
						<String ID="P65_ST00150" HPOS="585" VPOS="1415" WIDTH="33" HEIGHT="31" CONTENT="of" WC="0.53" CC="45"/>
						<SP ID="P65_SP00126" HPOS="618" VPOS="1457" WIDTH="19"/>
						<String ID="P65_ST00151" HPOS="637" VPOS="1416" WIDTH="86" HEIGHT="30" CONTENT="three" WC="0.77" CC="07040"/>
						<SP ID="P65_SP00127" HPOS="723" VPOS="1457" WIDTH="20"/>
						<String ID="P65_ST00152" HPOS="743" VPOS="1415" WIDTH="89" HEIGHT="30" CONTENT="thou-" WC="0.65" CC="07540"/>
					</TextLine>
				</TextBlock>
			</PrintSpace>
		</Page>
	</Layout>
</alto>
