1019 1638
230 82 121 21 MARTIN
371 76 159 27 PREVOST'S
553 83 156 20 AMBITION.

817 76 30 26 81

86 167 57 30 but
158 167 28 30 if
198 179 61 29 any
271 170 132 30 obstacle
418 172 32 28 to
465 170 67 30 that
547 172 211 36 arrangement
772 180 78 21 were

87 241 31 26 to
149 247 84 21 come
263 238 78 31 from
371 250 70 29 you,
471 239 16 29 I
513 238 102 31 would
644 238 206 42 immediately

86 307 78 30 alter
187 318 54 29 my
260 308 74 38 will,
352 308 60 30 and
435 308 119 29 instead
578 308 33 29 of
633 307 93 40 being
748 319 17 18 a
786 308 64 29 rich

86 388 72 19 man
167 379 60 28 and
239 389 17 18 a
270 389 190 29 personnage
475 389 56 19 one
547 378 33 29 of
591 379 85 29 these
693 379 83 39 days,
790 389 60 29 you

88 448 110 30 should
219 448 65 30 find
298 448 139 41 yourself
454 448 40 30 all
517 450 30 27 at
567 458 72 20 once
655 447 33 30 in
703 448 52 30 the
771 448 78 39 posi-

86 517 66 29 tion
175 517 33 29 of
226 528 54 29 my
296 518 195 38 grandfather
510 517 90 30 when
616 518 39 28 he
671 518 100 39 began
786 518 61 29 life.

87 586 16 29 I
119 586 105 31 would
237 589 55 27 not
307 586 85 30 leave
408 596 62 28 you
486 596 55 20 one

130 656 79 29 Poor
224 655 159 30 Monsieur
395 656 133 29 Richard
542 666 61 19 was
618 656 67 38 pale
701 666 32 18 as
749 656 98 38 death,

86 725 61 29 and
174 725 119 29 seemed
318 735 33 19 as
374 724 120 40 though
517 724 39 30 he
581 734 79 21 were
686 724 162 40 internally

86 793 175 30 convulsed.
307 793 184 38 Externally
506 793 38 29 he
560 793 150 29 trembled
727 804 17 18 a
759 793 88 29 little.

312 861 65 31 said
401 862 39 29 he
464 861 33 30 in
519 872 39 19 an
580 862 151 39 unsteady
753 861 93 39 voice,

117 943 63 29 you
195 942 94 19 never
303 932 65 29 told
390 942 49 18 me
457 931 67 29 that
539 941 62 29 you
616 931 154 39 preferred
793 941 53 19 one

83 996 34 30 of
131 996 53 30 the
201 995 104 30 sisters
320 998 31 27 to
368 995 52 30 the
436 994 95 37 other,
550 994 60 30 and

158 1064 77 30 Told
250 1075 63 29 you
377 1064 112 29 echoed
505 1063 50 29 old
570 1064 129 29 Prevost
711 1072 7 30 ;
775 1063 70 40 why

81 1134 110 30 should
222 1134 16 29 I
266 1144 38 29 go
335 1132 180 41 explaining
544 1143 52 30 my
622 1131 167 31 intentions
815 1135 30 27 to

81 1214 71 28 you,
169 1203 103 30 before
287 1203 53 30 the
356 1202 73 30 time
445 1213 62 20 was
523 1212 82 20 come
621 1204 31 27 to

160 1274 74 38 But,
267 1274 71 28 dear
526 1272 127 40 pleaded
689 1270 155 31 Monsieur

80 1343 144 37 Richard,
274 1341 24 31 it
313 1352 62 20 was
390 1345 54 27 not
458 1352 54 28 my
527 1340 78 31 fault
620 1340 27 30 if

155 1412 84 31 Who
263 1422 83 20 cares
368 1412 138 30 whether
528 1410 25 30 it
576 1410 25 30 is
616 1420 78 28 your
714 1408 79 31 fault
813 1418 31 20 or

122 1492 68 20 VOL.
208 1491 20 20 I.
467 1489 17 20 G
