<?xml version="1.0" encoding="UTF-8"?>
<alto xmlns:xsi="http://www.w3.org/2001/XMLSchema-instance" xsi:noNamespaceSchemaLocation="http://www.bl.uk/schemas/alto/alto-1-4.xsd" xmlns:xlink="http://www.w3.org/1999/xlink">
	<Description>
		<MeasurementUnit>mm10</MeasurementUnit>
		<sourceImageInformation>
			<fileName>//head1/IN/2007-46/A0010904365.1/000163.jp2</fileName>
		</sourceImageInformation>
		<OCRProcessing ID="OCRPROCESSING_1">
			<preProcessingStep>
				<processingSoftware>
					<softwareCreator>CCS Content Conversion Specialists GmbH, Germany</softwareCreator>
					<softwareName>CCS docWORKS</softwareName>
					<softwareVersion>6.1-0.62</softwareVersion>
				</processingSoftware>
			</preProcessingStep>
			<ocrProcessingStep>
				<processingSoftware>
					<softwareCreator>ABBYY (BIT Software), Russia</softwareCreator>
					<softwareName>Finereader</softwareName>
				</processingSoftware>
			</ocrProcessingStep>
		</OCRProcessing>
	</Description>
	<Styles>
		<TextStyle ID="TXT_0" FONTSIZE="11" FONTFAMILY="Courier New"/>
		<TextStyle ID="TXT_1" FONTSIZE="10" FONTFAMILY="Courier New"/>
		<ParagraphStyle ID="PAR_RIGHT" ALIGN="Right"/>
		<ParagraphStyle ID="PAR_CENTER" ALIGN="Center"/>
		<ParagraphStyle ID="PAR_LEFT" ALIGN="Left"/>
	</Styles>
	<Layout>
		<Page ID="P149" PHYSICAL_IMG_NR="149" HEIGHT="1638" WIDTH="1019" PRINTED_IMG_NR="131" POSITION="Right" ACCURACY="70.92">
			<TopMargin ID="P149_TM00001" HPOS="0" VPOS="0" WIDTH="1019" HEIGHT="134">
				<TextBlock ID="P149_TB00001" HPOS="819" VPOS="108" WIDTH="50" HEIGHT="24" STYLEREFS="TXT_0 PAR_RIGHT">
					<TextLine ID="P149_TL00001" HPOS="819" VPOS="108" WIDTH="50" HEIGHT="24">
						<String ID="P149_ST00001" HPOS="819" VPOS="108" WIDTH="50" HEIGHT="24" CONTENT="131" WC="1.00" CC="000"/>
					</TextLine>
				</TextBlock>
				<TextBlock ID="P149_TB00002" HPOS="385" VPOS="112" WIDTH="200" HEIGHT="21" STYLEREFS="TXT_1 PAR_CENTER">
					<TextLine ID="P149_TL00002" HPOS="386" VPOS="114" WIDTH="199" HEIGHT="19">
						<String ID="P149_ST00002" HPOS="386" VPOS="114" WIDTH="61" HEIGHT="19" CONTENT="THE" WC="0.81" CC="050"/>
						<SP ID="P149_SP00001" HPOS="447" VPOS="133" WIDTH="20"/>
						<String ID="P149_ST00003" HPOS="467" VPOS="114" WIDTH="118" HEIGHT="19" CONTENT="LOVERS." WC="0.72" CC="1050750"/>
					</TextLine>
				</TextBlock>
			</TopMargin>
			<LeftMargin ID="P149_LM00001" HPOS="0" VPOS="134" WIDTH="108" HEIGHT="1335"/>
			<RightMargin ID="P149_RM00001" HPOS="872" VPOS="134" WIDTH="147" HEIGHT="1335"/>
			<BottomMargin ID="P149_BM00001" HPOS="0" VPOS="1469" WIDTH="1019" HEIGHT="169"/>
			<PrintSpace ID="P149_PS00001" HPOS="108" VPOS="134" WIDTH="764" HEIGHT="1335">
				<TextBlock ID="P149_TB00003" HPOS="108" VPOS="199" WIDTH="761" HEIGHT="109" STYLEREFS="TXT_1 PAR_LEFT">
					<TextLine ID="P149_TL00003" HPOS="110" VPOS="200" WIDTH="759" HEIGHT="31">
						<String ID="P149_ST00004" HPOS="110" VPOS="201" WIDTH="69" HEIGHT="28" CONTENT="vost" WC="0.88" CC="0040"/>
						<SP ID="P149_SP00002" HPOS="179" VPOS="229" WIDTH="36"/>
						<String ID="P149_ST00005" HPOS="215" VPOS="200" WIDTH="124" HEIGHT="30" CONTENT="murder" WC="0.69" CC="077003"/>
						<SP ID="P149_SP00003" HPOS="339" VPOS="230" WIDTH="32"/>
						<String ID="P149_ST00006" HPOS="371" VPOS="201" WIDTH="61" HEIGHT="30" CONTENT="had" WC="0.67" CC="720"/>
						<SP ID="P149_SP00004" HPOS="432" VPOS="231" WIDTH="33"/>
						<String ID="P149_ST00007" HPOS="465" VPOS="201" WIDTH="105" HEIGHT="30" CONTENT="ceased" WC="0.86" CC="000700"/>
						<SP ID="P149_SP00005" HPOS="570" VPOS="231" WIDTH="28"/>
						<String ID="P149_ST00008" HPOS="598" VPOS="204" WIDTH="32" HEIGHT="27" CONTENT="to" WC="0.54" CC="44"/>
						<SP ID="P149_SP00006" HPOS="630" VPOS="231" WIDTH="30"/>
						<String ID="P149_ST00009" HPOS="660" VPOS="200" WIDTH="38" HEIGHT="31" CONTENT="be" WC="0.63" CC="70"/>
						<SP ID="P149_SP00007" HPOS="698" VPOS="231" WIDTH="29"/>
						<String ID="P149_ST00010" HPOS="727" VPOS="201" WIDTH="52" HEIGHT="30" CONTENT="the" WC="0.75" CC="070"/>
						<SP ID="P149_SP00008" HPOS="779" VPOS="231" WIDTH="31"/>
						<String ID="P149_ST00011" HPOS="810" VPOS="202" WIDTH="59" HEIGHT="29" CONTENT="sole" WC="0.74" CC="6400"/>
					</TextLine>
					<TextLine ID="P149_TL00004" HPOS="109" VPOS="270" WIDTH="760" HEIGHT="38">
						<String ID="P149_ST00012" HPOS="109" VPOS="270" WIDTH="235" HEIGHT="38" CONTENT="preoccupation" WC="0.72" CC="0300337072107"/>
						<SP ID="P149_SP00009" HPOS="344" VPOS="308" WIDTH="15"/>
						<String ID="P149_ST00013" HPOS="359" VPOS="270" WIDTH="33" HEIGHT="30" CONTENT="of" WC="0.98" CC="00"/>
						<SP ID="P149_SP00010" HPOS="392" VPOS="308" WIDTH="19"/>
						<String ID="P149_ST00014" HPOS="411" VPOS="270" WIDTH="52" HEIGHT="30" CONTENT="the" WC="0.63" CC="271"/>
						<SP ID="P149_SP00011" HPOS="463" VPOS="308" WIDTH="14"/>
						<String ID="P149_ST00015" HPOS="477" VPOS="270" WIDTH="103" HEIGHT="38" CONTENT="public" WC="0.68" CC="077004"/>
						<SP ID="P149_SP00012" HPOS="580" VPOS="308" WIDTH="20"/>
						<String ID="P149_ST00016" HPOS="600" VPOS="270" WIDTH="85" HEIGHT="30" CONTENT="mind" WC="0.78" CC="0160"/>
						<SP ID="P149_SP00013" HPOS="685" VPOS="308" WIDTH="15"/>
						<String ID="P149_ST00017" HPOS="700" VPOS="273" WIDTH="31" HEIGHT="27" CONTENT="at" WC="0.70" CC="05"/>
						<SP ID="P149_SP00014" HPOS="731" VPOS="308" WIDTH="14"/>
						<String ID="P149_ST00018" HPOS="745" VPOS="270" WIDTH="29" HEIGHT="29" CONTENT="D" WC="1.00" CC="0"/>
						<SP ID="P149_SP00015" HPOS="774" VPOS="308" WIDTH="90"/>
						<String ID="P149_ST00019" HPOS="864" VPOS="295" WIDTH="5" HEIGHT="4" CONTENT="." WC="0.85" CC="1"/>
					</TextLine>
				</TextBlock>
				<TextBlock ID="P149_TB00004" HPOS="109" VPOS="337" WIDTH="763" HEIGHT="788" STYLEREFS="TXT_1 PAR_LEFT">
					<TextLine ID="P149_TL00005" HPOS="154" VPOS="338" WIDTH="717" HEIGHT="40">
						<String ID="P149_ST00020" HPOS="154" VPOS="338" WIDTH="64" HEIGHT="31" CONTENT="The" WC="0.75" CC="070"/>
						<SP ID="P149_SP00016" HPOS="218" VPOS="369" WIDTH="29"/>
						<String ID="P149_ST00021" HPOS="247" VPOS="339" WIDTH="134" HEIGHT="30" CONTENT="weather" WC="0.83" CC="0000703"/>
						<SP ID="P149_SP00017" HPOS="381" VPOS="369" WIDTH="33"/>
						<String ID="P149_ST00022" HPOS="414" VPOS="349" WIDTH="61" HEIGHT="20" CONTENT="was" WC="0.77" CC="006"/>
						<SP ID="P149_SP00018" HPOS="475" VPOS="369" WIDTH="37"/>
						<String ID="P149_ST00023" HPOS="512" VPOS="338" WIDTH="194" HEIGHT="40" CONTENT="magnificent" WC="0.79" CC="00074000270"/>
						<SP ID="P149_SP00019" HPOS="706" VPOS="378" WIDTH="37"/>
						<String ID="P149_ST00024" HPOS="743" VPOS="339" WIDTH="46" HEIGHT="30" CONTENT="for" WC="0.83" CC="005"/>
						<SP ID="P149_SP00020" HPOS="789" VPOS="378" WIDTH="29"/>
						<String ID="P149_ST00025" HPOS="818" VPOS="339" WIDTH="53" HEIGHT="30" CONTENT="the" WC="0.39" CC="773"/>
					</TextLine>
					<TextLine ID="P149_TL00006" HPOS="113" VPOS="408" WIDTH="759" HEIGHT="39">
						<String ID="P149_ST00026" HPOS="113" VPOS="418" WIDTH="114" HEIGHT="28" CONTENT="season," WC="0.70" CC="6006070"/>
						<SP ID="P149_SP00021" HPOS="227" VPOS="446" WIDTH="26"/>
						<String ID="P149_ST00027" HPOS="253" VPOS="408" WIDTH="68" HEIGHT="39" CONTENT="and," WC="0.71" CC="0704"/>
						<SP ID="P149_SP00022" HPOS="321" VPOS="447" WIDTH="26"/>
						<String ID="P149_ST00028" HPOS="347" VPOS="408" WIDTH="33" HEIGHT="29" CONTENT="in" WC="0.35" CC="57"/>
						<SP ID="P149_SP00023" HPOS="380" VPOS="447" WIDTH="25"/>
						<String ID="P149_ST00029" HPOS="405" VPOS="408" WIDTH="155" HEIGHT="39" CONTENT="exchange" WC="0.74" CC="00570700"/>
						<SP ID="P149_SP00024" HPOS="560" VPOS="447" WIDTH="25"/>
						<String ID="P149_ST00030" HPOS="585" VPOS="408" WIDTH="47" HEIGHT="30" CONTENT="for" WC="0.83" CC="003"/>
						<SP ID="P149_SP00025" HPOS="632" VPOS="447" WIDTH="25"/>
						<String ID="P149_ST00031" HPOS="657" VPOS="408" WIDTH="157" HEIGHT="30" CONTENT="Monsieur" WC="0.59" CC="00664076"/>
						<SP ID="P149_SP00026" HPOS="814" VPOS="447" WIDTH="22"/>
						<String ID="P149_ST00032" HPOS="836" VPOS="408" WIDTH="36" HEIGHT="29" CONTENT="de" WC="0.65" CC="07"/>
					</TextLine>
					<TextLine ID="P149_TL00007" HPOS="112" VPOS="475" WIDTH="760" HEIGHT="39">
						<String ID="P149_ST00033" HPOS="112" VPOS="475" WIDTH="187" HEIGHT="31" CONTENT="Verancour'" WC="0.64" CC="7030740750"/>
						<String ID="P149_ST00034" HPOS="303" VPOS="487" WIDTH="14" HEIGHT="20" CONTENT="s" WC="0.37" CC="6"/>
						<SP ID="P149_SP00027" HPOS="317" VPOS="507" WIDTH="23"/>
						<String ID="P149_ST00035" HPOS="340" VPOS="476" WIDTH="149" HEIGHT="31" CONTENT="attention" WC="0.70" CC="013072307"/>
						<SP ID="P149_SP00028" HPOS="489" VPOS="507" WIDTH="21"/>
						<String ID="P149_ST00036" HPOS="510" VPOS="480" WIDTH="31" HEIGHT="27" CONTENT="to" WC="1.00" CC="00"/>
						<SP ID="P149_SP00029" HPOS="541" VPOS="507" WIDTH="16"/>
						<String ID="P149_ST00037" HPOS="557" VPOS="476" WIDTH="72" HEIGHT="38" CONTENT="him," WC="0.76" CC="7200"/>
						<SP ID="P149_SP00030" HPOS="629" VPOS="514" WIDTH="17"/>
						<String ID="P149_ST00038" HPOS="646" VPOS="476" WIDTH="133" HEIGHT="30" CONTENT="Richard" WC="0.55" CC="7567050"/>
						<SP ID="P149_SP00031" HPOS="779" VPOS="514" WIDTH="19"/>
						<String ID="P149_ST00039" HPOS="798" VPOS="476" WIDTH="74" HEIGHT="30" CONTENT="Pre" SUBS_TYPE="HypPart1" SUBS_CONTENT="Prevost" WC="0.69" CC="6500"/>
						<HYP CONTENT="-"/>
					</TextLine>
					<TextLine ID="P149_TL00008" HPOS="110" VPOS="545" WIDTH="762" HEIGHT="40">
						<String ID="P149_ST00040" HPOS="110" VPOS="546" WIDTH="70" HEIGHT="28" CONTENT="vost" SUBS_TYPE="HypPart2" SUBS_CONTENT="Prevost" WC="0.39" CC="9067"/>
						<SP ID="P149_SP00032" HPOS="180" VPOS="574" WIDTH="23"/>
						<String ID="P149_ST00041" HPOS="203" VPOS="556" WIDTH="77" HEIGHT="29" CONTENT="gave" WC="1.00" CC="0000"/>
						<SP ID="P149_SP00033" HPOS="280" VPOS="585" WIDTH="22"/>
						<String ID="P149_ST00042" HPOS="302" VPOS="546" WIDTH="52" HEIGHT="29" CONTENT="the" WC="0.65" CC="270"/>
						<SP ID="P149_SP00034" HPOS="354" VPOS="585" WIDTH="15"/>
						<String ID="P149_ST00043" HPOS="369" VPOS="546" WIDTH="139" HEIGHT="29" CONTENT="Vicomte" WC="0.67" CC="7000850"/>
						<SP ID="P149_SP00035" HPOS="508" VPOS="585" WIDTH="22"/>
						<String ID="P149_ST00044" HPOS="530" VPOS="545" WIDTH="179" HEIGHT="40" CONTENT="permission" WC="0.63" CC="7050275007"/>
						<SP ID="P149_SP00036" HPOS="709" VPOS="585" WIDTH="21"/>
						<String ID="P149_ST00045" HPOS="730" VPOS="547" WIDTH="32" HEIGHT="27" CONTENT="to" WC="0.86" CC="02"/>
						<SP ID="P149_SP00037" HPOS="762" VPOS="585" WIDTH="24"/>
						<String ID="P149_ST00046" HPOS="786" VPOS="545" WIDTH="86" HEIGHT="29" CONTENT="shoot" WC="0.59" CC="67014"/>
					</TextLine>
					<TextLine ID="P149_TL00009" HPOS="112" VPOS="613" WIDTH="758" HEIGHT="42">
						<String ID="P149_ST00047" HPOS="112" VPOS="624" WIDTH="73" HEIGHT="20" CONTENT="over" WC="0.54" CC="3905"/>
						<SP ID="P149_SP00038" HPOS="185" VPOS="644" WIDTH="22"/>
						<String ID="P149_ST00048" HPOS="207" VPOS="624" WIDTH="94" HEIGHT="31" CONTENT="every" WC="0.66" CC="09070"/>
						<SP ID="P149_SP00039" HPOS="301" VPOS="655" WIDTH="19"/>
						<String ID="P149_ST00049" HPOS="320" VPOS="624" WIDTH="66" HEIGHT="20" CONTENT="acre" WC="0.68" CC="0560"/>
						<SP ID="P149_SP00040" HPOS="386" VPOS="655" WIDTH="24"/>
						<String ID="P149_ST00050" HPOS="410" VPOS="614" WIDTH="33" HEIGHT="30" CONTENT="of" WC="1.00" CC="00"/>
						<SP ID="P149_SP00041" HPOS="443" VPOS="655" WIDTH="18"/>
						<String ID="P149_ST00051" HPOS="461" VPOS="613" WIDTH="49" HEIGHT="31" CONTENT="his" WC="0.51" CC="706"/>
						<SP ID="P149_SP00042" HPOS="510" VPOS="655" WIDTH="22"/>
						<String ID="P149_ST00052" HPOS="532" VPOS="614" WIDTH="80" HEIGHT="38" CONTENT="land," WC="0.72" CC="03703"/>
						<SP ID="P149_SP00043" HPOS="612" VPOS="655" WIDTH="19"/>
						<String ID="P149_ST00053" HPOS="631" VPOS="614" WIDTH="33" HEIGHT="30" CONTENT="of" WC="0.77" CC="40"/>
						<SP ID="P149_SP00044" HPOS="664" VPOS="655" WIDTH="18"/>
						<String ID="P149_ST00054" HPOS="682" VPOS="613" WIDTH="102" HEIGHT="31" CONTENT="which" WC="0.55" CC="07427"/>
						<SP ID="P149_SP00045" HPOS="784" VPOS="655" WIDTH="21"/>
						<String ID="P149_ST00055" HPOS="805" VPOS="624" WIDTH="65" HEIGHT="29" CONTENT="per" SUBS_TYPE="HypPart1" SUBS_CONTENT="permission" WC="0.84" CC="0060"/>
						<HYP CONTENT="-"/>
					</TextLine>
					<TextLine ID="P149_TL00010" HPOS="112" VPOS="682" WIDTH="760" HEIGHT="40">
						<String ID="P149_ST00056" HPOS="112" VPOS="682" WIDTH="126" HEIGHT="30" CONTENT="mission" SUBS_TYPE="HypPart2" SUBS_CONTENT="permission" WC="0.60" CC="0567107"/>
						<SP ID="P149_SP00046" HPOS="238" VPOS="712" WIDTH="13"/>
						<String ID="P149_ST00057" HPOS="251" VPOS="683" WIDTH="53" HEIGHT="29" CONTENT="the" WC="0.53" CC="471"/>
						<SP ID="P149_SP00047" HPOS="304" VPOS="712" WIDTH="16"/>
						<String ID="P149_ST00058" HPOS="320" VPOS="682" WIDTH="140" HEIGHT="30" CONTENT="Vicomte" WC="0.87" CC="7010000"/>
						<SP ID="P149_SP00048" HPOS="460" VPOS="712" WIDTH="22"/>
						<String ID="P149_ST00059" HPOS="482" VPOS="682" WIDTH="130" HEIGHT="40" CONTENT="profited" WC="0.74" CC="70344000"/>
						<SP ID="P149_SP00049" HPOS="612" VPOS="722" WIDTH="21"/>
						<String ID="P149_ST00060" HPOS="633" VPOS="685" WIDTH="31" HEIGHT="27" CONTENT="to" WC="1.00" CC="00"/>
						<SP ID="P149_SP00050" HPOS="664" VPOS="722" WIDTH="22"/>
						<String ID="P149_ST00061" HPOS="686" VPOS="683" WIDTH="53" HEIGHT="29" CONTENT="the" WC="0.75" CC="070"/>
						<SP ID="P149_SP00051" HPOS="739" VPOS="722" WIDTH="19"/>
						<String ID="P149_ST00062" HPOS="758" VPOS="685" WIDTH="114" HEIGHT="27" CONTENT="utmost" WC="0.75" CC="710050"/>
					</TextLine>
					<TextLine ID="P149_TL00011" HPOS="113" VPOS="751" WIDTH="759" HEIGHT="40">
						<String ID="P149_ST00063" HPOS="113" VPOS="754" WIDTH="115" HEIGHT="27" CONTENT="extent." WC="0.80" CC="0000670"/>
						<SP ID="P149_SP00052" HPOS="228" VPOS="781" WIDTH="51"/>
						<String ID="P149_ST00064" HPOS="279" VPOS="751" WIDTH="140" HEIGHT="31" CONTENT="FeUcie's" WC="0.67" CC="70740006"/>
						<SP ID="P149_SP00053" HPOS="419" VPOS="782" WIDTH="27"/>
						<String ID="P149_ST00065" HPOS="446" VPOS="751" WIDTH="154" HEIGHT="30" CONTENT="dominion" WC="0.64" CC="00067238"/>
						<SP ID="P149_SP00054" HPOS="600" VPOS="782" WIDTH="26"/>
						<String ID="P149_ST00066" HPOS="626" VPOS="762" WIDTH="72" HEIGHT="19" CONTENT="over" WC="0.86" CC="0005"/>
						<SP ID="P149_SP00055" HPOS="698" VPOS="782" WIDTH="24"/>
						<String ID="P149_ST00067" HPOS="722" VPOS="751" WIDTH="52" HEIGHT="31" CONTENT="the" WC="0.72" CC="070"/>
						<SP ID="P149_SP00056" HPOS="774" VPOS="782" WIDTH="26"/>
						<String ID="P149_ST00068" HPOS="800" VPOS="762" WIDTH="72" HEIGHT="29" CONTENT="poor" WC="1.00" CC="0000"/>
					</TextLine>
					<TextLine ID="P149_TL00012" HPOS="114" VPOS="820" WIDTH="758" HEIGHT="41">
						<String ID="P149_ST00069" HPOS="114" VPOS="831" WIDTH="105" HEIGHT="30" CONTENT="young" WC="0.62" CC="04760"/>
						<SP ID="P149_SP00057" HPOS="219" VPOS="861" WIDTH="19"/>
						<String ID="P149_ST00070" HPOS="238" VPOS="831" WIDTH="71" HEIGHT="19" CONTENT="man" WC="0.50" CC="086"/>
						<SP ID="P149_SP00058" HPOS="309" VPOS="861" WIDTH="14"/>
						<String ID="P149_ST00071" HPOS="323" VPOS="821" WIDTH="61" HEIGHT="29" CONTENT="had" WC="0.75" CC="700"/>
						<SP ID="P149_SP00059" HPOS="384" VPOS="861" WIDTH="21"/>
						<String ID="P149_ST00072" HPOS="405" VPOS="820" WIDTH="129" HEIGHT="30" CONTENT="reached" WC="0.75" CC="4005700"/>
						<SP ID="P149_SP00060" HPOS="534" VPOS="861" WIDTH="23"/>
						<String ID="P149_ST00073" HPOS="557" VPOS="820" WIDTH="74" HEIGHT="30" CONTENT="such" WC="0.46" CC="7707"/>
						<SP ID="P149_SP00061" HPOS="631" VPOS="861" WIDTH="20"/>
						<String ID="P149_ST00074" HPOS="651" VPOS="830" WIDTH="17" HEIGHT="19" CONTENT="a" WC="1.00" CC="0"/>
						<SP ID="P149_SP00062" HPOS="668" VPOS="861" WIDTH="14"/>
						<String ID="P149_ST00075" HPOS="682" VPOS="820" WIDTH="107" HEIGHT="39" CONTENT="height" WC="0.61" CC="701670"/>
						<SP ID="P149_SP00063" HPOS="789" VPOS="861" WIDTH="18"/>
						<String ID="P149_ST00076" HPOS="807" VPOS="820" WIDTH="65" HEIGHT="30" CONTENT="that" WC="0.81" CC="0700"/>
					</TextLine>
					<TextLine ID="P149_TL00013" HPOS="111" VPOS="889" WIDTH="761" HEIGHT="39">
						<String ID="P149_ST00077" HPOS="111" VPOS="890" WIDTH="40" HEIGHT="30" CONTENT="he" WC="0.63" CC="70"/>
						<SP ID="P149_SP00064" HPOS="151" VPOS="920" WIDTH="29"/>
						<String ID="P149_ST00078" HPOS="180" VPOS="890" WIDTH="61" HEIGHT="29" CONTENT="had" WC="0.75" CC="700"/>
						<SP ID="P149_SP00065" HPOS="241" VPOS="920" WIDTH="29"/>
						<String ID="P149_ST00079" HPOS="270" VPOS="890" WIDTH="105" HEIGHT="30" CONTENT="ceased" WC="0.82" CC="400600"/>
						<SP ID="P149_SP00066" HPOS="375" VPOS="920" WIDTH="33"/>
						<String ID="P149_ST00080" HPOS="408" VPOS="889" WIDTH="115" HEIGHT="39" CONTENT="having" WC="0.66" CC="700570"/>
						<SP ID="P149_SP00067" HPOS="523" VPOS="928" WIDTH="29"/>
						<String ID="P149_ST00081" HPOS="552" VPOS="899" WIDTH="61" HEIGHT="29" CONTENT="any" WC="0.75" CC="070"/>
						<SP ID="P149_SP00068" HPOS="613" VPOS="928" WIDTH="29"/>
						<String ID="P149_ST00082" HPOS="642" VPOS="899" WIDTH="72" HEIGHT="19" CONTENT="over" WC="0.71" CC="0604"/>
						<SP ID="P149_SP00069" HPOS="714" VPOS="928" WIDTH="28"/>
						<String ID="P149_ST00083" HPOS="742" VPOS="889" WIDTH="130" HEIGHT="29" CONTENT="himself." WC="0.81" CC="70060000"/>
					</TextLine>
					<TextLine ID="P149_TL00014" HPOS="111" VPOS="957" WIDTH="761" HEIGHT="41">
						<String ID="P149_ST00084" HPOS="111" VPOS="959" WIDTH="51" HEIGHT="29" CONTENT="He" WC="0.63" CC="70"/>
						<SP ID="P149_SP00070" HPOS="162" VPOS="988" WIDTH="25"/>
						<String ID="P149_ST00085" HPOS="187" VPOS="959" WIDTH="151" HEIGHT="39" CONTENT="belonged" WC="0.77" CC="70036000"/>
						<SP ID="P149_SP00071" HPOS="338" VPOS="998" WIDTH="25"/>
						<String ID="P149_ST00086" HPOS="363" VPOS="961" WIDTH="32" HEIGHT="27" CONTENT="to" WC="0.95" CC="00"/>
						<SP ID="P149_SP00072" HPOS="395" VPOS="998" WIDTH="23"/>
						<String ID="P149_ST00087" HPOS="418" VPOS="957" WIDTH="121" HEIGHT="31" CONTENT="Felicie." WC="0.90" CC="70000000"/>
						<SP ID="P149_SP00073" HPOS="539" VPOS="998" WIDTH="46"/>
						<String ID="P149_ST00088" HPOS="585" VPOS="957" WIDTH="73" HEIGHT="30" CONTENT="And" WC="0.79" CC="060"/>
						<SP ID="P149_SP00074" HPOS="658" VPOS="998" WIDTH="21"/>
						<String ID="P149_ST00089" HPOS="679" VPOS="960" WIDTH="61" HEIGHT="38" CONTENT="yet," WC="0.91" CC="0011"/>
						<SP ID="P149_SP00075" HPOS="740" VPOS="998" WIDTH="26"/>
						<String ID="P149_ST00090" HPOS="766" VPOS="957" WIDTH="28" HEIGHT="30" CONTENT="if" WC="1.00" CC="00"/>
						<SP ID="P149_SP00076" HPOS="794" VPOS="998" WIDTH="17"/>
						<String ID="P149_ST00091" HPOS="811" VPOS="968" WIDTH="61" HEIGHT="29" CONTENT="you" WC="0.72" CC="007"/>
					</TextLine>
					<TextLine ID="P149_TL00015" HPOS="110" VPOS="1026" WIDTH="762" HEIGHT="40">
						<String ID="P149_ST00092" HPOS="110" VPOS="1028" WIDTH="61" HEIGHT="29" CONTENT="had" WC="0.75" CC="700"/>
						<SP ID="P149_SP00077" HPOS="171" VPOS="1057" WIDTH="23"/>
						<String ID="P149_ST00093" HPOS="194" VPOS="1027" WIDTH="122" HEIGHT="30" CONTENT="studied" WC="0.66" CC="6470500"/>
						<SP ID="P149_SP00078" HPOS="316" VPOS="1057" WIDTH="21"/>
						<String ID="P149_ST00094" HPOS="337" VPOS="1026" WIDTH="66" HEIGHT="30" CONTENT="him" WC="0.55" CC="760"/>
						<SP ID="P149_SP00079" HPOS="403" VPOS="1057" WIDTH="14"/>
						<String ID="P149_ST00095" HPOS="417" VPOS="1027" WIDTH="79" HEIGHT="38" CONTENT="well," WC="0.66" CC="90303"/>
						<SP ID="P149_SP00080" HPOS="496" VPOS="1065" WIDTH="17"/>
						<String ID="P149_ST00096" HPOS="513" VPOS="1037" WIDTH="63" HEIGHT="29" CONTENT="you" WC="0.76" CC="007"/>
						<SP ID="P149_SP00081" HPOS="576" VPOS="1066" WIDTH="20"/>
						<String ID="P149_ST00097" HPOS="596" VPOS="1028" WIDTH="83" HEIGHT="27" CONTENT="must" WC="0.56" CC="0772"/>
						<SP ID="P149_SP00082" HPOS="679" VPOS="1066" WIDTH="18"/>
						<String ID="P149_ST00098" HPOS="697" VPOS="1026" WIDTH="78" HEIGHT="29" CONTENT="have" WC="0.57" CC="7090"/>
						<SP ID="P149_SP00083" HPOS="775" VPOS="1066" WIDTH="15"/>
						<String ID="P149_ST00099" HPOS="790" VPOS="1035" WIDTH="82" HEIGHT="20" CONTENT="come" WC="0.78" CC="0080"/>
					</TextLine>
					<TextLine ID="P149_TL00016" HPOS="109" VPOS="1093" WIDTH="763" HEIGHT="32">
						<String ID="P149_ST00100" HPOS="109" VPOS="1099" WIDTH="33" HEIGHT="26" CONTENT="to" WC="0.57" CC="35"/>
						<SP ID="P149_SP00084" HPOS="142" VPOS="1125" WIDTH="29"/>
						<String ID="P149_ST00101" HPOS="171" VPOS="1096" WIDTH="53" HEIGHT="29" CONTENT="the" WC="0.75" CC="070"/>
						<SP ID="P149_SP00085" HPOS="224" VPOS="1125" WIDTH="29"/>
						<String ID="P149_ST00102" HPOS="253" VPOS="1094" WIDTH="177" HEIGHT="31" CONTENT="conclusion" WC="0.48" CC="5074377447"/>
						<SP ID="P149_SP00086" HPOS="430" VPOS="1125" WIDTH="28"/>
						<String ID="P149_ST00103" HPOS="458" VPOS="1094" WIDTH="68" HEIGHT="30" CONTENT="that" WC="0.57" CC="3705"/>
						<SP ID="P149_SP00087" HPOS="526" VPOS="1125" WIDTH="30"/>
						<String ID="P149_ST00104" HPOS="556" VPOS="1093" WIDTH="158" HEIGHT="31" CONTENT="Monsieur" WC="0.57" CC="10773076"/>
						<SP ID="P149_SP00088" HPOS="714" VPOS="1125" WIDTH="26"/>
						<String ID="P149_ST00105" HPOS="740" VPOS="1093" WIDTH="132" HEIGHT="31" CONTENT="Richard" WC="0.59" CC="0657035"/>
					</TextLine>
				</TextBlock>
				<TextBlock ID="P149_TB00005" HPOS="109" VPOS="1164" WIDTH="325" HEIGHT="30" STYLEREFS="TXT_1 PAR_LEFT">
					<TextLine ID="P149_TL00017" HPOS="110" VPOS="1165" WIDTH="324" HEIGHT="29">
						<String ID="P149_ST00106" HPOS="110" VPOS="1176" WIDTH="62" HEIGHT="18" CONTENT="was" WC="0.44" CC="906"/>
						<SP ID="P149_SP00089" HPOS="172" VPOS="1194" WIDTH="15"/>
						<String ID="P149_ST00107" HPOS="187" VPOS="1168" WIDTH="54" HEIGHT="26" CONTENT="not" WC="0.53" CC="651"/>
						<SP ID="P149_SP00090" HPOS="241" VPOS="1194" WIDTH="18"/>
						<String ID="P149_ST00108" HPOS="259" VPOS="1167" WIDTH="17" HEIGHT="15" CONTENT='"' WC="0.53" CC="4"/>
						<SP ID="P149_SP00091" HPOS="276" VPOS="1194" WIDTH="12"/>
						<String ID="P149_ST00109" HPOS="288" VPOS="1165" WIDTH="34" HEIGHT="29" CONTENT="in" WC="0.37" CC="57"/>
						<SP ID="P149_SP00092" HPOS="322" VPOS="1194" WIDTH="14"/>
						<String ID="P149_ST00110" HPOS="336" VPOS="1165" WIDTH="98" HEIGHT="29" CONTENT='love."' WC="0.88" CC="100014"/>
					</TextLine>
				</TextBlock>
				<TextBlock ID="P149_TB00006" HPOS="110" VPOS="1231" WIDTH="762" HEIGHT="238" STYLEREFS="TXT_1 PAR_LEFT">
					<TextLine ID="P149_TL00018" HPOS="155" VPOS="1231" WIDTH="717" HEIGHT="42">
						<String ID="P149_ST00111" HPOS="155" VPOS="1234" WIDTH="66" HEIGHT="31" CONTENT="One" WC="0.74" CC="160"/>
						<SP ID="P149_SP00093" HPOS="221" VPOS="1265" WIDTH="31"/>
						<String ID="P149_ST00112" HPOS="252" VPOS="1233" WIDTH="140" HEIGHT="40" CONTENT="evening," WC="0.68" CC="00077702"/>
						<SP ID="P149_SP00094" HPOS="392" VPOS="1273" WIDTH="32"/>
						<String ID="P149_ST00113" HPOS="424" VPOS="1232" WIDTH="132" HEIGHT="31" CONTENT="towards" WC="0.86" CC="2000007"/>
						<SP ID="P149_SP00095" HPOS="556" VPOS="1273" WIDTH="29"/>
						<String ID="P149_ST00114" HPOS="585" VPOS="1231" WIDTH="52" HEIGHT="31" CONTENT="the" WC="0.75" CC="070"/>
						<SP ID="P149_SP00096" HPOS="637" VPOS="1273" WIDTH="30"/>
						<String ID="P149_ST00115" HPOS="667" VPOS="1231" WIDTH="60" HEIGHT="30" CONTENT="end" WC="0.73" CC="250"/>
						<SP ID="P149_SP00097" HPOS="727" VPOS="1273" WIDTH="29"/>
						<String ID="P149_ST00116" HPOS="756" VPOS="1231" WIDTH="33" HEIGHT="30" CONTENT="of" WC="0.98" CC="00"/>
						<SP ID="P149_SP00098" HPOS="789" VPOS="1273" WIDTH="32"/>
						<String ID="P149_ST00117" HPOS="821" VPOS="1232" WIDTH="51" HEIGHT="29" CONTENT="the" WC="0.57" CC="660"/>
					</TextLine>
					<TextLine ID="P149_TL00019" HPOS="111" VPOS="1298" WIDTH="760" HEIGHT="43">
						<String ID="P149_ST00118" HPOS="111" VPOS="1303" WIDTH="116" HEIGHT="38" CONTENT="month," WC="0.61" CC="037172"/>
						<SP ID="P149_SP00099" HPOS="227" VPOS="1341" WIDTH="26"/>
						<String ID="P149_ST00119" HPOS="253" VPOS="1302" WIDTH="133" HEIGHT="30" CONTENT="Vevette" WC="0.89" CC="7000000"/>
						<SP ID="P149_SP00100" HPOS="386" VPOS="1341" WIDTH="22"/>
						<String ID="P149_ST00120" HPOS="408" VPOS="1310" WIDTH="62" HEIGHT="21" CONTENT="was" WC="0.39" CC="908"/>
						<SP ID="P149_SP00101" HPOS="470" VPOS="1341" WIDTH="23"/>
						<String ID="P149_ST00121" HPOS="493" VPOS="1299" WIDTH="185" HEIGHT="40" CONTENT="descending" WC="0.51" CC="2062078579"/>
						<SP ID="P149_SP00102" HPOS="678" VPOS="1341" WIDTH="25"/>
						<String ID="P149_ST00122" HPOS="703" VPOS="1299" WIDTH="53" HEIGHT="30" CONTENT="the" WC="0.84" CC="040"/>
						<SP ID="P149_SP00103" HPOS="756" VPOS="1341" WIDTH="26"/>
						<String ID="P149_ST00123" HPOS="782" VPOS="1298" WIDTH="89" HEIGHT="38" CONTENT="little," WC="0.72" CC="4127003"/>
					</TextLine>
					<TextLine ID="P149_TL00020" HPOS="111" VPOS="1366" WIDTH="761" HEIGHT="43">
						<String ID="P149_ST00124" HPOS="111" VPOS="1381" WIDTH="127" HEIGHT="28" CONTENT="narrow," WC="0.71" CC="7047001"/>
						<SP ID="P149_SP00104" HPOS="238" VPOS="1409" WIDTH="20"/>
						<String ID="P149_ST00125" HPOS="258" VPOS="1372" WIDTH="89" HEIGHT="37" CONTENT="stony" WC="0.65" CC="72070"/>
						<SP ID="P149_SP00105" HPOS="347" VPOS="1409" WIDTH="15"/>
						<String ID="P149_ST00126" HPOS="362" VPOS="1369" WIDTH="83" HEIGHT="39" CONTENT="path," WC="0.76" CC="00074"/>
						<SP ID="P149_SP00106" HPOS="445" VPOS="1409" WIDTH="18"/>
						<String ID="P149_ST00127" HPOS="463" VPOS="1368" WIDTH="122" HEIGHT="40" CONTENT="leading" WC="0.73" CC="1003670"/>
						<SP ID="P149_SP00107" HPOS="585" VPOS="1409" WIDTH="22"/>
						<String ID="P149_ST00128" HPOS="607" VPOS="1368" WIDTH="77" HEIGHT="29" CONTENT="from" WC="0.83" CC="3300"/>
						<SP ID="P149_SP00108" HPOS="684" VPOS="1409" WIDTH="20"/>
						<String ID="P149_ST00129" HPOS="704" VPOS="1367" WIDTH="52" HEIGHT="30" CONTENT="the" WC="0.64" CC="370"/>
						<SP ID="P149_SP00109" HPOS="756" VPOS="1409" WIDTH="15"/>
						<String ID="P149_ST00130" HPOS="771" VPOS="1366" WIDTH="101" HEIGHT="40" CONTENT="parish" WC="0.70" CC="005461"/>
					</TextLine>
					<TextLine ID="P149_TL00021" HPOS="111" VPOS="1436" WIDTH="761" HEIGHT="33">
						<String ID="P149_ST00131" HPOS="111" VPOS="1441" WIDTH="115" HEIGHT="28" CONTENT="church" WC="0.35" CC="577647"/>
						<SP ID="P149_SP00110" HPOS="226" VPOS="1469" WIDTH="16"/>
						<String ID="P149_ST00132" HPOS="242" VPOS="1440" WIDTH="34" HEIGHT="29" CONTENT="of" WC="0.92" CC="10"/>
						<SP ID="P149_SP00111" HPOS="276" VPOS="1469" WIDTH="16"/>
						<String ID="P149_ST00133" HPOS="292" VPOS="1439" WIDTH="28" HEIGHT="30" CONTENT="D" WC="0.25" CC="7"/>
						<SP ID="P149_SP00112" HPOS="320" VPOS="1469" WIDTH="101"/>
						<String ID="P149_ST00134" HPOS="421" VPOS="1441" WIDTH="32" HEIGHT="28" CONTENT="to" WC="0.76" CC="40"/>
						<SP ID="P149_SP00113" HPOS="453" VPOS="1469" WIDTH="16"/>
						<String ID="P149_ST00135" HPOS="469" VPOS="1448" WIDTH="17" HEIGHT="20" CONTENT="a" WC="1.00" CC="0"/>
						<SP ID="P149_SP00114" HPOS="486" VPOS="1469" WIDTH="19"/>
						<String ID="P149_ST00136" HPOS="505" VPOS="1437" WIDTH="63" HEIGHT="31" CONTENT="side" WC="0.82" CC="7000"/>
						<SP ID="P149_SP00115" HPOS="568" VPOS="1469" WIDTH="17"/>
						<String ID="P149_ST00137" HPOS="585" VPOS="1439" WIDTH="140" HEIGHT="28" CONTENT="entrance" WC="0.57" CC="07450663"/>
						<SP ID="P149_SP00116" HPOS="725" VPOS="1469" WIDTH="15"/>
						<String ID="P149_ST00138" HPOS="740" VPOS="1436" WIDTH="65" HEIGHT="29" CONTENT="into" WC="0.79" CC="0601"/>
						<SP ID="P149_SP00117" HPOS="805" VPOS="1469" WIDTH="15"/>
						<String ID="P149_ST00139" HPOS="820" VPOS="1436" WIDTH="52" HEIGHT="29" CONTENT="the" WC="0.75" CC="150"/>
					</TextLine>
				</TextBlock>
			</PrintSpace>
		</Page>
	</Layout>
</alto>
