1019 1638
149 84 35 26 30

402 92 58 20 ALL
480 91 58 21 FOR
558 89 108 22 GREED.

227 178 94 40 Salut,
339 178 159 31 Monsieur
698 173 159 31 mumbled
872 173 52 29 the

149 248 95 38 other,
263 249 60 30 and
337 251 84 28 went
435 247 49 31 his
499 257 79 29 way.

403 318 99 30 called
513 317 54 30 the
578 325 107 31 young
701 324 79 29 man,
835 313 92 32 when

147 388 64 30 wdl
232 398 62 30 you
316 388 93 39 bring
423 397 49 20 me
495 387 91 30 down
609 385 89 31 those
719 384 72 30 rods
801 383 15 30 ?
860 383 65 29 The

146 457 136 31 weather
305 457 74 30 isn't
399 459 32 28 at
455 456 42 30 all
511 456 62 30 bad
588 456 47 30 for
657 454 125 40 fishing,
800 453 58 30 but
873 463 53 31 my

144 528 70 28 rods
229 538 51 18 are
296 527 41 29 all
351 530 51 26 too

188 596 65 31 The
278 606 72 20 man
372 596 114 30 turned
512 596 111 38 round,
648 605 85 21 came
758 594 88 39 back,
865 595 59 29 and

146 666 87 29 stood
254 665 87 40 right
364 666 34 29 in
424 666 84 30 front
531 666 35 30 of
595 666 54 30 the
673 665 142 31 window.
872 664 50 30 He

143 746 62 20 was
221 735 161 41 decidedly
394 736 208 40 disagreeable
617 738 32 28 to
664 736 72 30 look
751 737 40 39 at,
806 736 118 30 slouch-

144 806 63 40 ing,
225 806 160 41 ungainly,
411 806 144 42 clumsdy
575 809 58 38 put
650 806 151 41 together.
847 806 71 31 You

145 875 91 31 could
256 879 53 27 not
327 876 72 40 help
415 876 180 41 comparing
614 876 67 31 him
702 879 33 28 to
750 876 89 31 those
861 887 56 20 un-

145 945 133 30 finished
300 946 129 30 animals
449 947 103 30 which
573 958 51 19 are
647 947 109 32 shown
777 950 32 28 to
831 958 37 20 us
889 958 32 19 as

144 1016 135 30 nature's
294 1016 67 31 first
386 1017 103 30 efforts
513 1018 105 30 before
643 1019 54 29 the
723 1019 89 30 flood.
869 1018 51 30 He

144 1085 53 29 did
226 1087 54 28 not
301 1085 71 31 look
394 1086 69 40 bad,
488 1087 58 31 but
568 1088 193 40 unpleasant,
764 1107 43 4 —
808 1099 40 19 an
873 1088 45 30 in-

144 1154 149 40 complete
307 1156 140 40 product,
464 1156 77 32 with
557 1157 53 30 the
625 1158 76 30 mud
713 1158 60 30 and
786 1157 87 31 slime
889 1157 33 31 of

143 1224 68 30 that
222 1224 79 42 jelly
316 1225 106 40 period
437 1227 138 40 sticking
591 1230 33 29 to
635 1228 50 31 his
701 1229 135 30 features
858 1229 60 30 and

143 1292 100 29 limbs.

261 1363 82 31 can't
365 1363 93 41 bring
483 1376 64 30 you
572 1367 53 30 the
650 1368 79 39 rods,
757 1368 160 32 Monsieur

325 1428 66 31 said
399 1428 49 40 he,
465 1428 34 32 in
514 1441 17 20 a
547 1430 95 42 thick,
657 1432 153 41 drawling
819 1434 96 39 voice,
