1019 1638
170 97 77 23 POOR
268 99 156 21 MONSIEUR
443 93 158 27 RICHARD'S
622 100 113 20 RICHES.

791 93 52 27 107

77 184 152 31 ascended
262 186 53 29 the
352 186 97 39 stairs,
487 186 120 40 angrUy
642 187 115 38 opened
793 187 51 29 the

76 253 75 29 door
181 254 34 30 of
241 254 56 30 her
326 256 138 30 master's
493 265 91 28 room,
617 255 60 29 and
706 265 60 21 saw
792 255 51 30 the

77 320 84 41 sight
176 332 47 21 we
246 323 78 30 have
341 323 157 30 described
519 323 34 30 in
568 333 54 20 our
638 324 58 29 last
711 324 131 40 chapter.

76 391 68 29 Her
174 402 130 20 screams
335 393 149 29 attracted
513 392 159 31 Monsieur
700 392 142 39 Richard,

75 460 69 31 who
156 471 63 20 was
233 460 34 31 in
282 462 180 29 attendance
474 461 33 30 in
522 462 52 29 the
587 461 108 40 dining
710 461 131 41 parlour,

77 530 147 40 awaiting
258 530 49 31 his
336 530 117 31 uncle's
482 541 152 29 presence.
678 530 65 31 The
772 541 73 29 poor

76 609 106 30 young
197 610 79 27 man,
294 599 102 30 whose
418 609 133 20 nervous
573 602 114 38 system
701 610 61 19 was
785 600 58 29 less

77 668 108 29 robust
210 668 76 29 than
312 668 142 30 Madame
480 668 112 39 Jean's,
617 679 61 20 was
705 679 31 19 so
760 679 83 20 over-

78 746 85 20 come
185 736 43 41 by
249 737 53 29 the
325 736 124 41 ghastly
470 746 96 29 scene,
583 737 67 30 that
672 737 38 30 he
730 736 115 31 fainted

78 806 78 29 dead
178 816 95 29 away,
296 806 61 29 and
378 806 140 29 Madame
541 806 77 29 Jean
639 806 61 29 had
721 809 31 26 to
767 805 77 30 raise

78 874 62 27 him
165 885 33 20 as
213 875 71 30 well
306 885 32 19 as
361 874 53 30 she
438 875 97 38 could,
553 875 60 29 and
634 874 79 40 busy
733 874 113 30 herself

77 943 77 30 with
180 943 147 40 recalling
356 942 65 30 him
446 945 32 27 to
504 943 49 29 his
579 953 110 19 senses.
734 943 109 29 Before

77 1011 62 31 this
154 1021 63 22 was
233 1011 85 40 quite
333 1010 230 40 accomphshed,
582 1011 52 30 she
654 1011 61 30 had
729 1011 115 39 opened

77 1092 17 19 a
109 1081 141 39 window,
265 1081 97 29 caUed
377 1080 124 30 Nicolas
516 1091 42 29 up
573 1080 78 30 from
666 1080 52 30 the
733 1079 109 31 stable-

76 1151 74 30 door
165 1150 33 30 in
213 1150 53 30 the
281 1150 78 40 yard
373 1149 98 31 below
482 1149 101 31 where
598 1149 39 30 he
648 1160 62 20 was
725 1148 117 31 attend-

76 1220 56 39 ing
158 1222 32 27 to
215 1220 54 28 the
296 1219 50 29 old
371 1229 91 28 mare,
487 1219 60 29 and
572 1219 183 39 despatched
779 1218 64 30 him

78 1290 47 30 for
147 1289 53 30 the
223 1288 82 40 Juge
328 1288 36 30 de
387 1287 80 30 Paix
489 1288 60 29 and
573 1287 53 31 the
651 1287 107 38 Maire,
783 1287 60 29 and

77 1358 54 30 the
152 1358 112 38 doctor,
283 1358 60 28 and
364 1358 53 29 the
437 1357 221 39 all-important
679 1355 162 40 brigadier.

77 1428 46 30 As
160 1430 32 28 to
229 1427 52 30 the
319 1426 146 39 unhappy
501 1425 157 31 Monsieur
699 1424 141 39 Richard,
