1019 1638
159 94 51 27 154

407 105 58 20 ALL
484 105 58 20 FOR
562 103 106 22 GREED.

157 189 72 39 paid
380 190 116 39 replied
511 189 160 30 Monsieur
687 189 37 28 de
736 187 188 31 Verancour.

190 258 86 41 They
301 270 80 20 were
406 261 32 28 to
463 259 79 30 have
571 257 78 30 been
675 256 73 40 paid
777 256 65 30 into
872 267 52 29 my

157 328 96 30 hands
268 339 39 19 on
322 328 52 30 the
389 328 175 30 fourteenth
586 327 34 29 of
637 325 63 31 this
723 326 115 38 month,
842 344 44 4 —
887 336 37 20 on

156 398 52 29 the
225 398 59 38 day
300 397 34 30 of
351 398 54 29 the

198 467 158 30 Monsieur
378 466 134 30 Richard
533 466 113 30 turned
667 466 78 39 pale,
764 466 61 29 and
840 465 46 30 for
908 476 17 19 a

157 539 133 27 moment
316 537 100 28 closed
440 536 49 29 his
516 546 80 30 eyes.
643 535 87 30 Then
753 534 170 42 languidly,

156 606 39 30 he
211 605 133 31 drawled
370 608 53 27 out
449 605 52 30 the
524 615 74 29 poor
625 615 112 19 excuse
759 604 103 31 which
887 604 38 30 he

156 675 61 28 had
242 676 31 27 to
300 674 81 29 offer.
472 674 32 29 It
529 676 84 27 must
639 684 82 19 seem
748 674 178 40 deplorably

157 743 87 31 weak
265 746 31 27 to
428 743 40 30 he
491 743 74 39 said,
616 743 59 31 but
696 745 32 29 to
751 746 87 27 enter
859 743 68 30 that

156 823 84 19 room
262 814 87 28 turns
374 823 48 19 me
446 813 73 30 sick.
566 813 16 29 I
609 814 78 29 have
714 813 89 39 tried,
822 814 61 28 and
909 813 16 29 I

157 891 49 20 am
220 884 54 27 not
296 882 90 40 equal
408 885 31 27 to
462 881 33 31 it.
541 882 73 31 You
637 892 50 20 see
710 882 16 30 I
749 882 79 31 have
851 893 76 20 even

157 950 57 30 left
235 951 83 30 what
344 951 61 29 had
430 951 79 30 been
525 959 58 33 my
607 963 69 20 own
698 963 84 19 room
805 952 82 30 since
910 952 17 30 I

157 1030 62 20 was
256 1030 17 20 a
307 1020 70 41 boy.
424 1021 16 29 I
477 1020 213 42 instinctively
704 1022 44 40 fly
775 1022 78 30 from
887 1022 40 30 all

157 1090 67 30 that
245 1090 107 30 recalls
378 1091 52 30 the
452 1091 143 38 horrible,
624 1092 135 31 horrible
782 1095 93 28 event
888 1093 7 30 !

158 1160 139 30 Another
326 1172 101 28 pause.
518 1162 58 41 My
606 1173 75 31 poor
717 1163 99 39 uncle,
842 1163 82 38 then,

158 1229 60 30 had
234 1229 108 31 almost
356 1230 120 40 bought
490 1231 53 30 the
763 1232 40 30 he
818 1233 107 38 added,

159 1298 68 29 half
245 1298 148 39 speaking
407 1302 31 27 to
454 1300 130 30 himself.

235 1367 122 31 Almost
371 1368 7 31 !
434 1369 113 30 echoed
569 1370 161 30 Monsieur
752 1371 38 30 de
810 1371 117 31 Veran-

160 1448 80 19 cour.
319 1438 92 33 Quite
427 1438 6 30 !
478 1438 51 31 He
550 1439 62 31 had
638 1440 85 40 quite
749 1441 120 39 bought
895 1441 32 30 it.
