1019 1638
260 108 19 20 A
299 109 83 20 VERY
402 109 97 21 SMALL
519 111 99 20 TOWN.

790 105 30 25 11

56 192 102 31 where
174 193 54 30 she
245 205 55 19 can
315 195 85 40 place
416 207 17 19 a
448 196 72 31 fowl
535 207 77 21 even
627 198 46 30 for
688 198 52 30 the
756 209 66 19 sum

57 261 34 30 of
117 262 87 31 three
219 263 101 32 francs
334 268 62 36 ten,
400 284 43 4 —
443 266 68 30 four
532 267 99 30 francs
652 278 85 28 even,
754 267 68 31 who

57 342 57 19 can
129 332 55 29 tell
195 333 13 28 ?

131 402 87 31 Mere
229 403 114 30 Jubine
359 405 86 30 owed
460 405 25 30 it
500 416 48 19 me
560 406 6 29 !
612 405 124 40 replied,
750 406 74 30 with

60 471 173 32 dictatorial
256 476 81 36 tone,
356 474 142 30 Madame
515 475 87 29 Jean.
681 476 64 29 The
765 476 60 29 last

59 542 17 29 I
106 542 121 40 bought
248 543 79 30 from
349 543 55 30 her
433 554 63 21 was
527 554 38 20 an
587 544 236 41 unsatisfactory

59 610 81 41 fowl,
155 623 32 20 so
204 613 16 29 I
239 613 151 30 reckoned
408 613 25 30 it
447 614 56 29 her
517 617 32 26 at
565 615 72 39 only
652 615 68 29 half
731 615 90 38 price,

61 682 60 30 and
144 682 73 30 took
235 682 63 31 this
314 693 56 20 one
385 686 31 27 to
433 682 88 31 make
541 694 51 29 up.
639 683 64 31 Our
719 694 104 30 young

60 763 72 18 man
151 752 27 30 is
204 755 54 27 not
282 753 70 30 well
364 753 69 40 just
451 763 78 28 now,
548 753 59 29 and
625 755 97 28 wants
745 752 80 40 light

60 821 79 39 food,
158 832 32 19 so
207 821 16 30 I
240 821 77 30 shall
333 821 43 30 let
390 821 65 30 him
471 825 49 26 eat
533 821 126 40 poultry
673 821 47 30 for
734 831 18 20 a
766 821 59 30 few

58 891 84 40 days.
189 891 89 29 Bless
293 902 52 28 my
361 891 66 29 soul
440 891 6 29 !
463 891 25 29 it
504 890 75 30 ain't
594 890 76 30 such
684 900 39 19 an
738 892 87 27 extra

57 956 78 30 after
151 955 49 30 all.
245 955 93 30 With
352 957 61 28 two
428 957 69 37 pots
515 965 39 19 au
569 954 52 30 feu
640 954 113 30 there's
771 953 53 30 the

57 1026 99 30 whole
178 1025 88 32 week
278 1034 7 30 ;
312 1024 114 31 reckon
438 1035 6 19 :
448 1043 42 3 —
492 1023 40 31 all
553 1023 134 40 depends
709 1033 39 20 on
771 1023 53 29 the

56 1098 222 38 management,
296 1106 40 19 no
367 1097 103 27 extras
499 1104 50 19 are
580 1103 61 30 any
664 1095 110 27 matter
799 1091 27 30 if

55 1177 63 29 you
133 1176 51 19 are
199 1176 18 19 a
228 1174 172 30 menagere,
412 1164 60 30 and
488 1162 27 30 if
535 1173 62 30 you
612 1173 50 19 are
676 1163 63 37 not,
751 1161 72 39 why

55 1246 63 30 you
142 1245 83 21 come
250 1238 31 27 to
307 1233 93 31 think
422 1233 94 30 bread
541 1231 87 30 itself
654 1241 39 20 an
716 1233 87 28 extra
815 1239 6 29 ;

51 1309 57 29 but
123 1306 103 32 where
251 1315 52 20 are
328 1304 54 30 the
683 1300 141 30 Madame

54 1378 79 30 Jean
149 1376 65 30 said
235 1374 64 31 this
322 1372 156 41 defiantly,
497 1371 60 31 and
578 1371 54 30 the
654 1370 87 30 other
759 1379 61 20 ma-

53 1450 85 27 trons
153 1456 81 21 were
251 1444 112 32 cowed.
