1019 1638
344 101 155 20 MONSIEUR
518 101 87 20 LEON.

802 94 51 26 193

136 185 72 41 Day
227 187 79 30 after
328 187 59 41 day
407 188 74 30 then
503 187 98 30 Raoul
622 187 133 40 thought
774 198 82 20 more

94 254 111 42 highly
222 256 33 30 of
273 256 159 30 Monsieur
453 257 129 39 Duprez,
601 257 59 29 and
682 258 46 28 set
745 257 40 29 all
807 257 49 29 his

95 325 138 40 energies
255 329 32 27 to
310 325 191 41 discovering
522 327 69 31 how
612 326 46 38 he,
683 329 59 35 too,
767 326 90 30 could

95 395 118 39 compel
242 395 122 29 fortune
393 395 130 31 without
551 396 60 29 loss
640 395 34 29 of
698 394 82 30 time.
826 395 31 29 It

95 473 64 20 was
184 466 54 27 not
267 464 68 30 that
364 464 39 30 he
429 464 130 31 disliked
584 463 93 40 work,
705 464 57 30 but
791 464 67 29 that

96 531 39 30 he
161 542 62 20 was
249 532 178 41 impatient;
465 533 38 29 he
529 533 101 31 would
658 533 77 30 have
764 532 95 30 toiled

96 600 92 39 night
211 601 61 29 and
295 601 60 40 day
378 601 47 30 for
448 601 47 30 his
519 602 67 38 end,
608 601 56 30 but
686 601 39 29 he
748 601 111 38 longed

97 668 47 31 for
166 668 142 31 Vevette.
354 668 73 31 And
449 679 32 20 so
503 670 39 29 he
564 679 82 20 came
668 672 31 28 to
720 668 140 41 question

97 737 49 30 his
175 748 69 20 new
273 737 101 30 friend
404 737 92 30 about
525 738 47 29 his
603 738 118 29 Golden
755 737 105 29 Fleece

99 806 201 40 expeditions,
329 807 60 29 and
418 805 157 31 Monsieur
603 806 121 39 Duprez
754 805 107 30 smiled

100 875 60 30 and
189 875 66 30 said
283 873 131 41 nothing
443 884 60 21 was
534 884 31 20 so
596 884 79 30 easy,
707 874 59 29 and
794 874 67 30 that

99 943 96 40 really
211 943 27 29 if
256 954 70 18 men
340 953 79 20 were
441 945 54 27 not
516 943 133 39 wealthy
670 943 191 39 now-a-days

99 1012 25 30 it
153 1022 62 21 was
244 1012 67 29 that
339 1011 76 40 they
438 1010 53 30 did
520 1013 54 27 not
603 1020 66 20 care
698 1013 31 27 to
753 1010 38 30 be
817 1020 40 20 so.

98 1081 74 29 And
207 1081 75 29 then
311 1081 38 28 he
386 1079 172 40 invariably
587 1079 111 30 wound
734 1089 41 29 up
812 1078 48 31 his

99 1149 109 40 speech
229 1148 85 39 with,
479 1150 31 27 at
531 1157 66 29 me;
628 1147 89 31 when
740 1147 16 29 I
778 1149 82 28 went

98 1221 31 27 to
145 1217 88 30 Paris
247 1219 52 28 ten
314 1227 87 30 years
416 1226 65 30 ago,
500 1216 16 30 I
531 1216 61 30 had
606 1215 56 31 but
677 1226 17 19 a
708 1215 152 30 thousand

98 1288 100 30 francs
222 1286 33 30 in
277 1297 53 29 my
353 1286 117 39 pocket.
516 1285 17 29 I
554 1286 88 29 could
665 1287 54 28 not
734 1285 55 29 sell
808 1285 53 28 the

99 1357 95 30 house
216 1357 82 38 here,
316 1355 149 30 therefore
487 1354 25 30 it
526 1364 61 21 was
610 1365 17 19 a
642 1354 76 30 dead
735 1352 125 40 weight.

99 1427 17 30 I
138 1426 62 30 had
224 1435 57 21 one
304 1424 151 35 thousand
475 1424 98 29 francs
591 1424 92 38 ready
698 1432 118 30 money,
819 1440 42 5 —

141 1500 68 20 VOL.
227 1499 21 21 I.
506 1497 16 20 o
