1019 1638
250 101 62 21 THE
331 95 161 28 VICOMTE'S
512 103 156 20 TROUBLES.

789 96 51 25 155

82 184 65 31 The
164 185 107 32 formal
293 190 201 38 engagement
508 199 61 20 was
590 189 100 29 taken.
737 189 31 30 It
782 200 60 20 was

83 254 130 39 binding

163 324 65 31 Not
270 325 33 30 in
479 326 189 40 interrupted
710 326 132 31 Richard

84 393 131 39 meekly.

161 462 135 41 Perhaps
319 466 54 27 not
385 473 6 30 ;
416 464 56 29 but
494 464 32 29 in
711 466 131 29 retorted

84 530 186 41 Verancour,
288 532 160 40 becoming
463 534 164 38 desperate.

162 601 57 30 Let
248 612 37 19 us
315 613 53 29 say
397 602 32 29 in
682 604 160 38 suggested

83 670 159 29 Monsieur
267 670 140 30 Richard.
488 670 63 31 Can
576 681 70 30 you,
650 690 42 2 —
692 671 64 31 will
782 682 60 30 you

83 738 118 30 confide
223 738 33 30 in
277 749 48 20 me
346 750 31 19 as
399 739 33 30 in
453 750 53 30 my
520 750 73 29 poor
612 740 98 39 uncle,
727 741 60 29 and
801 741 41 29 let

83 818 49 18 me
158 807 91 31 know
274 808 72 40 why
371 808 52 30 the
450 808 171 30 immediate
648 808 60 30 sale
734 808 33 30 of
792 808 50 30 the

83 879 145 36 property
243 887 62 20 was
321 887 31 19 so
369 876 148 30 desirable

125 946 65 28 The
205 945 140 30 Vicomte
367 945 158 39 hesitated,
544 946 59 29 and
624 946 147 39 probably
791 946 50 29 the

116 1013 117 32 inward
254 1025 71 19 man
379 1015 87 29 made
489 1024 17 20 a
521 1025 66 30 wry
606 1014 65 30 face
683 1023 7 30 ;
714 1014 57 30 but
792 1014 49 30 the

81 1084 138 29 outward
245 1093 55 19 one
326 1083 60 29 had
412 1085 31 27 to
468 1083 88 29 make
582 1084 52 28 the
659 1083 68 29 best
752 1083 34 29 of
808 1083 32 37 it,

80 1153 46 30 for
141 1153 83 30 what
246 1152 61 30 else
321 1163 62 21 was
406 1153 84 29 there
512 1155 32 27 to
560 1153 37 29 do
611 1153 13 30 ?
668 1152 37 30 So
721 1153 38 29 he
778 1153 63 29 told

81 1222 64 28 him
161 1222 48 28 all.

124 1290 158 31 Monsieur
302 1290 133 30 Richard
450 1290 130 31 listened
594 1290 77 31 with
686 1291 51 29 the
754 1290 86 39 deep-

81 1363 55 34 est,
161 1361 79 28 most
262 1359 172 40 respectful,
460 1359 150 30 attention
631 1361 31 27 to
684 1359 53 29 the
760 1361 80 38 story

81 1429 33 30 of
134 1428 100 31 which
249 1427 25 31 it
290 1427 177 40 apparently
484 1427 99 31 suited
602 1427 64 30 him
686 1430 31 27 to
732 1438 108 28 appear
