1019 1638
310 109 71 20 LESS
401 109 85 20 THAN
506 109 19 20 A
546 109 111 24 SQUIRE.

820 104 50 25 179

107 203 70 19 sans
193 204 216 29 consequence.
455 195 64 30 Not
535 195 83 40 quite
642 206 32 20 so
690 196 182 41 completely

107 271 70 21 sans
199 272 207 31 consequence
429 275 32 18 as
476 264 157 30 Monsieur
655 264 143 40 Richard,
815 265 52 30 be-

108 341 90 20 cause
221 331 99 31 Raoul
335 343 62 20 was
412 343 17 20 a
444 333 181 40 gentleman,
643 333 77 31 after
742 333 48 39 all,
816 333 56 31 but

110 395 39 30 he
171 406 64 20 was
433 397 52 30 the
619 397 128 30 because
771 397 33 30 of
822 397 49 29 his

110 467 138 38 poverty.
303 465 60 31 His
385 466 186 30 remarkable
599 466 78 39 good
703 466 94 38 looks,
822 465 48 31 his

110 532 139 41 winning
278 545 93 30 ways,
403 535 49 29 his
481 535 204 39 intelligence,
716 534 48 30 his
793 535 77 39 fiery

110 612 125 30 energy,
238 621 43 3 —
282 603 41 29 all
352 607 82 26 went
468 603 46 30 for
550 603 139 40 nothing.
748 603 31 30 It
808 613 62 20 was

109 670 112 41 totaUy
243 670 174 40 impossible
440 682 18 19 a
595 671 130 30 without
747 681 17 20 a

110 737 111 30 should
264 738 38 29 be
339 739 169 39 dangerous
552 741 31 27 to
626 750 18 18 a

277 807 60 29 and
353 817 32 20 so
400 817 39 20 no
456 817 56 20 one
528 817 70 20 ever
613 807 143 31 adverted
771 810 31 27 to
817 807 53 30 the

109 874 132 40 possible
264 875 114 39 danger
400 875 33 30 of
452 875 98 30 Raoul
571 875 47 30 for
639 875 139 30 Vevette.
824 876 45 29 As

110 946 31 27 to
158 944 50 29 old
223 943 151 39 MorviUe,
392 944 39 28 he
446 954 92 19 never
552 944 133 39 thought
701 944 33 29 of
751 944 49 29 his
816 955 53 19 son

108 1015 30 27 at
168 1012 49 39 all,
243 1011 50 31 till
321 1011 49 31 his
396 1012 123 30 brother
547 1012 52 30 the
622 1011 139 31 Admiral
787 1022 81 20 came

107 1082 90 29 down
218 1083 32 27 to
265 1081 45 29 La
326 1080 187 30 Morvilliere
535 1090 55 20 one
606 1081 68 40 day,
692 1081 59 29 and
774 1080 93 40 signi-

106 1150 60 30 fied
196 1150 67 30 that
541 1152 83 27 must
651 1149 39 31 be
716 1150 77 30 done
822 1150 46 30 for

105 1219 108 28 Raoul.

407 1286 57 31 but
633 1288 159 39 grumbled
815 1289 51 30 the

104 1358 108 29 father.

182 1426 16 30 I
218 1425 64 32 will
307 1425 70 30 take
403 1436 66 19 care
494 1425 33 30 of
674 1425 116 39 replied
815 1427 52 30 the
