1019 1638
171 123 53 26 144

422 130 57 20 ALL
498 130 58 20 FOR
575 129 108 21 GREED.

171 219 94 29 found
297 218 116 29 herself
438 217 64 30 face
531 219 39 27 to.
593 215 65 31 face
688 213 78 32 with
803 211 134 31 Richard

171 288 137 29 Prevost.

246 357 86 30 Good
373 355 140 40 evening,
560 352 229 32 Mademoiselle
835 351 100 30 Gene-

320 424 66 31 said
414 425 39 29 he
482 423 208 40 respectfully.
885 430 50 21 are

165 495 65 40 just
254 494 146 30 returned
425 493 78 30 from
527 493 124 38 church,
680 492 17 30 I
724 502 58 20 see.
829 491 16 29 I
872 500 63 22 was

168 562 94 40 going
287 565 54 27 out
364 561 62 31 this
441 572 77 29 way,
536 572 43 28 up
599 561 52 30 the
675 563 84 37 steep
779 560 84 40 path,
881 559 52 30 be-

168 642 88 19 cause
279 632 16 28 I
318 632 78 29 have
412 641 82 19 some
507 641 55 19 one
584 633 33 27 to
638 641 49 19 see
704 641 39 19 on
765 630 53 30 the
843 629 92 30 Place

167 700 37 29 de
220 699 136 40 l'Eglise,
374 699 61 29 and
454 699 26 29 it
499 699 26 29 is
540 699 93 29 much
647 709 108 18 nearer
814 698 61 29 and
896 698 39 29 he

166 772 82 27 went
263 769 132 30 towards
410 768 53 30 the
480 771 70 35 gate
565 767 34 30 in
613 768 54 30 the
681 767 80 31 wall.

209 837 99 30 Raoul
333 837 61 30 had
418 837 53 30 the
496 837 62 40 key
584 836 34 30 in
641 836 49 29 his
714 836 119 40 pocket.
886 836 50 29 He

165 908 61 29 had
255 907 72 30 shut
353 906 26 31 it
403 907 61 30 and
492 906 110 31 locked
628 905 25 31 it
679 916 40 20 on
748 905 53 31 the
827 904 109 32 inside.

165 978 97 30 What
288 987 62 21 was
379 979 32 27 to
436 976 39 30 be
499 976 102 30 done?
645 975 161 31 Vevette's
832 975 104 30 confu-

165 1047 66 29 sion
246 1057 62 20 was
323 1046 118 40 luckily
458 1046 167 30 somewhat
641 1046 162 29 concealed
822 1045 44 41 by
881 1045 55 30 her

165 1116 92 39 large,
276 1114 212 40 overhanging
509 1118 92 28 straw
617 1115 62 39 hat,
698 1115 61 30 and
778 1114 158 31 Monsieur

165 1185 134 30 Richard
327 1195 64 20 was
419 1195 94 19 never
544 1185 152 39 supposed
729 1188 32 27 to
790 1185 39 30 be
859 1196 76 30 very

166 1254 98 39 sharp.
311 1253 59 29 She
387 1253 182 30 stammered
585 1253 175 41 something
775 1254 95 30 about
885 1255 51 30 the

165 1323 61 40 key
240 1322 95 40 being
357 1323 68 39 lost,
444 1323 61 30 and
527 1322 33 31 in
574 1323 63 31 fact
652 1323 66 31 said
734 1328 32 27 at
788 1324 59 31 last
870 1325 66 31 that

165 1394 53 29 she
233 1393 61 29 had
308 1393 60 29 lost
383 1392 34 40 it,
435 1394 61 28 and
510 1404 63 20 was
588 1394 97 30 afraid
701 1395 55 30 she
772 1396 111 30 should
897 1396 39 31 be

165 1462 127 30 scolded.
429 1461 26 31 is
476 1472 40 20 no
540 1467 111 27 matter
673 1467 32 27 at
816 1465 119 38 replied
