1132 1747
172 109 52 25 104

409 115 81 19 LOVE
514 114 64 20 THE
601 111 160 23 AAeENGER.

171 193 86 31 there
284 193 102 31 before
411 193 53 30 the
490 197 138 25 autumn.
679 189 98 31 What
804 188 26 30 is
853 191 33 27 to
910 184 91 32 make

170 254 54 31 the
239 254 163 31 difference
418 254 62 30 this
496 264 74 28 year
581 253 11 30 1

214 316 64 31 The
305 315 109 41 steady
438 315 55 30 fire
518 314 34 30 of
576 313 85 30 Mile,
691 312 38 31 de
755 308 246 45 Mourjonville's

170 388 72 31 eyes
259 376 65 42 (she
341 387 63 21 Avas
429 376 105 31 seated
562 379 32 27 at
618 386 19 19 a
662 374 85 31 table
765 373 117 31 behind
899 372 43 31 M.
962 372 39 31 de

170 439 186 42 Moranges,)
384 449 94 21 never
505 437 108 32 ceased
639 437 49 30 for
712 448 40 19 an
779 436 130 37 instant,
937 434 64 31 and

171 501 115 32 Olivier
315 501 57 31 felt
402 501 69 30 that
501 500 47 30 his
571 511 77 31 very
674 499 97 31 bones
796 508 81 21 Avere
907 497 94 41 being

170 564 145 31 searched
330 564 44 41 by
388 564 53 30 the
457 574 74 31 gaze
559 562 34 31 of
614 562 88 31 those
725 560 130 42 terribly
871 558 130 33 ironical

170 625 76 29 orbs.

367 686 38 31 he
421 685 127 42 replied,
573 690 55 26 not
653 685 111 42 daring
787 690 33 26 to
840 684 73 31 look
937 695 64 30 any

170 759 71 31 way
256 753 33 26 at
315 748 50 38 all,
415 747 53 32 the
485 747 164 32 difference
675 747 26 31 is
728 746 93 32 made
845 746 43 42 by
904 746 95 36 what,

170 814 33 26 to
236 821 59 26 me,
320 810 26 30 is
377 814 81 26 most
490 809 177 42 supremely
694 808 210 43 disagreeable
917 819 6 20 :
957 808 44 41 by

169 872 53 30 the
249 871 120 31 sudden
392 871 238 41 disappearance
654 871 80 31 from
761 871 54 31 the
843 872 100 30 Avorld
970 871 34 31 of

170 934 51 30 old
238 933 187 41 Carpentier,
443 933 63 30 and
521 933 43 41 by
578 933 54 31 the
652 933 137 30 decision
806 945 87 19 come
908 938 33 26 to
957 934 44 41 by

169 994 53 30 the
237 998 204 37 government
468 998 32 26 to
523 994 44 30 let
589 994 54 30 the
667 994 132 30 election
822 994 75 31 take
912 994 88 42 place

170 1055 33 30 in
218 1055 53 30 the
295 1055 112 30 second
423 1055 87 30 Aveek
533 1055 34 30 in
589 1055 85 41 July.
725 1055 30 31 It
778 1055 27 31 is
827 1055 34 32 in
884 1061 116 37 yester-

170 1116 86 39 day's

214 1177 43 30 M.
286 1177 38 30 de
350 1177 165 42 Moranges
539 1177 117 42 tapped
682 1178 48 31 his
753 1178 146 32 forehead
922 1180 77 31 with

170 1238 48 29 his
233 1238 91 29 hand.

355 1310 55 31 my
560 1299 38 32 he
623 1301 189 37 exclaimed;-

171 1361 145 42 putation
330 1363 6 29 !
383 1361 72 37 Yes,
474 1361 14 30 I
504 1362 171 31 remember
690 1363 42 30 all
748 1363 96 31 about
859 1364 26 31 it
907 1375 72 21 now
993 1378 8 25 ;

173 1422 62 31 and
250 1423 86 30 there
352 1422 26 31 is
393 1433 40 20 no
449 1422 72 42 help
536 1422 48 31 for
599 1434 44 20 us.
691 1424 87 31 Your
799 1425 122 32 mother
937 1427 64 31 will

173 1485 86 30 leave
275 1495 82 19 none
374 1483 33 31 of
418 1495 38 18 us
471 1484 32 29 in
516 1495 101 29 peace.
645 1484 64 31 But
726 1485 14 30 I
756 1486 137 43 thought
914 1488 87 32 there

173 1557 79 20 were
264 1551 32 26 to
305 1546 38 31 be
356 1557 40 19 no
407 1545 144 31 elections
563 1546 165 39 anywhere
738 1547 49 31 till
