1132 1747
210 115 52 26 282

450 122 83 20 LOVE
556 122 64 20 THE
644 119 160 22 AVENGER.

254 200 66 31 Nor
343 211 63 21 was
432 200 71 30 that
527 200 49 30 all.
625 199 98 30 There
748 208 64 20 Avas
840 207 97 20 Avorse
968 195 74 32 still.

210 261 105 32 Worse
329 263 11 30 ?
363 261 91 32 could
481 272 96 20 Avorse
603 260 77 31 then
704 260 38 30 be
755 260 11 30 ?
811 259 98 30 There
934 269 65 19 was
1024 268 18 20 a

209 323 59 31 last
283 323 78 42 deep
377 324 49 41 pit
441 323 34 31 of
488 322 132 43 anguish
636 327 33 26 to
685 321 102 32 Avhich
804 321 111 37 Claire,
940 319 27 30 if
987 318 55 32 she

210 385 182 37 descended,
409 389 84 26 Avent
514 385 87 30 alone
630 384 61 31 and
713 384 33 30 in
767 383 53 32 the
845 382 84 32 dark.
979 382 62 31 She

209 450 115 31 shrank
351 451 79 30 from
457 451 107 41 seeing
590 450 84 31 Avhat
702 460 63 21 was
791 449 88 31 there
906 453 33 26 to
966 448 73 31 hurt

208 513 63 37 her,
288 513 57 31 but
360 514 54 30 she
430 513 136 31 smarted
581 513 81 30 from
678 512 55 31 the
748 512 86 40 pain.

251 574 91 31 After
382 586 16 19 a
439 575 143 41 sleepless
621 574 103 42 night,
762 573 108 38 Claire,
902 584 41 19 on
985 571 56 32 the

207 647 131 20 morroAV
357 636 34 31 of
409 636 53 32 the
484 636 72 39 ball,
574 636 113 43 sought
712 636 55 31 her
792 647 57 19 one
873 634 168 31 comforter

205 700 33 30 in
263 700 41 30 all
323 700 129 38 trouble,
475 700 146 30 Madame
637 699 194 37 Beaudouin,
846 698 72 38 and,
941 697 93 32 when

205 761 53 30 the
275 762 199 40 occupations
489 760 35 31 of
544 761 54 30 the
619 760 149 31 forenoon
785 771 80 19 were
881 770 82 26 over,
982 758 54 32 the

206 828 77 25 aunt
299 823 62 30 and
376 823 86 30 niece
484 822 126 31 strolled
630 822 85 30 forth
735 821 144 42 together
900 821 67 30 into
983 820 54 31 the

205 884 83 40 park.

249 945 64 31 The
344 945 63 42 day
431 956 63 20 was
518 945 107 42 balmy
652 945 62 31 and
745 945 117 43 bright,
890 945 63 31 and
983 945 54 30 the

206 1007 76 42 deep
310 1007 130 31 A'erdure
465 1007 34 31 of
523 1018 136 20 summer
685 1018 65 21 was
775 1007 76 42 only
873 1007 73 31 here
974 1006 63 31 and

204 1068 85 31 there
313 1068 140 43 yielding
476 1073 33 26 to
533 1069 53 30 the
612 1079 84 21 more
721 1068 188 43 gorgeously
929 1067 108 32 varied

205 1133 132 26 autumn
374 1129 85 31 tints.
530 1129 147 31 Madame
715 1129 186 31 Beaudouin
945 1129 92 31 loved

205 1195 110 26 nature
346 1191 76 30 Avith
453 1202 40 19 an
525 1191 111 30 almost
666 1191 176 41 passionate
873 1191 165 42 intensity,

205 1251 63 31 and
294 1262 64 20 Avas
382 1263 40 19 an
447 1252 223 42 indefatigable
695 1253 124 30 Avalker.
878 1253 65 31 The
974 1258 64 26 two

205 1312 125 42 strayed
345 1312 125 42 beyond
486 1313 53 30 the
555 1313 97 31 limits
676 1314 35 30 of
732 1314 167 38 Clavreuil,
917 1314 121 42 talking-

205 1373 88 38 little,
320 1373 57 30 but
408 1375 172 41 seemingly
611 1376 111 42 taking
752 1376 142 42 pleasure
925 1376 33 31 in
984 1376 54 32 the

205 1446 83 19 mere
304 1434 63 31 fact
382 1435 34 30 of
430 1436 74 30 each
521 1437 112 31 other's
649 1438 126 41 society.

249 1496 64 30 The
330 1497 60 30 last
405 1497 102 31 words
522 1497 70 32 that
613 1498 63 31 had
697 1499 79 31 been
799 1500 184 42 exchanged
999 1512 39 19 on

205 1556 53 30 the
274 1558 143 39 previous
434 1558 91 41 night
536 1558 142 32 between
691 1560 146 31 Madame
854 1561 184 32 Beaudouin
