1132 1747
327 115 63 21 THE
412 115 74 21 NEW
508 116 188 21 CANDIDATE.

876 112 50 26 181

113 190 154 38 Barbaria,
293 202 33 20 as
351 192 38 31 he
415 194 101 41 styled
539 194 54 31 the
616 193 311 31 Moldo-Wallachian

113 252 169 39 provinces,
299 252 39 32 he
359 253 63 32 had
438 255 113 42 caught
566 255 83 42 sight
665 255 33 30 of
718 255 42 30 M.
779 255 36 30 de
831 255 96 30 Beau-

113 313 102 31 voisin
245 314 33 30 in
309 315 53 31 the
392 320 94 26 street
516 327 40 19 on
587 317 106 30 Easter
723 316 136 41 Sunday,
890 317 38 30 he

115 373 119 43 obeyed
249 386 57 20 one
323 376 33 30 of
372 376 86 31 these
479 377 113 31 absurd
613 378 154 40 impulses,
784 378 62 30 and
867 389 62 19 was

115 436 113 30 moATed
256 441 34 26 to
321 442 101 25 accost
453 438 115 30 Olivier
591 438 43 40 by
662 439 207 29 recollections
899 439 32 29 of

117 500 77 40 days
218 511 78 31 gone
321 500 51 42 by,
394 502 34 30 in
450 502 101 30 which
573 502 64 31 foul
660 502 191 42 enjoyments
869 503 59 30 had

116 560 135 42 brought
287 561 85 30 them
402 562 140 41 together
542 581 42 2 —
585 562 76 41 days
691 563 33 30 in
753 564 100 30 which
881 563 48 37 he,

117 622 196 37 Mardonnet,
345 622 62 30 had
440 622 59 31 lost
530 623 48 30 his
607 623 80 31 head
722 623 47 31 for
806 624 124 31 Camille

117 682 148 38 Leblond,
283 683 62 30 and
367 683 134 42 thought
523 683 70 31 that
607 683 102 42 loATely
725 696 89 30 syren
837 684 94 41 cheap

116 748 32 26 at
163 754 63 30 any
240 744 91 40 price.

161 804 43 32 Of
230 804 76 31 such
332 816 73 20 men
434 816 41 20 no
506 805 167 31 consistent
703 805 138 31 criminal
870 816 62 20 was

118 876 72 20 ever
214 865 100 38 made,
338 866 62 30 and
422 866 63 30 this
511 877 56 19 our
593 865 100 31 friend
719 866 127 41 Aspasie
872 865 60 31 had

118 931 56 26 not
197 931 33 26 to
249 926 92 31 learn.
390 926 60 31 She
474 927 92 30 kneAV
585 927 69 30 that
677 938 62 30 you
763 938 73 30 may
855 927 78 31 stick

119 987 61 31 fast
207 987 33 30 in
260 987 85 31 these
365 987 54 38 fat,
436 987 103 41 flabby
559 992 132 33 natures,
708 988 62 30 and
793 988 37 30 be
852 999 82 20 won-

122 1047 134 42 derfully
274 1047 208 31 embarrassed
506 1053 32 25 to
564 1053 52 36 get
639 1047 49 30 rid
710 1047 34 30 of
764 1047 94 39 them,
880 1048 55 31 but

122 1109 70 31 that
223 1120 32 19 as
278 1113 34 26 to
343 1109 156 42 stiffening
529 1120 33 19 or
591 1108 171 42 hardening
784 1109 93 37 them,
902 1120 33 19 or

122 1170 129 42 making
273 1170 26 31 it
315 1169 62 32 safe
391 1175 32 26 to
439 1174 81 27 trust
534 1174 32 27 to
582 1170 94 37 them,
693 1170 61 30 this
769 1169 26 32 is
814 1170 121 42 beyond

122 1233 53 31 the
191 1232 118 30 science
326 1242 34 19 or
375 1230 69 31 skill
461 1229 33 31 of
506 1240 62 30 any
582 1230 160 40 magician.

166 1293 102 30 AVhen
284 1291 169 42 Thdophile
471 1290 185 32 Mardonnet
671 1290 120 32 arrived
806 1295 32 26 at
860 1290 77 32 Mal-

121 1356 86 39 leray
237 1354 38 30 he
313 1363 63 21 was
414 1352 141 31 charmed
585 1352 76 30 AAith
690 1351 52 31 the
772 1351 107 31 notion
908 1351 33 31 of

122 1414 163 42 becoming
301 1424 18 20 a
334 1412 127 41 deputy,
478 1411 62 31 and
557 1411 139 31 believed
715 1411 69 30 that
803 1411 53 30 the
878 1411 61 30 fact

123 1478 34 31 of
190 1476 118 41 having
339 1486 17 19 a
388 1478 118 27 contest
535 1472 102 32 before
666 1473 65 30 him
732 1491 43 3 —
776 1483 18 20 a
823 1477 116 26 contest

122 1538 78 32 AAdth
223 1538 54 30 the
299 1541 63 26 two
386 1535 124 40 leading
532 1534 131 31 families
690 1533 34 31 of
744 1533 52 31 the
820 1533 119 42 depart-
