1132 1747
445 128 149 23 SEVERED.

875 127 52 25 213

107 209 64 21 Avas
202 212 17 20 a
249 202 47 31 bit
325 205 35 29 of
394 205 73 32 luck
467 226 44 3 —
511 207 150 32 therefore
692 209 218 31 unreasonable
923 222 6 24 ;

108 260 152 34 therefore
285 265 169 45 belonging
479 273 32 26 to
534 269 87 31 those
643 270 116 30 hidden
781 275 150 26 treasures

108 321 70 33 that
196 323 77 33 Fate
293 331 95 28 stores
403 339 42 31 up
461 330 179 31 wherewith
658 336 32 25 to
713 331 116 42 gratify
842 331 89 30 blind

108 382 136 38 mortals,
269 385 62 30 and
356 397 72 19 over
451 387 102 31 which
583 388 41 31 all
650 389 126 31 mortals
799 389 132 30 Avithout

109 444 164 40 exception
287 446 111 41 rejoice
410 448 77 30 Avith
502 448 146 32 childlike
663 450 139 41 impulse.
836 449 95 31 What

110 513 47 20 we
194 503 79 33 have
304 507 169 31 calculated
503 520 91 29 upon,
622 520 46 20 we
699 510 78 30 have
808 509 123 42 already

111 564 131 43 enjoyed
268 567 33 30 in
321 569 202 40 anticipation
536 581 6 26 ;
566 570 90 30 when
682 570 27 30 it
732 570 121 31 reaches
877 581 54 20 our

109 625 86 32 hand
216 627 26 30 it
262 628 27 30 is
313 628 182 32 discounted
495 649 44 3 —
539 630 148 38 realised;
710 642 46 19 we
778 630 92 31 know
892 631 39 31 all

110 686 96 32 about
229 688 26 31 it
268 701 8 24 ;
299 689 57 31 but
382 690 34 30 of
438 691 69 30 that
522 691 101 31 which
646 691 25 31 is
690 691 187 31 vouchsafed
898 697 33 25 to

108 759 38 20 us
166 749 42 30 all
232 754 32 25 at
291 761 84 28 once,
393 752 35 29 of
446 752 70 31 that
530 752 102 31 which
655 763 99 20 comes
776 757 33 26 to
831 763 37 20 us
890 752 41 41 by

111 809 124 38 chance,
251 822 46 19 we
320 811 93 31 knowT
428 813 141 41 nothing,
587 813 62 30 and
671 813 119 30 therein
811 813 55 30 lies
892 813 39 30 its

111 871 113 30 charm.
273 872 96 31 There
389 873 27 30 is
439 884 40 19 no
502 884 58 20 one
583 884 32 20 so
630 873 55 31 flat
706 884 34 19 or
763 884 32 19 so
814 873 68 37 low,
899 884 32 19 so

110 932 129 41 prosaic,
262 944 33 19 or
314 944 32 19 so
369 934 87 38 hard,
477 945 33 19 or
533 945 32 19 so
588 945 128 26 narrow,
735 934 70 30 who
827 934 26 29 is
875 937 55 26 not

111 994 176 41 gladdened
313 994 43 41 by
378 995 54 30 the
458 995 94 30 touch
583 995 34 30 of
643 995 53 30 the
721 994 207 41 inexplicable.

113 1055 30 31 It
158 1055 26 30 is
200 1067 18 18 a
232 1055 83 30 fresh
330 1055 92 41 proof
438 1055 34 31 of
483 1056 54 30 the
552 1061 140 36 mystery
707 1055 34 31 of
760 1066 55 19 our
830 1055 100 41 being,

112 1116 63 32 and
197 1116 140 31 whether
360 1128 46 19 we
429 1128 88 20 avow
537 1117 26 31 it
583 1128 34 20 or
637 1122 63 32 not,
717 1127 46 20 we
783 1116 41 31 all
844 1116 34 31 of
897 1127 34 20 us

111 1178 111 42 rejoice
243 1178 33 30 in
291 1178 158 31 whatever
463 1178 48 31 for
533 1189 77 20 even
626 1188 56 21 one
698 1177 111 31 second
827 1177 104 30 makes

111 1252 37 18 us
164 1240 112 30 dream.

156 1302 101 30 Henri
272 1301 140 41 Dupont,
428 1300 84 41 plain
528 1301 110 42 sailing
655 1301 62 31 and
732 1300 146 42 practical
901 1310 31 21 as

111 1365 39 30 he
166 1374 73 27 was,
256 1362 73 31 held
344 1366 33 26 to
393 1372 63 31 any
470 1361 80 31 little
566 1361 47 31 bit
628 1362 34 30 of
673 1362 53 30 the
742 1360 190 42 unexpected

112 1436 33 20 as
161 1436 46 20 we
224 1424 41 31 all
282 1424 39 30 do
335 1436 8 24 ;
365 1423 107 41 prized
486 1423 25 30 it
527 1422 235 42 unconsciously
776 1422 47 30 far
838 1421 94 31 above

111 1499 63 30 any
189 1485 233 32 well-deserved
437 1484 223 42 long-foreseen
674 1484 103 36 result,
795 1483 61 31 and
871 1493 61 20 was

112 1548 208 32 inconsolable
345 1552 32 26 at
406 1547 42 30 its
478 1546 68 31 loss.
594 1546 31 31 It
647 1557 62 19 was
738 1544 117 40 utterly
876 1544 56 31 im-
