1132 1747
874 117 52 26 301

297 120 84 22 LOVE
407 122 123 21 STRONG
553 124 36 19 IN
611 124 114 19 DEATH.

103 195 77 31 Avith
208 207 18 19 a
252 198 201 42 magnificent
479 200 164 38 luncheon,
669 201 62 30 and
754 201 125 30 whence
903 201 26 30 it

103 268 63 20 was
189 258 152 43 perfectly
363 261 133 40 possible
519 266 32 26 to
575 273 48 19 see
640 262 54 31 the
716 273 91 26 races,
826 262 103 31 which

103 329 81 21 were
198 319 55 32 the
269 321 84 31 chief
365 323 165 30 attraction
546 323 34 30 of
592 323 48 30 all.

147 379 110 40 Claire,
274 383 78 30 Avith
368 383 55 31 her
436 384 91 31 usual
548 384 157 38 kindness,
720 395 78 31 gave
818 384 115 30 herself

103 453 44 31 up
162 448 34 26 to
207 444 54 30 the
273 445 71 30 task
359 445 34 31 of
406 446 143 42 amusing
563 446 55 31 her
633 446 146 31 southern
793 445 135 38 relative,

103 509 34 26 to
152 505 105 31 whom
273 506 40 30 all
329 506 96 32 about
440 507 66 30 him
521 518 63 19 was
605 511 130 38 strange.
782 506 60 32 She
857 506 73 31 took

103 566 67 31 him
196 567 81 31 from
302 568 71 31 stall
398 573 33 26 to
458 568 80 37 stall,
560 568 96 31 above
680 568 41 31 all
744 579 113 31 among
878 568 53 31 the

103 627 188 42 vegetables,
313 629 141 42 shoAving
484 629 66 30 him
573 629 170 41 pumpkins
766 640 33 20 as
821 628 55 42 big
898 640 33 20 as

103 688 176 32 Memnon's
301 690 89 37 head,
407 694 115 27 carrots
543 690 62 31 and
627 690 167 31 beet-roots
826 690 33 31 of
877 690 54 31 the

105 750 61 31 size
186 750 34 31 of
240 762 18 19 a
280 751 113 41 giant's
413 751 100 41 thigh,
530 756 175 25 monstrous
726 751 126 37 melons,
870 752 62 30 and

104 811 131 42 peaches
252 823 180 30 OA7ergrown
444 825 7 23 ;
518 811 54 31 All
587 816 96 26 Avater
698 812 61 30 and
777 823 40 19 no
833 823 59 19 sun
903 814 6 28 !

105 884 33 20 as
153 873 40 31 he
209 873 149 30 observed
371 873 276 41 contemptuously,
659 873 156 41 reverting
830 877 33 26 to
878 873 53 30 the

106 936 100 37 small,
230 947 143 29 saAroury,
398 935 217 31 heat-cracked
640 935 76 30 fruit
737 935 34 30 of
792 934 47 31 his
862 946 69 20 OAvn

105 997 119 41 baking
241 996 111 42 south.)

149 1059 89 32 Then
264 1059 54 31 she
344 1058 74 32 took
442 1058 66 30 him
531 1063 32 25 to
587 1069 48 19 see
658 1058 52 29 the
730 1057 201 37 Percherons,

106 1120 64 32 and
185 1120 53 31 the
258 1121 80 41 pigs,
355 1119 63 31 and
432 1119 53 31 the
500 1118 166 31 live-stock
688 1118 166 42 generally,
870 1118 61 31 and

106 1183 92 31 Avhen
219 1182 53 30 she
298 1181 64 31 had
386 1181 79 31 done
487 1180 56 31 her
565 1179 79 41 duty
659 1179 195 41 thoroughly,
870 1179 61 31 and

106 1245 108 30 shoAvn
240 1243 66 30 him
329 1242 109 41 nearly
464 1240 191 42 everything,
683 1240 52 30 she
758 1240 97 30 found
879 1240 52 30 she

107 1317 63 20 was
191 1304 162 42 separated
368 1304 79 30 from
468 1302 43 32 all
533 1302 56 31 her
611 1306 101 36 party,
735 1300 62 31 and
820 1312 39 19 on
879 1300 52 31 the

107 1378 108 30 AATong
231 1367 65 31 side
313 1366 34 30 of
359 1365 53 31 the
428 1364 81 30 field.

150 1428 75 33 This
241 1439 64 19 was
329 1426 100 31 called
451 1436 33 19 so
504 1424 44 42 by
561 1423 54 31 the
631 1422 107 42 people
763 1422 33 30 of
812 1422 121 31 Claire's

108 1495 57 33 set,
182 1489 117 42 simply
313 1489 130 30 because
466 1487 25 30 it
506 1497 63 19 was
589 1484 215 42 appropriated
826 1488 32 27 to
880 1484 52 31 the

109 1553 166 31 sio-htseers
300 1550 34 32 of
360 1550 53 31 the
439 1547 110 32 official
575 1546 105 31 world.
737 1545 64 32 The
826 1545 107 43 Mayor
