1132 1747
872 107 51 25 201

350 110 110 22 BELOW
483 112 64 20 THE
569 112 102 20 MARK.

100 183 34 31 in
157 189 81 28 turn.
318 187 49 42 By
387 188 53 31 the
466 188 83 31 Lord
564 191 5 28 !
592 189 59 31 but
674 189 69 30 that
768 189 55 30 has
846 189 77 30 been

101 247 71 30 well
187 248 114 43 played
313 251 6 29 !
370 251 62 30 and
455 251 96 41 dusty
566 252 62 30 and
642 251 234 31 traArel-stained
891 263 32 19 as

101 307 39 31 he
156 319 72 28 was,
245 310 39 31 he
299 311 44 31 let
365 311 126 31 himself
510 313 76 41 drop
609 313 66 30 into
699 324 40 19 an
762 313 162 30 arm-chair

102 371 131 30 covered
247 372 78 30 with
351 373 247 31 delicate-tinted
620 374 53 30 old
694 378 146 37 tapestry,
862 374 61 30 and

102 430 152 43 indulged
268 433 33 30 in
317 445 18 19 a
350 434 81 41 good
445 435 110 40 hearty
569 435 95 41 laugh
674 434 34 30 of
721 435 202 41 self-gratula-

102 492 75 31 tion.
214 494 54 30 All
282 495 143 30 watched
439 495 65 30 him
517 495 124 42 eagerly
658 495 122 42 (except
796 495 126 38 Olivier,

103 553 69 31 Avho
188 566 64 19 was
267 556 171 42 seemingly
453 556 179 42 half-asleep
648 568 84 30 upon
748 568 18 19 a
780 557 143 42 rocking-

102 614 108 41 chair),
250 616 62 30 and
349 628 41 18 on
427 617 123 31 Claire's
580 622 94 26 sweet
712 622 209 26 countenance

100 675 143 42 laughter
267 677 123 30 seemed
416 677 76 41 only
515 678 131 40 waiting
668 677 46 31 for
738 689 18 19 a
778 678 85 30 Avord
889 682 34 26 to

100 736 94 31 break
205 737 83 31 forth
304 738 33 30 in
352 738 52 30 the
418 738 218 31 effervescence
647 738 34 31 of
693 739 41 30 its
749 738 170 42 brilliancy.

127 799 72 37 Yes,
216 799 77 41 they
308 810 50 20 are
379 799 272 31 out-manœuvred
666 799 63 31 this
876 810 46 20 re-

99 860 200 31 commenced
337 860 138 41 Dupont,
515 860 90 30 Avhen
641 860 39 31 he
716 860 62 31 had
816 860 106 31 drawn

99 921 116 32 breath.
296 921 63 31 But
375 921 84 31 Avhat
475 921 95 31 tricks
586 921 64 30 wfll
664 921 76 42 they
756 926 55 26 not
824 921 38 31 be
878 932 43 30 up

99 988 34 26 to
159 987 178 27 to-morrow
348 983 11 31 ?
404 982 139 42 Imagine
566 982 85 30 what
672 982 76 41 they
762 982 61 31 had
844 982 77 31 been

100 1049 33 26 at
145 1045 5 30 !
197 1043 96 31 Three
318 1043 77 41 days
410 1054 57 30 ago
483 1042 15 31 I
514 1042 97 31 found
626 1048 54 25 out
700 1042 68 31 that
787 1043 133 42 through

100 1106 54 30 the
170 1105 98 31 whole
279 1104 187 32 ConibeA-ille
483 1104 121 30 district
606 1123 41 2 —
648 1114 101 31 yours,
762 1103 159 31 Monsieur

100 1167 29 30 le
300 1165 76 42 (and
396 1165 38 31 he
450 1164 109 32 bowed
582 1169 33 27 to
636 1164 44 31 M.
699 1164 38 32 de
753 1164 164 42 ClaATreuil)

101 1246 3 6 ■
104 1248 40 4 —
177 1228 54 31 the
247 1227 152 41 principal
415 1226 127 42 Adllages
564 1226 62 31 had
640 1225 139 32 received
794 1230 54 26 not
863 1237 58 20 one

102 1302 80 30 copy
198 1290 34 30 of
252 1288 140 32 Olivier's
417 1288 137 36 circular,
572 1287 62 31 and
653 1287 53 31 the
729 1286 192 32 inhabitants

100 1351 113 41 hardly
236 1351 93 29 knew
350 1349 70 30 that
442 1360 62 30 any
520 1359 126 20 canvass
668 1348 46 31 for
736 1358 40 20 an
792 1347 128 31 election

101 1424 64 21 wTas
180 1412 97 41 going

177 1473 53 31 Ah
243 1474 6 29 !
288 1473 53 30 the
380 1470 144 31 Corsican
611 1469 154 31 muttered
803 1468 41 32 M.
884 1469 38 30 de

102 1533 162 31 Qavreuil
