<?xml version="1.0" encoding="UTF-8"?>
<alto xmlns:xsi="http://www.w3.org/2001/XMLSchema-instance" xsi:noNamespaceSchemaLocation="http://www.bl.uk/schemas/alto/alto-1-4.xsd" xmlns:xlink="http://www.w3.org/1999/xlink">
	<Description>
		<MeasurementUnit>mm10</MeasurementUnit>
		<sourceImageInformation>
			<fileName>//head1/IN/2007-46/A0010888503.2/009352.jp2</fileName>
		</sourceImageInformation>
		<OCRProcessing ID="OCRPROCESSING_1">
			<preProcessingStep>
				<processingSoftware>
					<softwareCreator>CCS Content Conversion Specialists GmbH, Germany</softwareCreator>
					<softwareName>CCS docWORKS</softwareName>
					<softwareVersion>6.1-0.61</softwareVersion>
				</processingSoftware>
			</preProcessingStep>
			<ocrProcessingStep>
				<processingSoftware>
					<softwareCreator>ABBYY (BIT Software), Russia</softwareCreator>
					<softwareName>Finereader</softwareName>
				</processingSoftware>
			</ocrProcessingStep>
		</OCRProcessing>
	</Description>
	<Styles>
		<TextStyle ID="TXT_0" FONTSIZE="11" FONTFAMILY="Courier New"/>
		<TextStyle ID="TXT_1" FONTSIZE="10" FONTFAMILY="Courier New"/>
		<ParagraphStyle ID="PAR_LEFT" ALIGN="Left"/>
		<ParagraphStyle ID="PAR_RIGHT" ALIGN="Right"/>
	</Styles>
	<Layout>
		<Page ID="P144" PHYSICAL_IMG_NR="144" HEIGHT="1747" WIDTH="1132" PRINTED_IMG_NR="134" POSITION="Left" ACCURACY="71.74">
			<TopMargin ID="P144_TM00001" HPOS="0" VPOS="0" WIDTH="1131" HEIGHT="140">
				<TextBlock ID="P144_TB00001" HPOS="215" VPOS="112" WIDTH="52" HEIGHT="26" STYLEREFS="TXT_0 PAR_LEFT">
					<TextLine ID="P144_TL00001" HPOS="215" VPOS="112" WIDTH="52" HEIGHT="26">
						<String ID="P144_ST00001" HPOS="215" VPOS="112" WIDTH="52" HEIGHT="26" CONTENT="134" WC="1.00" CC="000"/>
					</TextLine>
				</TextBlock>
				<TextBlock ID="P144_TB00002" HPOS="447" VPOS="118" WIDTH="353" HEIGHT="22" STYLEREFS="TXT_1 PAR_RIGHT">
					<TextLine ID="P144_TL00002" HPOS="447" VPOS="119" WIDTH="353" HEIGHT="21">
						<String ID="P144_ST00002" HPOS="447" VPOS="119" WIDTH="82" HEIGHT="21" CONTENT="LOVE" WC="0.58" CC="3066"/>
						<SP ID="P144_SP00001" HPOS="529" VPOS="140" WIDTH="24"/>
						<String ID="P144_ST00003" HPOS="553" VPOS="119" WIDTH="64" HEIGHT="21" CONTENT="THE" WC="0.61" CC="065"/>
						<SP ID="P144_SP00002" HPOS="617" VPOS="140" WIDTH="22"/>
						<String ID="P144_ST00004" HPOS="639" VPOS="119" WIDTH="161" HEIGHT="21" CONTENT="AVENGER." WC="0.55" CC="96506070"/>
					</TextLine>
				</TextBlock>
			</TopMargin>
			<LeftMargin ID="P144_LM00001" HPOS="0" VPOS="139" WIDTH="209" HEIGHT="891"/>
			<RightMargin ID="P144_RM00001" HPOS="1043" VPOS="139" WIDTH="88" HEIGHT="891"/>
			<BottomMargin ID="P144_BM00001" HPOS="0" VPOS="1030" WIDTH="1131" HEIGHT="716"/>
			<PrintSpace ID="P144_PS00001" HPOS="209" VPOS="139" WIDTH="834" HEIGHT="891">
				<TextBlock ID="P144_TB00003" HPOS="213" VPOS="193" WIDTH="830" HEIGHT="105" STYLEREFS="TXT_1 PAR_LEFT">
					<TextLine ID="P144_TL00003" HPOS="215" VPOS="193" WIDTH="828" HEIGHT="48">
						<String ID="P144_ST00005" HPOS="215" VPOS="198" WIDTH="150" HEIGHT="43" CONTENT="intrigues" WC="0.68" CC="075030605"/>
						<SP ID="P144_SP00003" HPOS="365" VPOS="241" WIDTH="27"/>
						<String ID="P144_ST00006" HPOS="392" VPOS="198" WIDTH="34" HEIGHT="31" CONTENT="of" WC="0.94" CC="01"/>
						<SP ID="P144_SP00004" HPOS="426" VPOS="241" WIDTH="22"/>
						<String ID="P144_ST00007" HPOS="448" VPOS="198" WIDTH="213" HEIGHT="42" CONTENT="sub-prefects," WC="0.75" CC="3501010200771"/>
						<SP ID="P144_SP00005" HPOS="661" VPOS="241" WIDTH="27"/>
						<String ID="P144_ST00008" HPOS="688" VPOS="208" WIDTH="35" HEIGHT="20" CONTENT="or" WC="0.80" CC="30"/>
						<SP ID="P144_SP00006" HPOS="723" VPOS="241" WIDTH="23"/>
						<String ID="P144_ST00009" HPOS="746" VPOS="208" WIDTH="64" HEIGHT="30" CONTENT="any" WC="1.00" CC="000"/>
						<SP ID="P144_SP00007" HPOS="810" VPOS="241" WIDTH="15"/>
						<String ID="P144_ST00010" HPOS="825" VPOS="193" WIDTH="218" HEIGHT="34" CONTENT="subordinates" WC="0.75" CC="560300140106"/>
					</TextLine>
					<TextLine ID="P144_TL00004" HPOS="213" VPOS="258" WIDTH="643" HEIGHT="40">
						<String ID="P144_ST00011" HPOS="213" VPOS="259" WIDTH="165" HEIGHT="38" CONTENT="whatever," WC="0.71" CC="070006054"/>
						<SP ID="P144_SP00008" HPOS="378" VPOS="297" WIDTH="17"/>
						<String ID="P144_ST00012" HPOS="395" VPOS="270" WIDTH="80" HEIGHT="21" CONTENT="were" WC="0.85" CC="0050"/>
						<SP ID="P144_SP00009" HPOS="475" VPOS="297" WIDTH="15"/>
						<String ID="P144_ST00013" HPOS="490" VPOS="263" WIDTH="33" HEIGHT="27" CONTENT="to" WC="0.74" CC="50"/>
						<SP ID="P144_SP00010" HPOS="523" VPOS="297" WIDTH="16"/>
						<String ID="P144_ST00014" HPOS="539" VPOS="259" WIDTH="38" HEIGHT="31" CONTENT="be" WC="0.64" CC="70"/>
						<SP ID="P144_SP00011" HPOS="577" VPOS="297" WIDTH="15"/>
						<String ID="P144_ST00015" HPOS="592" VPOS="258" WIDTH="156" HEIGHT="40" CONTENT="trampled" WC="0.73" CC="60000418"/>
						<SP ID="P144_SP00012" HPOS="748" VPOS="298" WIDTH="16"/>
						<String ID="P144_ST00016" HPOS="764" VPOS="268" WIDTH="92" HEIGHT="30" CONTENT="upon." WC="0.72" CC="60070"/>
					</TextLine>
				</TextBlock>
				<TextBlock ID="P144_TB00004" HPOS="209" VPOS="316" WIDTH="834" HEIGHT="600" STYLEREFS="TXT_1 PAR_LEFT">
					<TextLine ID="P144_TL00005" HPOS="256" VPOS="317" WIDTH="784" HEIGHT="45">
						<String ID="P144_ST00017" HPOS="256" VPOS="321" WIDTH="65" HEIGHT="31" CONTENT="The" WC="0.75" CC="070"/>
						<SP ID="P144_SP00013" HPOS="321" VPOS="352" WIDTH="17"/>
						<String ID="P144_ST00018" HPOS="338" VPOS="332" WIDTH="72" HEIGHT="19" CONTENT="cure" WC="0.87" CC="0500"/>
						<SP ID="P144_SP00014" HPOS="410" VPOS="352" WIDTH="16"/>
						<String ID="P144_ST00019" HPOS="426" VPOS="321" WIDTH="34" HEIGHT="30" CONTENT="of" WC="0.85" CC="02"/>
						<SP ID="P144_SP00015" HPOS="460" VPOS="352" WIDTH="13"/>
						<String ID="P144_ST00020" HPOS="473" VPOS="320" WIDTH="157" HEIGHT="42" CONTENT="Belespoir" WC="0.86" CC="605000000"/>
						<SP ID="P144_SP00016" HPOS="630" VPOS="362" WIDTH="16"/>
						<String ID="P144_ST00021" HPOS="646" VPOS="319" WIDTH="182" HEIGHT="42" CONTENT="triumphed" WC="0.65" CC="654700700"/>
						<SP ID="P144_SP00017" HPOS="828" VPOS="362" WIDTH="16"/>
						<String ID="P144_ST00022" HPOS="844" VPOS="317" WIDTH="196" HEIGHT="43" CONTENT="completely." WC="0.85" CC="00501070001"/>
					</TextLine>
					<TextLine ID="P144_TL00006" HPOS="214" VPOS="380" WIDTH="829" HEIGHT="43">
						<String ID="P144_ST00023" HPOS="214" VPOS="383" WIDTH="49" HEIGHT="30" CONTENT="He" WC="0.75" CC="50"/>
						<SP ID="P144_SP00018" HPOS="263" VPOS="413" WIDTH="15"/>
						<String ID="P144_ST00024" HPOS="278" VPOS="382" WIDTH="126" HEIGHT="31" CONTENT="secured" WC="0.71" CC="4007600"/>
						<SP ID="P144_SP00019" HPOS="404" VPOS="413" WIDTH="17"/>
						<String ID="P144_ST00025" HPOS="421" VPOS="382" WIDTH="48" HEIGHT="30" CONTENT="his" WC="0.46" CC="725"/>
						<SP ID="P144_SP00020" HPOS="469" VPOS="413" WIDTH="16"/>
						<String ID="P144_ST00026" HPOS="485" VPOS="382" WIDTH="175" HEIGHT="37" CONTENT="candidate," WC="0.84" CC="0060100403"/>
						<SP ID="P144_SP00021" HPOS="660" VPOS="419" WIDTH="18"/>
						<String ID="P144_ST00027" HPOS="678" VPOS="381" WIDTH="63" HEIGHT="31" CONTENT="and" WC="0.80" CC="060"/>
						<SP ID="P144_SP00022" HPOS="741" VPOS="419" WIDTH="19"/>
						<String ID="P144_ST00028" HPOS="760" VPOS="380" WIDTH="55" HEIGHT="32" CONTENT="the" WC="0.89" CC="300"/>
						<SP ID="P144_SP00023" HPOS="815" VPOS="419" WIDTH="20"/>
						<String ID="P144_ST00029" HPOS="835" VPOS="384" WIDTH="208" HEIGHT="39" CONTENT="government" WC="0.70" CC="0260070066"/>
					</TextLine>
					<TextLine ID="P144_TL00007" HPOS="212" VPOS="443" WIDTH="830" HEIGHT="43">
						<String ID="P144_ST00030" HPOS="212" VPOS="448" WIDTH="130" HEIGHT="37" CONTENT="support" WC="0.67" CC="0600248"/>
						<String ID="P144_ST00031" HPOS="353" VPOS="456" WIDTH="7" HEIGHT="24" CONTENT=";" WC="0.74" CC="2"/>
						<SP ID="P144_SP00024" HPOS="360" VPOS="485" WIDTH="33"/>
						<String ID="P144_ST00032" HPOS="393" VPOS="444" WIDTH="62" HEIGHT="30" CONTENT="and" WC="0.23" CC="669"/>
						<SP ID="P144_SP00025" HPOS="455" VPOS="485" WIDTH="30"/>
						<String ID="P144_ST00033" HPOS="485" VPOS="444" WIDTH="55" HEIGHT="31" CONTENT="the" WC="0.55" CC="570"/>
						<SP ID="P144_SP00026" HPOS="540" VPOS="485" WIDTH="31"/>
						<String ID="P144_ST00034" HPOS="571" VPOS="455" WIDTH="86" HEIGHT="20" CONTENT="news" WC="0.71" CC="5006"/>
						<SP ID="P144_SP00027" HPOS="657" VPOS="485" WIDTH="29"/>
						<String ID="P144_ST00035" HPOS="686" VPOS="444" WIDTH="138" HEIGHT="42" CONTENT="brought" WC="0.49" CC="7326078"/>
						<SP ID="P144_SP00028" HPOS="824" VPOS="486" WIDTH="29"/>
						<String ID="P144_ST00036" HPOS="853" VPOS="443" WIDTH="43" HEIGHT="42" CONTENT="by" WC="0.76" CC="40"/>
						<SP ID="P144_SP00029" HPOS="896" VPOS="486" WIDTH="31"/>
						<String ID="P144_ST00037" HPOS="927" VPOS="443" WIDTH="42" HEIGHT="31" CONTENT="M." WC="1.00" CC="00"/>
						<SP ID="P144_SP00030" HPOS="969" VPOS="486" WIDTH="36"/>
						<String ID="P144_ST00038" HPOS="1005" VPOS="443" WIDTH="37" HEIGHT="30" CONTENT="de" WC="1.00" CC="00"/>
					</TextLine>
					<TextLine ID="P144_TL00008" HPOS="211" VPOS="505" WIDTH="832" HEIGHT="43">
						<String ID="P144_ST00039" HPOS="211" VPOS="506" WIDTH="165" HEIGHT="42" CONTENT="Moranges" WC="0.69" CC="02007706"/>
						<SP ID="P144_SP00031" HPOS="376" VPOS="548" WIDTH="15"/>
						<String ID="P144_ST00040" HPOS="391" VPOS="517" WIDTH="63" HEIGHT="20" CONTENT="was" WC="0.78" CC="006"/>
						<SP ID="P144_SP00032" HPOS="454" VPOS="548" WIDTH="15"/>
						<String ID="P144_ST00041" HPOS="469" VPOS="517" WIDTH="78" HEIGHT="30" CONTENT="very" WC="0.75" CC="6030"/>
						<SP ID="P144_SP00033" HPOS="547" VPOS="548" WIDTH="14"/>
						<String ID="P144_ST00042" HPOS="561" VPOS="517" WIDTH="75" HEIGHT="20" CONTENT="near" WC="0.71" CC="7004"/>
						<SP ID="P144_SP00034" HPOS="636" VPOS="548" WIDTH="22"/>
						<String ID="P144_ST00043" HPOS="658" VPOS="506" WIDTH="94" HEIGHT="42" CONTENT="being" WC="0.74" CC="50070"/>
						<SP ID="P144_SP00035" HPOS="752" VPOS="548" WIDTH="20"/>
						<String ID="P144_ST00044" HPOS="772" VPOS="506" WIDTH="55" HEIGHT="30" CONTENT="the" WC="0.60" CC="470"/>
						<SP ID="P144_SP00036" HPOS="827" VPOS="548" WIDTH="24"/>
						<String ID="P144_ST00045" HPOS="851" VPOS="506" WIDTH="89" HEIGHT="30" CONTENT="truth" WC="0.59" CC="00757"/>
						<SP ID="P144_SP00037" HPOS="940" VPOS="548" WIDTH="13"/>
						<String ID="P144_ST00046" HPOS="953" VPOS="517" WIDTH="8" HEIGHT="25" CONTENT=";" WC="0.59" CC="4"/>
						<SP ID="P144_SP00038" HPOS="961" VPOS="548" WIDTH="24"/>
						<String ID="P144_ST00047" HPOS="985" VPOS="505" WIDTH="58" HEIGHT="31" CONTENT="but" WC="0.27" CC="777"/>
					</TextLine>
					<TextLine ID="P144_TL00009" HPOS="211" VPOS="567" WIDTH="832" HEIGHT="42">
						<String ID="P144_ST00048" HPOS="211" VPOS="567" WIDTH="52" HEIGHT="32" CONTENT="the" WC="0.50" CC="770"/>
						<SP ID="P144_SP00039" HPOS="263" VPOS="599" WIDTH="23"/>
						<String ID="P144_ST00049" HPOS="286" VPOS="569" WIDTH="71" HEIGHT="30" CONTENT="curd" WC="0.40" CC="0769"/>
						<SP ID="P144_SP00040" HPOS="357" VPOS="599" WIDTH="25"/>
						<String ID="P144_ST00050" HPOS="382" VPOS="567" WIDTH="35" HEIGHT="31" CONTENT="of" WC="0.91" CC="01"/>
						<SP ID="P144_SP00041" HPOS="417" VPOS="599" WIDTH="23"/>
						<String ID="P144_ST00051" HPOS="440" VPOS="567" WIDTH="157" HEIGHT="42" CONTENT="Belespoir" WC="0.79" CC="603010024"/>
						<SP ID="P144_SP00042" HPOS="597" VPOS="609" WIDTH="26"/>
						<String ID="P144_ST00052" HPOS="623" VPOS="567" WIDTH="63" HEIGHT="32" CONTENT="had" WC="0.75" CC="700"/>
						<SP ID="P144_SP00043" HPOS="686" VPOS="609" WIDTH="25"/>
						<String ID="P144_ST00053" HPOS="711" VPOS="567" WIDTH="187" HEIGHT="32" CONTENT="overlooked" WC="0.73" CC="3403042007"/>
						<SP ID="P144_SP00044" HPOS="898" VPOS="609" WIDTH="25"/>
						<String ID="P144_ST00054" HPOS="923" VPOS="578" WIDTH="58" HEIGHT="20" CONTENT="one" WC="0.72" CC="160"/>
						<SP ID="P144_SP00045" HPOS="981" VPOS="609" WIDTH="28"/>
						<String ID="P144_ST00055" HPOS="1009" VPOS="578" WIDTH="34" HEIGHT="20" CONTENT="or" WC="0.71" CC="05"/>
					</TextLine>
					<TextLine ID="P144_TL00010" HPOS="211" VPOS="629" WIDTH="829" HEIGHT="43">
						<String ID="P144_ST00056" HPOS="211" VPOS="634" WIDTH="63" HEIGHT="26" CONTENT="two" WC="0.66" CC="504"/>
						<SP ID="P144_SP00046" HPOS="274" VPOS="660" WIDTH="25"/>
						<String ID="P144_ST00057" HPOS="299" VPOS="629" WIDTH="171" HEIGHT="42" CONTENT="extremely" WC="0.85" CC="006400020"/>
						<SP ID="P144_SP00047" HPOS="470" VPOS="671" WIDTH="22"/>
						<String ID="P144_ST00058" HPOS="492" VPOS="629" WIDTH="90" HEIGHT="31" CONTENT="small" WC="0.61" CC="50624"/>
						<SP ID="P144_SP00048" HPOS="582" VPOS="671" WIDTH="24"/>
						<String ID="P144_ST00059" HPOS="606" VPOS="630" WIDTH="106" HEIGHT="42" CONTENT="points" WC="0.83" CC="010620"/>
						<SP ID="P144_SP00049" HPOS="712" VPOS="672" WIDTH="23"/>
						<String ID="P144_ST00060" HPOS="735" VPOS="629" WIDTH="36" HEIGHT="31" CONTENT="of" WC="0.93" CC="10"/>
						<SP ID="P144_SP00050" HPOS="771" VPOS="672" WIDTH="21"/>
						<String ID="P144_ST00061" HPOS="792" VPOS="629" WIDTH="106" HEIGHT="38" CONTENT="detail," WC="0.67" CC="9070032"/>
						<SP ID="P144_SP00051" HPOS="898" VPOS="672" WIDTH="21"/>
						<String ID="P144_ST00062" HPOS="919" VPOS="640" WIDTH="33" HEIGHT="20" CONTENT="as" WC="0.73" CC="05"/>
						<SP ID="P144_SP00052" HPOS="952" VPOS="672" WIDTH="24"/>
						<String ID="P144_ST00063" HPOS="976" VPOS="629" WIDTH="64" HEIGHT="31" CONTENT="will" WC="0.44" CC="9362"/>
					</TextLine>
					<TextLine ID="P144_TL00011" HPOS="212" VPOS="690" WIDTH="828" HEIGHT="42">
						<String ID="P144_ST00064" HPOS="212" VPOS="691" WIDTH="176" HEIGHT="30" CONTENT="sometimes" WC="0.76" CC="600050054"/>
						<SP ID="P144_SP00053" HPOS="388" VPOS="721" WIDTH="29"/>
						<String ID="P144_ST00065" HPOS="417" VPOS="690" WIDTH="124" HEIGHT="42" CONTENT="happen" WC="0.78" CC="600006"/>
						<SP ID="P144_SP00054" HPOS="541" VPOS="732" WIDTH="30"/>
						<String ID="P144_ST00066" HPOS="571" VPOS="691" WIDTH="77" HEIGHT="30" CONTENT="with" WC="0.31" CC="9457"/>
						<SP ID="P144_SP00055" HPOS="648" VPOS="732" WIDTH="35"/>
						<String ID="P144_ST00067" HPOS="683" VPOS="691" WIDTH="167" HEIGHT="31" CONTENT="ambitious" WC="0.70" CC="007030276"/>
						<SP ID="P144_SP00056" HPOS="850" VPOS="732" WIDTH="36"/>
						<String ID="P144_ST00068" HPOS="886" VPOS="691" WIDTH="154" HEIGHT="31" CONTENT="schemers" WC="0.64" CC="65700026"/>
					</TextLine>
					<TextLine ID="P144_TL00012" HPOS="211" VPOS="752" WIDTH="829" HEIGHT="42">
						<String ID="P144_ST00069" HPOS="211" VPOS="763" WIDTH="41" HEIGHT="20" CONTENT="on" WC="0.57" CC="35"/>
						<SP ID="P144_SP00057" HPOS="252" VPOS="783" WIDTH="25"/>
						<String ID="P144_ST00070" HPOS="277" VPOS="764" WIDTH="18" HEIGHT="19" CONTENT="a" WC="0.61" CC="3"/>
						<SP ID="P144_SP00058" HPOS="295" VPOS="783" WIDTH="22"/>
						<String ID="P144_ST00071" HPOS="317" VPOS="752" WIDTH="99" HEIGHT="42" CONTENT="grand" WC="0.74" CC="06060"/>
						<SP ID="P144_SP00059" HPOS="416" VPOS="794" WIDTH="16"/>
						<String ID="P144_ST00072" HPOS="432" VPOS="753" WIDTH="80" HEIGHT="30" CONTENT="scale" WC="0.82" CC="62000"/>
						<String ID="P144_ST00073" HPOS="526" VPOS="765" WIDTH="6" HEIGHT="25" CONTENT=";" WC="1.00" CC="0"/>
						<SP ID="P144_SP00060" HPOS="532" VPOS="794" WIDTH="25"/>
						<String ID="P144_ST00074" HPOS="557" VPOS="753" WIDTH="62" HEIGHT="31" CONTENT="and" WC="0.79" CC="060"/>
						<SP ID="P144_SP00061" HPOS="619" VPOS="794" WIDTH="27"/>
						<String ID="P144_ST00075" HPOS="646" VPOS="754" WIDTH="87" HEIGHT="30" CONTENT="these" WC="0.58" CC="57160"/>
						<SP ID="P144_SP00062" HPOS="733" VPOS="794" WIDTH="24"/>
						<String ID="P144_ST00076" HPOS="757" VPOS="754" WIDTH="114" HEIGHT="31" CONTENT="almost" WC="0.71" CC="000457"/>
						<SP ID="P144_SP00063" HPOS="871" VPOS="794" WIDTH="25"/>
						<String ID="P144_ST00077" HPOS="896" VPOS="754" WIDTH="144" HEIGHT="32" CONTENT="invisible" WC="0.67" CC="450540710"/>
					</TextLine>
					<TextLine ID="P144_TL00013" HPOS="211" VPOS="815" WIDTH="829" HEIGHT="44">
						<String ID="P144_ST00078" HPOS="211" VPOS="815" WIDTH="105" HEIGHT="40" CONTENT="points" WC="0.65" CC="001765"/>
						<SP ID="P144_SP00064" HPOS="316" VPOS="855" WIDTH="15"/>
						<String ID="P144_ST00079" HPOS="331" VPOS="815" WIDTH="52" HEIGHT="41" CONTENT="lay" WC="0.83" CC="500"/>
						<SP ID="P144_SP00065" HPOS="383" VPOS="856" WIDTH="16"/>
						<String ID="P144_ST00080" HPOS="399" VPOS="820" WIDTH="32" HEIGHT="26" CONTENT="at" WC="0.65" CC="06"/>
						<SP ID="P144_SP00066" HPOS="431" VPOS="856" WIDTH="17"/>
						<String ID="P144_ST00081" HPOS="448" VPOS="815" WIDTH="54" HEIGHT="31" CONTENT="the" WC="0.74" CC="070"/>
						<SP ID="P144_SP00067" HPOS="502" VPOS="856" WIDTH="18"/>
						<String ID="P144_ST00082" HPOS="520" VPOS="821" WIDTH="69" HEIGHT="26" CONTENT="root" WC="0.90" CC="0004"/>
						<SP ID="P144_SP00068" HPOS="589" VPOS="856" WIDTH="21"/>
						<String ID="P144_ST00083" HPOS="610" VPOS="816" WIDTH="35" HEIGHT="31" CONTENT="of" WC="0.87" CC="02"/>
						<SP ID="P144_SP00069" HPOS="645" VPOS="856" WIDTH="19"/>
						<String ID="P144_ST00084" HPOS="664" VPOS="816" WIDTH="86" HEIGHT="32" CONTENT="Avhat" WC="0.69" CC="00707"/>
						<SP ID="P144_SP00070" HPOS="750" VPOS="856" WIDTH="20"/>
						<String ID="P144_ST00085" HPOS="770" VPOS="828" WIDTH="84" HEIGHT="31" CONTENT="grew" WC="0.72" CC="5500"/>
						<SP ID="P144_SP00071" HPOS="854" VPOS="859" WIDTH="16"/>
						<String ID="P144_ST00086" HPOS="870" VPOS="821" WIDTH="34" HEIGHT="27" CONTENT="to" WC="0.62" CC="70"/>
						<SP ID="P144_SP00072" HPOS="904" VPOS="859" WIDTH="20"/>
						<String ID="P144_ST00087" HPOS="924" VPOS="817" WIDTH="39" HEIGHT="31" CONTENT="be" WC="0.63" CC="70"/>
						<SP ID="P144_SP00073" HPOS="963" VPOS="859" WIDTH="16"/>
						<String ID="P144_ST00088" HPOS="979" VPOS="818" WIDTH="61" HEIGHT="31" CONTENT="dis" SUBS_TYPE="HypPart1" SUBS_CONTENT="disappointment" WC="0.87" CC="0301"/>
						<HYP CONTENT="-"/>
					</TextLine>
					<TextLine ID="P144_TL00014" HPOS="210" VPOS="876" WIDTH="427" HEIGHT="40">
						<String ID="P144_ST00089" HPOS="210" VPOS="876" WIDTH="216" HEIGHT="40" CONTENT="appointment" SUBS_TYPE="HypPart2" SUBS_CONTENT="disappointment" WC="0.76" CC="00011720066"/>
						<SP ID="P144_SP00074" HPOS="426" VPOS="916" WIDTH="16"/>
						<String ID="P144_ST00090" HPOS="442" VPOS="877" WIDTH="62" HEIGHT="31" CONTENT="and" WC="0.48" CC="069"/>
						<SP ID="P144_SP00075" HPOS="504" VPOS="916" WIDTH="16"/>
						<String ID="P144_ST00091" HPOS="520" VPOS="877" WIDTH="117" HEIGHT="32" CONTENT="failure." WC="0.54" CC="39766300"/>
					</TextLine>
				</TextBlock>
				<TextBlock ID="P144_TB00005" HPOS="210" VPOS="937" WIDTH="828" HEIGHT="93" STYLEREFS="TXT_1 PAR_LEFT">
					<TextLine ID="P144_TL00015" HPOS="254" VPOS="937" WIDTH="784" HEIGHT="49">
						<String ID="P144_ST00092" HPOS="254" VPOS="937" WIDTH="96" HEIGHT="32" CONTENT="What" WC="0.70" CC="0704"/>
						<SP ID="P144_SP00076" HPOS="350" VPOS="969" WIDTH="21"/>
						<String ID="P144_ST00093" HPOS="371" VPOS="938" WIDTH="61" HEIGHT="48" CONTENT="the^" WC="0.54" CC="1718"/>
						<SP ID="P144_SP00077" HPOS="432" VPOS="986" WIDTH="16"/>
						<String ID="P144_ST00094" HPOS="448" VPOS="950" WIDTH="72" HEIGHT="20" CONTENT="cure" WC="0.67" CC="0805"/>
						<SP ID="P144_SP00078" HPOS="520" VPOS="986" WIDTH="24"/>
						<String ID="P144_ST00095" HPOS="544" VPOS="940" WIDTH="34" HEIGHT="30" CONTENT="of" WC="0.88" CC="20"/>
						<SP ID="P144_SP00079" HPOS="578" VPOS="986" WIDTH="20"/>
						<String ID="P144_ST00096" HPOS="598" VPOS="940" WIDTH="159" HEIGHT="42" CONTENT="Belespoir" WC="0.82" CC="700020024"/>
						<SP ID="P144_SP00080" HPOS="757" VPOS="986" WIDTH="16"/>
						<String ID="P144_ST00097" HPOS="773" VPOS="941" WIDTH="63" HEIGHT="31" CONTENT="had" WC="0.75" CC="700"/>
						<SP ID="P144_SP00081" HPOS="836" VPOS="986" WIDTH="16"/>
						<String ID="P144_ST00098" HPOS="852" VPOS="942" WIDTH="186" HEIGHT="31" CONTENT="overlooked" WC="0.81" CC="0602000009"/>
					</TextLine>
					<TextLine ID="P144_TL00016" HPOS="211" VPOS="999" WIDTH="303" HEIGHT="31">
						<String ID="P144_ST00099" HPOS="211" VPOS="1010" WIDTH="45" HEIGHT="20" CONTENT="we" WC="0.96" CC="00"/>
						<SP ID="P144_SP00082" HPOS="256" VPOS="1030" WIDTH="16"/>
						<String ID="P144_ST00100" HPOS="272" VPOS="999" WIDTH="78" HEIGHT="31" CONTENT="shall" WC="0.77" CC="37000"/>
						<SP ID="P144_SP00083" HPOS="350" VPOS="1030" WIDTH="15"/>
						<String ID="P144_ST00101" HPOS="365" VPOS="1011" WIDTH="50" HEIGHT="19" CONTENT="see" WC="0.79" CC="600"/>
						<SP ID="P144_SP00084" HPOS="415" VPOS="1030" WIDTH="15"/>
						<String ID="P144_ST00102" HPOS="430" VPOS="1001" WIDTH="84" HEIGHT="29" CONTENT="later." WC="0.77" CC="304050"/>
					</TextLine>
				</TextBlock>
			</PrintSpace>
		</Page>
	</Layout>
</alto>
