1132 1747
209 98 14 24 2

439 105 82 19 LOVE
545 103 64 21 THE
631 99 164 24 AVENGER.

206 181 77 32 after
306 182 69 32 nine
399 182 61 31 had
478 181 66 42 just
570 177 113 41 struck,
711 175 60 32 and
795 183 64 22 was
885 167 147 45 repeated

206 243 76 32 from
306 243 52 32 the
383 243 116 33 several
525 240 112 34 church
662 238 102 33 clocks
789 237 30 30 in
844 234 55 31 the
924 231 108 43 neigh-

206 304 165 33 bourhood.
407 304 102 32 When
525 315 18 19 a
559 303 72 40 long
649 305 81 35 note,
754 296 138 34 sounded
916 295 42 42 by
978 293 53 33 the

206 366 212 42 house-porter
433 377 82 31 upon
530 365 52 31 the
598 363 119 39 timbre,
735 359 133 33 reached
885 357 145 32 Madame

206 429 37 31 de
266 428 207 32 Beauvoisin's
497 438 74 29 ears,
590 426 53 32 she
660 437 63 20 was
744 427 55 28 not
817 420 117 34 certain
950 419 78 41 that,

206 490 116 31 instead
355 490 32 31 of
412 488 194 42 announcing
632 499 19 20 a
678 486 114 39 visitor,
824 484 23 32 it
879 494 64 21 was
973 486 57 28 not

205 551 113 41 merely
338 551 51 32 the
409 550 81 32 third
513 549 102 33 stroke
640 548 34 32 of
692 547 53 33 the
768 547 60 31 last
852 549 124 38 quarter
999 543 33 33 of

203 611 53 32 the
286 611 84 33 hour.
432 612 61 31 For
524 611 82 31 what
637 609 106 32 visitor
775 620 63 20 Avas
869 607 94 42 likely
994 611 33 28 to

203 674 108 30 come?
341 673 58 31 and
423 677 33 27 at
481 672 39 31 all
545 675 110 28 events
675 682 81 20 none
780 669 103 33 would
908 669 119 32 disturb

202 733 63 40 her,
297 733 45 32 for
372 733 53 32 she
454 733 61 32 had
544 733 92 41 given
668 732 103 31 orders
802 736 31 27 to
864 730 82 32 close
971 729 54 33 the

202 794 97 40 doors,
326 795 58 31 and
411 807 54 29 say
492 794 53 32 she
570 794 51 31 did
647 798 55 27 not
725 793 130 32 receive.
913 793 64 31 But
1001 792 24 32 it

201 867 62 20 was
288 867 17 20 a
329 856 104 31 visitor
457 856 217 39 nevertheless,
698 855 46 31 for
766 867 19 20 a
808 855 133 41 footstep
958 866 65 20 was

200 916 119 31 audible
336 928 81 30 upon
433 916 52 32 the
502 916 86 32 small
609 917 144 32 staircase
772 916 124 42 leading
912 921 33 27 to
960 916 63 32 this

200 989 92 28 room,
317 978 60 31 and
393 989 17 20 a
425 978 134 32 footman
583 978 162 42 presented
768 978 127 33 himself
914 983 32 28 at
969 978 53 33 the

204 1037 79 40 door,
303 1038 113 39 saying,
420 1058 42 3 —

276 1098 140 32 Madame
447 1099 29 31 la
506 1100 164 42 Marquise,
699 1100 22 32 it
752 1101 25 31 is
808 1102 158 31 Monsieur
993 1102 28 32 le

200 1158 138 33 Vicomte
354 1160 35 31 de
405 1160 149 39 Lancour,
571 1160 69 33 who

273 1220 54 31 It's
350 1220 71 41 only
444 1221 23 39 I,
649 1223 99 32 added
764 1236 18 20 a
797 1226 100 31 man's
921 1226 98 41 voice,

198 1280 59 31 and
279 1281 124 41 passing
426 1282 121 42 quickly
562 1283 102 34 before
684 1285 54 33 the
760 1293 134 35 servant,
912 1288 107 33 Victor

197 1341 157 33 advanced
376 1342 63 33 into
461 1344 53 32 the
537 1357 94 29 room,
656 1348 69 40 and,
751 1349 129 43 holding
899 1356 55 28 out
969 1352 50 33 his

195 1402 98 32 hands
307 1407 32 27 to
354 1403 47 32 his
417 1405 111 41 cousin,
548 1407 105 41 added,
704 1410 15 31 I
742 1410 79 33 have
838 1424 19 20 a
874 1424 144 31 message

196 1463 76 31 from
294 1463 113 33 Olivier
418 1478 7 28 ;
449 1465 34 32 of
501 1478 105 22 course
626 1481 61 30 you
703 1472 149 33 wouldn't
868 1474 101 33 refuse
986 1480 33 27 to

194 1524 42 33 let
248 1536 47 21 me
308 1525 30 32 in
340 1545 43 4 —
383 1526 128 43 besides,
524 1529 15 31 I
551 1532 94 31 won't
656 1531 79 42 keep
747 1546 61 27 you
821 1547 19 19 a
