1132 1747
508 119 205 20 CANDIDATES.

847 113 53 25 133

86 192 64 32 Out
168 193 34 31 of
225 194 53 31 the
304 195 150 41 temporal
481 207 102 29 power
603 196 34 30 of
657 195 52 31 the
730 195 92 41 Pope,
840 196 61 30 and

85 258 54 31 the
158 258 172 43 subjection
349 260 35 31 of
400 271 93 31 every
508 261 87 31 other
613 271 102 31 power
734 261 32 30 in
786 260 115 32 France

86 325 32 26 to
144 321 53 31 the
215 321 198 42 jurisdiction
438 323 34 30 of
495 323 134 41 bishops,
645 323 76 40 they
741 323 89 30 cared
856 322 46 30 for

87 382 141 42 nothing.
276 383 86 41 They
377 395 78 19 were
471 385 201 29 instruments
687 384 32 29 in
736 383 53 30 the
804 383 98 30 hands

88 443 34 31 of
137 455 63 30 any
214 445 136 30 member
370 445 34 29 of
421 445 53 30 the
496 445 102 41 clergy
614 445 68 30 who
704 444 110 31 should
829 444 73 30 take

86 505 54 29 the
151 506 121 29 trouble
283 510 33 25 to
332 506 74 39 play
421 517 83 28 upon
519 506 93 30 them.

130 566 96 30 There
241 577 63 19 was
323 568 32 28 in
374 567 81 29 their
473 578 74 18 near
564 566 250 41 neighbourhood
835 566 65 40 just

88 627 74 29 such
190 639 18 18 a
238 627 135 30 member
403 627 35 30 of
463 628 53 29 the
543 628 103 40 clergy
672 638 32 19 as
733 627 70 30 this.
851 626 49 31 No

84 698 108 20 sooner
206 688 64 30 had
284 688 54 30 the
354 699 84 19 neAvs
454 689 122 29 arrived
592 688 33 30 of
638 688 42 30 M.
700 687 200 41 Carpentier's

83 749 113 38 illness,
210 750 77 30 than
302 750 53 30 the
376 761 70 19 cure
466 750 33 30 of
515 750 156 41 Belespoir
686 750 61 30 had
763 750 137 30 resolved

84 822 39 19 on
157 811 163 41 becoming
359 811 160 41 coadjutor
553 811 34 30 of
624 811 165 41 Chantilly.
851 810 49 30 No

84 882 108 20 sooner
216 882 63 19 Avas
302 871 53 30 the
380 871 109 30 breath
514 871 92 40 fairly
632 875 54 26 out
712 871 34 29 of
764 870 43 30 M.
831 870 69 30 Car-

82 932 145 41 pentier's
250 932 93 41 body,
370 932 78 30 than
471 932 42 30 all
542 932 48 30 his
617 932 158 41 attacking
804 931 96 31 forces

82 1004 80 19 were
178 993 33 30 in
227 993 52 30 the
294 992 83 38 field,
394 992 57 31 but
466 993 98 30 called
580 1004 41 29 up
638 1004 32 19 so
690 993 125 40 quietly,
831 993 69 30 that

81 1065 42 17 no
140 1065 56 17 one
211 1065 64 17 Avas
291 1065 18 17 a
324 1054 47 28 bit
386 1054 52 28 the
454 1054 94 28 wiser.

125 1114 64 30 The
221 1125 71 20 cure
323 1114 34 30 of
386 1114 156 40 Belespoir
570 1125 63 19 was
677 1114 53 30 the
767 1114 133 40 bishop's

79 1175 132 41 nepheAv
222 1187 8 26 ;
253 1175 63 31 and
338 1175 52 31 the
412 1175 109 40 bishop
541 1186 63 19 was
626 1186 19 19 a
666 1185 101 20 sworn
789 1175 63 40 ally
868 1174 32 30 of

79 1238 55 31 the
163 1237 159 42 Dowager.
374 1236 64 31 But
474 1236 52 31 the
564 1236 89 42 thing
691 1247 62 19 was
791 1241 32 25 to
860 1236 37 30 be

79 1298 153 43 managed
258 1298 85 41 quite
368 1296 175 42 differently
556 1309 7 25 ;
586 1296 52 31 the
663 1296 68 31 Due
757 1296 37 30 de
809 1296 88 30 Vivi-

79 1371 78 20 enne
173 1370 65 20 was
252 1363 33 27 to
304 1358 37 32 be
361 1357 204 32 transformed
580 1358 66 30 into
663 1368 18 20 a
696 1362 201 37 government

79 1420 164 31 candidate
261 1419 68 43 (not
353 1420 85 41 quite
460 1418 147 32 identical
629 1418 77 30 Avith
727 1429 40 18 an
787 1417 110 30 official

79 1481 78 43 one),
174 1482 54 30 the
245 1481 117 42 prefect
385 1491 63 20 was
467 1484 33 28 to
525 1484 128 37 support
678 1479 66 30 him
763 1478 134 41 through

79 1544 87 32 thick
204 1544 63 30 and
303 1543 79 37 thin,
414 1542 62 31 and
513 1542 41 31 all
591 1539 185 41 imaginable
806 1539 92 31 lesser
