1132 1747
384 118 176 20 EVERYDAY
583 119 79 19 LIFE.

884 113 50 25 247

118 192 59 42 sky
192 193 141 39 lowered,
350 195 59 31 but
425 196 98 31 Claire
539 196 135 42 thought
693 197 26 29 it
735 196 40 31 all
791 196 146 30 enchant-

117 254 64 43 ing,
199 256 62 30 and
281 267 94 20 never
391 258 83 30 drew
488 258 67 30 rein
573 258 50 30 till
642 258 52 30 she
710 257 98 30 found
825 256 113 31 herself

117 318 130 41 turning
262 319 67 29 into
344 319 54 30 the
413 319 74 42 long
507 330 118 20 avenue
640 319 124 41 leading
779 330 42 30 up
836 323 33 26 to
885 319 52 29 the

118 378 137 30 chateau.

162 441 104 30 Never
280 441 63 31 had
360 441 52 31 she
432 441 111 31 looked
563 452 33 20 so
615 441 157 31 beautiful.
821 441 48 30 On
885 441 53 30 her

120 501 96 31 cheek
232 512 63 20 Avas
311 513 17 19 a
343 502 112 38 bloom,
472 502 63 30 and
554 503 33 30 in
605 502 55 31 her
678 513 55 30 eye
748 513 64 19 was
826 513 18 19 a
858 502 80 41 light

119 562 79 38 that,
216 563 104 42 lovely
335 575 32 20 as
390 565 53 30 she
464 564 62 31 had
547 565 114 41 always
676 565 87 36 been,
780 565 89 30 made
885 565 53 30 her

120 624 34 30 of
166 635 18 20 a
199 625 113 41 totally
328 625 143 31 different
485 626 116 40 beauty
615 637 78 19 now.

162 686 45 30 As
231 686 108 31 Victor
364 687 112 41 helped
505 687 55 30 her
587 692 53 25 out
671 687 33 30 of
731 686 53 31 her
814 686 104 31 saddle
932 698 5 18 :

258 748 89 37 done,
373 748 81 30 little
654 748 66 29 said
744 748 59 35 he;

118 819 63 28 you
197 809 65 29 ride
278 809 61 30 like
356 820 40 19 an

196 870 58 37 Oh,
268 871 107 30 Victor
387 872 5 28 !
443 871 52 30 she
512 871 177 36 exclaimed,
705 870 157 40 naturally
877 870 61 30 and

117 932 139 40 joyfully
278 943 33 18 as
333 943 17 18 a
373 932 83 30 chfld
469 943 7 25 ;
539 932 69 29 that
634 932 26 29 is
686 931 103 40 riding
801 943 7 24 ;
837 931 43 29 let
902 942 36 18 us

120 993 80 30 have
223 993 129 30 another
374 993 65 30 ride
462 993 63 30 like
550 993 70 30 that
867 992 69 37 and,

120 1054 207 31 transformed
357 1054 48 30 for
432 1054 53 30 the
515 1059 138 25 moment
681 1054 44 40 by
750 1054 53 29 the
833 1058 105 36 strong

120 1115 157 32 sensation
293 1114 34 31 of
346 1126 40 19 an
409 1115 145 30 innocent
577 1114 130 31 childish
722 1114 146 41 pleasure,
886 1114 51 30 she

119 1176 114 31 looked
257 1181 32 24 at
313 1175 66 30 him
403 1186 33 19 as
462 1175 53 30 she
539 1175 103 30 would
667 1175 78 30 haA'e
771 1175 111 30 looked
907 1179 31 25 at

121 1237 101 31 Henri
246 1236 138 41 Dupont,
411 1247 33 19 or
470 1247 61 30 any
552 1247 57 19 one
634 1236 240 40 comparatively
891 1236 46 28 in-

119 1298 146 32 different
278 1302 33 26 to
328 1297 61 37 her,
402 1297 62 30 and
473 1308 62 19 Avas
547 1297 32 29 in
594 1296 63 31 fact
672 1296 147 31 absorbed
834 1296 42 40 by
885 1296 52 30 the

119 1360 190 40 thoroughly
323 1370 70 19 new
405 1358 55 41 joy
475 1358 70 30 that
560 1358 53 30 she
628 1357 62 31 had
702 1357 66 42 just
782 1357 109 30 tasted.

196 1422 62 31 Get
274 1432 89 30 aAvay
378 1431 33 20 as
427 1419 61 31 fast
504 1430 32 20 as
554 1430 62 30 you
740 1418 96 42 urged
858 1418 78 30 Lan-

119 1496 74 21 cour
204 1496 7 25 ;
269 1483 62 30 and
348 1482 117 41 change
482 1492 78 30 your
580 1481 115 30 clothes
710 1481 79 30 from
804 1480 79 31 head
905 1485 31 26 to

118 1546 66 31 foot
185 1564 43 3 —
228 1544 105 40 you're
350 1542 154 31 drenched
519 1546 32 27 to
566 1542 53 30 the
