1132 1747
884 116 49 26 251

434 122 63 21 THE
520 123 86 20 BALL.

112 202 62 27 test
185 199 54 30 the
251 210 103 30 power
369 200 33 30 of
414 200 93 42 being
519 201 110 30 within
643 200 63 38 her,
721 200 62 30 and
794 204 32 26 to
842 211 94 29 prove

114 272 85 29 upon
214 261 115 31 herself
340 261 55 31 her
411 272 70 20 oavu
497 262 140 41 capacity
653 261 33 31 of
698 261 131 41 Aitality.
876 261 60 31 She

115 333 64 19 Avas
204 328 56 25 not
286 322 53 31 the
363 322 69 32 first
456 334 85 30 upon
559 323 102 31 whom
685 323 52 31 the
761 323 122 41 passion
907 322 33 31 of

114 383 104 42 riding
234 383 55 31 has
304 384 100 30 seized
418 384 33 30 in
466 384 76 30 such
558 395 17 19 a
592 384 206 41 conjuncture,
815 388 55 26 not
885 383 52 31 the

114 444 68 31 first
196 449 33 26 to
245 445 104 30 whom
363 445 53 31 the
462 450 124 36 rapture
601 445 34 31 of
647 445 102 42 riding
792 445 55 30 has
861 445 77 31 been

116 517 18 19 a
149 506 113 40 refuge.

162 567 104 41 Every
282 567 63 41 day
358 578 64 20 was
444 567 133 31 devoted
599 567 43 41 by
656 567 53 31 the
731 578 105 31 young
856 567 83 31 Mar-

115 630 86 40 quise
216 634 33 25 to
265 640 19 19 a
298 629 104 41 riding
417 633 100 37 party,
537 628 61 31 and
614 628 15 30 I
645 639 51 20 am
711 639 86 30 sorry
810 633 33 26 to
858 629 79 30 have

113 695 33 25 to
161 689 106 31 record
287 689 70 31 that
377 689 53 31 the
446 689 197 31 minuet-like
663 689 223 41 performances
907 689 33 31 of

113 751 54 30 the
190 751 112 37 Count,
319 751 55 29 her
393 750 108 37 father,
520 762 79 18 were
621 750 169 30 somewhat
811 750 125 30 unduti-

112 814 81 40 fully
208 818 47 26 set
278 813 92 30 aside.
419 812 98 31 Claire
544 812 72 30 rode
638 812 48 30 for
704 812 127 41 riding's
854 812 82 37 sake,

113 875 73 31 rode
211 875 86 37 hard,
323 874 63 30 and
409 874 47 30 for
476 874 53 30 the
553 874 68 30 love
643 874 34 29 of
696 874 52 29 the
769 873 73 30 mad
864 874 72 29 rush

113 936 137 42 through
273 936 53 30 the
352 936 45 30 air
411 948 6 24 ;
450 935 103 30 Avhilst
579 940 32 25 to
635 935 55 30 her
711 934 100 30 father
836 935 103 40 riding-

113 1009 65 19 was
194 1008 40 20 an
255 1001 57 33 art,
327 996 62 30 and
404 996 37 30 he
456 995 154 41 practised
632 996 25 29 it
673 995 156 40 correctly,
846 1006 93 19 never

113 1060 154 41 violating
293 1058 81 30 rules
399 1068 33 20 or
455 1062 146 35 precepts.
649 1056 43 31 M.
720 1056 38 30 de
784 1056 154 30 Clavreuil

114 1122 105 30 Avould
251 1121 63 30 still
345 1129 189 31 accompany
563 1118 47 30 his
641 1117 151 42 daughter
821 1117 33 30 in
884 1117 55 31 her

111 1183 191 36 .excursions,
319 1181 59 30 but
396 1191 33 20 as
453 1180 53 30 she
528 1190 71 20 now
618 1179 114 41 mostly
748 1179 189 30 surrounded

114 1244 115 31 herself
242 1243 77 30 Avith
335 1240 241 43 comparatively
587 1240 190 31 unscientific
793 1240 146 31 caA'aliers

113 1325 45 2 —
158 1316 72 20 men
253 1305 103 29 whose
375 1302 102 31 school
499 1302 62 31 had
582 1302 76 31 been
677 1301 54 31 the
753 1301 131 30 fantasia
908 1301 32 31 of

114 1367 86 32 Arab
229 1366 94 31 chiefs
323 1384 43 2 —
367 1365 52 30 the
447 1364 102 30 Count
572 1374 61 19 was
654 1362 284 41 unceremoniously

113 1429 58 31 left
196 1433 33 26 to
254 1427 48 30 his
321 1426 96 31 haute
442 1424 90 38 ecole,
555 1425 61 29 and
639 1423 159 31 distanced
821 1423 43 41 by
884 1423 52 31 the

113 1490 164 41 irregulars
293 1488 34 31 of
340 1487 126 32 Claire's
481 1486 131 40 cavalry.

157 1552 66 31 The
242 1551 63 39 day
320 1549 79 31 after
418 1548 54 31 the
494 1559 105 30 young
622 1546 181 41 Marquise's
822 1558 112 18 memo-
