1132 1747
187 114 52 25 274

425 120 82 19 LOVE
530 119 65 20 THE
618 116 160 22 AVENGER.

188 197 138 41 nephew,
343 197 71 38 and,
431 197 104 40 biting
558 195 49 31 his
630 194 110 31 nether
762 193 55 40 lip,
843 190 72 37 and,
938 189 81 40 busy

188 270 32 19 as
244 259 27 30 it
294 258 122 31 seemed
442 257 77 30 Avith
543 267 85 20 some
652 254 136 33 internal
814 252 141 43 problem
978 249 40 32 he

188 319 91 30 could
294 323 55 26 not
365 319 93 35 solve,
460 337 44 3 —

435 380 68 30 said
527 380 47 37 he,
630 379 66 30 Avill
718 389 63 31 you
801 377 39 31 do
856 388 50 20 me
923 388 18 19 a
956 386 60 21 ser-

188 442 66 30 Aice
266 442 11 30 ?
323 442 15 30 I
354 442 93 30 think
464 442 14 30 I
495 453 57 19 can
568 446 82 26 trust

232 503 43 31 M.
293 503 38 32 de
347 503 187 32 Beauvoisin
557 502 127 39 started,
706 502 49 31 for
774 502 54 31 the
844 501 88 31 voice
947 500 71 31 that

188 566 165 31 addressed
377 566 66 30 him
467 577 63 19 Avas
554 566 107 30 unlike
688 565 70 31 that
784 565 39 30 he
848 564 93 31 knew
953 575 7 25 ;
993 563 25 30 it

188 639 63 19 Avas
266 628 54 30 the
335 629 87 29 voice
441 628 34 30 of
496 640 18 18 a
534 640 73 18 man
623 628 78 30 Avith
717 639 40 18 an
773 626 157 42 unsteady
945 636 73 32 purr

188 701 82 31 pose,
287 701 33 20 or
337 690 68 31 Avho
421 691 26 30 is
464 702 16 19 a
497 702 77 31 prey
588 695 33 27 to
636 701 85 20 some
739 694 88 38 great
843 689 130 41 anxiety
973 707 45 4 —

188 752 76 31 both
279 763 79 20 were
381 752 107 31 unlike
509 752 49 31 his
578 752 131 31 reckless
733 751 72 31 Don
821 751 85 31 Juan
922 751 34 31 of
977 762 39 20 an

188 813 98 30 uncle.

265 874 94 31 Trust
374 885 50 20 me
440 879 32 26 to
488 875 54 30 the
555 874 92 31 death
650 894 43 2 —
695 874 14 31 I
726 874 65 31 Avill
807 874 40 31 do
860 874 158 31 Avhatever

188 947 63 30 you
276 936 55 30 ask
458 936 158 31 ansAvered
641 936 127 38 Olivier,
794 936 79 30 Avith
898 948 18 18 a
940 947 78 19 sem-

188 998 109 30 blance
321 998 34 30 of
377 998 173 30 animation
576 998 86 42 quite
689 998 170 31 unnatural
884 1002 32 27 to
941 998 75 38 him,

190 1059 62 30 and
282 1060 158 40 produced
469 1060 44 41 by
544 1071 18 19 a
591 1071 102 31 vague
723 1060 227 42 apprehension
980 1060 38 31 he

191 1121 91 29 could
296 1125 55 25 not
367 1126 131 24 account
513 1121 54 29 for.

267 1182 70 31 You
354 1194 63 19 saw
433 1194 18 19 a
465 1187 87 38 great
569 1183 70 31 deal
655 1183 35 31 of
702 1183 153 32 Claudine
871 1188 33 27 at
921 1184 98 31 Hom-

192 1242 87 42 burg,
305 1242 55 30 did
382 1254 63 30 you
468 1248 55 26 not
536 1244 10 30 ?
594 1244 96 31 asked
712 1244 44 31 M.
776 1245 37 30 de
834 1245 166 42 Moranges
1014 1258 7 24 ;

226 1314 61 20 saAv
311 1303 55 31 her
390 1304 107 42 nearly
519 1316 94 31 every
631 1306 71 41 day,
729 1307 63 30 and
817 1318 95 31 every
928 1319 92 20 even-

193 1365 53 43 ing
258 1365 11 32 ?
340 1365 134 42 Luckily
489 1366 53 31 the
563 1367 91 31 uncle
671 1367 56 31 did
742 1373 57 26 not
821 1369 73 31 look
917 1374 33 26 at
972 1370 49 31 his

193 1426 129 42 nephew
346 1427 90 31 Avhile
462 1428 181 42 addressing
669 1429 76 39 him,
773 1430 48 31 for
847 1430 53 32 the
928 1431 93 32 latter

194 1499 82 30 grew
292 1488 154 42 suddenly
461 1500 33 19 so
509 1489 71 41 pale
595 1490 71 31 that
684 1491 39 31 he
743 1497 85 26 must
846 1492 81 32 have
943 1493 78 31 been

195 1549 106 30 struck
320 1549 42 41 by
381 1551 26 29 it
419 1563 6 24 ;
453 1551 56 31 but
533 1551 48 31 his
607 1563 70 20 own
697 1554 144 40 question
867 1557 154 38 appeared
