<?xml version="1.0" encoding="UTF-8"?>
<alto xmlns:xsi="http://www.w3.org/2001/XMLSchema-instance" xsi:noNamespaceSchemaLocation="http://www.bl.uk/schemas/alto/alto-1-4.xsd" xmlns:xlink="http://www.w3.org/1999/xlink">
	<Description>
		<MeasurementUnit>mm10</MeasurementUnit>
		<sourceImageInformation>
			<fileName>//head1/IN/2007-46/A0010888503.2/009240.jp2</fileName>
		</sourceImageInformation>
		<OCRProcessing ID="OCRPROCESSING_1">
			<preProcessingStep>
				<processingSoftware>
					<softwareCreator>CCS Content Conversion Specialists GmbH, Germany</softwareCreator>
					<softwareName>CCS docWORKS</softwareName>
					<softwareVersion>6.1-0.61</softwareVersion>
				</processingSoftware>
			</preProcessingStep>
			<ocrProcessingStep>
				<processingSoftware>
					<softwareCreator>ABBYY (BIT Software), Russia</softwareCreator>
					<softwareName>Finereader</softwareName>
				</processingSoftware>
			</ocrProcessingStep>
		</OCRProcessing>
	</Description>
	<Styles>
		<TextStyle ID="TXT_0" FONTSIZE="11" FONTFAMILY="Courier New"/>
		<TextStyle ID="TXT_1" FONTSIZE="10" FONTFAMILY="Courier New"/>
		<ParagraphStyle ID="PAR_LEFT" ALIGN="Left"/>
		<ParagraphStyle ID="PAR_CENTER" ALIGN="Center"/>
	</Styles>
	<Layout>
		<Page ID="P32" PHYSICAL_IMG_NR="32" HEIGHT="1747" WIDTH="1132" PRINTED_IMG_NR="22" POSITION="Left" ACCURACY="72.91">
			<TopMargin ID="P32_TM00001" HPOS="0" VPOS="0" WIDTH="1131" HEIGHT="128">
				<TextBlock ID="P32_TB00001" HPOS="143" VPOS="101" WIDTH="33" HEIGHT="26" STYLEREFS="TXT_0 PAR_LEFT">
					<TextLine ID="P32_TL00001" HPOS="143" VPOS="101" WIDTH="33" HEIGHT="26">
						<String ID="P32_ST00001" HPOS="143" VPOS="101" WIDTH="33" HEIGHT="26" CONTENT="22" WC="1.00" CC="00"/>
					</TextLine>
				</TextBlock>
				<TextBlock ID="P32_TB00002" HPOS="375" VPOS="101" WIDTH="353" HEIGHT="26" STYLEREFS="TXT_1 PAR_CENTER">
					<TextLine ID="P32_TL00002" HPOS="377" VPOS="102" WIDTH="351" HEIGHT="25">
						<String ID="P32_ST00002" HPOS="377" VPOS="106" WIDTH="81" HEIGHT="21" CONTENT="LOVE" WC="0.51" CC="5076"/>
						<SP ID="P32_SP00001" HPOS="458" VPOS="127" WIDTH="23"/>
						<String ID="P32_ST00003" HPOS="481" VPOS="105" WIDTH="63" HEIGHT="21" CONTENT="THE" WC="0.50" CC="860"/>
						<SP ID="P32_SP00002" HPOS="544" VPOS="127" WIDTH="23"/>
						<String ID="P32_ST00004" HPOS="567" VPOS="102" WIDTH="161" HEIGHT="23" CONTENT="AVENGER." WC="0.71" CC="05006090"/>
					</TextLine>
				</TextBlock>
			</TopMargin>
			<LeftMargin ID="P32_LM00001" HPOS="0" VPOS="128" WIDTH="143" HEIGHT="1440"/>
			<RightMargin ID="P32_RM00001" HPOS="971" VPOS="128" WIDTH="160" HEIGHT="1440"/>
			<BottomMargin ID="P32_BM00001" HPOS="0" VPOS="1568" WIDTH="1131" HEIGHT="178"/>
			<PrintSpace ID="P32_PS00001" HPOS="143" VPOS="128" WIDTH="828" HEIGHT="1440">
				<TextBlock ID="P32_TB00003" HPOS="143" VPOS="175" WIDTH="827" HEIGHT="295" STYLEREFS="TXT_1 PAR_LEFT">
					<TextLine ID="P32_TL00003" HPOS="188" VPOS="175" WIDTH="782" HEIGHT="41">
						<String ID="P32_ST00005" HPOS="188" VPOS="187" WIDTH="18" HEIGHT="13" CONTENT='"' WC="0.60" CC="3"/>
						<SP ID="P32_SP00003" HPOS="206" VPOS="200" WIDTH="13"/>
						<String ID="P32_ST00006" HPOS="219" VPOS="186" WIDTH="30" HEIGHT="30" CONTENT="It" WC="1.00" CC="00"/>
						<SP ID="P32_SP00004" HPOS="249" VPOS="216" WIDTH="24"/>
						<String ID="P32_ST00007" HPOS="273" VPOS="186" WIDTH="26" HEIGHT="29" CONTENT="is" WC="0.86" CC="02"/>
						<SP ID="P32_SP00005" HPOS="299" VPOS="216" WIDTH="24"/>
						<String ID="P32_ST00008" HPOS="323" VPOS="185" WIDTH="53" HEIGHT="31" CONTENT="the" WC="0.50" CC="770"/>
						<SP ID="P32_SP00006" HPOS="376" VPOS="216" WIDTH="25"/>
						<String ID="P32_ST00009" HPOS="401" VPOS="183" WIDTH="113" HEIGHT="32" CONTENT="second" WC="0.82" CC="300060"/>
						<SP ID="P32_SP00007" HPOS="514" VPOS="216" WIDTH="23"/>
						<String ID="P32_ST00010" HPOS="537" VPOS="182" WIDTH="76" HEIGHT="31" CONTENT="time" WC="0.70" CC="7400"/>
						<SP ID="P32_SP00008" HPOS="613" VPOS="216" WIDTH="23"/>
						<String ID="P32_ST00011" HPOS="636" VPOS="181" WIDTH="55" HEIGHT="32" CONTENT="she" WC="0.54" CC="670"/>
						<SP ID="P32_SP00009" HPOS="691" VPOS="216" WIDTH="27"/>
						<String ID="P32_ST00012" HPOS="718" VPOS="180" WIDTH="56" HEIGHT="30" CONTENT="has" WC="0.69" CC="701"/>
						<SP ID="P32_SP00010" HPOS="774" VPOS="216" WIDTH="22"/>
						<String ID="P32_ST00013" HPOS="796" VPOS="178" WIDTH="78" HEIGHT="31" CONTENT="been" WC="0.82" CC="0007"/>
						<SP ID="P32_SP00011" HPOS="874" VPOS="216" WIDTH="24"/>
						<String ID="P32_ST00014" HPOS="898" VPOS="175" WIDTH="72" HEIGHT="32" CONTENT="here" WC="0.81" CC="7000"/>
					</TextLine>
					<TextLine ID="P32_TL00004" HPOS="144" VPOS="239" WIDTH="826" HEIGHT="50">
						<String ID="P32_ST00015" HPOS="144" VPOS="248" WIDTH="62" HEIGHT="31" CONTENT="this" WC="0.37" CC="7736"/>
						<SP ID="P32_SP00012" HPOS="206" VPOS="279" WIDTH="16"/>
						<String ID="P32_ST00016" HPOS="222" VPOS="246" WIDTH="167" HEIGHT="43" CONTENT='morning,"' WC="0.64" CC="006626900"/>
						<SP ID="P32_SP00013" HPOS="389" VPOS="289" WIDTH="17"/>
						<String ID="P32_ST00017" HPOS="406" VPOS="246" WIDTH="67" HEIGHT="31" CONTENT="said" WC="0.80" CC="6010"/>
						<SP ID="P32_SP00014" HPOS="473" VPOS="289" WIDTH="13"/>
						<String ID="P32_ST00018" HPOS="486" VPOS="246" WIDTH="53" HEIGHT="30" CONTENT="the" WC="0.55" CC="570"/>
						<SP ID="P32_SP00015" HPOS="539" VPOS="289" WIDTH="16"/>
						<String ID="P32_ST00019" HPOS="555" VPOS="255" WIDTH="74" HEIGHT="19" CONTENT="man" WC="0.77" CC="006"/>
						<SP ID="P32_SP00016" HPOS="629" VPOS="289" WIDTH="12"/>
						<String ID="P32_ST00020" HPOS="641" VPOS="255" WIDTH="7" HEIGHT="25" CONTENT=";" WC="0.55" CC="4"/>
						<SP ID="P32_SP00017" HPOS="648" VPOS="289" WIDTH="27"/>
						<String ID="P32_ST00021" HPOS="675" VPOS="246" WIDTH="17" HEIGHT="11" CONTENT='"' WC="0.59" CC="4"/>
						<SP ID="P32_SP00018" HPOS="692" VPOS="289" WIDTH="10"/>
						<String ID="P32_ST00022" HPOS="702" VPOS="242" WIDTH="52" HEIGHT="32" CONTENT="she" WC="0.57" CC="570"/>
						<SP ID="P32_SP00019" HPOS="754" VPOS="289" WIDTH="18"/>
						<String ID="P32_ST00023" HPOS="772" VPOS="251" WIDTH="85" HEIGHT="21" CONTENT="came" WC="1.00" CC="0000"/>
						<SP ID="P32_SP00020" HPOS="857" VPOS="289" WIDTH="17"/>
						<String ID="P32_ST00024" HPOS="874" VPOS="239" WIDTH="96" HEIGHT="31" CONTENT="about" WC="0.59" CC="07075"/>
					</TextLine>
					<TextLine ID="P32_TL00005" HPOS="144" VPOS="302" WIDTH="826" HEIGHT="49">
						<String ID="P32_ST00025" HPOS="144" VPOS="322" WIDTH="39" HEIGHT="19" CONTENT="an" WC="0.69" CC="06"/>
						<SP ID="P32_SP00021" HPOS="183" VPOS="341" WIDTH="15"/>
						<String ID="P32_ST00026" HPOS="198" VPOS="311" WIDTH="78" HEIGHT="29" CONTENT="hour" WC="0.55" CC="7064"/>
						<SP ID="P32_SP00022" HPOS="276" VPOS="341" WIDTH="15"/>
						<String ID="P32_ST00027" HPOS="291" VPOS="320" WIDTH="66" HEIGHT="31" CONTENT="ago," WC="0.91" CC="0003"/>
						<SP ID="P32_SP00023" HPOS="357" VPOS="351" WIDTH="11"/>
						<String ID="P32_ST00028" HPOS="368" VPOS="308" WIDTH="92" HEIGHT="32" CONTENT="when" WC="0.71" CC="0704"/>
						<SP ID="P32_SP00024" HPOS="460" VPOS="351" WIDTH="15"/>
						<String ID="P32_ST00029" HPOS="475" VPOS="307" WIDTH="42" HEIGHT="31" CONTENT="M." WC="0.97" CC="00"/>
						<SP ID="P32_SP00025" HPOS="517" VPOS="351" WIDTH="16"/>
						<String ID="P32_ST00030" HPOS="533" VPOS="307" WIDTH="28" HEIGHT="30" CONTENT="le" WC="0.86" CC="20"/>
						<SP ID="P32_SP00026" HPOS="561" VPOS="351" WIDTH="13"/>
						<String ID="P32_ST00031" HPOS="574" VPOS="305" WIDTH="142" HEIGHT="41" CONTENT="Marquis" WC="0.67" CC="3030716"/>
						<SP ID="P32_SP00027" HPOS="716" VPOS="351" WIDTH="15"/>
						<String ID="P32_ST00032" HPOS="731" VPOS="303" WIDTH="64" HEIGHT="32" CONTENT="had" WC="0.76" CC="700"/>
						<SP ID="P32_SP00028" HPOS="795" VPOS="351" WIDTH="12"/>
						<String ID="P32_ST00033" HPOS="807" VPOS="302" WIDTH="68" HEIGHT="43" CONTENT="just" WC="0.49" CC="0757"/>
						<SP ID="P32_SP00029" HPOS="875" VPOS="351" WIDTH="15"/>
						<String ID="P32_ST00034" HPOS="890" VPOS="312" WIDTH="80" HEIGHT="32" CONTENT="gone" WC="0.61" CC="9060"/>
					</TextLine>
					<TextLine ID="P32_TL00006" HPOS="144" VPOS="364" WIDTH="825" HEIGHT="42">
						<String ID="P32_ST00035" HPOS="144" VPOS="372" WIDTH="90" HEIGHT="30" CONTENT="down" WC="0.70" CC="0506"/>
						<SP ID="P32_SP00030" HPOS="234" VPOS="402" WIDTH="16"/>
						<String ID="P32_ST00036" HPOS="250" VPOS="372" WIDTH="66" HEIGHT="29" CONTENT="into" WC="0.66" CC="1560"/>
						<SP ID="P32_SP00031" HPOS="316" VPOS="402" WIDTH="15"/>
						<String ID="P32_ST00037" HPOS="331" VPOS="370" WIDTH="52" HEIGHT="31" CONTENT="the" WC="0.66" CC="270"/>
						<SP ID="P32_SP00032" HPOS="383" VPOS="402" WIDTH="16"/>
						<String ID="P32_ST00038" HPOS="399" VPOS="368" WIDTH="97" HEIGHT="32" CONTENT="stable" WC="0.66" CC="630720"/>
						<SP ID="P32_SP00033" HPOS="496" VPOS="402" WIDTH="16"/>
						<String ID="P32_ST00039" HPOS="512" VPOS="368" WIDTH="78" HEIGHT="32" CONTENT="with" WC="0.76" CC="0036"/>
						<SP ID="P32_SP00034" HPOS="590" VPOS="402" WIDTH="16"/>
						<String ID="P32_ST00040" HPOS="606" VPOS="367" WIDTH="41" HEIGHT="31" CONTENT="M." WC="0.63" CC="34"/>
						<SP ID="P32_SP00035" HPOS="647" VPOS="402" WIDTH="12"/>
						<String ID="P32_ST00041" HPOS="659" VPOS="366" WIDTH="29" HEIGHT="31" CONTENT="le" WC="1.00" CC="00"/>
						<SP ID="P32_SP00036" HPOS="688" VPOS="402" WIDTH="13"/>
						<String ID="P32_ST00042" HPOS="701" VPOS="365" WIDTH="109" HEIGHT="32" CONTENT="Comte" WC="0.74" CC="60060"/>
						<SP ID="P32_SP00037" HPOS="810" VPOS="402" WIDTH="17"/>
						<String ID="P32_ST00043" HPOS="827" VPOS="364" WIDTH="142" HEIGHT="42" CONTENT="Dupont," WC="0.35" CC="9692664"/>
					</TextLine>
					<TextLine ID="P32_TL00007" HPOS="144" VPOS="426" WIDTH="826" HEIGHT="44">
						<String ID="P32_ST00044" HPOS="144" VPOS="444" WIDTH="31" HEIGHT="19" CONTENT="so" WC="0.76" CC="40"/>
						<SP ID="P32_SP00038" HPOS="175" VPOS="463" WIDTH="25"/>
						<String ID="P32_ST00045" HPOS="200" VPOS="433" WIDTH="53" HEIGHT="29" CONTENT="she" WC="0.64" CC="370"/>
						<SP ID="P32_SP00039" HPOS="253" VPOS="463" WIDTH="24"/>
						<String ID="P32_ST00046" HPOS="277" VPOS="435" WIDTH="83" HEIGHT="27" CONTENT="Avent" WC="0.83" CC="00061"/>
						<SP ID="P32_SP00040" HPOS="360" VPOS="463" WIDTH="27"/>
						<String ID="P32_ST00047" HPOS="387" VPOS="441" WIDTH="95" HEIGHT="29" CONTENT="away," WC="0.92" CC="00004"/>
						<SP ID="P32_SP00041" HPOS="482" VPOS="470" WIDTH="17"/>
						<String ID="P32_ST00048" HPOS="499" VPOS="429" WIDTH="62" HEIGHT="31" CONTENT="and" WC="0.77" CC="060"/>
						<SP ID="P32_SP00042" HPOS="561" VPOS="470" WIDTH="23"/>
						<String ID="P32_ST00049" HPOS="584" VPOS="428" WIDTH="68" HEIGHT="31" CONTENT="said" WC="0.75" CC="5030"/>
						<SP ID="P32_SP00043" HPOS="652" VPOS="470" WIDTH="27"/>
						<String ID="P32_ST00050" HPOS="679" VPOS="428" WIDTH="54" HEIGHT="30" CONTENT="she" WC="0.52" CC="571"/>
						<SP ID="P32_SP00044" HPOS="733" VPOS="470" WIDTH="25"/>
						<String ID="P32_ST00051" HPOS="758" VPOS="426" WIDTH="106" HEIGHT="32" CONTENT="would" WC="0.69" CC="02660"/>
						<SP ID="P32_SP00045" HPOS="864" VPOS="470" WIDTH="20"/>
						<String ID="P32_ST00052" HPOS="884" VPOS="436" WIDTH="86" HEIGHT="20" CONTENT="come" WC="1.00" CC="0000"/>
					</TextLine>
				</TextBlock>
				<TextBlock ID="P32_TB00004" HPOS="143" VPOS="504" WIDTH="97" HEIGHT="30" STYLEREFS="TXT_1 PAR_LEFT">
					<TextLine ID="P32_TL00008" HPOS="144" VPOS="505" WIDTH="96" HEIGHT="29">
						<String ID="P32_ST00053" HPOS="144" VPOS="505" WIDTH="96" HEIGHT="29" CONTENT="again." WC="0.90" CC="000050"/>
					</TextLine>
				</TextBlock>
				<TextBlock ID="P32_TB00005" HPOS="188" VPOS="550" WIDTH="673" HEIGHT="44" STYLEREFS="TXT_1 PAR_LEFT">
					<TextLine ID="P32_TL00009" HPOS="188" VPOS="550" WIDTH="673" HEIGHT="44">
						<String ID="P32_ST00054" HPOS="188" VPOS="557" WIDTH="18" HEIGHT="13" CONTENT='"' WC="0.58" CC="4"/>
						<SP ID="P32_SP00046" HPOS="206" VPOS="570" WIDTH="13"/>
						<String ID="P32_ST00055" HPOS="219" VPOS="555" WIDTH="31" HEIGHT="30" CONTENT="Is" WC="0.73" CC="05"/>
						<SP ID="P32_SP00047" HPOS="250" VPOS="585" WIDTH="16"/>
						<String ID="P32_ST00056" HPOS="266" VPOS="555" WIDTH="52" HEIGHT="30" CONTENT="she" WC="0.53" CC="670"/>
						<SP ID="P32_SP00048" HPOS="318" VPOS="585" WIDTH="15"/>
						<String ID="P32_ST00057" HPOS="333" VPOS="565" WIDTH="106" HEIGHT="29" CONTENT="young" WC="0.77" CC="00730"/>
						<SP ID="P32_SP00049" HPOS="439" VPOS="594" WIDTH="15"/>
						<String ID="P32_ST00058" HPOS="454" VPOS="564" WIDTH="34" HEIGHT="19" CONTENT="or" WC="0.91" CC="10"/>
						<SP ID="P32_SP00050" HPOS="488" VPOS="594" WIDTH="16"/>
						<String ID="P32_ST00059" HPOS="504" VPOS="552" WIDTH="51" HEIGHT="31" CONTENT="old" WC="0.95" CC="100"/>
						<SP ID="P32_SP00051" HPOS="555" VPOS="594" WIDTH="15"/>
						<String ID="P32_ST00060" HPOS="570" VPOS="553" WIDTH="11" HEIGHT="30" CONTENT="?" WC="0.47" CC="5"/>
						<String ID="P32_ST00061" HPOS="592" VPOS="551" WIDTH="17" HEIGHT="12" CONTENT='"' WC="1.00" CC="0"/>
						<SP ID="P32_SP00052" HPOS="609" VPOS="594" WIDTH="16"/>
						<String ID="P32_ST00062" HPOS="625" VPOS="551" WIDTH="95" HEIGHT="32" CONTENT="asked" WC="0.93" CC="03000"/>
						<SP ID="P32_SP00053" HPOS="720" VPOS="594" WIDTH="17"/>
						<String ID="P32_ST00063" HPOS="737" VPOS="550" WIDTH="124" HEIGHT="32" CONTENT="Olivier." WC="0.89" CC="10303000"/>
					</TextLine>
				</TextBlock>
				<TextBlock ID="P32_TB00006" HPOS="143" VPOS="610" WIDTH="827" HEIGHT="290" STYLEREFS="TXT_1 PAR_LEFT">
					<TextLine ID="P32_TL00010" HPOS="189" VPOS="611" WIDTH="780" HEIGHT="44">
						<String ID="P32_ST00064" HPOS="189" VPOS="620" WIDTH="16" HEIGHT="12" CONTENT='"' WC="1.00" CC="0"/>
						<SP ID="P32_SP00054" HPOS="205" VPOS="632" WIDTH="13"/>
						<String ID="P32_ST00065" HPOS="218" VPOS="616" WIDTH="30" HEIGHT="30" CONTENT="It" WC="0.67" CC="06"/>
						<SP ID="P32_SP00055" HPOS="248" VPOS="646" WIDTH="19"/>
						<String ID="P32_ST00066" HPOS="267" VPOS="616" WIDTH="27" HEIGHT="30" CONTENT="is" WC="0.64" CC="33"/>
						<SP ID="P32_SP00056" HPOS="294" VPOS="646" WIDTH="17"/>
						<String ID="P32_ST00067" HPOS="311" VPOS="616" WIDTH="77" HEIGHT="30" CONTENT="hard" WC="0.75" CC="7020"/>
						<SP ID="P32_SP00057" HPOS="388" VPOS="646" WIDTH="22"/>
						<String ID="P32_ST00068" HPOS="410" VPOS="620" WIDTH="33" HEIGHT="25" CONTENT="to" WC="0.44" CC="64"/>
						<SP ID="P32_SP00058" HPOS="443" VPOS="646" WIDTH="18"/>
						<String ID="P32_ST00069" HPOS="461" VPOS="625" WIDTH="64" HEIGHT="30" CONTENT="say," WC="0.79" CC="5002"/>
						<SP ID="P32_SP00059" HPOS="525" VPOS="655" WIDTH="17"/>
						<String ID="P32_ST00070" HPOS="542" VPOS="613" WIDTH="43" HEIGHT="31" CONTENT="M." WC="0.83" CC="03"/>
						<SP ID="P32_SP00060" HPOS="585" VPOS="655" WIDTH="21"/>
						<String ID="P32_ST00071" HPOS="606" VPOS="614" WIDTH="29" HEIGHT="30" CONTENT="le" WC="1.00" CC="00"/>
						<SP ID="P32_SP00061" HPOS="635" VPOS="655" WIDTH="20"/>
						<String ID="P32_ST00072" HPOS="655" VPOS="611" WIDTH="169" HEIGHT="43" CONTENT='Marquis,"' WC="0.54" CC="006954634"/>
						<SP ID="P32_SP00062" HPOS="824" VPOS="655" WIDTH="27"/>
						<String ID="P32_ST00073" HPOS="851" VPOS="611" WIDTH="118" HEIGHT="42" CONTENT="replied" WC="0.88" CC="4000400"/>
					</TextLine>
					<TextLine ID="P32_TL00011" HPOS="144" VPOS="673" WIDTH="826" HEIGHT="43">
						<String ID="P32_ST00074" HPOS="144" VPOS="677" WIDTH="52" HEIGHT="32" CONTENT="the" WC="0.61" CC="470"/>
						<SP ID="P32_SP00063" HPOS="196" VPOS="709" WIDTH="24"/>
						<String ID="P32_ST00075" HPOS="220" VPOS="677" WIDTH="93" HEIGHT="38" CONTENT="valet," WC="0.70" CC="900033"/>
						<SP ID="P32_SP00064" HPOS="313" VPOS="715" WIDTH="28"/>
						<String ID="P32_ST00076" HPOS="341" VPOS="678" WIDTH="18" HEIGHT="13" CONTENT='"' WC="0.54" CC="4"/>
						<SP ID="P32_SP00065" HPOS="359" VPOS="715" WIDTH="11"/>
						<String ID="P32_ST00077" HPOS="370" VPOS="677" WIDTH="52" HEIGHT="30" CONTENT="she" WC="0.56" CC="660"/>
						<SP ID="P32_SP00066" HPOS="422" VPOS="715" WIDTH="19"/>
						<String ID="P32_ST00078" HPOS="441" VPOS="677" WIDTH="25" HEIGHT="29" CONTENT="is" WC="0.80" CC="03"/>
						<SP ID="P32_SP00067" HPOS="466" VPOS="715" WIDTH="19"/>
						<String ID="P32_ST00079" HPOS="485" VPOS="687" WIDTH="32" HEIGHT="19" CONTENT="so" WC="0.66" CC="60"/>
						<SP ID="P32_SP00068" HPOS="517" VPOS="715" WIDTH="19"/>
						<String ID="P32_ST00080" HPOS="536" VPOS="686" WIDTH="77" HEIGHT="30" CONTENT="very" WC="0.88" CC="0040"/>
						<SP ID="P32_SP00069" HPOS="613" VPOS="716" WIDTH="15"/>
						<String ID="P32_ST00081" HPOS="628" VPOS="674" WIDTH="121" HEIGHT="41" CONTENT="thickly" WC="0.73" CC="2743000"/>
						<SP ID="P32_SP00070" HPOS="749" VPOS="716" WIDTH="15"/>
						<String ID="P32_ST00082" HPOS="764" VPOS="673" WIDTH="104" HEIGHT="31" CONTENT="veiled" WC="0.97" CC="001000"/>
						<SP ID="P32_SP00071" HPOS="868" VPOS="716" WIDTH="13"/>
						<String ID="P32_ST00083" HPOS="881" VPOS="685" WIDTH="8" HEIGHT="25" CONTENT=";" WC="1.00" CC="0"/>
						<SP ID="P32_SP00072" HPOS="889" VPOS="716" WIDTH="24"/>
						<String ID="P32_ST00084" HPOS="913" VPOS="673" WIDTH="57" HEIGHT="31" CONTENT="but" WC="0.73" CC="025"/>
					</TextLine>
					<TextLine ID="P32_TL00012" HPOS="145" VPOS="735" WIDTH="824" HEIGHT="43">
						<String ID="P32_ST00085" HPOS="145" VPOS="738" WIDTH="77" HEIGHT="30" CONTENT="from" WC="0.69" CC="0660"/>
						<SP ID="P32_SP00073" HPOS="222" VPOS="768" WIDTH="25"/>
						<String ID="P32_ST00086" HPOS="247" VPOS="738" WIDTH="52" HEIGHT="31" CONTENT="the" WC="0.64" CC="370"/>
						<SP ID="P32_SP00074" HPOS="299" VPOS="769" WIDTH="24"/>
						<String ID="P32_ST00087" HPOS="323" VPOS="738" WIDTH="85" HEIGHT="30" CONTENT="voice" WC="0.94" CC="00030"/>
						<SP ID="P32_SP00075" HPOS="408" VPOS="769" WIDTH="25"/>
						<String ID="P32_ST00088" HPOS="433" VPOS="738" WIDTH="15" HEIGHT="30" CONTENT="I" WC="0.84" CC="1"/>
						<SP ID="P32_SP00076" HPOS="448" VPOS="769" WIDTH="24"/>
						<String ID="P32_ST00089" HPOS="472" VPOS="737" WIDTH="110" HEIGHT="31" CONTENT="should" WC="0.51" CC="772650"/>
						<SP ID="P32_SP00077" HPOS="582" VPOS="769" WIDTH="25"/>
						<String ID="P32_ST00090" HPOS="607" VPOS="748" WIDTH="54" HEIGHT="30" CONTENT="say" WC="0.78" CC="600"/>
						<SP ID="P32_SP00078" HPOS="661" VPOS="778" WIDTH="15"/>
						<String ID="P32_ST00091" HPOS="676" VPOS="747" WIDTH="115" HEIGHT="31" CONTENT="young," WC="0.77" CC="007600"/>
						<SP ID="P32_SP00079" HPOS="791" VPOS="778" WIDTH="19"/>
						<String ID="P32_ST00092" HPOS="810" VPOS="735" WIDTH="63" HEIGHT="31" CONTENT="and" WC="0.83" CC="050"/>
						<SP ID="P32_SP00080" HPOS="873" VPOS="778" WIDTH="15"/>
						<String ID="P32_ST00093" HPOS="888" VPOS="735" WIDTH="81" HEIGHT="30" CONTENT="from" WC="0.79" CC="2400"/>
					</TextLine>
					<TextLine ID="P32_TL00013" HPOS="144" VPOS="798" WIDTH="826" HEIGHT="42">
						<String ID="P32_ST00094" HPOS="144" VPOS="799" WIDTH="55" HEIGHT="31" CONTENT="her" WC="0.52" CC="706"/>
						<SP ID="P32_SP00081" HPOS="199" VPOS="830" WIDTH="23"/>
						<String ID="P32_ST00095" HPOS="222" VPOS="799" WIDTH="83" HEIGHT="31" CONTENT="dress" WC="0.74" CC="00066"/>
						<SP ID="P32_SP00082" HPOS="305" VPOS="830" WIDTH="24"/>
						<String ID="P32_ST00096" HPOS="329" VPOS="799" WIDTH="25" HEIGHT="31" CONTENT="it" WC="0.89" CC="02"/>
						<SP ID="P32_SP00083" HPOS="354" VPOS="830" WIDTH="23"/>
						<String ID="P32_ST00097" HPOS="377" VPOS="799" WIDTH="27" HEIGHT="30" CONTENT="is" WC="0.48" CC="46"/>
						<SP ID="P32_SP00084" HPOS="404" VPOS="830" WIDTH="24"/>
						<String ID="P32_ST00098" HPOS="428" VPOS="810" WIDTH="72" HEIGHT="30" CONTENT="easy" WC="0.81" CC="2050"/>
						<SP ID="P32_SP00085" HPOS="500" VPOS="840" WIDTH="15"/>
						<String ID="P32_ST00099" HPOS="515" VPOS="804" WIDTH="32" HEIGHT="25" CONTENT="to" WC="0.41" CC="64"/>
						<SP ID="P32_SP00086" HPOS="547" VPOS="840" WIDTH="25"/>
						<String ID="P32_ST00100" HPOS="572" VPOS="810" WIDTH="49" HEIGHT="19" CONTENT="see" WC="0.78" CC="600"/>
						<SP ID="P32_SP00087" HPOS="621" VPOS="840" WIDTH="21"/>
						<String ID="P32_ST00101" HPOS="642" VPOS="799" WIDTH="70" HEIGHT="30" CONTENT="that" WC="0.56" CC="4706"/>
						<SP ID="P32_SP00088" HPOS="712" VPOS="840" WIDTH="20"/>
						<String ID="P32_ST00102" HPOS="732" VPOS="798" WIDTH="53" HEIGHT="30" CONTENT="she" WC="0.60" CC="470"/>
						<SP ID="P32_SP00089" HPOS="785" VPOS="840" WIDTH="22"/>
						<String ID="P32_ST00103" HPOS="807" VPOS="798" WIDTH="26" HEIGHT="30" CONTENT="is" WC="0.89" CC="02"/>
						<SP ID="P32_SP00090" HPOS="833" VPOS="840" WIDTH="16"/>
						<String ID="P32_ST00104" HPOS="849" VPOS="809" WIDTH="18" HEIGHT="19" CONTENT="a" WC="1.00" CC="0"/>
						<SP ID="P32_SP00091" HPOS="867" VPOS="840" WIDTH="15"/>
						<String ID="P32_ST00105" HPOS="882" VPOS="802" WIDTH="88" HEIGHT="37" CONTENT="great" WC="0.76" CC="04007"/>
					</TextLine>
					<TextLine ID="P32_TL00014" HPOS="145" VPOS="858" WIDTH="787" HEIGHT="42">
						<String ID="P32_ST00106" HPOS="145" VPOS="860" WIDTH="72" HEIGHT="40" CONTENT="lady" WC="0.76" CC="0800"/>
						<String ID="P32_ST00107" HPOS="218" VPOS="879" WIDTH="43" HEIGHT="2" CONTENT="—" WC="0.20" CC="8"/>
						<String ID="P32_ST00108" HPOS="261" VPOS="859" WIDTH="53" HEIGHT="32" CONTENT="the" WC="0.56" CC="570"/>
						<SP ID="P32_SP00092" HPOS="314" VPOS="900" WIDTH="16"/>
						<String ID="P32_ST00109" HPOS="330" VPOS="860" WIDTH="113" HEIGHT="30" CONTENT="richest" WC="0.72" CC="2007035"/>
						<SP ID="P32_SP00093" HPOS="443" VPOS="900" WIDTH="17"/>
						<String ID="P32_ST00110" HPOS="460" VPOS="859" WIDTH="33" HEIGHT="31" CONTENT="of" WC="1.00" CC="00"/>
						<SP ID="P32_SP00094" HPOS="493" VPOS="900" WIDTH="13"/>
						<String ID="P32_ST00111" HPOS="506" VPOS="859" WIDTH="185" HEIGHT="41" CONTENT="everything" WC="0.64" CC="0005007579"/>
						<SP ID="P32_SP00095" HPOS="691" VPOS="900" WIDTH="16"/>
						<String ID="P32_ST00112" HPOS="707" VPOS="859" WIDTH="52" HEIGHT="31" CONTENT="she" WC="0.60" CC="470"/>
						<SP ID="P32_SP00096" HPOS="759" VPOS="900" WIDTH="17"/>
						<String ID="P32_ST00113" HPOS="776" VPOS="859" WIDTH="56" HEIGHT="30" CONTENT="has" WC="0.63" CC="603"/>
						<SP ID="P32_SP00097" HPOS="832" VPOS="900" WIDTH="15"/>
						<String ID="P32_ST00114" HPOS="847" VPOS="870" WIDTH="41" HEIGHT="19" CONTENT="on" WC="0.70" CC="05"/>
						<SP ID="P32_SP00098" HPOS="888" VPOS="900" WIDTH="13"/>
						<String ID="P32_ST00115" HPOS="901" VPOS="860" WIDTH="5" HEIGHT="29" CONTENT="!" WC="1.00" CC="0"/>
						<SP ID="P32_SP00099" HPOS="906" VPOS="900" WIDTH="12"/>
						<String ID="P32_ST00116" HPOS="918" VPOS="858" WIDTH="14" HEIGHT="12" CONTENT='"' WC="1.00" CC="0"/>
					</TextLine>
				</TextBlock>
				<TextBlock ID="P32_TB00007" HPOS="145" VPOS="919" WIDTH="825" HEIGHT="342" STYLEREFS="TXT_1 PAR_LEFT">
					<TextLine ID="P32_TL00015" HPOS="189" VPOS="920" WIDTH="781" HEIGHT="41">
						<String ID="P32_ST00117" HPOS="189" VPOS="920" WIDTH="117" HEIGHT="38" CONTENT='"Well,' WC="0.88" CC="000302"/>
						<SP ID="P32_SP00100" HPOS="306" VPOS="958" WIDTH="27"/>
						<String ID="P32_ST00118" HPOS="333" VPOS="920" WIDTH="129" HEIGHT="37" CONTENT="Leroux," WC="0.79" CC="0031602"/>
						<SP ID="P32_SP00101" HPOS="462" VPOS="958" WIDTH="27"/>
						<String ID="P32_ST00119" HPOS="489" VPOS="920" WIDTH="15" HEIGHT="30" CONTENT="I" WC="1.00" CC="0"/>
						<SP ID="P32_SP00102" HPOS="504" VPOS="958" WIDTH="24"/>
						<String ID="P32_ST00120" HPOS="528" VPOS="931" WIDTH="130" HEIGHT="30" CONTENT="suppose" WC="0.80" CC="3500050"/>
						<SP ID="P32_SP00103" HPOS="658" VPOS="961" WIDTH="20"/>
						<String ID="P32_ST00121" HPOS="678" VPOS="920" WIDTH="54" HEIGHT="31" CONTENT="she" WC="0.53" CC="670"/>
						<SP ID="P32_SP00104" HPOS="732" VPOS="961" WIDTH="25"/>
						<String ID="P32_ST00122" HPOS="757" VPOS="925" WIDTH="84" HEIGHT="26" CONTENT="must" WC="0.51" CC="0666"/>
						<SP ID="P32_SP00105" HPOS="841" VPOS="961" WIDTH="27"/>
						<String ID="P32_ST00123" HPOS="868" VPOS="920" WIDTH="38" HEIGHT="31" CONTENT="be" WC="0.64" CC="70"/>
						<SP ID="P32_SP00106" HPOS="906" VPOS="961" WIDTH="20"/>
						<String ID="P32_ST00124" HPOS="926" VPOS="920" WIDTH="44" HEIGHT="31" CONTENT="let" WC="0.68" CC="206"/>
					</TextLine>
					<TextLine ID="P32_TL00016" HPOS="145" VPOS="981" WIDTH="825" HEIGHT="38">
						<String ID="P32_ST00125" HPOS="145" VPOS="981" WIDTH="60" HEIGHT="38" CONTENT='in,"' WC="0.43" CC="6744"/>
						<SP ID="P32_SP00107" HPOS="205" VPOS="1019" WIDTH="17"/>
						<String ID="P32_ST00126" HPOS="222" VPOS="981" WIDTH="64" HEIGHT="31" CONTENT="said" WC="0.65" CC="5800"/>
						<SP ID="P32_SP00108" HPOS="286" VPOS="1019" WIDTH="23"/>
						<String ID="P32_ST00127" HPOS="309" VPOS="981" WIDTH="43" HEIGHT="31" CONTENT="M." WC="1.00" CC="00"/>
						<SP ID="P32_SP00109" HPOS="352" VPOS="1019" WIDTH="24"/>
						<String ID="P32_ST00128" HPOS="376" VPOS="981" WIDTH="38" HEIGHT="31" CONTENT="de" WC="1.00" CC="00"/>
						<SP ID="P32_SP00110" HPOS="414" VPOS="1019" WIDTH="23"/>
						<String ID="P32_ST00129" HPOS="437" VPOS="982" WIDTH="195" HEIGHT="37" CONTENT="Beauvoisin," WC="0.78" CC="60070003060"/>
						<SP ID="P32_SP00111" HPOS="632" VPOS="1019" WIDTH="21"/>
						<String ID="P32_ST00130" HPOS="653" VPOS="982" WIDTH="33" HEIGHT="30" CONTENT="in" WC="0.65" CC="06"/>
						<SP ID="P32_SP00112" HPOS="686" VPOS="1019" WIDTH="23"/>
						<String ID="P32_ST00131" HPOS="709" VPOS="992" WIDTH="18" HEIGHT="20" CONTENT="a" WC="1.00" CC="0"/>
						<SP ID="P32_SP00113" HPOS="727" VPOS="1019" WIDTH="23"/>
						<String ID="P32_ST00132" HPOS="750" VPOS="986" WIDTH="64" HEIGHT="26" CONTENT="sort" WC="0.57" CC="5065"/>
						<SP ID="P32_SP00114" HPOS="814" VPOS="1019" WIDTH="23"/>
						<String ID="P32_ST00133" HPOS="837" VPOS="981" WIDTH="35" HEIGHT="32" CONTENT="of" WC="1.00" CC="00"/>
						<SP ID="P32_SP00115" HPOS="872" VPOS="1019" WIDTH="18"/>
						<String ID="P32_ST00134" HPOS="890" VPOS="981" WIDTH="80" HEIGHT="31" CONTENT="half" SUBS_TYPE="HypPart1" SUBS_CONTENT="halfvictimised" WC="0.57" CC="75520"/>
						<HYP CONTENT="-"/>
					</TextLine>
					<TextLine ID="P32_TL00017" HPOS="145" VPOS="1042" WIDTH="825" HEIGHT="43">
						<String ID="P32_ST00135" HPOS="145" VPOS="1043" WIDTH="174" HEIGHT="31" CONTENT="victimised" SUBS_TYPE="HypPart2" SUBS_CONTENT="halfvictimised" WC="0.74" CC="0704080500"/>
						<SP ID="P32_SP00116" HPOS="319" VPOS="1074" WIDTH="22"/>
						<String ID="P32_ST00136" HPOS="341" VPOS="1047" WIDTH="80" HEIGHT="33" CONTENT="tone," WC="0.57" CC="54704"/>
						<SP ID="P32_SP00117" HPOS="421" VPOS="1080" WIDTH="24"/>
						<String ID="P32_ST00137" HPOS="445" VPOS="1042" WIDTH="62" HEIGHT="31" CONTENT="and" WC="0.76" CC="070"/>
						<SP ID="P32_SP00118" HPOS="507" VPOS="1080" WIDTH="19"/>
						<String ID="P32_ST00138" HPOS="526" VPOS="1043" WIDTH="135" HEIGHT="42" CONTENT="rubbing" WC="0.57" CC="2675340"/>
						<SP ID="P32_SP00119" HPOS="661" VPOS="1085" WIDTH="25"/>
						<String ID="P32_ST00139" HPOS="686" VPOS="1043" WIDTH="53" HEIGHT="31" CONTENT="the" WC="0.57" CC="570"/>
						<SP ID="P32_SP00120" HPOS="739" VPOS="1085" WIDTH="25"/>
						<String ID="P32_ST00140" HPOS="764" VPOS="1043" WIDTH="80" HEIGHT="32" CONTENT="back" WC="0.70" CC="7040"/>
						<SP ID="P32_SP00121" HPOS="844" VPOS="1085" WIDTH="24"/>
						<String ID="P32_ST00141" HPOS="868" VPOS="1044" WIDTH="35" HEIGHT="31" CONTENT="of" WC="0.90" CC="01"/>
						<SP ID="P32_SP00122" HPOS="903" VPOS="1085" WIDTH="19"/>
						<String ID="P32_ST00142" HPOS="922" VPOS="1044" WIDTH="48" HEIGHT="31" CONTENT="his" WC="0.42" CC="736"/>
					</TextLine>
					<TextLine ID="P32_TL00018" HPOS="145" VPOS="1104" WIDTH="825" HEIGHT="43">
						<String ID="P32_ST00143" HPOS="145" VPOS="1104" WIDTH="80" HEIGHT="31" CONTENT="head" WC="0.81" CC="7000"/>
						<SP ID="P32_SP00123" HPOS="225" VPOS="1135" WIDTH="14"/>
						<String ID="P32_ST00144" HPOS="239" VPOS="1104" WIDTH="77" HEIGHT="31" CONTENT="Avith" WC="0.80" CC="00207"/>
						<SP ID="P32_SP00124" HPOS="316" VPOS="1135" WIDTH="17"/>
						<String ID="P32_ST00145" HPOS="333" VPOS="1114" WIDTH="38" HEIGHT="20" CONTENT="an" WC="0.69" CC="06"/>
						<SP ID="P32_SP00125" HPOS="371" VPOS="1135" WIDTH="17"/>
						<String ID="P32_ST00146" HPOS="388" VPOS="1104" WIDTH="44" HEIGHT="30" CONTENT="air" WC="1.00" CC="000"/>
						<SP ID="P32_SP00126" HPOS="432" VPOS="1135" WIDTH="16"/>
						<String ID="P32_ST00147" HPOS="448" VPOS="1104" WIDTH="34" HEIGHT="30" CONTENT="of" WC="1.00" CC="00"/>
						<SP ID="P32_SP00127" HPOS="482" VPOS="1135" WIDTH="11"/>
						<String ID="P32_ST00148" HPOS="493" VPOS="1108" WIDTH="87" HEIGHT="38" CONTENT="great" WC="0.79" CC="06003"/>
						<SP ID="P32_SP00128" HPOS="580" VPOS="1146" WIDTH="14"/>
						<String ID="P32_ST00149" HPOS="594" VPOS="1105" WIDTH="185" HEIGHT="41" CONTENT="perplexity." WC="0.91" CC="00000003600"/>
						<SP ID="P32_SP00129" HPOS="779" VPOS="1146" WIDTH="50"/>
						<String ID="P32_ST00150" HPOS="829" VPOS="1108" WIDTH="17" HEIGHT="12" CONTENT='"' WC="0.68" CC="3"/>
						<SP ID="P32_SP00130" HPOS="846" VPOS="1146" WIDTH="12"/>
						<String ID="P32_ST00151" HPOS="858" VPOS="1106" WIDTH="16" HEIGHT="30" CONTENT="I" WC="0.72" CC="2"/>
						<SP ID="P32_SP00131" HPOS="874" VPOS="1146" WIDTH="16"/>
						<String ID="P32_ST00152" HPOS="890" VPOS="1106" WIDTH="80" HEIGHT="41" CONTENT="hope" WC="0.82" CC="7000"/>
					</TextLine>
					<TextLine ID="P32_TL00019" HPOS="146" VPOS="1163" WIDTH="824" HEIGHT="45">
						<String ID="P32_ST00153" HPOS="146" VPOS="1164" WIDTH="109" HEIGHT="31" CONTENT="there's" WC="0.64" CC="4703026"/>
						<SP ID="P32_SP00132" HPOS="255" VPOS="1195" WIDTH="17"/>
						<String ID="P32_ST00154" HPOS="272" VPOS="1175" WIDTH="40" HEIGHT="20" CONTENT="no" WC="0.55" CC="53"/>
						<SP ID="P32_SP00133" HPOS="312" VPOS="1195" WIDTH="18"/>
						<String ID="P32_ST00155" HPOS="330" VPOS="1163" WIDTH="110" HEIGHT="42" CONTENT="family" WC="0.90" CC="000230"/>
						<SP ID="P32_SP00134" HPOS="440" VPOS="1205" WIDTH="16"/>
						<String ID="P32_ST00156" HPOS="456" VPOS="1165" WIDTH="217" HEIGHT="41" CONTENT="complication" WC="0.85" CC="000020052006"/>
						<SP ID="P32_SP00135" HPOS="673" VPOS="1206" WIDTH="18"/>
						<String ID="P32_ST00157" HPOS="691" VPOS="1166" WIDTH="187" HEIGHT="42" CONTENT="impending" WC="0.57" CC="409069070"/>
						<SP ID="P32_SP00136" HPOS="878" VPOS="1208" WIDTH="16"/>
						<String ID="P32_ST00158" HPOS="894" VPOS="1178" WIDTH="76" HEIGHT="30" CONTENT="any" SUBS_TYPE="HypPart1" SUBS_CONTENT='anywhere,"' WC="0.75" CC="0702"/>
						<HYP CONTENT="-"/>
					</TextLine>
					<TextLine ID="P32_TL00020" HPOS="147" VPOS="1225" WIDTH="823" HEIGHT="36">
						<String ID="P32_ST00159" HPOS="147" VPOS="1225" WIDTH="125" HEIGHT="36" CONTENT='where,"' SUBS_TYPE="HypPart2" SUBS_CONTENT='anywhere,"' WC="0.60" CC="9706020"/>
						<SP ID="P32_SP00137" HPOS="272" VPOS="1261" WIDTH="24"/>
						<String ID="P32_ST00160" HPOS="296" VPOS="1225" WIDTH="37" HEIGHT="31" CONTENT="he" WC="0.61" CC="70"/>
						<SP ID="P32_SP00138" HPOS="333" VPOS="1261" WIDTH="26"/>
						<String ID="P32_ST00161" HPOS="359" VPOS="1226" WIDTH="162" HEIGHT="35" CONTENT="muttered," WC="0.75" CC="054503002"/>
						<SP ID="P32_SP00139" HPOS="521" VPOS="1261" WIDTH="27"/>
						<String ID="P32_ST00162" HPOS="548" VPOS="1237" WIDTH="33" HEIGHT="20" CONTENT="as" WC="0.69" CC="06"/>
						<SP ID="P32_SP00140" HPOS="581" VPOS="1261" WIDTH="26"/>
						<String ID="P32_ST00163" HPOS="607" VPOS="1226" WIDTH="48" HEIGHT="31" CONTENT="his" WC="0.56" CC="705"/>
						<SP ID="P32_SP00141" HPOS="655" VPOS="1261" WIDTH="25"/>
						<String ID="P32_ST00164" HPOS="680" VPOS="1232" WIDTH="127" HEIGHT="26" CONTENT="servant" WC="0.70" CC="3040066"/>
						<SP ID="P32_SP00142" HPOS="807" VPOS="1261" WIDTH="25"/>
						<String ID="P32_ST00165" HPOS="832" VPOS="1228" WIDTH="58" HEIGHT="31" CONTENT="left" WC="0.73" CC="3007"/>
						<SP ID="P32_SP00143" HPOS="890" VPOS="1261" WIDTH="26"/>
						<String ID="P32_ST00166" HPOS="916" VPOS="1229" WIDTH="54" HEIGHT="31" CONTENT="the" WC="0.62" CC="370"/>
					</TextLine>
				</TextBlock>
				<TextBlock ID="P32_TB00008" HPOS="147" VPOS="1297" WIDTH="90" HEIGHT="19" STYLEREFS="TXT_1 PAR_LEFT">
					<TextLine ID="P32_TL00021" HPOS="148" VPOS="1298" WIDTH="89" HEIGHT="18">
						<String ID="P32_ST00167" HPOS="148" VPOS="1298" WIDTH="89" HEIGHT="18" CONTENT="room." WC="0.64" CC="65500"/>
					</TextLine>
				</TextBlock>
				<TextBlock ID="P32_TB00009" HPOS="147" VPOS="1347" WIDTH="824" HEIGHT="221" STYLEREFS="TXT_1 PAR_LEFT">
					<TextLine ID="P32_TL00022" HPOS="189" VPOS="1348" WIDTH="782" HEIGHT="45">
						<String ID="P32_ST00168" HPOS="189" VPOS="1348" WIDTH="65" HEIGHT="30" CONTENT="The" WC="0.77" CC="060"/>
						<SP ID="P32_SP00144" HPOS="254" VPOS="1378" WIDTH="15"/>
						<String ID="P32_ST00169" HPOS="269" VPOS="1348" WIDTH="93" HEIGHT="30" CONTENT="rustle" WC="0.59" CC="476500"/>
						<SP ID="P32_SP00145" HPOS="362" VPOS="1378" WIDTH="20"/>
						<String ID="P32_ST00170" HPOS="382" VPOS="1348" WIDTH="33" HEIGHT="30" CONTENT="of" WC="1.00" CC="00"/>
						<SP ID="P32_SP00146" HPOS="415" VPOS="1378" WIDTH="22"/>
						<String ID="P32_ST00171" HPOS="437" VPOS="1348" WIDTH="59" HEIGHT="30" CONTENT="silk" WC="0.61" CC="5440"/>
						<SP ID="P32_SP00147" HPOS="496" VPOS="1378" WIDTH="16"/>
						<String ID="P32_ST00172" HPOS="512" VPOS="1359" WIDTH="63" HEIGHT="19" CONTENT="was" WC="0.78" CC="006"/>
						<SP ID="P32_SP00148" HPOS="575" VPOS="1378" WIDTH="15"/>
						<String ID="P32_ST00173" HPOS="590" VPOS="1348" WIDTH="95" HEIGHT="31" CONTENT="heard" WC="0.77" CC="70040"/>
						<SP ID="P32_SP00149" HPOS="685" VPOS="1379" WIDTH="16"/>
						<String ID="P32_ST00174" HPOS="701" VPOS="1350" WIDTH="142" HEIGHT="43" CONTENT="Avinding" WC="0.83" CC="00070060"/>
						<SP ID="P32_SP00150" HPOS="843" VPOS="1393" WIDTH="15"/>
						<String ID="P32_ST00175" HPOS="858" VPOS="1363" WIDTH="43" HEIGHT="30" CONTENT="up" WC="0.63" CC="70"/>
						<SP ID="P32_SP00151" HPOS="901" VPOS="1393" WIDTH="17"/>
						<String ID="P32_ST00176" HPOS="918" VPOS="1353" WIDTH="53" HEIGHT="31" CONTENT="the" WC="0.75" CC="070"/>
					</TextLine>
					<TextLine ID="P32_TL00023" HPOS="148" VPOS="1410" WIDTH="823" HEIGHT="41">
						<String ID="P32_ST00177" HPOS="148" VPOS="1411" WIDTH="150" HEIGHT="36" CONTENT="staircase," WC="0.68" CC="4630510603"/>
						<SP ID="P32_SP00152" HPOS="298" VPOS="1447" WIDTH="17"/>
						<String ID="P32_ST00178" HPOS="315" VPOS="1421" WIDTH="18" HEIGHT="19" CONTENT="a" WC="1.00" CC="0"/>
						<SP ID="P32_SP00153" HPOS="333" VPOS="1447" WIDTH="15"/>
						<String ID="P32_ST00179" HPOS="348" VPOS="1410" WIDTH="139" HEIGHT="37" CONTENT="luscious," WC="0.60" CC="663120463"/>
						<SP ID="P32_SP00154" HPOS="487" VPOS="1447" WIDTH="19"/>
						<String ID="P32_ST00180" HPOS="506" VPOS="1410" WIDTH="87" HEIGHT="40" CONTENT="spicy" WC="0.59" CC="59400"/>
						<SP ID="P32_SP00155" HPOS="593" VPOS="1450" WIDTH="15"/>
						<String ID="P32_ST00181" HPOS="608" VPOS="1411" WIDTH="139" HEIGHT="40" CONTENT="perfume" WC="0.88" CC="0000602"/>
						<SP ID="P32_SP00156" HPOS="747" VPOS="1451" WIDTH="16"/>
						<String ID="P32_ST00182" HPOS="763" VPOS="1411" WIDTH="138" HEIGHT="33" CONTENT="invaded" WC="0.84" CC="5500000"/>
						<SP ID="P32_SP00157" HPOS="901" VPOS="1451" WIDTH="16"/>
						<String ID="P32_ST00183" HPOS="917" VPOS="1415" WIDTH="54" HEIGHT="31" CONTENT="the" WC="0.56" CC="570"/>
					</TextLine>
					<TextLine ID="P32_TL00024" HPOS="147" VPOS="1471" WIDTH="824" HEIGHT="44">
						<String ID="P32_ST00184" HPOS="147" VPOS="1483" WIDTH="93" HEIGHT="26" CONTENT="room," WC="0.74" CC="60303"/>
						<SP ID="P32_SP00158" HPOS="240" VPOS="1509" WIDTH="26"/>
						<String ID="P32_ST00185" HPOS="266" VPOS="1482" WIDTH="32" HEIGHT="19" CONTENT="as" WC="0.45" CC="73"/>
						<SP ID="P32_SP00159" HPOS="298" VPOS="1509" WIDTH="22"/>
						<String ID="P32_ST00186" HPOS="320" VPOS="1471" WIDTH="134" HEIGHT="41" CONTENT="through" WC="0.53" CC="1630487"/>
						<SP ID="P32_SP00160" HPOS="454" VPOS="1512" WIDTH="22"/>
						<String ID="P32_ST00187" HPOS="476" VPOS="1471" WIDTH="52" HEIGHT="30" CONTENT="the" WC="0.57" CC="570"/>
						<SP ID="P32_SP00161" HPOS="528" VPOS="1512" WIDTH="24"/>
						<String ID="P32_ST00188" HPOS="552" VPOS="1483" WIDTH="79" HEIGHT="29" CONTENT="open" WC="0.82" CC="0007"/>
						<SP ID="P32_SP00162" HPOS="631" VPOS="1512" WIDTH="27"/>
						<String ID="P32_ST00189" HPOS="658" VPOS="1472" WIDTH="75" HEIGHT="31" CONTENT="door" WC="0.77" CC="0503"/>
						<SP ID="P32_SP00163" HPOS="733" VPOS="1512" WIDTH="25"/>
						<String ID="P32_ST00190" HPOS="758" VPOS="1475" WIDTH="129" HEIGHT="40" CONTENT="stepped" WC="0.87" CC="7200000"/>
						<SP ID="P32_SP00164" HPOS="887" VPOS="1515" WIDTH="31"/>
						<String ID="P32_ST00191" HPOS="918" VPOS="1477" WIDTH="53" HEIGHT="31" CONTENT="the" WC="0.57" CC="570"/>
					</TextLine>
					<TextLine ID="P32_TL00025" HPOS="147" VPOS="1533" WIDTH="824" HEIGHT="35">
						<String ID="P32_ST00192" HPOS="147" VPOS="1533" WIDTH="78" HEIGHT="32" CONTENT="form" WC="0.84" CC="0600"/>
						<SP ID="P32_SP00165" HPOS="225" VPOS="1565" WIDTH="27"/>
						<String ID="P32_ST00193" HPOS="252" VPOS="1533" WIDTH="34" HEIGHT="30" CONTENT="of" WC="0.63" CC="25"/>
						<SP ID="P32_SP00166" HPOS="286" VPOS="1565" WIDTH="20"/>
						<String ID="P32_ST00194" HPOS="306" VPOS="1544" WIDTH="18" HEIGHT="19" CONTENT="a" WC="1.00" CC="0"/>
						<SP ID="P32_SP00167" HPOS="324" VPOS="1565" WIDTH="25"/>
						<String ID="P32_ST00195" HPOS="349" VPOS="1533" WIDTH="102" HEIGHT="30" CONTENT="veiled" WC="0.83" CC="900000"/>
						<SP ID="P32_SP00168" HPOS="451" VPOS="1565" WIDTH="26"/>
						<String ID="P32_ST00196" HPOS="477" VPOS="1544" WIDTH="129" HEIGHT="19" CONTENT="Avoman." WC="0.91" CC="0000060"/>
						<SP ID="P32_SP00169" HPOS="606" VPOS="1565" WIDTH="47"/>
						<String ID="P32_ST00197" HPOS="653" VPOS="1534" WIDTH="42" HEIGHT="32" CONTENT="M." WC="0.86" CC="02"/>
						<SP ID="P32_SP00170" HPOS="695" VPOS="1566" WIDTH="24"/>
						<String ID="P32_ST00198" HPOS="719" VPOS="1534" WIDTH="39" HEIGHT="32" CONTENT="de" WC="1.00" CC="00"/>
						<SP ID="P32_SP00171" HPOS="758" VPOS="1566" WIDTH="26"/>
						<String ID="P32_ST00199" HPOS="784" VPOS="1535" WIDTH="187" HEIGHT="33" CONTENT="Beauvoisin" WC="0.69" CC="6007000537"/>
					</TextLine>
				</TextBlock>
			</PrintSpace>
		</Page>
	</Layout>
</alto>
