1132 1747
121 339 176 51 LOYE
356 340 136 51 THE
544 340 333 52 AYENGEB.

376 557 204 33 CHAPTER
606 559 22 31 I.

366 654 147 20 KINDRED
536 654 106 20 MINDS.

136 730 51 31 At
211 729 188 32 somewhere
425 730 94 31 about
542 729 51 32 the
618 742 84 20 same
726 730 73 32 time
824 730 88 32 when

93 791 84 32 what
206 790 57 32 has
293 790 79 32 been
403 790 116 32 related
548 790 32 31 in
610 790 53 32 the
693 791 59 31 last
789 791 125 42 chapter

94 864 63 21 was
187 853 107 40 taking
329 852 87 41 place
453 852 140 31 between
624 852 117 32 Olivier
772 852 60 31 and
861 852 53 32 the

95 914 127 42 Sphinx,
248 912 103 33 Claire
375 912 38 31 de
436 912 184 31 Beauvoisin
636 924 63 20 was
716 913 104 32 seated
843 913 31 31 in
897 925 19 20 a

95 975 89 33 small
205 986 87 21 room
317 986 39 20 on
381 974 53 31 the
458 974 113 31 second
593 974 75 31 floor
691 974 34 32 of
745 975 54 31 her
822 974 91 40 hotel,

94 1037 55 32 her
172 1036 99 32 hands
295 1035 124 32 crossed
440 1046 72 20 over
535 1046 18 19 a
573 1035 80 31 book
675 1035 67 32 that
763 1035 51 41 lay
837 1047 78 30 open

95 1111 39 20 on
150 1098 55 32 her
220 1097 104 32 knees.
359 1096 66 32 The
441 1107 86 20 room
543 1107 64 20 was
624 1096 109 42 simply
748 1096 165 40 furnished,

94 1161 87 41 hung
195 1159 76 31 with
294 1157 100 33 chintz
420 1158 27 42 (a
463 1157 67 42 pale
553 1169 76 30 grey
644 1157 119 42 ground
786 1157 129 33 covered

94 1223 73 32 with
193 1222 128 32 clusters
347 1220 34 31 of
401 1219 72 32 field
497 1219 140 42 flowers),
664 1219 55 32 but
742 1219 86 32 there
852 1230 62 21 was

94 1290 55 27 not
164 1296 18 20 a
196 1288 84 28 trace
297 1281 34 32 of
349 1281 111 42 luxury
476 1280 31 32 in
523 1281 32 31 it.
602 1281 31 31 It
647 1292 64 20 was
734 1279 117 43 lighted
873 1280 42 42 by

94 1358 58 21 one
171 1346 83 40 lamp
271 1356 39 19 on
326 1355 19 19 a
360 1342 82 32 table
464 1354 74 19 near
558 1341 52 32 the
629 1341 138 41 window,
785 1341 52 31 the
853 1346 63 26 rest

94 1409 34 31 of
139 1408 24 31 it
177 1406 94 41 being
287 1405 31 31 in
335 1404 76 41 deep
432 1403 102 31 shade.
581 1403 85 31 Near
685 1402 60 31 this
766 1402 81 31 table
868 1406 48 27 sat

93 1471 53 32 the
162 1478 105 32 young
283 1464 164 42 Marquise,
465 1464 97 41 alone,
580 1464 60 31 and
657 1463 72 31 with
749 1463 52 31 the
823 1462 44 32 air
888 1462 32 32 of

94 1546 18 20 a
135 1543 113 30 person
263 1529 70 32 who
352 1528 26 32 is
394 1528 162 42 watching.
603 1528 65 32 The
690 1527 83 32 third
796 1531 121 38 quarter

149 1599 54 15 VOL.
221 1598 27 14 II.
822 1593 11 15 B
