1132 1747
304 123 83 22 LOVE
414 125 122 23 STRONG
559 127 35 21 IN
616 127 115 21 DEATH.

883 121 50 27 297

113 200 34 27 to
173 197 38 31 be
235 210 39 19 an
299 200 200 42 agricultural
523 203 137 42 meeting
683 208 33 26 at
740 204 197 32 Combeville.

114 258 130 43 Brunoy
263 261 63 31 and
345 262 151 43 Malleray
511 264 63 30 had
593 265 62 30 had
674 266 75 30 each
766 266 81 30 their
865 265 72 38 fete,

114 321 63 30 and
197 322 54 31 the
270 322 60 32 last
350 324 201 32 distribution
571 326 34 30 of
620 327 97 40 prizes
736 338 63 20 was
814 332 32 26 to
865 327 73 30 take

114 382 87 41 place
227 388 32 27 at
285 385 196 33 Combeville.
530 388 31 30 It
584 399 64 19 Avas
673 393 32 26 to
730 388 38 31 be
793 388 105 31 rather
921 399 18 20 a

114 443 120 32 solemn
259 445 96 39 affair,
381 447 48 30 for
452 448 63 30 this
545 454 71 35 part
640 449 34 30 of
699 450 54 30 the
782 450 155 41 province,

114 504 90 44 lying
226 518 108 20 nearer
348 509 136 30 towards
499 509 46 31 La
559 510 129 38 Beauce,
705 521 64 20 was
791 511 53 31 the
859 515 82 26 most

114 570 112 40 purely
257 571 199 41 agricultural
487 572 123 31 district
639 572 34 31 of
704 573 49 37 all,
785 572 63 31 and
876 572 64 31 laid

114 631 109 31 claims
238 636 33 26 to
286 637 129 36 respect,
429 633 33 30 in
478 633 53 31 the
546 644 70 31 wray
633 634 34 30 of
679 634 124 41 mangel
817 633 121 37 Avurzel,

114 693 195 38 cart-horses,
328 694 63 31 and
405 695 78 41 pigs.
532 694 96 31 There
644 695 62 30 had
721 695 86 37 been,
825 706 40 19 on
887 695 53 30 the

114 754 66 31 side
197 755 35 30 of
247 755 54 30 the
317 760 88 37 great
424 756 196 40 proprietors,
640 756 117 30 several
776 755 165 31 successful

114 821 152 37 attempts
292 822 33 25 at
349 818 179 41 improAing
551 818 54 29 the
633 818 110 40 equine
772 828 78 26 race,
879 817 62 30 and

115 879 43 31 M.
182 879 38 31 de
241 879 158 31 Clavreufi
418 879 63 31 and
501 879 99 30 Henri
620 879 130 41 Dupont
771 879 62 30 had
854 879 85 37 both,

114 952 87 30 upon
217 951 57 20 one
291 940 150 38 occasion,
460 945 68 25 sent
543 951 43 30 up
601 945 32 25 to
657 940 93 38 Paris,
767 946 32 25 to
815 952 18 19 a
848 940 93 31 cattle

115 1002 96 38 show,
230 1014 17 19 a
262 1007 84 26 team
362 1013 33 20 or
410 1006 63 26 two
489 1001 35 31 of
535 1001 200 42 regenerated
746 1001 195 32 Percherons

114 1064 72 31 that
215 1075 72 20 won
317 1064 54 31 the
402 1062 148 37 suffrages
580 1062 35 31 of
649 1062 41 31 all
721 1063 217 31 connoisseurs.

115 1125 98 30 There
232 1136 80 19 were
328 1136 84 19 some
436 1124 210 30 adventurous
670 1123 103 41 spirits
788 1123 69 31 wiio
880 1123 61 32 had

115 1187 82 31 tried
213 1187 94 40 sheep
322 1198 7 24 ;
352 1186 68 37 but,
437 1196 33 20 as
486 1196 18 20 a
515 1184 124 43 general
655 1184 75 37 rule,
743 1189 124 26 mutton
878 1196 63 20 was

115 1249 68 31 said
199 1254 56 25 not
270 1254 32 24 to
321 1259 71 29 pay,
410 1246 71 31 and.
492 1246 104 30 horses
615 1245 62 31 and
694 1246 68 42 pigs
784 1247 157 30 remained

114 1312 35 30 in
169 1311 54 31 the
246 1309 171 32 ascendant
418 1327 43 3 —
462 1308 53 30 the
533 1307 114 30 former
666 1307 97 41 really
775 1307 166 43 justifying

114 1373 66 31 this
194 1381 229 32 perseArerance,
441 1369 53 30 the
510 1368 93 30 latter
619 1368 163 41 decidedly
798 1368 70 37 bad,
884 1368 57 31 but

115 1435 104 41 filling
233 1433 55 31 the
304 1431 81 32 souls
402 1431 34 30 of
453 1430 81 30 their
552 1429 142 30 breeders
709 1429 76 30 with
807 1429 134 31 satisfac-

115 1498 76 30 tion.
254 1495 88 40 They
373 1491 160 43 delighted
564 1491 33 29 in
627 1491 80 29 their
736 1491 205 42 long-legged,

114 1556 201 43 large-eared,
329 1552 245 43 flabby-flanked
589 1552 76 41 pigs.
709 1552 128 30 Horned
850 1553 91 30 cattle
