1132 1747
402 133 64 21 THE
488 134 87 20 BALL.

852 130 52 24 259

83 217 33 19 as
134 206 55 31 her
214 219 94 31 every
327 209 108 42 glance
455 210 144 32 folloAved
623 211 54 31 her
695 212 91 30 much
813 211 90 31 loved

82 268 86 30 niece
185 269 101 30 about.

229 332 99 37 usual,
353 343 56 31 my
431 333 99 31 Claire
555 334 25 30 is
604 334 53 30 the
681 346 98 29 queen
798 334 33 31 of
854 335 50 30 the

194 392 68 31 said
284 393 53 31 she
356 394 110 42 fondly
480 399 33 26 to
536 395 52 30 the
612 407 105 30 young
740 396 164 41 Marquise,

84 465 33 19 as
133 454 53 31 the
202 466 95 29 pause
314 456 32 29 in
362 467 16 18 a
395 456 91 30 waltz
502 457 134 41 brought
652 457 53 30 the
720 457 92 31 latter
828 458 76 30 close

84 520 32 24 to
133 515 60 29 her.

130 575 99 32 Claire
255 577 115 30 turned
393 577 107 36 round,
520 578 71 37 and,
613 579 128 41 putting
764 579 55 30 her
842 590 64 19 arm

84 637 101 30 round
211 637 56 30 her
298 637 99 30 aunt's
420 639 99 36 waist,
546 639 76 29 with
649 650 18 18 a
696 639 121 30 sudden
846 640 60 29 and

85 697 230 42 indescribably
338 698 137 41 graceful
501 703 186 33 movement,
747 699 71 30 You
844 700 62 29 will

86 759 116 41 always
225 760 79 40 spoil
327 771 59 26 me,
407 760 90 30 Aunt
521 760 192 30 Clementine
729 761 5 29 !
779 761 53 29 she
856 772 50 18 ex-

86 821 140 37 claimed,
248 822 187 40 imprinting
455 833 17 18 a
491 822 63 29 kiss
578 833 40 18 on
642 822 144 29 Madame
810 822 96 30 Beau-

87 882 121 29 douin's
223 882 103 29 cheek.

161 943 93 31 Child
269 944 5 29 !
300 944 83 29 chfld
398 944 5 29 !
449 943 83 30 cried
547 944 53 29 the
623 943 99 37 latter,
739 943 148 41 laughing
901 955 4 23 ;

118 1005 86 30 what
220 1004 63 30 will
299 1004 42 30 all
355 1004 54 30 the
425 1004 116 30 solemn
557 1009 46 25 set
618 1015 56 28 say
687 1004 11 30 ?

160 1066 48 32 Oh
223 1079 6 24 ;
261 1077 96 19 never
386 1065 97 38 mind,
516 1071 85 32 aunt,
628 1065 72 31 dear
711 1067 5 29 !
774 1065 129 41 pleaded

86 1129 100 30 Claire
200 1141 6 24 ;
293 1138 94 20 never
402 1127 127 31 amused
544 1126 113 40 myself

162 1190 75 30 And
253 1200 62 30 you
331 1188 97 41 really
443 1199 49 20 are
509 1188 142 41 amusing
669 1187 138 42 yourself
826 1198 79 27 now,

84 1264 56 30 my
178 1251 123 41 darling
313 1251 11 29 ?
380 1249 117 41 replied
534 1249 144 31 Madame
715 1249 189 37 Beaudouin,

83 1314 154 42 tenderly,
282 1313 62 31 and
381 1312 166 41 surveying
584 1312 106 41 gladly
729 1312 53 30 the
827 1322 78 19 rose-

84 1378 104 30 bloom
223 1376 34 31 of
292 1375 55 31 her
376 1373 109 31 niece's
515 1374 103 37 cheek,
652 1374 60 30 and
743 1373 52 30 the
826 1373 79 30 radi-

85 1451 75 20 ance
193 1438 33 31 of
253 1438 53 30 the
337 1436 87 32 smile
455 1436 33 30 in
518 1435 54 31 her
599 1446 69 30 eyes
699 1435 61 30 and
787 1446 39 19 on
853 1434 52 31 her

84 1503 67 39 lips.

160 1563 15 31 I
191 1561 94 33 think
378 1558 158 32 answered
552 1557 107 38 Claire,
678 1567 32 21 as
725 1556 53 31 she
793 1556 111 31 floated

784 1623 11 13 s
810 1618 10 18 2
