1132 1747
414 459 200 31 CHAPTER
637 459 120 30 XXIII.

372 557 83 21 LOVE
479 556 123 22 STRONG
625 556 36 22 IN
684 555 117 22 DEATH.

218 635 31 30 A
264 644 183 23 fortnight
462 634 120 42 passed,
600 634 63 31 and
679 644 96 31 every
790 632 63 42 day
869 632 136 43 brought

174 695 55 32 the
251 707 105 31 young
372 696 156 42 Marquise
544 696 143 42 together
701 695 80 30 Avith
803 694 56 31 her
875 694 109 31 cousin
997 706 8 25 ;

174 758 123 42 mostly,
319 763 61 33 too,
404 763 144 37 amongst
571 757 89 31 other
685 757 121 41 people,
831 767 33 20 so
887 756 71 31 that
980 756 25 31 it

174 831 63 20 was
252 820 118 31 seldom
384 820 70 31 that
470 819 100 32 Claire
582 830 63 21 was
660 829 72 21 seen
748 818 163 31 otherwise
927 817 78 31 than

174 886 33 26 to
222 882 55 30 her
291 886 87 37 great
394 882 62 30 and
471 881 131 31 marked
617 881 186 42 advantage.

217 944 96 30 There
329 955 71 25 was,
417 944 154 38 however,
588 943 94 42 again
705 954 18 19 a
747 942 119 41 change
881 941 34 31 in
938 941 64 31 her.

174 1003 61 32 She
259 1005 63 29 had
345 1005 141 40 relapsed
516 1004 102 31 afresh
648 1004 67 30 into
745 1003 57 31 her
832 1003 54 30 old
916 1003 88 41 cpiiet

174 1077 93 30 ways,
284 1066 61 31 and
368 1066 146 31 Madame
538 1066 38 31 de
593 1066 155 31 Clavreuil
771 1066 102 42 began
888 1070 34 26 to
945 1065 59 31 feel

173 1127 158 32 reassured
353 1128 151 36 touching
527 1128 54 31 the
604 1127 118 37 danger
743 1127 71 31 that
837 1127 65 31 had
929 1138 76 21 once

174 1188 122 31 seemed
313 1188 207 38 threatening,
538 1189 33 31 of
588 1189 55 31 her
664 1189 154 37 daughter
839 1189 166 37 becoming

174 1249 61 32 like
259 1255 76 26 unto
360 1262 40 19 an
424 1250 263 43 Englishwoman,
715 1251 62 31 and
802 1250 69 32 fast.
924 1251 81 31 Poor

175 1310 99 32 Claire
286 1314 5 28 !
315 1311 87 31 there
417 1322 64 20 was
496 1312 134 41 nothing
651 1312 63 30 fast
729 1312 96 31 about
843 1313 56 31 her
921 1325 82 27 noAv,

174 1372 132 42 nothing
323 1377 32 26 at
370 1372 41 31 all
425 1372 187 42 resembling
627 1384 58 19 one
701 1373 35 30 of
755 1374 88 30 those
859 1374 145 32 fabulous

174 1432 116 32 British
315 1433 113 37 dames,
444 1438 144 37 rampant
611 1434 63 30 and
693 1435 99 41 noisy,
809 1436 113 42 horsey
941 1436 62 32 and

174 1494 244 42 self-indulgent,
450 1495 102 31 which
589 1496 100 30 haunt
726 1497 55 31 the
813 1497 122 33 dreams
973 1498 32 32 of

174 1566 110 31 proper
321 1556 119 31 French
478 1557 136 31 mothers
653 1558 33 30 in
723 1558 64 31 this
825 1558 178 43 dreadfully
