1132 1747
196 114 52 26 278

435 121 82 20 LOVE
541 120 65 21 THE
629 117 161 23 AVENGER.

240 198 29 30 A
300 199 120 30 sudden
451 198 62 31 and
543 197 124 30 fervent
731 193 71 32 God
832 195 93 40 grant
956 190 26 31 it
994 191 6 31 !

196 259 130 40 escaped
341 259 79 31 from
435 259 48 31 his
499 258 116 31 uncle's
631 257 67 41 lips.

271 321 84 38 And,
375 321 27 31 if
419 321 54 31 the
488 325 95 27 worst
604 331 101 19 comes
721 323 33 26 to
770 318 54 31 the
985 315 38 31 he

195 381 112 39 added,
324 382 108 43 trying
446 386 33 27 to
495 392 120 21 assume
632 392 40 20 an
688 379 142 32 off-hand
847 379 53 37 air,
952 377 73 42 Avhy

194 442 48 32 for
257 454 18 20 a
290 454 74 21 man
384 444 62 31 like
469 455 72 31 you,
563 443 54 32 the
637 442 61 32 loss
720 442 34 31 of
773 441 77 32 such
866 453 18 18 a
899 451 125 20 woman

194 516 33 20 as
242 506 69 30 that
328 506 90 30 could
433 506 38 31 be
488 506 33 30 of
532 517 42 19 no

270 567 58 31 We
358 568 80 30 need
467 572 55 26 not
553 566 156 42 speculate
740 577 40 19 on
810 564 54 31 the

192 628 117 41 replied
334 629 174 40 Moranges.
598 628 16 31 I
640 639 73 30 may
738 628 38 30 be
803 626 158 31 mistaken
962 645 44 3 —
1007 625 14 31 I

192 690 104 31 would
312 696 55 25 not
383 702 106 25 wrong

235 751 43 31 M.
298 752 37 30 de
356 751 187 32 Beauvoisin
564 762 65 21 was
651 751 61 31 lost
734 751 34 31 in
792 762 17 19 a
831 762 97 26 maze,
952 751 74 44 andf

190 814 118 42 utterly
323 814 145 42 ignorant
483 813 35 32 of
531 814 85 31 Avhat
634 825 18 19 a
667 813 127 42 passion
810 813 35 31 of
862 813 64 31 this
946 813 78 31 kind

190 885 73 31 may
289 875 100 37 make,
418 879 32 26 at
477 874 156 42 fifty-five,
663 875 35 30 of
721 886 19 19 a
766 886 75 19 man
868 874 71 31 Avho
966 874 56 31 has

189 946 95 20 never
297 935 101 39 loved,
415 936 38 30 he
470 936 125 30 shoAved
610 936 55 30 the
681 936 134 39 surprise
831 935 39 31 he
886 935 65 31 felt.

266 996 57 42 My
344 997 126 42 dignity
489 998 138 41 requires
652 998 71 30 that
748 998 16 29 I
788 998 114 30 should
926 997 95 31 knoAv

189 1057 54 31 the
408 1059 149 31 observed
582 1059 43 31 M.
650 1060 38 30 de
713 1059 174 43 Moranges,
915 1060 106 42 acting

190 1130 41 30 up
243 1124 33 25 to
291 1120 53 30 the
361 1120 60 30 last
434 1125 33 26 to
480 1121 85 31 Avhat
581 1121 63 31 had
659 1121 78 31 been
749 1121 54 31 the
819 1126 71 38 part
905 1122 113 42 played

190 1179 133 41 through
340 1180 60 30 life.

264 1241 63 30 But
351 1242 27 29 if
398 1242 51 30 the
471 1242 89 31 truth
576 1254 79 20 were
672 1243 86 31 AAdiat
779 1255 46 20 Ave
850 1245 64 30 -will
939 1245 81 41 hope

189 1302 26 30 it
236 1303 26 30 is
285 1307 55 26 not
353 1303 10 30 ?
416 1304 165 42 suggested
611 1304 125 39 OliAier,
764 1311 57 26 not
845 1319 78 29 very
950 1308 69 30 well

190 1363 147 42 knoAving
352 1364 84 31 Avhat
452 1369 33 26 to
501 1376 62 29 say.

233 1424 62 31 The
311 1424 72 32 look
398 1425 69 31 that
482 1425 47 31 for
553 1437 18 20 a
593 1432 141 26 moment
754 1429 112 40 passed
882 1441 74 19 over
971 1429 48 31 his

189 1485 114 31 uncle's
333 1485 133 32 features
492 1498 63 20 was
580 1499 57 19 one
668 1489 71 30 that
773 1490 91 31 could
895 1496 56 25 not
981 1491 38 31 be

190 1546 154 42 forgotten
367 1548 90 31 Avhen
489 1561 76 19 once
589 1561 80 20 seen.
718 1551 30 31 It
778 1563 63 20 Avas
869 1564 17 20 a
913 1553 107 39 pitiful
