1132 1747
368 118 93 21 CROSS
485 118 162 21 PURPOSES.

872 112 50 26 105

249 205 47 20 we
323 194 40 30 all
578 195 66 31 said
672 194 114 32 Olivier
798 208 6 24 ;
869 196 56 30 but

108 266 82 19 some
205 255 93 42 fancy
313 267 98 19 seems
425 261 33 25 to
474 256 79 30 haAre
574 256 98 31 seized
689 268 55 19 our
759 256 82 31 lords
864 256 61 30 and

108 322 138 34 masters,
278 318 62 30 and
369 318 54 31 the
454 318 129 31 election
612 318 26 31 is
667 324 33 25 to
737 318 72 31 take
839 318 86 41 place

108 379 149 41 directly;
282 390 32 19 as
338 379 14 30 I
379 379 78 31 have
484 379 67 31 told
577 390 70 31 you,
675 379 34 31 in
732 379 52 31 the
815 379 109 31 second

108 440 86 29 week
210 440 34 29 of
256 445 75 24 next

184 500 89 39 Well,
299 512 55 30 my
378 501 72 31 dear
476 501 70 41 boy,
563 501 85 31 what
671 506 84 26 must
780 501 46 38 be,
843 506 84 26 must

191 562 146 32 observed
352 562 48 31 his
415 562 97 31 uncle.
590 562 74 31 And
686 563 141 30 hoAvever
842 567 85 38 great

108 635 18 20 a
141 623 72 32 bore
240 624 53 31 the
308 624 98 31 whole
429 624 92 42 thing
544 624 34 38 is,
596 628 93 27 count
712 635 84 31 upon
818 635 49 20 me
881 637 7 24 ;
913 624 14 31 I

109 686 64 30 aat.11
187 686 71 40 give
273 697 63 29 you
351 697 93 29 every
458 686 72 40 help
547 686 15 30 I

183 747 74 30 And
281 758 32 19 so
337 747 158 30 Monsieur
517 747 28 29 le
568 746 139 41 Marquis
729 747 26 30 is
780 746 94 31 about
895 750 33 27 to

109 809 123 30 become
259 809 54 30 the
340 809 119 40 deputy
473 809 49 29 for
547 808 251 31 Savre-et-Merle
812 808 10 30 ?
881 808 47 29 in-

110 870 144 30 sinuated
279 870 84 30 Mile,
392 870 38 30 de
453 869 228 41 Mourjonville,
704 880 40 25 as,
762 869 166 30 somewhat

110 931 116 31 farther
250 942 40 20 on
314 931 34 30 in
373 931 53 30 the
452 931 142 41 evening,
611 931 53 30 she
688 930 123 31 handed
831 930 65 30 him
912 941 16 19 a

110 991 81 40 glass
207 990 34 30 of
253 990 69 30 iced
336 990 178 41 orangeade.

156 1051 29 31 It
208 1062 63 19 Avas
303 1051 75 30 such
408 1062 18 18 a
456 1051 103 41 gentle
588 1055 72 26 tone
687 1051 32 29 in
746 1050 101 30 which
876 1049 52 31 the

117 1114 101 31 words
254 1124 79 21 were
370 1114 131 38 uttered,
527 1114 61 31 and
620 1114 74 31 such
726 1125 17 20 a
774 1114 71 32 look
875 1114 53 32 the

113 1176 129 42 speaker
272 1175 33 31 of
336 1175 86 31 them
452 1180 68 26 sent
547 1176 141 42 creeping
716 1176 41 31 all
781 1187 72 20 over
875 1176 53 31 the

112 1249 73 19 man
220 1237 53 31 she
306 1236 166 32 addressed
486 1239 6 29 !
546 1237 162 39 However,
746 1237 85 31 there
867 1249 61 19 was

109 1299 173 42 seemingly
308 1311 39 18 no
378 1300 251 40 unpleasantness
664 1300 139 30 between
832 1300 95 37 them,

110 1361 48 31 for
183 1361 77 41 they
290 1361 106 31 talked
427 1361 140 42 together
597 1373 18 18 a
643 1366 88 37 great
760 1361 71 31 deal
859 1361 69 30 that

109 1422 142 43 evening,
298 1422 133 31 Avithout
467 1422 176 42 perceiving
688 1422 70 31 how
794 1422 134 41 intently

108 1485 76 42 they
213 1496 80 20 were
331 1485 141 31 Avatched
511 1485 43 41 by
583 1484 53 32 the
666 1489 114 26 master
809 1483 33 32 of
875 1484 53 31 the

109 1547 102 30 house.
