1132 1747
166 96 53 25 202

406 102 84 19 LOVE
513 101 64 20 THE
600 98 161 22 AVENGER.

346 181 54 29 the
431 179 155 35 Corsican,
614 176 27 32 if
668 187 63 31 you
886 170 116 33 echoed

170 241 98 32 Henri
291 241 131 41 Dupont
434 253 7 24 ;
501 240 58 30 but
575 238 64 31 still
659 248 84 21 more
766 236 54 31 the
836 234 166 32 invention

169 303 34 31 of
215 303 53 31 the
284 314 73 20 man
370 307 32 26 at
412 302 162 40 Malleray,
585 300 71 31 who
671 300 27 30 is
710 299 54 31 the
780 296 222 43 master-spirit

172 364 66 43 (the
255 365 145 31 Corsican
421 364 26 30 is
468 374 18 20 a
500 374 84 20 mere
608 362 167 36 subaltern,
793 359 209 32 mischievous

169 439 33 19 as
223 427 55 31 the
300 427 122 42 plague,
447 426 59 31 but
532 437 18 20 a
577 423 181 42 subaltern).
807 423 91 37 Well,
916 421 86 31 what

168 490 77 41 they
268 489 62 31 had
360 489 161 42 imagined
551 499 64 20 Avas
637 492 33 26 to
695 487 105 42 enjoin
830 496 87 32 upon
946 484 55 31 the

169 551 250 41 tavern-keepers
451 551 33 30 in
517 550 75 31 each
624 549 129 41 locality
790 547 131 42 (they're
960 545 42 32 all

168 614 82 30 their
276 624 69 20 own
369 613 89 42 spies,
476 612 41 31 all
540 611 34 32 of
594 611 58 32 'em
675 616 32 26 to
731 622 18 19 a
772 622 74 19 man
862 608 18 43 !)
898 614 34 26 to
947 612 55 39 get

170 674 74 31 hold
261 674 34 31 of
312 674 53 31 the
381 673 140 32 hawkers
538 672 33 32 of
593 672 142 32 Olivier's
751 672 139 36 circular,
908 670 92 31 make

169 735 87 31 them
284 735 113 37 drunk,
414 735 76 31 then
514 735 79 31 seize
613 734 54 32 the
688 745 111 31 papers
822 733 76 42 they
914 744 86 19 came

170 801 32 26 to
218 796 175 38 distribute,
411 796 61 31 and
493 796 71 31 lock
578 796 87 31 these
681 807 44 30 up
740 795 50 31 till
806 806 84 21 some
907 799 95 38 agent

171 858 34 30 of
224 858 161 41 authority
401 869 86 19 came
510 862 33 26 to
570 858 56 30 ask
648 857 49 31 for
718 857 96 31 them.
863 856 15 31 I
903 856 99 31 found

170 920 64 31 this
250 925 54 26 out
319 920 128 41 luckily,
462 931 32 19 so
511 920 16 30 I
543 924 55 37 got
614 919 143 42 together
771 919 114 30 twelve
902 918 33 30 of
947 930 55 29 my

170 982 135 41 keepers,
318 981 117 32 felloAvs
451 981 15 31 I
484 992 57 21 can
557 986 91 33 trust,
662 981 63 31 and
738 981 113 31 caused
866 981 87 31 them
968 986 34 26 to

170 1043 38 32 be
229 1043 187 32 beforehand
441 1043 78 31 Avith
540 1043 54 32 the
618 1043 197 42 sub-prefect.
866 1043 136 42 They've

171 1105 78 30 been
265 1109 32 27 at
318 1104 86 32 Avork
418 1104 48 31 for
481 1104 204 42 twenty-four
699 1105 95 31 hours
809 1104 193 43 throughout

171 1166 53 31 the
240 1171 121 26 eastern
377 1166 60 31 end
453 1166 34 31 of
499 1167 52 30 the
568 1166 216 42 Department,
807 1167 63 30 and
891 1166 111 31 there's

172 1232 57 26 not
259 1239 19 19 a
306 1232 110 26 tavern
448 1239 34 19 or
510 1228 174 41 Avine-shop
712 1228 113 41 keeper
849 1229 70 30 who
945 1240 57 19 can

173 1290 92 31 stand
295 1301 41 20 on
365 1290 48 30 his
443 1290 65 41 legs
539 1290 33 29 in
599 1290 53 30 the
682 1290 100 30 Avhole
811 1290 191 30 Combeville

173 1351 122 32 district
307 1353 6 30 !
337 1363 55 30 my
403 1351 118 31 felloAvs
537 1362 50 20 are
604 1362 33 19 as
653 1351 88 31 sober
756 1363 33 19 as
802 1351 122 43 judges,
939 1351 63 32 and

175 1412 138 32 Olivier's
345 1412 127 32 circular
506 1412 26 30 is
564 1412 33 30 in
630 1423 93 31 every
753 1412 99 32 man's
881 1412 101 32 hands
995 1415 7 29 !

173 1474 122 32 There's
311 1486 54 28 my
380 1473 86 31 Avork
482 1473 83 31 since

251 1534 100 31 Bravo
364 1536 6 29 !
537 1544 85 21 came
634 1533 80 32 from
731 1533 40 32 all
787 1533 90 36 sides,
895 1534 107 32 mixed
