1132 1747
293 123 92 27 LOVE,
402 124 65 21 THE
490 125 85 21 SAME
598 125 35 21 IN
655 125 68 21 ALL.

872 119 53 24 289

102 199 85 38 road,
219 200 77 42 they
335 203 163 39 perceived
535 203 87 30 three
650 203 160 30 horsemen
850 203 76 30 close

103 260 118 32 behind
243 261 88 31 them
346 274 5 18 :
377 263 101 30 Henri
495 264 139 41 Dupont,
655 263 42 31 M.
720 264 38 30 de
778 264 148 37 Lancour,

104 322 64 31 and
184 333 18 20 a
216 322 127 31 brother
359 323 103 30 officer
477 324 34 29 of
522 325 54 28 the
591 325 92 28 latter
685 324 29 29 's.

148 383 113 42 Lively
285 386 157 40 greetings
467 397 79 19 were
573 386 187 41 exchanged,
787 386 61 30 and
876 385 53 30 the

104 445 177 31 remainder
302 446 33 30 of
354 447 53 30 the
430 458 71 30 way
522 447 80 30 back
627 451 34 26 to
688 447 155 30 ClaAreuil
868 458 63 19 was

103 507 198 31 undertaken
315 507 143 42 together
472 520 7 25 ;
502 507 54 31 the
572 508 189 41 equestrians
778 508 152 41 escorting

105 568 54 31 the
175 579 107 31 young
298 568 158 42 Marquise
473 568 62 31 and
555 568 55 31 her
624 573 84 26 aunt.
755 568 174 41 Naturally,

105 630 55 31 the
191 629 121 42 subject
339 630 34 30 of
400 629 213 31 conversation
639 640 63 20 was
731 629 52 31 the
810 629 61 32 fete
902 629 32 31 of

106 691 54 32 the
190 691 93 42 night
313 690 103 32 before
429 703 7 25 ;
475 690 63 31 and
567 690 74 31 each
672 701 56 20 one
757 690 63 31 had
849 701 82 20 some

107 753 123 31 remark
254 757 33 26 to
315 752 83 38 offer,
427 763 34 20 or
484 763 83 20 some
597 751 139 31 incident
765 756 33 26 to
827 752 101 30 relate.

108 815 101 31 Claire
231 818 60 37 put
307 825 40 19 on
369 813 54 31 the
445 813 89 31 mask
550 812 101 31 which
674 812 116 41 society
805 811 128 32 decided

108 877 55 30 she
192 876 64 30 had
285 880 33 25 to
346 886 90 26 wear,
464 873 141 32 assumed
635 873 53 31 the
717 877 70 37 part
816 873 26 30 it
871 883 62 20 was

108 938 56 31 her
191 937 141 31 business
362 941 33 25 to
424 935 144 42 perform,
597 934 62 31 and
684 945 62 20 was
776 934 157 43 charming

110 999 64 32 and
200 998 146 43 graceful,
371 998 141 40 pleasant
537 995 62 31 and
622 994 93 38 what,
743 995 33 30 in
803 1006 17 19 a
843 995 91 31 lesser

110 1071 133 27 woman,
268 1058 103 42 might
395 1058 38 30 be
458 1056 98 31 called
581 1055 115 41 chatty,
718 1054 57 31 but
799 1055 52 30 she
870 1066 64 20 was

110 1126 57 26 not
181 1122 56 30 her
252 1131 72 20 own
339 1119 63 30 self.

189 1182 119 32 Gaston
333 1181 38 30 de
391 1179 154 31 Vivienne
570 1177 55 30 has
649 1176 202 41 wonderfully
876 1176 56 31 im-

275 1242 149 33 observed
440 1240 144 31 Madame
600 1238 187 31 Beaudouin.

190 1306 76 31 He's
297 1317 19 19 a
345 1314 77 30 very
451 1302 61 30 fine
701 1298 100 31 added
836 1298 97 31 Henri

112 1370 133 41 Dupont
258 1380 7 25 ;
319 1365 62 31 and
400 1364 56 31 has
475 1363 33 30 in
530 1363 67 29 him
615 1361 53 30 the
688 1359 77 32 stuff
776 1359 34 31 of
826 1371 17 19 a
862 1371 71 19 man

111 1429 126 43 beyond
252 1429 54 31 the
322 1427 147 39 ordinary

188 1491 32 32 If
243 1490 53 31 the
324 1487 98 32 world
422 1505 43 3 —
465 1485 49 31 his
539 1482 106 38 world,
673 1482 15 30 I
715 1493 89 19 mean
805 1501 42 2 —
848 1481 86 31 don't

113 1554 80 41 spoil
208 1554 27 30 it
335 1546 163 35 remarked
512 1545 115 32 Victor.

170 1630 53 15 VOL.
242 1629 26 16 II.
835 1620 15 16 C
