1132 1747
156 109 34 24 54

388 115 81 20 LOVE
493 113 64 22 THE
580 111 161 23 AVENGER.

230 192 75 41 May
319 191 38 32 be
372 192 52 30 the
439 190 89 32 smell
543 189 34 32 of
588 189 53 32 the
814 183 165 45 suggested

158 253 121 31 Olivier.

370 313 141 31 resumed
541 314 53 29 the
630 312 148 36 Duchess,
812 309 119 40 casting
963 316 18 20 a

158 376 105 41 glance
287 376 31 29 in
341 375 54 31 the
418 375 150 30 direction
600 373 34 31 of
660 373 54 30 the
741 369 146 44 Sphinx's
909 379 72 20 noAv

158 442 106 36 empty
279 441 73 34 seat,
401 436 15 30 I
432 435 99 31 didn't
546 434 92 32 think
655 434 83 41 they,
756 432 35 32 of
807 431 70 32 that
893 430 87 36 class,

158 510 77 20 Avere
261 509 32 20 so
317 508 138 21 nervous.
504 497 85 41 Why
611 508 49 19 are
685 496 76 40 they
777 492 99 33 called
892 492 90 42 files

158 561 38 29 de
212 559 124 31 marbre
349 559 15 31 ?

202 620 73 31 And
290 620 83 37 then,
391 620 76 31 after
483 631 17 20 a
516 624 194 35 momentary
726 629 103 30 pause,
831 635 44 4 —

235 682 15 30 I
282 692 130 30 suppose
441 681 48 31 it's
519 685 56 27 not
600 680 53 32 the
683 691 118 26 nerves,
828 678 75 41 only
929 677 52 30 the

161 744 103 29 hearts
279 743 69 30 that
363 754 49 19 are

204 805 73 29 And
301 805 74 29 then
395 804 75 41 they
484 803 107 31 talked
612 803 63 31 and
697 802 135 43 laughed
854 812 49 28 on,
920 801 63 31 and

163 865 210 30 conversation
404 865 133 37 became,
569 864 42 42 by
641 868 97 33 turns,
780 863 132 43 general,
950 873 33 20 or

163 926 137 41 relapsed
319 927 66 29 into
408 926 108 37 asides,
533 926 62 30 and
616 926 25 30 it
656 936 63 20 Avas
742 925 61 31 late
819 925 91 31 when
931 924 52 32 the

163 989 138 39 pleasant
317 999 97 29 group
429 988 93 30 broke
537 999 50 29 up.

239 1050 69 29 You
323 1060 72 29 may
411 1049 70 40 give
496 1060 48 19 me
561 1060 18 19 a
594 1049 50 30 fist
660 1049 32 29 in
708 1060 79 29 your
801 1049 182 42 brougham,

337 1110 66 31 said
437 1110 42 31 M.
513 1110 37 31 de
589 1110 174 43 Moranges,
795 1122 42 27 as,
868 1111 118 42 haAdng

163 1171 108 43 parted
286 1171 78 30 from
379 1171 53 30 the
446 1171 96 31 ladies
566 1171 34 31 of
620 1171 81 31 their
716 1177 100 37 party,
833 1172 38 32 he
887 1173 99 31 found

164 1232 124 31 himself
307 1232 146 42 standing
476 1232 43 41 by
533 1232 48 31 his
604 1232 154 42 nephew's
781 1233 65 31 side
871 1245 41 20 on
932 1235 54 30 the

165 1292 136 41 asphalte
318 1291 33 30 of
362 1291 52 30 the
432 1291 133 41 Champs
581 1292 124 40 Elysees
718 1305 7 25 ;
781 1304 55 30 my
852 1294 134 43 carriage

165 1354 26 31 is
206 1364 77 30 gone
297 1353 90 30 home
402 1353 76 30 Avith

208 1414 116 32 Olivier
350 1414 146 41 accepted
522 1415 78 31 with
626 1416 164 39 readiness,
808 1418 62 30 and
892 1419 95 32 drove

166 1475 47 31 his
228 1475 89 30 uncle
332 1480 33 25 to
380 1475 52 31 the
448 1475 66 31 Rue
538 1475 38 32 de
593 1475 148 33 Grenelle.
790 1478 87 42 They
892 1481 95 41 spoke

168 1536 88 38 little,
281 1536 70 38 and,
375 1536 85 31 what
485 1536 76 42 they
576 1536 54 32 did
649 1549 63 29 say,
737 1539 117 32 related
878 1546 33 27 to
935 1542 52 32 the
