1132 1747
416 112 110 21 RISING
548 113 116 20 WAVES.

913 110 32 24 33

133 187 53 30 the
201 187 76 39 best,
294 188 54 30 the
365 193 81 26 most
461 188 148 42 complete
625 188 33 32 of
677 189 54 31 her
746 189 83 32 kind.
876 189 73 31 This

134 260 63 19 Avas
212 249 85 42 right
312 249 63 30 and
390 260 110 30 proper
515 260 39 20 on
568 249 171 32 Claudine's
753 255 70 37 part
836 263 7 24 ;
865 250 85 31 there

134 321 65 19 was
215 321 18 19 a
248 309 177 43 fittingness
440 310 34 30 in
493 310 26 31 it
538 310 102 31 Avhich
655 311 124 41 pleased
794 311 52 31 the
868 310 82 31 Mar-

136 370 92 41 quis's
244 371 152 42 exquisite
410 376 89 33 taste,
515 372 62 30 and
592 372 38 31 he
645 372 148 42 regarded
807 372 55 31 her
875 371 76 32 with

135 433 54 31 the
206 444 82 20 same
304 432 110 32 favour
435 433 39 31 he
497 434 153 30 extended
672 438 32 26 to
726 434 53 30 the
799 434 96 37 horse,
919 445 33 19 or

136 496 130 40 picture,
290 507 34 19 or
343 495 100 41 jewel,
470 495 101 31 which
593 496 100 41 might
714 497 78 29 have
809 501 64 25 cost
887 496 64 29 him

138 557 126 30 dearest.
299 557 50 30 He
360 556 54 30 did
429 561 64 33 not,
504 568 33 19 as
552 561 62 36 yet,
625 557 93 30 know
729 557 84 30 what
827 567 62 19 was
900 557 52 29 the

136 618 83 40 price
234 618 39 29 he
288 629 64 19 was
368 617 141 31 destined
531 622 32 26 to
585 630 62 29 pay
660 619 48 29 for
721 618 62 30 this
797 618 137 40 pleasure
946 630 6 24 ;

137 679 58 30 but
208 679 39 30 he
263 690 63 19 was
349 679 193 42 charmingly
559 679 243 41 condescending
816 684 32 24 to
865 678 87 30 Clau-

138 740 81 38 dine,
232 740 62 30 and
309 740 84 41 quite
406 740 117 41 spoiled
532 740 62 37 her,
609 740 143 39 allowing
766 739 54 30 her
834 743 32 25 to
877 739 76 40 obey

137 801 53 31 the
206 801 131 31 dictates
362 801 33 31 of
416 801 55 31 her
493 812 70 19 own
585 801 63 30 will
670 801 33 29 in
724 800 110 30 almost
849 810 104 30 every-

136 863 101 42 thing,
266 862 164 42 excepting
454 862 114 41 always
591 862 52 30 the
668 861 103 30 article
797 860 34 30 of
850 859 103 42 gaudy

138 925 100 37 attire,
250 924 62 31 and
325 923 67 42 just
408 934 56 20 one
481 923 86 30 other
578 923 83 37 item,
673 933 41 19 on
727 921 102 30 which
844 921 37 30 he
891 931 64 19 was

137 986 118 42 gently,
281 984 148 42 elusively
451 983 162 31 inflexible.
662 983 148 30 Claudine
832 981 123 30 wanted

137 1053 33 25 to
197 1047 37 31 be
260 1046 97 31 called
384 1045 144 31 Madame
553 1044 38 31 de
617 1044 142 40 Savaray.
812 1042 59 31 She
893 1043 62 29 had

136 1108 99 32 found
260 1112 55 26 out
338 1107 70 31 that
432 1117 112 31 among
566 1105 53 31 the
639 1105 83 30 titles
736 1104 165 41 belonging
923 1108 31 25 to

136 1170 53 31 the
215 1169 96 31 house
335 1168 34 31 of
389 1167 164 42 Moranges
576 1165 119 32 existed
709 1165 70 30 that
801 1164 34 30 of
853 1164 102 29 Baron

137 1232 39 31 de
204 1231 145 40 Savaray,
377 1228 185 42 proceeding
588 1227 80 31 from
696 1238 18 19 a
743 1226 88 30 small
861 1229 93 26 estate

139 1292 146 43 (scarcely
301 1303 83 19 more
400 1291 77 31 than
501 1301 18 19 a
540 1287 92 43 farm)
651 1287 63 32 still
729 1287 171 40 remaining
921 1286 33 29 in

135 1354 54 31 the
200 1353 171 42 possession
387 1352 34 30 of
432 1352 54 30 the
502 1350 118 41 family,
638 1348 61 32 and
715 1348 47 30 for
775 1348 62 30 this
852 1346 101 41 appel-

135 1417 98 30 lation
264 1416 53 30 she
347 1414 118 42 longed.
519 1413 30 30 It
578 1423 63 19 Avas
668 1422 18 20 a
711 1409 61 32 real
796 1408 108 41 thing!
937 1419 17 18 a

135 1477 158 32 thousand
316 1477 91 31 times
432 1475 100 31 better
560 1474 76 30 than
668 1473 59 31 Ste.
753 1469 198 38 Amaranthe,

136 1552 35 20 or
195 1540 44 31 St.
270 1539 112 35 Pierre,
411 1548 34 20 or
475 1536 42 32 St.
548 1535 140 38 Romain,
720 1545 33 19 or
784 1544 61 30 any
869 1532 85 31 other

193 1605 51 15 VOL.
263 1604 25 15 II.
856 1599 14 14 D
