1132 1747
413 115 81 21 LOVE
518 114 63 21 THE
604 109 160 24 AVENGER.

177 110 16 26 8

177 198 32 27 to
232 193 46 32 his
303 197 66 28 seat
394 191 140 44 opposite
557 194 32 27 to
612 188 53 32 the
694 182 166 44 Marquise,
887 179 116 36 having

176 255 65 32 first
263 255 51 32 bid
337 254 54 32 her
413 258 56 37 put
492 251 84 33 aside
600 250 51 31 the
676 246 135 34 curtains
833 242 69 33 that
921 248 82 22 were

176 316 95 31 round
286 316 52 31 the
355 314 108 33 cradle.

256 378 61 30 But
340 376 73 41 they
436 386 55 29 say
515 373 38 31 he
578 369 109 34 should
712 369 38 31 be
775 367 75 41 kept

177 438 138 42 objected
331 437 63 40 she,
413 436 132 42 obeying
560 434 41 32 all
617 433 52 32 the
686 442 93 21 same.

219 501 106 31 Victor
361 498 116 33 smiled.
838 490 67 33 said
941 487 59 42 he;

208 561 67 32 that
297 560 25 32 is
342 560 51 32 the
409 563 154 28 worn-out
579 557 119 33 science
718 555 34 33 of
770 552 113 44 stupid,
900 562 100 21 Avorn-

178 626 53 28 out
248 622 116 31 doctors
377 634 6 26 ;
408 632 18 20 a
442 620 80 32 child
538 618 109 33 should
663 618 79 31 have

259 683 80 31 How
369 694 57 19 can
463 693 61 30 you
561 679 134 44 possibly
727 679 92 31 know
850 675 152 43 anything

181 745 91 31 about
531 741 139 40 inquired
699 740 51 32 the
781 750 106 31 young
917 739 85 31 Mar-

179 817 90 28 quise.

261 867 136 31 Because
434 866 15 31 I
486 865 79 31 have
603 865 77 31 been
717 864 111 31 twelve
862 874 89 29 years
983 873 17 21 a

337 927 116 42 replied
468 927 39 31 he
518 940 7 27 ;
582 926 60 31 and
657 926 39 31 he
712 930 83 27 must
816 925 38 31 be
876 937 18 19 a
916 937 84 29 sorry

181 989 111 32 soldier
309 988 68 32 who
393 988 31 31 in
440 988 68 32 that
531 988 74 31 time
628 987 54 32 has
703 992 55 27 not
780 987 126 32 learned
929 987 71 31 Iioav

180 1054 31 28 to
227 1049 73 32 take
316 1060 69 21 care
402 1049 33 31 of
453 1049 47 31 his
522 1060 68 20 own
612 1049 126 41 species,
756 1049 139 32 Avhether
917 1060 83 29 men,

182 1122 128 28 women,
329 1122 33 20 or
378 1109 146 33 children.
571 1110 14 31 I
607 1109 77 32 limit
705 1122 51 30 my
772 1110 133 32 doctor's
921 1110 79 40 skill,

180 1183 60 30 you
258 1182 58 29 see,
334 1176 31 27 at
380 1170 60 32 this
461 1175 135 27 moment
620 1176 32 26 to
674 1170 115 33 human
810 1171 117 42 beings,
945 1172 55 31 but

181 1242 39 21 an
244 1231 100 31 officer
359 1231 69 32 who
451 1231 108 32 should
581 1236 54 27 not
653 1231 38 33 be
708 1243 18 21 a
742 1232 173 43 veterinary
936 1245 64 20 sur-

181 1304 78 30 geon
275 1292 100 32 Avould
390 1292 78 33 have
484 1293 98 32 learnt
598 1293 71 42 only
684 1293 67 32 half
762 1293 49 32 his
826 1295 85 31 trade
924 1309 6 27 ;
947 1296 26 31 if
983 1308 17 20 a

181 1365 71 20 man
265 1353 72 32 does
347 1358 52 27 not
410 1354 85 31 learn
508 1366 38 20 an
559 1354 147 32 immense
719 1355 67 32 deal
799 1355 31 31 in
840 1355 52 32 the
905 1368 95 31 army,

181 1414 37 32 he
235 1426 71 20 runs
322 1414 51 32 the
389 1414 63 32 risk
468 1415 34 31 of
513 1414 166 43 forgetting
692 1416 106 41 nearly
811 1417 189 43 everything.

181 1476 83 31 Most
279 1487 69 20 men
365 1475 37 32 do
419 1476 93 41 learn,

224 1536 101 33 Claire
346 1537 95 31 shook
457 1537 56 32 her
528 1538 87 33 head.
695 1539 82 31 That
798 1539 25 32 is
844 1545 55 27 not
920 1540 82 32 what
