1132 1747
385 127 175 21 EVERYDAY
583 128 78 21 LIFE.

882 122 51 26 241

111 202 154 32 devolved
301 215 85 30 upon
421 205 43 30 M.
496 205 38 30 de
565 204 155 32 Clavreuil
756 206 63 29 and
848 217 82 29 upon

107 263 118 39 Victor,
242 265 102 30 whose
369 267 173 40 equestrian
561 267 80 30 feats
663 278 78 20 were
763 267 165 30 renowned

111 336 78 20 even
205 338 113 29 among
333 328 53 30 the
402 327 107 32 Arabs.

153 387 45 31 As
215 387 98 32 Claire
326 400 62 19 was
403 389 145 41 ignorant
558 389 34 31 of
603 389 41 31 all
659 389 64 31 fear
738 389 53 31 she
801 389 126 41 quickly

109 448 74 30 rode
198 449 70 30 well
282 462 7 24 ;
319 450 58 30 but
399 450 139 30 attained
559 461 108 19 sooner
686 455 33 26 to
743 450 184 41 proficiency

108 510 79 30 than
202 515 32 25 to
251 510 187 41 enjoyment.
485 510 81 31 That
590 510 52 31 the
659 511 131 30 exercise
806 511 54 31 did
874 511 53 30 her

107 571 91 41 good,
216 582 32 20 as
272 571 48 30 far
345 582 33 20 as
403 571 106 30 health
526 577 93 32 went,
636 582 62 20 was
721 572 184 31 undeniable
919 585 8 25 ;

107 632 58 30 but
179 632 54 30 the
257 636 46 26 set
323 632 82 30 rides
422 632 54 30 she
496 643 63 20 was
579 632 91 31 made
690 637 32 26 to
742 632 71 31 take
829 632 98 31 under

106 693 55 30 her
174 693 126 30 father's
323 693 202 40 superAdsion,
548 693 111 30 caused
683 693 54 30 her
759 693 59 31 but
837 694 89 30 small

105 754 149 41 pleasure,
272 753 62 31 and
349 753 90 31 when
455 754 53 30 she
529 753 62 31 had
611 753 174 42 performed
800 753 94 32 about
909 765 17 19 a

105 814 98 32 dozen
233 814 84 38 such,
349 814 133 42 varying
511 814 138 31 betAveen
680 825 17 19 a
723 814 89 31 foot's
837 825 85 30 pace,

105 887 18 20 a
154 875 149 42 dignified
327 880 72 33 trot,
426 875 63 30 and
515 886 17 19 a
559 875 236 30 circumscribed
813 880 111 32 canter,

104 937 54 31 she
183 948 63 19 was
283 947 33 20 as
342 936 48 30 far
422 947 33 19 as
482 947 72 19 ever
576 936 78 30 from
679 936 246 42 understanding

105 999 85 30 what
216 998 53 30 the
293 1002 124 36 rapture
443 997 33 30 of
497 996 104 43 riding
627 997 99 38 could,
749 998 33 30 in
802 1008 72 20 man
890 1009 34 19 or

106 1071 131 25 woman,
254 1058 138 40 possibly
406 1058 45 31 be.

182 1120 30 31 It
228 1130 97 21 seems
339 1124 33 26 to
388 1130 49 19 me
452 1129 76 31 very
543 1118 62 31 like
620 1118 84 31 what
719 1119 53 30 the
788 1119 134 42 dancing

104 1183 35 31 of
162 1194 19 19 a
206 1183 121 29 minuet
354 1186 32 26 at
413 1184 87 28 court
526 1184 83 27 must
635 1180 78 31 have
870 1181 52 30 she

104 1244 123 41 opined,
252 1243 63 30 and
340 1242 76 30 both
440 1242 42 30 M.
509 1241 61 31 and
593 1241 91 31 Mme.
709 1241 38 31 de
770 1241 152 31 Clavreuil

103 1305 136 41 thought
255 1305 52 29 she
324 1303 94 41 spoke
433 1303 150 41 properly.

147 1366 68 31 One
242 1366 70 40 day,
341 1364 135 30 toAvards
501 1364 53 30 the
581 1364 78 30 close
686 1364 33 30 of
744 1364 177 41 September

104 1427 132 42 (Olivier
251 1438 63 19 was
335 1425 149 41 expected
504 1429 33 26 to
558 1426 97 29 arrive
674 1437 84 29 upon
773 1425 52 30 the
841 1436 79 19 mor-

101 1488 87 43 roAv),
211 1488 99 31 Claire
333 1487 62 30 had
417 1498 79 30 gone
518 1491 32 25 to
573 1487 72 30 take
667 1487 55 29 her
743 1486 90 30 usual
854 1486 65 30 ride

100 1551 78 31 with
204 1550 57 31 her
283 1548 102 32 father
411 1548 62 30 and
500 1548 114 36 cousin,
641 1548 98 36 when,
768 1551 32 26 at
826 1547 93 31 about

157 1616 54 16 VOL.
228 1615 25 17 n.
821 1613 14 15 K
