1132 1747
167 103 33 24 28

399 110 82 19 LOVE
505 109 64 20 THE
592 106 161 23 AVENGER.

210 187 139 31 Olivier's
373 187 63 31 fate
460 198 63 19 Avas
551 185 108 31 sealed.
709 183 99 32 Claire
836 182 39 30 de
903 180 91 31 Clav-

165 249 101 31 reuil's
289 248 152 39 husband,
466 248 53 31 the
549 259 74 19 man
653 247 54 30 she
734 245 69 37 had,
832 243 161 41 unloving,

165 311 156 42 espoused,
354 310 62 32 and
446 310 69 31 Avho
547 309 89 31 loved
669 313 56 26 not
751 308 63 37 her,
840 317 65 20 Avas
935 305 59 32 im-

163 373 143 41 prisoned
331 373 33 30 in
390 372 53 31 the
467 371 71 31 toils
564 371 33 31 of
619 382 18 20 a
658 370 154 38 Traviata,
829 374 34 26 to
883 368 38 31 be
941 379 53 19 ex-

162 434 132 30 tricated
317 434 166 30 therefrom
507 445 33 19 as
574 434 25 30 it
633 432 102 43 might
765 431 103 42 please
900 429 91 31 blind

162 496 120 29 chance.

234 558 118 30 Olivier
365 558 11 30 ?
433 557 172 41 Avhispered
641 556 160 37 Claudine,
834 566 43 26 as,
910 553 80 32 half-

162 618 187 43 disengaged
373 618 80 31 from
473 618 48 31 his
547 618 148 38 embrace,
721 618 53 30 she
799 617 65 30 still
895 616 95 41 clung

161 685 33 26 to
209 680 74 38 him,
302 679 74 33 with
396 680 87 31 looks
498 680 71 31 that
584 679 122 32 seemed
726 691 32 20 as
777 679 121 42 though
914 678 76 41 they

161 741 104 31 Avould
291 752 94 21 never
409 741 82 32 loose
509 741 83 31 their
608 741 75 32 hold
697 754 8 24 ;
761 741 57 31 tell
837 752 51 20 me
906 751 81 27 now,

161 803 72 39 Avhy
248 814 62 28 you
326 803 55 30 did
395 807 55 26 not

205 864 49 30 He
272 864 160 37 hesitated,
448 864 110 41 passed
585 864 48 30 his
651 863 86 31 hand
757 875 73 19 over
845 864 49 30 his
909 863 79 31 fore-

160 926 87 37 head,
266 926 61 30 and
343 926 82 37 then,
442 926 128 40 looking
586 931 32 26 at
633 927 63 37 her,
714 927 76 38 said,
793 945 44 3 —

233 988 133 29 Because
392 987 15 30 I
431 988 56 30 felt
510 999 64 30 you
597 999 81 20 Avere
699 999 41 20 an
760 988 95 32 aAvful
871 988 118 42 danger

160 1048 47 30 for
227 1060 58 25 me,
304 1049 149 29 Claudine
467 1060 7 25 ;
499 1049 71 37 and,
588 1049 84 42 hang
692 1050 35 37 it,
745 1060 33 20 so
800 1061 64 30 you
890 1061 50 20 are
956 1052 5 29 !

160 1108 39 30 he
215 1108 108 36 added,
341 1109 33 29 in
390 1121 18 18 a
423 1121 83 18 more
523 1110 129 30 decided
668 1115 80 26 tone.

234 1170 63 30 But
314 1181 62 29 you
397 1170 93 30 Avon't
514 1174 51 38 try
584 1176 32 25 to
636 1182 106 31 escape
764 1172 82 31 from
873 1173 25 31 it
925 1185 63 30 any

161 1242 91 26 more,
272 1231 64 30 will
359 1242 61 30 you
434 1233 9 30 \
490 1232 52 31 she
565 1234 189 36 murmured,
772 1235 138 42 nestling
932 1236 56 32 her

161 1292 77 31 head
255 1303 74 20 once
345 1304 83 19 more
443 1294 67 30 into
526 1294 47 30 his
589 1294 85 30 neck.

235 1355 57 37 Oh,
400 1355 138 42 rejoined
564 1356 47 37 he,
630 1357 76 29 with
734 1369 40 18 an
798 1364 108 27 accent
933 1361 54 31 she

162 1417 54 30 did
232 1421 55 26 not
302 1416 190 31 understand
504 1429 6 23 ;
568 1417 48 30 it's
640 1429 40 19 no
703 1430 54 19 use
773 1420 107 42 trying
895 1432 72 21 now
982 1435 5 19 :

162 1478 56 29 I'm
233 1479 33 28 in
282 1478 47 29 for

205 1540 95 30 AVhat
317 1540 140 30 Olivier's
477 1539 174 32 reflections
677 1541 102 40 might
804 1543 80 31 have
907 1545 77 32 been
