1132 1747
188 121 53 25 102

423 127 82 22 LOVE
529 127 63 22 THE
615 125 162 22 AVENGER.

185 205 125 42 parting
325 204 79 32 from
420 204 146 31 Madame
583 204 38 30 de
637 201 187 33 Beauvoisin
841 197 176 35 condensed

183 267 192 31 themselves.

259 329 80 30 That
355 332 137 27 creature
508 332 84 26 must
613 326 37 31 be
671 326 152 41 squeezed
838 325 59 41 dry
918 335 33 19 as
975 334 41 20 an

184 402 121 30 orange,
323 389 62 31 and
400 389 75 31 then
501 389 123 31 thrown
781 398 64 21 was
868 387 54 30 the
939 385 77 31 deli-

183 453 104 30 berate
312 452 175 31 conclusion
514 450 35 32 of
571 450 54 31 the
652 449 154 42 DoAvager
832 459 85 31 upon
945 448 71 30 that

184 525 82 19 same
282 525 146 19 occasion.

227 576 113 31 Which
356 575 34 31 of
402 575 52 31 the
481 580 63 26 two
571 574 79 31 rival
676 584 120 32 powers
812 584 64 20 was
900 573 34 30 in
961 572 53 30 the

184 638 60 31 end
268 642 32 26 to
327 637 112 31 outwit
460 636 54 32 the
540 636 96 38 other,
664 646 47 20 Ave
736 635 79 31 shall
842 646 49 20 see
916 635 79 30 later
1007 646 7 25 ;

183 698 193 38 meanAvhile,
408 709 57 20 one
496 709 34 20 or
566 702 63 26 two
668 697 34 31 of
734 697 87 31 those
856 696 158 42 infinitely

183 761 88 30 small
310 760 105 41 things
456 759 156 38 occurred,
644 759 103 31 AAdiose
779 758 235 43 insignificance

183 823 25 30 is
231 822 74 31 such
332 822 69 30 that
424 833 40 18 no
496 833 57 18 one
585 832 71 19 ever
686 821 121 30 dreams
834 820 35 31 of
897 825 117 26 revert-

182 884 56 42 ing
260 888 33 26 to
320 883 86 30 them
437 894 33 19 as
495 883 53 30 the
580 894 89 19 cause
701 882 34 30 of
762 894 84 19 more
873 883 140 42 weighty

183 950 113 25 events.

227 1007 89 31 Since
332 1006 53 31 the
401 1006 181 41 diplomatic
599 1006 180 31 conference
794 1011 33 26 to
843 1005 104 33 which
963 1007 50 31 his

183 1070 88 29 sister
294 1068 63 31 had
375 1068 183 31 summoned
585 1068 66 31 him
678 1080 18 19 a
722 1068 60 31 feAV
809 1068 105 31 Aveeks
945 1080 68 30 pre-

182 1130 131 41 ATOusly,
331 1130 42 30 M.
393 1129 38 31 de
455 1129 165 42 Moranges
641 1129 63 31 had
731 1129 74 32 held
829 1142 41 19 no
891 1130 123 31 further

183 1190 259 31 communication
453 1190 78 31 with
541 1190 70 31 that
622 1191 84 41 lady,
719 1191 104 31 Avhose
836 1192 177 31 dictatorial

183 1252 109 42 genius
317 1252 72 37 had,
407 1263 33 19 as
455 1263 48 19 Ave
526 1252 103 38 know,
647 1264 95 19 never
763 1254 162 40 possessed
950 1266 64 30 any

184 1314 164 31 attraction
373 1313 47 30 for
446 1314 73 30 him.
569 1314 50 30 He
635 1326 63 19 Avas
725 1326 86 20 more
838 1316 78 31 than
941 1327 74 21 eATer

183 1375 124 42 pleased
332 1379 33 26 to
392 1375 78 30 have
499 1375 118 30 Olivier
647 1375 95 32 about
768 1376 76 38 him,
873 1377 63 31 and
960 1389 53 19 en-

184 1436 124 42 grossed
338 1447 18 19 a
385 1446 76 30 very
492 1436 210 31 considerable
732 1438 124 40 portion
895 1438 34 31 of
963 1439 52 31 his

183 1497 154 41 nepheAv's
352 1497 82 31 time.

259 1559 14 31 I
301 1570 50 20 am
378 1558 98 32 afraid
501 1558 15 32 I
541 1559 78 32 shall
643 1560 81 31 have
750 1565 33 26 to
810 1562 72 42 giAre
898 1574 43 31 up
957 1575 55 31 my
