1132 1747
187 110 51 27 194

425 115 82 21 LOVE
530 114 64 21 THE
617 112 160 22 AVENGER.

231 194 161 38 However,
409 198 33 26 at
459 193 55 31 the
533 191 170 42 appointed
725 190 76 31 time
823 200 41 20 on
886 188 55 31 the
960 187 57 31 fol-

187 256 115 42 loAAdng
318 256 62 41 day
395 255 58 31 but
469 266 66 26 one,
552 253 69 31 that
636 253 27 30 is
679 264 40 19 on
734 252 54 31 the
806 251 56 32 7th
878 250 35 32 of
930 250 86 42 July,

188 317 84 42 early
288 318 33 30 in
337 317 51 31 the
411 316 153 42 morning,
582 316 53 30 the
652 315 143 42 dog-cart
810 324 64 20 was
899 316 70 28 sent
984 316 33 27 to

189 379 151 42 Malleray
355 379 62 31 and
440 379 78 42 duly
536 377 137 44 brought
696 377 79 31 back
798 377 54 30 the
877 376 140 41 Marquis

188 440 38 31 de
251 440 195 38 Beauvoisin,
469 440 78 38 who,
574 452 33 19 as
634 440 39 31 he
699 438 63 32 had
789 438 77 38 said,
890 436 65 32 had
972 447 45 20 re-

188 501 115 30 turned
317 501 80 31 from
413 501 86 31 Paris
514 501 44 41 by
573 502 54 30 the
644 501 145 31 Chartres
803 498 197 44 night-train.

233 563 49 30 He
304 563 62 31 had
390 563 77 31 been
487 575 32 19 as
540 563 81 42 good
640 575 33 19 as
693 563 49 30 his
757 562 94 37 word,
870 560 63 32 and
955 559 63 32 had

191 624 73 41 only
291 625 109 41 stayed
425 636 89 30 away
540 625 163 41 thirty-six
730 624 103 37 hours,
852 627 56 38 yet
929 622 89 31 there

190 697 63 21 Avas
278 687 175 43 something
479 687 196 32 constrained
699 687 34 30 in
755 686 48 31 his
823 696 132 20 manner
977 696 41 19 on

190 748 48 31 his
260 753 107 26 return
387 748 99 38 home,
504 748 63 31 and
587 749 34 30 in
641 748 53 31 the
713 758 146 20 manners
876 746 34 32 of
929 747 88 30 those

192 810 68 29 Avho
276 815 65 24 met
357 810 66 29 him
438 810 94 29 there.

236 872 58 30 His
310 872 224 31 father-in-laAv
551 872 63 31 had
639 884 86 19 come
741 883 73 20 over
829 872 81 30 from
927 871 91 31 Clav-

192 933 76 30 reuil
284 937 32 26 to
331 938 104 36 report
453 945 141 30 progress
613 946 32 18 as
671 939 32 26 to
731 935 86 30 Avhat
838 946 64 19 Avas
922 934 97 41 doing

193 995 33 30 in
245 994 198 39 Combeville,
462 995 62 31 and
551 995 145 32 Madame
720 996 39 31 de
783 995 156 32 ClaATreuil
955 995 64 31 this

193 1056 74 30 time
292 1056 217 41 accompanied
532 1057 72 31 him.
652 1057 93 31 From
768 1057 42 31 all
833 1057 82 32 sides
938 1057 81 43 good

193 1129 83 20 neAvs
302 1130 84 20 came
411 1119 40 31 in.
498 1119 157 31 Monsieur
678 1120 123 38 Tarbet,
818 1121 55 30 the
895 1125 122 37 notary,

193 1179 143 42 sparkled
366 1180 41 31 all
434 1192 73 19 over
532 1181 77 31 with
630 1182 66 41 joy,
721 1183 63 30 and
814 1183 203 37 maintained,

194 1241 121 41 against
337 1241 53 30 the
413 1243 145 39 sceptical
582 1243 116 38 doctor,
719 1244 71 31 that
812 1244 55 31 the
889 1244 130 41 popula-

194 1302 82 30 tions
300 1302 33 30 in
357 1302 126 38 France,
500 1303 53 31 the
576 1315 125 27 masses,
718 1316 33 20 as
773 1305 77 42 they
873 1317 52 20 are
948 1317 71 20 noAv

194 1364 228 38 denominated,
439 1376 80 20 Avere
535 1365 32 31 in
583 1377 19 20 a
615 1366 48 32 far
678 1378 84 20 more
778 1368 129 41 healthy
922 1368 97 32 frame

195 1426 34 30 of
240 1426 89 30 mind
344 1426 76 30 than
439 1437 63 20 Avas
525 1428 159 42 generally
699 1429 150 37 believed,
873 1430 62 30 and
950 1441 69 30 per-

196 1480 95 41 fectly
317 1480 142 41 disposed
486 1485 32 26 to
545 1481 80 42 rally
646 1483 102 31 round
771 1483 52 31 the
847 1484 53 31 old
922 1486 97 30 tradi-

196 1542 96 30 tional
307 1541 131 31 families
457 1542 52 31 the
532 1542 120 33 instant
670 1544 53 31 the
745 1545 93 31 latter
853 1546 126 33 showed
1002 1559 18 20 a
