1132 1747
887 121 32 26 81

398 127 22 21 A
443 127 186 21 DISCOVERY.

144 202 43 31 M.
206 203 38 31 de
260 204 186 31 Beauvoisin
460 205 63 30 had
538 205 128 41 slightly
682 204 116 31 started
813 209 33 25 at
868 204 51 30 the

100 264 67 31 first
182 266 110 39 words,
310 266 61 31 and
387 267 74 31 then
477 272 48 26 sat
539 267 207 41 immoveably
761 266 63 31 still
836 278 6 25 ;
863 266 57 31 but

100 331 52 36 try
167 327 85 31 what
273 328 40 31 he
327 329 105 30 would
454 333 32 27 to
509 329 72 30 hide
597 329 33 37 it,
648 340 18 19 a
686 328 78 31 keen
780 328 140 31 observer

101 388 102 42 might
232 388 79 32 have
341 389 95 32 noted
465 401 18 20 a
514 390 116 42 change
660 390 32 30 in
719 389 47 31 his
796 393 123 27 counte-

103 460 106 19 nance.

179 510 16 31 I
196 530 42 5 —
240 510 15 31 I
271 510 84 31 don't
370 510 91 31 think
484 510 15 31 I
522 522 70 20 ever
607 511 95 31 heard
716 511 54 31 her
785 511 68 41 sing

102 571 39 32 he
156 572 125 40 replied,
298 572 78 31 Avith
391 583 82 20 some
489 572 174 31 hesitation.

146 633 102 31 When
263 637 51 27 tea
328 644 64 20 was
407 633 116 37 served,
541 633 83 31 Mile,
636 633 37 31 de
689 632 229 42 Mourjonville,

103 694 145 42 choosing
267 706 18 19 a
306 699 138 26 moment
459 694 90 31 when
565 694 116 31 Olivier
696 705 62 20 was
774 695 145 41 standing-

101 756 98 37 alone,
216 756 128 40 turning
360 767 72 19 over
447 756 53 30 the
515 756 101 30 leaves
632 756 34 29 of
682 767 17 19 a
714 756 204 37 music-book,

102 817 192 40 approached
323 817 66 29 him
416 816 61 30 and
504 821 80 26 most
608 816 167 42 gracefully
797 816 122 30 handed

102 877 66 30 him
189 888 18 19 a
231 888 67 30 cup.
344 877 92 30 Their
461 888 71 30 eyes
557 881 72 33 met,
655 877 62 30 and
746 877 97 30 under
868 877 52 30 the

103 943 195 36 momentary
312 938 81 37 look,
418 937 193 31 commented
634 937 43 42 by
692 948 18 20 a
730 937 191 42 remarkably

104 999 137 41 singular
256 998 87 30 smile
354 998 69 30 that
432 998 127 41 Aspasie
575 1009 76 30 gave
663 998 73 37 him,
749 998 53 30 the
817 1008 104 31 young

105 1060 139 40 Marquis
259 1059 130 31 blushed
406 1060 137 29 crimson.

178 1121 69 31 You
263 1121 54 30 did
333 1126 55 25 not
539 1120 66 30 said
628 1120 61 38 she,
714 1121 134 40 sweetly,
865 1120 56 30 but

102 1188 56 26 not
184 1183 149 41 releasing
358 1183 65 29 him
446 1182 80 30 from
549 1182 53 30 the
624 1182 73 30 hold
722 1182 34 30 of
778 1182 55 30 her
855 1193 64 30 eye,

133 1244 69 30 that
218 1244 127 30 Camille
361 1255 62 18 was
438 1254 55 29 my
508 1243 176 38 half-sister,
702 1243 54 30 did
771 1254 62 29 you
847 1244 11 30 ?

145 1304 43 30 M.
200 1304 38 30 de
254 1304 185 30 Beauvoisin
454 1304 112 30 turned
577 1315 76 30 very
662 1304 77 41 pale,
753 1304 62 30 and
830 1304 88 30 Avhen

100 1365 52 32 the
167 1371 93 36 party
274 1370 33 26 to
334 1365 242 30 Fontainebleau
598 1376 64 19 Avas
686 1365 91 41 again
802 1364 116 41 spoken

100 1427 39 39 of,
156 1428 39 31 he
211 1427 67 31 said
294 1427 37 30 he
348 1426 103 31 would
473 1426 166 42 positively
654 1431 51 37 try
719 1431 33 25 to
774 1429 52 38 get
843 1436 73 20 over

100 1490 48 30 his
163 1493 204 32 engagement
382 1493 33 27 to
431 1488 47 31 his
493 1488 129 31 mother.

176 1552 95 29 What
296 1551 26 30 it
349 1551 26 30 is
400 1555 32 26 to
460 1550 37 31 be
513 1561 32 20 so
562 1550 99 31 clever
672 1551 5 29 !
719 1548 160 32 remarked
901 1559 17 21 a

790 1616 13 14 G

155 1619 51 15 VOL.
221 1619 23 15 II.
