1132 1747
359 438 196 31 CHAPTER
585 439 69 30 XII.

261 533 68 21 TWO
353 533 38 21 TO
415 533 61 21 ONE
500 534 42 20 ON
564 534 63 20 THE
650 533 111 21 BLACK.

145 607 69 31 The
226 619 71 20 cure
310 609 33 30 of
354 610 155 40 Belespoir
520 610 62 30 had
597 610 97 37 acted,
708 621 33 19 as
752 610 164 30 ambitious

100 668 187 31 churchmen
302 670 84 31 often
402 671 49 38 do,
465 671 132 30 without
613 671 183 41 sufficiently
807 671 109 42 taking

100 729 67 30 into
189 735 130 25 account
341 730 52 31 the
410 731 95 31 forces
520 731 70 31 that
604 731 104 31 would
730 731 37 31 be
783 731 133 41 opposed

99 794 34 26 to
153 790 73 31 him.
398 792 38 30 he
458 792 62 31 had
542 792 171 41 persuaded
734 792 52 31 the
802 792 114 41 prefect

101 851 64 30 and
191 852 151 31 detached
366 853 49 30 his
441 853 89 31 uncle
553 853 54 31 the
630 853 108 41 bishop
762 853 78 31 from
863 853 53 31 the

100 913 186 31 Beauvoisin
301 919 91 36 party
401 914 38 31 he
454 914 149 43 regarded
614 914 120 41 Adctory
743 925 31 20 as
791 915 123 37 certain,

101 974 64 31 and
195 974 183 32 overlooked
402 975 84 31 Avhat
514 976 39 31 he
582 975 104 32 would
714 976 78 31 have
817 976 99 42 styled

101 1036 211 42 insignificant
334 1041 175 37 opponents.
559 1036 88 38 Now,
664 1036 33 31 of
716 1037 85 31 these
824 1048 92 31 oppo-

100 1097 71 42 sing
206 1098 96 31 forces
338 1102 62 27 tAvo
430 1109 79 20 were
545 1098 156 31 incarnate
730 1098 33 31 in
800 1098 116 31 human

100 1159 115 38 bodies,
233 1160 61 30 and
316 1159 61 31 had
399 1171 89 19 name
512 1171 39 19 on
573 1159 52 31 the
647 1170 56 20 one
725 1160 74 38 side,
818 1160 98 30 Henri

100 1220 132 42 Dupont
269 1221 37 30 de
344 1221 139 41 Laporte,
516 1231 40 20 on
592 1220 53 31 the
672 1221 95 38 other,
797 1221 119 31 Marius

98 1283 132 38 Daudel,
255 1283 52 31 the
330 1283 185 41 sub-prefect
537 1282 34 31 of
590 1282 167 42 Malleray;
781 1283 62 30 and
865 1284 50 30 be-

97 1344 81 30 sides
205 1344 85 30 these
319 1348 63 27 two
404 1343 138 43 tangible
566 1343 148 31 obstacles
737 1344 87 30 there
853 1355 61 20 was

96 1405 54 30 the
175 1415 191 31 anonymous
397 1405 62 30 and
487 1404 178 31 incoherent
694 1404 90 38 force,
812 1405 103 42 yclept

95 1466 54 31 the
176 1466 125 42 chapter
327 1466 34 31 of
381 1466 163 39 accidents,
560 1466 103 31 which
686 1466 55 30 has
767 1477 33 19 so
822 1466 93 31 much

94 1533 34 27 to
163 1539 54 29 say
247 1528 33 31 in
309 1527 53 32 the
393 1528 89 32 crises
512 1528 34 31 of
579 1528 116 31 human
727 1527 53 31 life
796 1528 7 30 !
862 1528 53 32 All
