1132 1747
357 133 22 20 A
402 133 176 21 STARTLING
601 134 85 20 FACT.

874 129 54 25 275

106 213 35 25 to
162 208 47 31 fill
231 208 66 32 him
312 210 77 31 with
405 211 265 38 embarrassment,
688 212 62 30 and
772 212 38 30 he
835 212 93 41 spoke

110 269 206 44 indistinctly,
333 272 169 41 hurriedly,
520 273 62 30 and
597 273 67 31 low.

185 332 15 31 I
228 344 63 19 saw
314 333 56 31 her
395 334 86 30 often
494 346 8 24 ;
638 334 138 41 rejoined
803 334 124 38 Olivier,

108 393 108 42 trying
239 398 33 26 to
296 394 71 30 look
390 395 224 38 unconcerned,
664 407 82 19 more
771 396 34 30 of
825 407 18 19 a
868 396 60 41 day

108 453 76 31 than
200 455 35 29 of
248 467 40 18 an

183 515 76 30 And
274 516 34 30 of
321 527 40 19 an
376 517 134 40 evening
526 517 52 29 she
594 517 138 30 received
748 517 102 30 others
862 517 11 31 ?

181 577 16 30 I
217 578 92 30 think
329 589 32 19 so
363 597 43 2 —
408 578 15 30 I
439 589 50 19 am
504 582 56 26 not
576 589 68 19 sure
646 597 42 3 —
688 578 63 31 Yes
762 580 6 29 !
799 578 14 30 I
838 578 89 31 think

106 639 54 30 she
175 639 141 30 received
331 639 175 31 sometimes
507 658 43 3 —
620 639 55 41 (M.
691 639 38 31 de
744 639 183 31 Beauvoisin

105 711 63 18 was
194 704 32 25 at
249 711 17 18 a
286 699 61 31 loss
365 705 34 25 to
419 700 139 30 discover
576 700 85 30 what
685 700 48 31 his
757 700 89 31 uncle
865 711 62 20 was

104 760 127 41 driving
246 760 53 41 at.)

150 822 96 30 There
272 833 62 19 was
360 821 128 31 another
511 833 104 30 pause,
641 821 43 31 M.
706 822 37 30 de
764 822 162 42 Moranges

105 883 170 41 supported
293 883 48 30 his
360 883 80 31 head
455 894 85 30 upon
555 883 48 31 his
619 882 56 31 left
694 894 72 26 arm,
784 883 76 30 with
879 883 47 31 his

103 944 86 41 right
204 944 85 31 hand
304 944 38 31 he
358 944 84 31 drew
457 948 139 37 patterns
611 955 41 20 on
666 944 53 30 the
734 943 173 32 tablecloth.

182 1005 64 31 Did
261 1005 160 31 Florestan
437 1004 38 31 de
491 1004 117 31 Nesves
623 1009 70 37 stay
708 1004 85 31 there
809 1004 41 30 all
872 1004 51 31 the

103 1067 77 31 time
193 1069 10 28 ?
250 1067 38 30 he
305 1071 33 26 at
352 1066 60 31 last
427 1066 149 40 inquired

148 1129 118 31 OliAier
283 1128 149 30 breathed
449 1139 83 19 more
548 1127 105 42 freely,
669 1127 62 31 and
748 1127 54 31 the
822 1127 101 31 colour

100 1202 88 18 came
204 1190 79 30 back
299 1194 33 25 to
347 1189 48 30 his
411 1189 116 30 cheeks.

179 1251 15 30 I
211 1250 87 31 don't
312 1250 118 30 belieA^e
446 1250 117 30 Nesves
575 1260 62 19 was
652 1249 85 30 there
752 1253 33 26 at
884 1249 37 30 he

100 1312 149 40 objected.

143 1374 43 31 M.
204 1373 38 32 de
258 1373 165 41 Moranges
443 1372 84 30 fixed
547 1384 17 18 a
582 1383 76 29 very
672 1371 79 30 keen
770 1371 71 30 look
862 1371 57 30 full

96 1448 86 29 upon
197 1436 49 31 his
260 1434 139 43 nephew.

175 1497 127 37 Olivier,
320 1496 37 31 be
377 1500 69 27 true
469 1500 32 26 to
525 1506 49 20 me
575 1514 43 3 —
619 1494 85 31 don't
726 1505 39 31 go
791 1505 71 19 over
885 1498 33 26 to

95 1560 55 31 the
171 1560 89 31 other
393 1558 39 31 he
454 1556 75 39 said,
546 1556 76 32 with
638 1567 39 20 an
698 1555 174 40 expression
887 1555 33 30 of

792 1622 13 13 T
820 1617 11 18 2
