1132 1747
855 114 51 30 197

338 121 110 22 BELOAV
471 123 63 21 THE
556 123 101 21 MARK.

87 195 99 43 them)
201 209 79 20 were
295 199 95 43 being
405 204 54 38 got
474 201 96 42 ready
579 201 176 31 wherewith
770 206 32 26 to
819 201 89 31 crush

87 257 55 31 the
161 259 163 43 meddling
346 260 159 43 intriguer,
521 262 53 31 the
598 262 169 31 Bohemian
791 274 117 30 penny-

87 318 113 31 a-liner
225 320 65 41 (the
313 323 292 41 secretary-general
628 323 101 41 styled
749 323 66 30 him
836 323 72 31 thus

88 381 92 32 Avhen
195 382 39 32 he
249 383 62 31 had
324 384 197 31 confidential
534 385 85 31 chats
631 386 76 30 with
722 386 48 30 his
779 385 129 41 prefect)

87 447 35 26 at
137 442 161 41 Malleray.

132 503 120 32 Marius
280 504 121 31 Daudel
424 506 126 30 himself
576 506 99 35 began
705 511 55 25 not
788 513 33 24 to
850 506 60 31 feel

88 563 190 42 thoroughly
293 569 33 25 at
346 563 48 32 his
418 575 76 26 ease,
511 564 46 31 for
575 564 38 31 he
633 576 62 19 was
711 566 85 40 quite
811 575 99 21 aware

89 624 70 31 that
189 624 48 31 his
275 625 76 41 only
376 624 95 42 hopes
508 625 102 31 rested
646 637 84 30 upon
760 625 150 42 complete

88 696 127 21 success.
264 685 49 31 He
339 686 122 41 aspired
483 691 33 26 to
535 697 116 32 govern
666 686 53 32 the
734 686 98 31 whole
849 686 60 31 De-

87 751 168 36 partment,
280 746 59 31 but
362 747 39 31 he
425 746 55 32 did
504 752 56 26 not
582 748 120 40 require
726 752 32 26 to
782 747 38 31 be
843 746 67 32 told

87 807 72 32 that
181 807 38 32 he
243 808 127 31 himself
391 808 104 31 would
517 808 38 31 be
577 808 53 31 the
656 808 67 31 first
744 808 109 31 victim
874 808 34 37 if,

88 868 123 31 instead
250 868 35 31 of
319 868 142 42 securing
502 868 54 31 the
593 869 192 30 nomination
823 867 35 32 of
891 879 19 20 a

87 929 265 43 thorough-going
377 929 186 41 Imperialist
589 929 119 42 deputy
730 929 39 31 he
798 929 111 31 should

87 1002 95 30 prove
197 995 33 26 to
246 990 79 31 have
341 990 75 42 only
431 994 47 27 set
492 990 53 31 the
562 995 131 37 country
707 990 43 42 by
765 991 52 30 the
832 1001 73 27 ears,

87 1052 64 30 and
166 1051 111 31 united
291 1051 142 42 together
448 1051 120 42 against
583 1051 53 31 the
651 1056 202 37 government
867 1051 42 31 all

87 1113 55 31 the
157 1113 125 30 various
301 1112 97 31 forces
421 1112 34 31 of
477 1112 53 31 the
552 1113 181 41 opposition.
781 1112 50 31 He
846 1112 62 31 had

87 1179 57 26 not
159 1173 136 31 counted
310 1184 39 20 on
365 1173 53 31 the
434 1172 167 32 Viviennes
624 1174 62 30 and
705 1173 54 31 the
774 1173 134 31 clericals

87 1236 110 41 giving
223 1235 186 29 unanimous
436 1239 129 36 support
587 1239 34 25 to
644 1234 52 31 the
723 1235 185 30 Beauvoisin

87 1301 103 37 party,
215 1295 64 30 and
305 1294 74 31 bold
405 1305 34 20 as
464 1294 38 31 he
526 1303 72 29 was,
629 1295 62 30 and
731 1295 124 41 capable
877 1295 34 30 of

317 1356 38 30 he
374 1366 62 20 was
457 1355 171 42 perplexed.
677 1356 93 37 Then,
792 1361 61 32 too,
869 1356 38 30 he

86 1424 56 39 got
157 1430 40 20 no
214 1422 259 37 encouragement
495 1417 155 31 whatever
672 1417 78 30 from
768 1417 48 30 his
838 1428 71 19 own

87 1486 61 38 pet.
197 1480 63 32 Old
283 1479 189 31 Mardonnet
495 1490 63 20 was
576 1479 47 30 for
644 1490 70 19 ever
728 1479 114 41 urging
855 1478 54 31 the

87 1542 144 32 madness
252 1540 34 32 of
308 1540 189 40 attempting
516 1545 33 26 to
573 1539 90 31 make
688 1539 79 30 head
789 1539 121 41 against
