1132 1747
361 133 63 20 THE
447 132 162 21 CIRCULAR.

839 127 50 26 115

72 218 45 20 we
133 208 78 31 have
227 208 125 32 alluded
371 214 43 34 to,
431 209 62 31 and
508 209 163 42 tendering
685 209 86 30 them
786 214 33 25 to
834 210 52 30 the

71 273 120 36 notary,
193 288 44 3 —

147 330 95 38 Read,
425 331 66 31 said
521 331 52 30 she
587 344 7 24 ;
626 331 62 30 and
710 331 69 30 that
801 330 86 31 func-

72 391 132 42 tionary,
221 392 169 41 seemingly
404 392 159 30 honoured
585 391 42 42 by
641 392 53 30 the
715 391 170 37 command,

73 453 113 30 settled
210 453 48 31 his
284 453 173 41 spectacles,
480 458 58 36 put
561 454 47 29 his
635 453 55 30 left
716 453 84 30 hand
822 453 65 30 into

73 514 49 30 his
151 514 166 38 waistcoat,
349 514 59 30 and
440 514 108 30 looked
579 525 32 19 as
635 514 27 29 if
687 514 38 30 he
754 514 133 41 thought

73 574 126 30 himself
221 574 94 31 about
338 578 32 26 to
394 574 157 41 harangue
573 585 83 19 some
677 573 157 31 hundreds
856 573 33 31 of

73 636 48 30 his
137 636 151 30 attentive
309 640 203 36 countrymen
530 635 79 30 from
630 635 54 30 the
705 640 55 35 top
783 634 34 31 of
835 635 54 30 the

72 697 124 29 tribune
209 708 6 18 :

311 757 34 31 of
370 757 54 31 the
454 757 195 41 department
675 757 34 30 of
736 757 155 30 Savre-et-

218 818 99 42 began
339 819 53 30 the
414 819 82 30 little
518 830 84 27 man,
663 819 25 30 it
718 819 25 30 is
773 830 33 19 as
834 819 54 30 the

74 891 153 20 successor
250 880 33 30 of
307 891 19 18 a
347 880 73 41 long
442 879 62 30 line
527 880 34 30 of
588 885 163 31 ancestors,
775 880 41 30 all
838 880 51 30 de-

74 941 95 31 voted
198 946 33 26 to
261 952 55 19 our
346 952 141 19 common
518 946 139 35 country,
689 941 62 30 and
779 946 33 25 to
836 941 53 30 the

76 1001 105 31 sacred
197 1012 88 20 cause
301 1001 34 31 of
352 1001 96 38 order,
465 1001 70 30 that
550 1001 15 30 I
580 1006 122 36 present
724 1001 114 42 myself
857 1007 32 25 to

75 1074 72 31 you,
176 1062 62 31 and
262 1062 113 42 openly
399 1062 216 43 acknowledge
638 1063 53 31 the
716 1063 78 41 hope
820 1062 69 31 that

76 1137 62 30 you
161 1125 65 31 will
248 1125 106 31 choose
376 1135 50 20 me
449 1135 32 20 as
503 1124 54 31 the
579 1125 162 41 champion
759 1125 35 31 of
812 1136 79 31 your

75 1188 143 30 interests
233 1187 32 30 in
281 1187 52 30 the
348 1186 170 41 legislative
535 1186 142 31 chamber

231 1247 127 41 pardon,
381 1247 144 30 Madame
545 1248 30 30 la
795 1249 94 29 inter-

72 1310 95 41 posed
182 1321 19 18 a
215 1308 310 42 well-to-do-looking
546 1320 174 30 personage,
738 1309 69 30 who
828 1308 62 30 had

72 1371 50 31 tfll
137 1371 76 30 then
228 1370 77 30 been
320 1370 101 36 silent,
533 1370 75 41 they
624 1370 91 30 Avon's
730 1370 62 29 like
807 1369 77 37 that,

72 1432 182 31 hereabouts
267 1443 8 25 ;
298 1430 106 41 they'll
428 1442 55 30 say
497 1431 48 30 it's
563 1431 127 41 making
706 1435 51 26 too
773 1441 68 19 sure
857 1429 33 31 of

260 1553 138 42 rejoined
413 1553 52 32 the
477 1553 159 41 Dowager,
650 1553 103 31 rather
768 1551 117 41 huffily,

773 1620 9 13 I
797 1614 12 19 2
