1132 1747
883 108 33 25 47

244 110 64 22 THE
331 110 147 22 MEETING
501 111 38 22 OF
562 112 63 21 THE
648 113 136 20 WATERS.

101 185 27 30 it
143 185 63 31 also
222 187 66 30 said
305 187 71 31 that
398 187 52 32 she
473 187 63 32 had
558 193 32 26 to
613 188 92 32 suffer
719 200 18 20 a
752 194 85 37 great
853 190 66 30 deal

102 247 77 31 Avith

180 309 100 31 Suffer
292 311 6 30 !
343 310 113 32 echoed
471 322 18 20 a
504 322 76 30 very
591 316 105 37 pretty
704 312 80 30 little
799 323 119 19 woman

102 369 78 31 with
206 370 78 31 dark
310 382 71 31 eyes
407 371 62 31 and
484 383 18 19 a
517 383 91 31 green
635 377 149 37 paroquet
802 373 77 30 vrith
902 384 16 19 a

101 431 89 41 plum
205 432 34 31 in
254 433 40 30 its
309 433 87 37 beak,
413 434 135 41 nestling
562 434 34 29 in
611 439 141 37 amongst
767 435 53 30 the
840 435 78 30 curls

103 494 35 30 of
150 494 55 30 her
221 494 132 41 chignon
365 506 6 24 ;
428 495 66 29 who
510 495 103 30 would
628 499 54 26 not
697 496 77 29 have
790 496 128 30 suffered

101 554 77 31 with
194 554 74 31 such
284 566 18 19 a
316 555 64 30 fool
395 566 33 19 as
439 555 149 41 VouATray
602 556 10 30 ?
657 555 84 41 Why
756 556 52 30 the
824 556 94 30 man's

101 627 19 18 a
134 616 117 40 perfect
266 615 127 32 cretin!'

176 676 50 31 He
240 677 118 40 proved
372 678 27 29 it
413 678 43 40 by
470 678 158 41 marrying
641 678 119 30 Jeanne
775 679 38 30 de
828 679 90 30 Vieu-

226 738 148 30 observed
404 738 103 31 Count
536 739 129 41 Dupont
678 751 8 24 ;
749 739 62 30 and
835 750 83 30 upon

100 810 56 30 my
179 800 93 37 word,
301 800 15 30 I
343 800 79 41 hope
448 800 54 30 she
528 800 54 31 did
605 800 100 37 suffer,
721 800 92 31 that's
839 800 40 31 all
903 800 14 30 I

100 872 58 20 can
173 872 63 30 say,
252 861 56 37 for,
325 861 164 42 according
511 866 32 26 to
566 872 55 30 my
636 861 91 37 ideas,
744 862 52 31 she
818 862 99 41 richly

100 922 150 29 deserved

172 983 71 31 You
270 994 50 20 are
346 994 19 20 a
389 983 132 42 positive
670 983 134 32 declares
829 995 18 19 a
871 995 44 20 re-

99 1045 162 41 markably
276 1044 168 31 handsome
466 1044 120 38 blonde,
602 1044 76 31 Avith
693 1055 18 20 a
726 1044 144 41 quantity
886 1045 33 30 of

99 1105 123 31 frizzled
239 1105 59 31 fair
315 1105 75 37 hair,
404 1105 62 31 and
481 1116 19 20 a
514 1105 130 42 plateful
659 1104 35 32 of
713 1105 202 32 strawberries

98 1167 63 31 and
180 1171 140 27 currants
335 1177 41 21 on
390 1167 53 31 the
458 1170 54 38 top
529 1166 34 31 of
581 1166 54 31 her
649 1166 77 30 head
742 1166 43 41 by
799 1177 69 31 way
884 1166 34 31 of

97 1229 61 30 hat.
216 1228 63 36 See,
289 1228 86 30 there
385 1239 100 19 comes
495 1227 116 31 OliAder
617 1229 5 29 !
654 1227 61 31 and
725 1227 52 30 she
786 1227 127 41 pointed

95 1294 34 27 to
153 1290 102 30 where
278 1301 19 18 a
321 1300 70 20 new
414 1300 100 19 comer
529 1299 62 20 was
606 1288 117 37 Adsible,
741 1288 172 42 advancing

96 1352 136 31 towards
246 1352 54 30 the
315 1351 83 31 table
413 1351 101 30 where
536 1354 48 26 sat
605 1350 54 30 the
674 1350 111 41 largest
808 1349 34 30 of
860 1349 52 30 the

95 1424 114 32 groups
238 1418 130 37 present.
627 1412 53 30 she
703 1410 100 31 added
825 1410 87 31 fami-

94 1476 91 40 liarly
200 1487 6 25 ;
261 1485 86 21 come
361 1474 71 31 here
443 1485 8 26 ;
474 1474 86 30 there
575 1474 26 29 is
615 1483 86 20 room
715 1472 48 29 for

138 1537 43 29 M.
213 1536 38 30 de
281 1535 185 31 Beauvoisin
503 1534 122 31 seemed
658 1539 33 25 to
728 1533 129 30 hesitate
895 1544 16 18 a
