1132 1747
193 104 53 27 160

434 111 83 21 LOVE
539 110 65 22 THE
627 109 158 22 AVENGER.

193 190 126 32 eAddent
345 190 70 32 that
445 189 82 32 their
558 189 187 31 accordance
776 186 103 31 rested
910 196 41 20 on
982 195 43 21 no

192 252 111 42 deeper
318 251 184 32 foundation
518 250 78 32 than
611 250 71 31 that
701 249 35 31 of
756 249 82 42 good
853 247 170 32 education

191 314 62 30 and
283 313 80 42 good
393 323 152 20 manners.
609 310 92 32 Since
732 310 83 31 their
844 315 107 26 return
987 314 35 26 to

190 375 95 38 Paris,
308 374 65 31 this
395 377 80 27 state
498 373 35 31 of
551 373 108 42 things
686 372 63 31 had
776 372 33 31 in
837 383 42 20 no
907 371 112 43 degree

189 436 170 41 improved,
376 435 58 31 but
453 435 68 41 just
544 434 54 31 the
622 445 127 20 reverse.
799 433 43 32 M.
863 433 38 32 de
918 434 101 31 Beau-

188 498 109 37 voisin,
321 509 33 19 as
380 509 46 19 Ave
451 497 100 37 knoAv,
577 497 63 30 had
663 497 81 30 little
768 508 34 19 or
825 496 135 42 nothing
982 496 35 30 in

189 571 140 20 common
345 559 77 31 Avith
438 559 48 31 his
500 559 81 37 wife,
599 559 63 30 and
673 559 83 30 their
771 558 88 42 daily
876 558 139 42 employ-

187 626 101 26 ments
310 621 135 42 brought
467 620 87 31 them
574 620 143 43 together
740 620 75 42 only
838 620 33 31 in
894 619 119 43 public,

185 683 101 30 Avhere
301 682 76 42 they
392 681 185 31 manifested
599 681 134 32 towards
757 681 74 32 each
855 681 88 32 other
958 681 56 31 the

185 749 83 19 same
283 736 169 32 invariable
467 736 174 42 politeness.
688 736 64 31 The
772 747 78 20 even
870 741 91 26 tenor
980 735 36 32 of

184 799 80 30 their
279 798 149 31 domestic
449 797 136 42 serenity
599 808 64 21 was
685 797 53 32 the
762 798 97 31 result
876 797 33 32 of
929 798 83 42 good

185 860 146 40 breeding
332 879 42 2 —
375 859 132 41 nothing
522 859 132 41 beyond.

260 921 85 41 They
361 921 92 30 knoAv
476 920 70 31 hoAv
566 925 33 26 to
726 920 78 31 used
823 925 33 26 to
876 932 56 30 say
955 922 55 30 the

184 982 139 42 Marquis
349 982 37 30 de
402 982 166 42 Moranges
580 994 8 24 ;
644 982 63 30 and
729 983 71 30 that
823 983 26 30 is
872 983 53 30 the
949 994 60 20 one

183 1045 74 40 only
287 1044 228 41 indispensable
712 1045 38 30 he
774 1056 63 19 Avas
865 1049 87 27 Avont
973 1050 36 26 to

182 1107 69 30 add.

224 1168 61 30 Till
296 1167 53 31 the
365 1167 62 41 day
443 1178 40 20 on
510 1167 101 31 Avhich
635 1167 53 32 the
704 1170 72 29 curd
793 1168 35 31 of
848 1169 159 42 Belespoir

181 1229 73 42 paid
269 1229 49 31 his
334 1228 137 31 eventful
494 1229 73 30 visit
592 1234 33 26 to
651 1229 53 31 the
729 1230 140 39 chateau,
888 1231 119 31 Olivier

180 1289 62 31 had
258 1288 166 32 continued
439 1293 33 26 to
492 1289 38 31 be
550 1301 84 20 more
658 1301 34 20 or
712 1291 59 31 less
794 1292 211 32 embarrassed

179 1353 43 40 by
237 1352 48 30 his
300 1352 94 30 wife's
409 1363 152 29 presence,
580 1353 63 30 and
658 1357 32 27 to
707 1354 93 30 avoid
815 1354 94 43 being
925 1355 78 32 with

180 1414 55 30 her
256 1413 103 30 unless
382 1413 183 30 summoned
587 1413 43 42 by
651 1414 88 31 other
766 1426 132 30 persons.
947 1416 59 32 Let

181 1486 39 20 no
245 1486 57 19 one
320 1475 92 40 fancy
428 1474 69 31 that
523 1475 63 30 this
612 1476 137 31 resulted
772 1476 80 32 from
878 1477 48 31 his
951 1489 53 20 en-

181 1536 192 42 tanglement
395 1536 77 31 Avith
500 1536 150 32 Claudine
662 1549 6 25 ;
693 1538 26 31 it
743 1538 62 31 had
829 1538 175 42 absolutely
