1132 1747
162 115 53 27 188

400 120 83 21 L0ArE
506 120 64 21 THE
593 117 159 22 AVENGER.

163 200 67 30 that
260 199 52 31 the
344 200 202 34 government
569 196 64 31 AAall
659 200 56 26 not
741 193 194 32 condescend
959 197 32 26 to

162 265 97 26 resort
273 265 33 26 to
323 260 75 31 such
413 270 108 20 means
537 270 32 18 as
584 258 112 30 honest
711 255 179 44 gentlemen
906 259 85 26 must

163 322 115 41 always
293 321 118 31 remain
428 321 33 30 in
477 321 164 42 ignorance

206 383 64 32 The
294 382 189 42 sub-prefect
497 382 57 31 left
569 382 103 30 Mont-
675 381 154 30 Vivienne
853 380 137 30 dissatis-

163 446 69 36 fied,
250 445 62 31 and
333 456 33 20 as
389 445 38 30 he
443 443 110 43 passed
572 443 103 31 before
695 443 53 31 the
767 441 171 43 post-office
958 447 32 26 at

163 507 152 41 Malleray
347 511 33 26 to
417 506 89 30 reach
544 505 53 31 the
635 504 254 43 sub-prefecture,
921 503 69 32 AAdio

162 569 110 31 should
298 569 38 30 he
362 579 48 20 see
433 568 167 41 mounting
618 567 48 30 his
693 567 88 30 horse
805 571 32 26 at
860 566 54 31 the
937 565 53 32 old

163 630 206 43 postmaster's
407 630 76 30 door
518 630 58 30 but
614 629 103 31 Count
747 629 141 41 Dupont,
919 628 71 31 Avho

163 691 108 32 boAved
295 697 33 25 to
352 691 65 30 him
444 691 33 30 in
502 702 18 19 a
544 695 81 26 most
648 691 213 42 disagreeably
886 695 104 36 patro-

163 753 104 40 nising
282 763 78 30 way.

206 813 103 31 While
325 813 119 31 Marius
459 813 123 31 Daudel
604 813 63 30 had
688 813 77 31 been
788 813 131 43 making
941 814 50 31 his

163 875 215 42 recognisance
402 879 33 26 at
450 874 105 32 Mont-
556 874 164 38 Vivienne,
737 874 101 32 Henri
859 875 132 42 Dupont

163 936 63 31 had
248 947 79 31 gone
348 936 132 42 straight
500 940 33 27 at
551 936 54 31 the
627 936 236 42 head-quarters
886 937 34 30 of
938 937 54 31 the

163 1009 112 30 enemy
301 997 130 31 himself.
479 997 50 31 He
555 997 62 31 had
640 998 91 30 made
754 1010 18 18 a
795 998 126 32 descent
952 1011 40 19 on

163 1059 53 31 the
242 1059 53 31 old
321 1064 192 36 postmaster,
531 1059 63 30 and
609 1064 48 26 sat
680 1072 41 18 an
735 1060 79 31 hour
832 1061 79 31 with
926 1061 66 31 him

164 1121 62 30 and
256 1121 78 30 with
371 1121 145 30 Madame
555 1120 125 31 Hdloise
715 1121 121 38 Picard,
869 1122 124 43 talking

164 1183 97 41 freely
287 1183 63 29 and
373 1183 173 40 pleasantly
573 1183 34 29 of
633 1183 54 31 the
715 1184 123 42 coming
862 1189 129 33 contest,

165 1243 63 32 and
252 1243 125 42 pitying
403 1243 52 30 old
481 1243 189 32 Mardonnet
696 1244 47 32 for
770 1245 52 31 the
849 1246 88 31 share
963 1246 32 31 of

166 1305 106 31 odium
284 1304 38 31 he
337 1304 104 30 would
457 1315 85 20 come
557 1305 34 31 in
605 1305 49 31 for
668 1306 86 38 later,
773 1307 63 30 and
851 1307 141 31 Avonder-

165 1366 56 43 ing
245 1370 32 27 at
296 1365 54 31 the
373 1365 170 42 simplicity
558 1366 77 32 Avith
654 1368 104 30 Avhich
780 1368 49 31 his
851 1380 56 19 son
930 1370 62 30 had

167 1426 128 32 alloAved
318 1425 126 32 himself
470 1431 33 26 to
526 1426 37 32 be
587 1429 116 41 caught
730 1430 33 29 in
785 1430 53 30 the
862 1441 131 30 govern-

167 1492 86 26 ment
268 1492 78 35 trap.

211 1549 73 31 This
313 1548 66 32 told
403 1559 41 20 on
466 1548 76 31 both
573 1550 88 31 sides.
710 1551 61 31 Old
793 1552 198 39 Mardonnet,
