1132 1747
387 444 196 30 CHAPTER
606 445 37 29 X.

387 539 63 21 THE
474 539 163 21 CIRCULAR.

147 614 36 31 It
197 626 64 20 was
276 615 53 30 the
344 615 117 30 middle
482 615 34 30 of
533 615 91 38 June,
641 616 63 30 and
723 616 53 31 the
793 616 87 31 work
895 616 32 31 of

102 675 178 32 re-election
295 676 34 30 of
349 687 18 19 a
387 676 119 41 deputy
521 681 32 26 to
574 676 46 30 fill
643 677 53 30 the
716 677 87 41 place
823 677 34 31 of
873 677 53 31 the

103 735 127 32 defunct
245 736 43 31 M.
308 736 180 41 Carpentier
503 748 63 19 Avas
588 736 84 32 fixed
693 742 33 26 to
748 737 73 32 take
838 737 87 42 place

102 797 33 31 in
158 798 54 31 the
237 798 113 31 second
374 798 87 30 week
487 798 33 30 in
546 798 84 41 July.
678 798 97 32 There
795 810 63 20 was
883 810 42 21 no

101 859 76 31 time
191 863 34 27 to
240 859 72 37 lose,
328 859 56 38 for,
401 859 150 42 although
571 859 54 30 the
644 864 203 37 government
862 860 60 32 had

101 925 56 27 not
179 925 59 37 put
258 920 84 31 forth
363 920 41 31 its
428 920 173 37 candidate,
617 920 86 31 there
718 931 79 21 Avere
818 931 57 21 one
891 932 34 20 or

102 986 63 26 two
185 992 82 27 men,
284 992 33 20 as
339 991 47 21 we
411 980 125 42 already
550 980 102 38 know,
668 981 34 31 in
727 981 54 32 the
803 981 122 42 depart-

102 1048 88 26 ment
220 1043 70 31 who
320 1042 110 43 might,
458 1042 43 42 by
526 1042 116 43 setting
671 1042 81 32 their
781 1043 144 31 shoulder

101 1109 34 26 to
158 1104 54 31 the
239 1103 105 38 wheel,
372 1103 127 32 succeed
526 1103 33 31 in
584 1103 169 43 attracting
781 1108 33 27 to
844 1104 81 31 their

103 1166 103 31 efforts
221 1166 53 30 the
290 1169 128 38 support
433 1164 34 32 of
482 1165 53 31 the
551 1165 97 31 entire
664 1165 258 39 administration,

102 1227 125 41 namely
241 1227 76 30 both
333 1227 52 30 the
401 1226 116 31 central
533 1226 62 31 and
610 1227 53 30 the
679 1228 110 40 purely
803 1227 84 31 local.

181 1289 70 30 You
283 1300 50 19 are
366 1288 150 42 perfectly
544 1299 69 19 sure
647 1288 34 31 of
714 1289 52 30 the
803 1289 119 41 bishop,

102 1352 129 37 mother,
257 1362 50 20 are
334 1362 62 31 you
422 1355 56 26 not
493 1351 10 30 \
555 1350 94 31 asked
676 1350 116 32 Olivier
818 1350 34 31 of
870 1350 52 31 the

102 1413 160 42 Dowager,
294 1423 33 20 as
356 1411 77 42 they
459 1416 56 34 sat,
541 1422 83 21 some
650 1422 93 20 seven
775 1422 33 20 or
838 1411 84 42 eight

101 1486 125 32 persons
251 1473 148 44 gathered
425 1472 141 44 together
590 1473 34 31 in
651 1472 152 39 conclave,
821 1472 33 30 in
869 1472 53 31 the

101 1537 144 32 so-called
272 1536 115 40 library
412 1539 32 27 at
467 1534 195 37 Beauvoisin,
692 1533 159 33 convoked
874 1533 47 32 for
