1132 1747
187 107 35 26 16

423 114 81 20 LOVE
528 113 64 21 THE
614 111 161 22 AVENGER.

184 190 74 31 nion
273 202 64 19 was
351 191 75 30 such
454 202 17 19 a
498 201 104 20 screen
617 191 5 28 !
647 189 48 30 his
710 187 98 43 fright
824 197 64 21 was
912 197 99 20 some-

183 252 90 42 thing
288 252 161 38 ludicrous,
467 252 127 31 because
610 251 38 30 he
664 261 95 20 never
780 248 101 38 could,
899 252 33 28 to
956 248 55 32 the

182 314 67 38 last,
273 313 189 32 understand
488 313 54 31 the
570 317 114 26 matter
710 323 33 19 as
761 312 27 30 it
814 310 99 42 really
932 310 76 42 hap-

179 376 109 42 pened,
306 387 55 20 nor
377 375 142 31 conceive
542 374 70 31 hoAv
627 374 49 30 his
697 373 230 42 proselytising,
945 373 63 31 and

179 437 96 31 above
291 437 49 36 all,
358 437 47 31 his
427 435 138 43 political
580 435 73 38 zeal,
672 435 93 31 could
781 435 80 31 have
877 440 56 38 got
956 446 50 20 me

178 499 66 30 into
266 499 76 31 such
365 510 17 19 a
405 509 104 31 scrape
520 511 7 24 ;
551 498 38 30 he
605 497 109 31 thinks
730 502 33 26 to
779 497 64 31 this
863 498 81 30 hour
966 498 39 30 he

178 560 54 30 did
247 561 47 30 his
310 561 78 40 duty
404 561 32 29 in
452 561 107 40 trying
585 564 33 26 to
642 563 128 26 convert
792 559 192 31 Mardonnet
995 572 8 24 ;

176 621 108 31 Avhat's
309 633 91 26 more,
428 622 38 30 he
493 622 26 29 is
540 621 171 30 convinced
733 621 39 30 he
794 621 56 30 did
874 627 129 25 convert

175 683 73 37 him,
266 683 61 30 and
352 683 38 30 he
417 682 104 31 would
548 686 50 26 act
622 693 73 19 over
710 683 92 41 again
815 682 68 41 just
907 694 33 19 as
962 683 39 31 he

175 744 88 30 acted
288 744 110 36 before,
421 744 27 30 if
464 744 41 30 all
528 755 79 19 Avere
630 749 33 26 to
686 755 211 21 recommence
909 757 7 25 ;
941 745 60 32 but

173 805 27 31 it
214 816 62 20 was
291 805 185 31 marvellous
491 810 32 26 to
540 816 48 20 see
604 805 71 30 Iioav
690 805 47 31 for
759 810 64 26 tAvo
846 817 90 30 years
958 807 40 31 he

172 865 115 42 always
302 865 149 42 managed
468 871 32 25 to
516 870 53 37 get
584 876 113 31 money
712 865 164 33 Avhenever
891 867 27 31 it
933 879 64 20 was

245 988 95 31 What
352 990 5 29 !
382 999 32 20 so
437 988 54 31 the
519 988 77 31 abbe
622 988 161 32 furnished
807 989 53 31 the
887 1002 108 20 means

172 1049 33 31 of
217 1050 145 39 stopping
377 1048 209 32 Mardonnet's
596 1049 109 31 mouth
723 1049 48 31 till
786 1061 62 28 you
865 1063 80 20 were
962 1053 34 30 of

242 1171 170 41 Naturally.
440 1171 14 30 I
471 1182 61 20 was
548 1171 57 31 but
620 1171 145 31 nineteen
781 1184 6 23 ;
811 1174 86 31 there
909 1186 79 22 were

168 1238 62 26 two
245 1244 88 30 years
348 1237 32 26 to
396 1244 67 25 run,
481 1244 32 19 so
529 1233 47 30 six
592 1244 34 19 or
642 1244 92 20 seven
749 1235 92 31 times
857 1247 46 21 we
927 1238 61 31 had

167 1300 32 25 to
215 1295 118 30 furnish
349 1295 194 30 instalments
558 1299 33 26 to

242 1356 90 36 Well,
359 1356 13 29 I
399 1355 126 32 wonder
550 1356 53 30 the
627 1356 103 33 fellow
752 1357 102 32 didn't
881 1364 51 37 try
955 1367 33 26 to

166 1417 134 41 frighten
330 1428 78 29 your
614 1418 203 40 propounded
847 1420 140 42 Dupont,

166 1479 144 39 stopping
325 1478 84 31 short
425 1478 32 30 in
472 1478 48 30 his
535 1478 121 40 lounge.

239 1539 49 32 No
319 1550 58 20 one
414 1539 103 31 would
548 1544 134 38 attempt
849 1544 136 39 rejoined
