1132 1747
364 469 197 30 CHAPTER
583 470 101 29 XVII.

450 564 148 21 SEVERED.

158 640 76 30 Tavo
260 641 125 30 months
411 641 63 30 had
499 641 111 41 passed
633 641 50 42 by,
710 642 61 31 and
793 642 53 32 the
868 642 65 32 first

114 702 77 41 days
207 702 34 30 of
254 702 180 40 September
449 702 62 30 had
527 713 91 21 come.
666 702 117 43 Things
804 703 55 31 did
879 709 54 26 not

114 763 166 42 exteriorly
296 774 82 20 seem
392 763 94 30 much
509 763 124 38 altered,
649 763 58 31 but
725 764 76 41 deep
817 764 116 31 chasms

114 835 79 21 were
208 825 149 41 yawning
377 824 140 30 between
533 835 83 19 some
632 824 34 30 of
684 824 87 31 those
787 825 68 31 Avho
871 826 62 30 still

114 885 153 40 appeared
280 890 33 26 to
329 885 38 31 be
382 884 149 41 standing
545 884 65 31 side
625 884 43 41 by
683 885 71 30 side.

158 945 100 32 Claire
285 956 63 20 was
378 945 125 31 severed
532 945 79 30 from
642 945 123 37 Olivier,
792 945 62 31 and
882 946 53 31 she

114 1008 93 31 knew
221 1011 56 26 not
292 1006 71 31 how
379 1017 73 19 near
467 1006 53 30 she
535 1005 63 31 had
612 1005 77 31 been
705 1011 32 26 to
752 1007 92 41 unity
858 1007 77 31 with

114 1069 74 30 him.
237 1068 31 31 It
289 1068 27 31 is
339 1078 57 20 one
420 1067 92 42 thing
535 1072 33 26 to
592 1066 38 32 be
648 1068 132 30 married
803 1068 62 30 and
888 1068 46 31 in-

115 1129 153 37 different,
295 1128 129 31 another
446 1132 34 26 to
503 1127 38 31 be
559 1128 132 31 married
714 1128 62 31 and
799 1129 132 31 divided.

115 1191 146 31 Between
284 1189 54 31 the
368 1193 62 26 two
460 1188 85 31 there
573 1188 64 31 had
666 1188 77 31 been
772 1200 40 19 an
841 1189 93 31 inter-

114 1253 135 31 mediate
272 1255 89 32 state,
384 1251 34 30 in
445 1250 110 37 which,
583 1261 33 20 as
642 1250 15 31 I
681 1251 79 31 have
782 1251 76 37 said,
881 1252 53 30 the

114 1325 108 31 young
246 1312 156 41 Marquise
427 1311 62 31 had
512 1311 77 31 been
612 1311 107 31 draAvn
742 1311 42 42 by
807 1312 126 30 circum-

114 1381 105 26 stance
243 1373 136 32 towards
402 1373 54 30 her
482 1372 151 37 husband,
659 1372 62 31 and
746 1372 53 31 the
829 1383 105 31 eArery-

114 1436 63 43 day
191 1436 105 31 habits
312 1434 34 31 of
362 1433 128 31 wedded
509 1433 52 31 life
583 1434 162 41 becoming
768 1433 167 42 cheerfully

114 1497 196 38 established,
338 1496 85 31 these
453 1500 63 25 two
545 1495 62 31 had
633 1495 159 41 well-nigh
822 1495 113 31 drifted

113 1561 67 30 into
208 1571 18 20 a
251 1558 117 33 certain
393 1568 127 20 oneness
536 1557 77 34 that,
629 1556 76 31 with
728 1557 84 34 time,
832 1557 103 31 would

811 1623 13 13 r
838 1618 12 18 2
