1132 1747
867 117 54 26 285

287 120 92 29 LOVE,
397 122 63 20 THE
484 121 85 22 SAME
592 122 34 21 IN
649 123 68 21 ALL.

95 196 110 42 nearly
219 196 69 32 half
310 210 18 19 a
351 199 54 30 life
417 201 5 29 !
447 200 57 30 but
523 200 86 30 don't
628 211 63 30 you
711 200 169 30 remember
904 212 19 18 a

96 257 103 40 picnic
214 258 70 32 that
300 271 63 19 was
378 265 55 37 got
449 272 43 30 up
507 261 72 30 here
594 261 48 31 for
656 272 70 30 you,
744 261 99 31 Claire
858 262 11 30 ?
896 262 26 29 it

97 329 65 21 Avas
174 319 34 31 in
223 320 54 31 the
293 322 110 30 month
425 322 34 30 of
471 322 83 41 July,
572 322 78 31 after
665 334 78 29 your
758 322 67 30 first
841 333 83 19 com-

98 382 138 30 munion.
285 383 70 30 You
378 384 76 30 took
478 395 79 30 your
580 384 67 31 first
672 384 197 30 communion
890 384 33 30 in

99 439 88 33 Paris
202 443 34 29 in
251 443 87 41 May,
361 444 63 30 and
443 456 46 19 we
510 445 41 30 all
573 456 85 19 came
679 445 91 30 cIoavu
796 445 72 30 here
891 445 33 30 in

98 502 92 33 June.
239 505 16 30 I
278 511 91 35 spent
392 506 53 31 the
466 506 99 31 whole
586 506 34 30 of
642 506 69 31 that
735 517 135 20 summer
891 511 33 25 at

101 566 163 31 Clavreuil.
308 567 96 31 Don't
418 578 64 31 you
496 568 170 31 remember
681 568 77 37 that,
775 572 33 27 to
823 568 102 41 please

100 638 72 30 you,
192 638 47 20 we
260 628 151 42 arranged
435 640 18 19 a
475 628 102 42 picnic
598 633 33 26 at
653 628 185 31 Mathurin's
857 628 67 30 mill

101 688 93 32 doAAm
217 689 97 38 there,
332 690 63 31 and
421 701 62 31 you
510 689 127 32 amused
657 689 139 42 yourself
810 700 33 20 so
867 690 60 30 im-

101 752 148 40 mensely,
278 753 78 37 that,
384 753 34 29 in
442 753 52 30 the
517 753 141 41 evening,
687 753 125 40 driving
835 752 90 30 home

101 813 142 31 betAveen
258 825 79 29 your
352 815 122 29 mother
489 814 62 30 and
571 825 60 26 me,
647 825 62 29 you
725 814 55 29 did
795 813 133 41 nothing

101 875 59 31 but
175 880 114 36 repeat,
306 886 74 19 over
400 875 63 31 and
483 886 82 27 over,
582 875 77 36 that,
676 875 33 29 in
726 875 41 29 all
781 886 78 29 your
874 874 53 30 life

102 942 33 25 to
168 947 95 27 come,
295 936 26 30 it
350 946 64 20 was
444 936 176 40 impossible
650 947 62 29 you
743 935 91 30 could
857 945 72 19 ever

104 1009 106 21 amuse
234 997 139 42 yourself
394 1008 33 19 so
451 997 93 30 much
570 997 90 41 again
673 997 10 29 ?
729 996 14 29 I
758 995 171 30 remember

104 1061 26 30 it
146 1060 43 31 all
205 1071 33 20 as
253 1060 28 30 if
293 1060 25 30 it
333 1070 63 20 was

183 1122 16 30 I
214 1122 93 30 think
330 1121 15 30 I
366 1121 39 30 do
425 1119 171 32 remember
690 1118 66 31 said
772 1118 107 36 Claire,
894 1118 33 30 in

106 1196 17 19 a
139 1184 61 31 low
214 1188 84 32 tone,
316 1183 62 30 and
394 1182 129 39 turning
539 1191 88 30 away
642 1180 55 30 her
711 1179 87 31 head.

150 1245 76 32 Alas
238 1246 6 30 !
267 1245 77 41 they
360 1244 70 30 who
455 1243 78 36 love,
551 1241 62 31 and
631 1240 91 32 think
740 1241 77 41 they
836 1240 93 30 know

106 1318 38 21 us
162 1307 77 38 best,
256 1317 95 20 never
371 1305 92 30 know
489 1304 86 30 what
598 1302 76 41 they
700 1301 120 32 disturb
838 1301 91 30 when

106 1368 77 41 they
212 1367 94 42 begin
337 1371 33 25 to
400 1365 72 30 rake
504 1364 94 30 about
624 1367 142 38 amongst
792 1373 56 20 our
877 1362 52 31 old

106 1429 172 32 memories.
311 1427 94 30 From
420 1426 53 30 the
489 1425 63 41 day
567 1424 35 31 of
613 1425 70 30 that
698 1435 75 30 very
782 1423 147 32 identical

106 1492 103 41 picnic
234 1495 33 26 at
289 1487 188 33 Mathurin's
501 1486 75 37 mill,
602 1486 63 30 had
689 1485 92 31 dated
808 1485 121 31 Claire's

107 1554 68 30 first
200 1552 115 31 serious
344 1549 238 41 preoccupation
614 1547 34 30 of
668 1548 89 40 spirit
780 1547 149 41 touching
