1132 1747
894 109 51 29 171

314 114 63 20 TEN
400 114 38 21 TO
462 114 61 21 ONE
547 115 42 20 ON
611 116 63 19 THE
698 116 69 19 RED.

125 199 79 21 Avere
220 200 41 20 on
275 190 54 31 the
346 195 88 27 stone
449 196 83 37 steps
551 192 126 42 leading
698 193 66 30 into
779 193 53 30 the
848 194 97 40 grand

125 255 146 27 entrance
287 252 91 31 when
393 253 76 41 they
483 254 96 30 heard
593 254 79 31 from
688 254 65 31 afar
766 254 54 31 the
835 254 110 31 wheels

125 312 35 31 of
172 312 53 31 the
241 313 141 43 dog-cart
397 315 216 41 approaching.

280 376 114 30 settled
582 377 83 31 cried
688 376 135 42 joyfully
848 376 100 31 Henri

126 436 141 41 Dupont,
290 448 33 19 as
345 437 39 30 he
407 448 114 32 sprang
544 437 91 31 doAvn
657 437 79 32 from
758 438 53 31 the
831 437 117 31 vehicle

128 497 63 31 and
207 497 72 32 held
295 503 55 26 out
368 498 49 31 his
432 499 99 31 hands
546 503 33 27 to
594 499 49 31 his
658 499 70 31 host
743 499 61 31 and
824 499 124 31 hostess.

158 558 65 31 The
250 558 93 31 Duke
368 559 62 31 and
455 559 127 38 Gaston,
611 560 62 30 and
699 560 177 41 everybody
898 560 51 31 be-

127 620 102 31 haved
245 620 183 42 admirably,
445 621 62 31 and
523 632 46 20 we
594 621 40 31 all
653 621 68 41 join
743 621 148 42 together,
909 620 39 31 all

127 684 54 30 the
200 684 112 30 decent
334 685 109 40 people
466 685 34 30 of
520 685 52 30 the
594 689 122 37 county,
732 690 33 25 to
786 684 78 31 back
877 695 71 30 you.

128 745 49 41 By
195 746 54 30 the
273 746 84 30 Lord
368 747 6 29 !
398 746 58 30 but
479 757 63 30 you
567 757 93 19 never
685 746 54 30 did
764 757 47 19 see
836 745 74 30 such
933 756 17 19 a

129 807 66 30 face
212 818 33 19 as
260 807 54 30 the
330 808 72 29 curd
419 806 34 30 of
469 806 156 41 Belespoir
639 807 90 29 made
748 806 59 40 (for
822 806 15 30 I
852 806 99 41 began

128 867 79 31 with
233 866 80 42 him)
342 867 91 30 Avhen
464 867 14 30 I
510 867 124 30 shoAved
663 867 66 29 him
758 867 53 30 the
842 867 109 30 official

129 933 250 26 announcement
410 928 34 30 of
478 928 53 30 the
569 928 229 41 coadjutorship
828 928 33 30 in
898 928 53 30 the

129 989 169 33 Moniteur
309 992 11 27 !
359 989 162 37 HoAvever,
537 989 37 30 he
591 1000 74 20 soon
680 989 123 42 righted
818 989 132 36 himself,

130 1053 62 30 and
209 1063 85 20 came
317 1061 73 21 over
412 1055 33 26 to
461 1050 104 31 Mont-
567 1050 152 31 Vivienne
734 1050 34 30 in
786 1050 53 30 the
862 1061 90 19 even-

130 1115 63 40 ing,
212 1113 62 30 and
292 1112 73 31 held
385 1111 83 31 forth
484 1111 179 41 eloquently
678 1110 94 32 about
789 1110 53 31 the
859 1110 93 31 aAAd'ul

130 1175 213 40 unreliability
356 1173 34 31 of
401 1173 52 31 the
467 1172 218 38 Government,
699 1172 62 30 and
776 1172 53 30 the
845 1171 107 31 sinful-

130 1248 71 20 ness
217 1237 35 30 of
268 1248 62 29 any
346 1236 134 30 division
499 1235 33 30 in
552 1234 54 31 the
626 1233 217 32 Conservative
862 1237 90 38 party

130 1311 42 20 on
187 1303 132 27 account
335 1298 34 30 of
384 1297 53 30 the
456 1296 149 41 temporal
623 1306 104 31 power
743 1294 33 32 of
791 1295 52 30 the
859 1294 93 41 Pope,

131 1361 63 30 and
209 1372 33 19 so
257 1370 72 21 uoav
344 1358 89 31 Ave're
449 1358 40 30 all
505 1357 108 30 united
629 1357 62 30 like
708 1367 56 20 one
780 1366 72 20 man
864 1356 6 30 !

208 1421 123 32 There's
357 1432 17 19 a
398 1419 149 42 telegram
571 1419 47 30 for
754 1417 66 30 said
845 1416 107 37 Claire,

131 1486 142 41 handing
300 1495 40 19 an
368 1481 147 42 envelope
538 1486 34 26 to
599 1480 101 32 Count
727 1480 138 40 Dupont,
928 1479 24 29 it

132 1558 86 21 came
233 1546 63 32 this
313 1545 144 39 morning
473 1548 32 26 at
