1132 1747
924 108 13 24 7

395 111 146 21 KINDRED
564 112 108 20 MINDS.

197 184 75 42 May
296 198 56 20 one
375 187 69 32 look
467 193 32 27 at
522 188 104 32 Pierre
637 191 15 29 ?
706 188 95 32 asked
824 188 116 40 Victor,

120 244 151 44 breaking
286 248 52 32 the
355 248 112 33 silence
487 250 72 32 that
579 250 61 31 had
661 249 184 33 established
860 249 84 32 itself

121 306 139 33 between
276 309 50 32 the
342 314 70 27 two.

196 369 32 31 If
250 381 61 31 you
338 370 39 33 do
404 383 34 20 so
463 383 74 31 very
563 372 123 42 quietly,
714 383 32 20 so
771 383 33 20 as
828 376 54 26 not
907 375 31 28 to

121 430 86 32 wake
233 430 72 33 him.
353 431 94 43 Stay!
480 432 15 31 I
519 432 62 31 will
604 432 70 42 give
700 444 61 30 you
787 444 18 19 a

123 490 60 31 and
198 491 103 41 rising,
321 491 52 32 she
393 492 116 41 lighted
531 504 18 20 a
569 497 87 38 taper
671 493 31 31 in
718 504 18 20 a
750 493 53 31 flat
819 492 119 32 candle-

122 552 84 40 stick,
239 552 61 32 and
337 554 216 42 accompanied
590 554 56 31 her
686 554 103 31 cousin
821 558 32 27 to
886 554 52 32 the

120 612 108 33 child's
255 613 67 33 bed.
379 614 108 32 Victor
516 615 99 31 raised
641 615 52 31 the
721 615 118 31 curtain
865 615 73 31 with

118 673 53 33 the
187 674 93 32 touch
305 675 33 31 of
356 687 18 19 a
397 676 154 41 practised
573 689 99 28 nurse,
696 677 60 31 and
778 677 74 31 bent
867 688 71 20 over

117 735 52 32 the
193 736 109 38 cradle,
320 737 88 31 while
434 737 102 32 Claire
559 737 113 32 shaded
694 738 52 31 the
769 737 79 42 light
863 738 75 31 with

117 797 56 31 her
188 797 90 31 hand.

161 859 66 31 The
243 859 81 42 baby
340 872 65 19 was
423 860 137 41 sleeping
576 861 138 41 soundly,
728 860 73 31 with
817 860 121 32 evident

117 920 144 32 moisture
281 933 83 30 upon
382 921 47 32 his
453 933 72 30 rosy
542 921 75 40 skin,
636 921 59 31 and
712 933 39 19 on
767 933 56 20 one
841 921 96 32 cheek

112 981 65 42 just
193 993 18 20 a
226 982 66 42 tiny
308 982 80 32 flush
404 982 172 42 remaining
592 982 33 32 of
636 982 83 32 Avhat
734 982 62 32 had
811 982 126 32 marked

115 1046 53 31 the
184 1058 131 29 passage
333 1047 33 31 of
379 1046 48 32 his
443 1047 60 31 few
519 1046 100 32 hours'
635 1046 90 32 fever.

191 1109 83 31 Dear
301 1108 76 32 little
565 1108 176 31 murmured
766 1107 114 41 Victor,
906 1106 31 32 in

111 1170 65 41 just
206 1169 68 32 that
303 1175 73 26 tone
404 1169 33 32 of
462 1170 130 40 genuine
623 1169 142 31 fondness
792 1169 102 31 which
895 1188 42 3 —

115 1231 158 32 whatever
288 1231 38 32 be
342 1231 51 32 the
410 1231 87 31 other
520 1231 127 41 feelings
665 1231 32 30 in
717 1230 52 32 the
791 1230 146 31 mother's

114 1291 88 33 heart
204 1312 40 3 —
247 1291 62 32 will
325 1296 53 27 not
393 1291 87 33 leave
495 1291 55 32 her
565 1290 257 42 unsympathetic.
863 1290 73 31 And

114 1354 75 32 then
212 1354 39 32 he
277 1353 111 33 looked
412 1352 228 42 scrutinisingly
663 1358 32 26 at
719 1352 53 32 the
801 1352 136 41 sleeping

114 1416 90 40 child,
237 1415 133 32 touched
407 1415 47 31 his
487 1414 145 32 forehead
664 1413 177 42 cautiously,
874 1424 63 20 saw

112 1476 88 32 there
216 1488 63 20 was
294 1488 40 19 no
351 1476 85 31 fever
449 1476 61 40 left,
530 1475 59 32 and
605 1487 33 20 as
653 1474 39 32 he
708 1474 111 32 turned
839 1485 96 30 away,

114 1538 65 32 said
195 1538 99 39 again,
344 1537 84 31 Dear
449 1536 77 32 little
547 1536 99 32 fellow
657 1536 6 32 !
718 1534 60 33 and
793 1533 142 33 returned
