1132 1747
249 109 69 21 TWO
341 110 39 21 TO
403 110 62 22 ONE
489 111 41 21 ON
552 112 64 20 THE
638 112 110 20 BLACK.

860 106 51 26 139

92 185 135 42 through
257 186 62 31 and
348 186 135 43 through
512 188 77 31 Avith
618 188 55 31 her
702 189 91 41 sharp
823 189 90 30 black

92 257 72 31 eyes
178 259 7 25 ;
208 246 66 39 but,
302 248 193 41 compressed
519 261 32 18 as
577 260 79 20 were
682 250 54 30 the
759 250 67 41 lips,
853 250 61 30 and

93 307 92 42 sharp
201 319 34 20 as
249 320 80 20 were
343 310 54 30 the
413 321 80 30 eyes,
511 311 39 30 he
564 311 134 42 thought
712 311 38 31 he
773 311 141 30 detected

93 369 118 31 behind
241 370 40 30 all
313 371 85 31 these
429 383 39 19 an
498 372 234 41 imperceptibly
759 373 155 40 wavering

94 441 139 29 purpose.

139 492 50 30 He
216 504 64 19 was
308 494 165 41 preparing
502 498 33 26 to
558 494 104 30 follow
687 505 43 29 up
755 494 49 30 his
827 505 88 30 argu-

97 558 112 32 ments,
235 554 91 30 when
349 554 48 30 his
424 555 109 40 design
550 566 63 19 was
636 555 135 40 opposed
793 555 80 30 from
898 566 18 18 a

97 618 125 37 quarter
241 614 39 30 he
296 614 62 30 had
380 619 56 25 not
457 619 55 37 yet
534 615 96 30 taken
644 615 94 30 much
753 615 101 30 notice
865 614 34 31 of
911 627 5 24 ;

97 675 107 38 Claire,
221 676 125 41 leaving
368 676 54 30 her
436 676 63 41 boy
513 680 32 26 to
569 677 47 29 his
632 687 100 26 nurse,
748 676 62 30 had
832 687 84 20 come

96 736 134 31 forward
254 737 62 29 and
339 748 62 19 was
424 737 126 42 leaning
573 748 57 20 one
650 737 84 31 hand
755 748 84 31 upon
864 737 52 31 the

95 798 83 30 table
193 798 34 30 in
242 798 84 30 front
342 798 34 30 of
388 798 52 30 the
457 809 78 19 cure.

172 859 15 31 I
210 859 60 42 beg
296 870 78 31 your
401 860 127 41 pardon,
545 859 42 31 M.
613 859 140 38 l'Abbe,"
769 859 66 31 said
857 859 60 37 she,

97 921 35 30 in
147 932 18 19 a
180 925 104 33 sweet,
302 920 79 31 clear
396 921 94 37 voice,
538 921 85 31 there
645 921 27 31 is
694 932 40 20 no
757 920 161 32 difference

97 983 35 30 in
153 982 55 31 the
230 982 144 42 religious
397 983 190 30 convictions
602 983 34 30 of
654 983 53 30 the
730 987 62 26 two
815 982 103 31 candi-

97 1045 89 30 dates
200 1057 8 25 ;
231 1056 63 29 you
317 1056 73 29 may
404 1045 67 40 rely
485 1056 84 29 upon
590 1044 42 30 M.
652 1044 37 30 de
711 1043 209 31 Beauvoisin's

99 1105 158 31 Christian
280 1105 64 30 zeal
368 1116 33 19 as
426 1104 189 42 thoroughly
637 1115 33 20 as
691 1116 85 30 upon
798 1105 68 30 that
889 1104 33 31 of

99 1170 43 31 M.
174 1170 38 31 de
238 1170 153 31 Vivienne
404 1182 8 25 ;
437 1169 57 31 but
517 1170 85 31 there
627 1170 27 31 is
678 1181 18 19 a
722 1170 142 41 question
890 1169 32 31 of

99 1235 220 38 engagements
335 1230 104 38 taken,
456 1231 34 30 of
509 1230 251 42 responsibilities
775 1230 145 42 accepted

98 1293 64 30 and
177 1292 152 37 incurred,
347 1291 34 32 of
400 1292 117 30 friends
533 1291 222 42 compromised
755 1310 44 3 —
799 1302 17 20 a
832 1301 87 31 ques-

97 1356 78 38 tion,
202 1356 33 30 in
266 1355 94 36 short,
387 1354 34 31 of
447 1354 125 37 honour,
604 1354 62 30 and
695 1365 55 29 my
779 1352 141 31 husband

97 1422 116 25 cannot
226 1416 107 31 recede
349 1416 80 30 from
443 1416 53 30 the
512 1420 119 26 contest
631 1434 44 4 —
676 1416 25 29 it
716 1415 25 29 is
750 1419 51 26 too

173 1478 111 38 Bravo,
309 1477 109 38 Claire,
442 1477 94 30 bravo
551 1478 5 30 !
601 1475 170 32 exclaimed
795 1474 124 37 Olivier,

97 1541 78 31 with
187 1538 250 42 unprecedented
453 1549 122 31 energy,
587 1538 63 31 and
664 1537 155 42 throAving
833 1548 87 30 away
