1132 1747
195 112 52 26 246

433 119 84 19 LOVE
541 118 63 20 THE
628 114 152 23 AVENGER

194 197 34 30 in
243 208 40 19 no
299 197 76 30 time
388 208 7 25 ;
418 197 71 41 give
507 194 106 42 Medjd
632 194 56 30 her
703 191 82 32 head
806 190 63 32 and
891 194 83 26 trust
997 194 33 26 to

194 257 55 32 her

239 320 105 42 Medjd
364 331 63 20 was
447 331 40 20 an
503 318 86 32 Arab
604 329 84 20 mare
708 318 35 30 of
762 315 175 38 Lancour's,
957 315 70 31 that

195 382 38 30 he
250 382 62 30 had
327 382 67 31 lent
408 386 33 26 to
456 382 49 30 his
521 381 107 31 cousin
643 380 49 31 for
708 379 56 31 her
778 379 107 40 riding
900 378 123 30 lessons.

240 443 99 31 Claire
365 444 54 30 did
444 444 115 40 simply
584 454 33 19 as
643 443 52 30 she
720 453 64 20 Avas
808 441 64 37 bid,
898 440 64 32 and
986 440 46 31 off

196 505 76 40 they
292 510 84 25 went
400 510 32 26 at
456 517 18 18 a
498 516 75 30 pace
598 505 70 30 that
694 503 161 42 evidently
875 501 153 44 procured

196 567 54 30 the
265 572 133 35 greatest
418 567 133 40 possible
567 567 183 40 enjoyment
765 571 34 25 to
814 566 82 30 their
913 565 111 30 horses.

241 628 73 32 And
338 629 62 31 this
421 640 63 20 Avas
507 629 54 31 the
586 628 67 31 first
677 628 92 42 thing
794 627 69 32 that
890 638 138 20 commu-

198 690 124 31 nicated
348 690 86 31 itself
454 695 33 26 to
514 690 107 31 Claire.
670 690 61 31 She
757 690 56 31 felt
837 689 55 32 the
913 689 58 42 joy
996 688 34 32 of

196 752 54 30 the
265 752 162 41 bounding
448 752 115 30 animal
584 751 101 31 under
704 752 65 37 her,
786 752 64 30 and
865 763 64 19 Avas
954 751 73 31 sud-

198 813 95 41 denly
317 813 197 41 transported
538 814 67 29 into
631 813 85 30 Avhat
736 824 65 19 Avas
824 813 65 30 like
914 824 19 19 a
957 824 69 19 new

198 874 139 30 element,
387 874 96 30 There
499 885 64 19 was
579 886 18 18 a
611 875 164 40 plenitude
791 874 34 30 of
838 874 54 31 life
908 875 33 30 in
957 875 34 38 it,
1010 887 19 18 a

198 935 129 41 healthy
342 947 86 19 sense
444 935 35 31 of
498 947 112 29 power,
628 936 70 30 that
719 936 118 31 carried
859 937 56 30 her
938 948 89 30 aAvay

198 1001 55 26 out
274 996 34 30 of
327 997 116 30 herself
464 997 62 30 and
550 997 92 31 made
666 997 55 31 her
745 997 59 32 feel
829 998 198 41 triumphant

198 1056 53 30 she
267 1056 90 30 knew
373 1060 56 26 not
444 1056 82 41 why,
543 1056 59 31 but
620 1057 54 30 the
694 1058 157 30 sensation
868 1069 63 19 was
947 1069 32 19 as
995 1057 35 31 of

198 1117 146 40 triumph.
394 1117 61 30 She
477 1118 58 30 felt
558 1130 33 18 as
614 1119 121 41 though
751 1119 54 31 she
821 1130 80 20 were
917 1119 108 42 flying,

197 1179 94 30 borne
307 1179 144 40 upwards
467 1190 41 19 on
524 1191 18 19 a
558 1180 100 38 cloud,
676 1192 34 19 or
725 1192 86 30 upon
826 1181 54 31 the
900 1186 79 27 crest
995 1181 34 32 of

200 1251 17 19 a
241 1251 95 26 wave,
365 1251 34 19 or
427 1251 85 30 upon
539 1241 53 31 the
624 1243 100 41 wings
751 1243 35 30 of
813 1255 17 19 a
861 1244 79 38 bird,
968 1245 58 30 but

200 1301 149 31 detached
376 1301 79 31 from
482 1303 98 37 earth,
607 1304 63 30 and
696 1316 33 19 so
756 1306 119 41 utterly
902 1308 123 30 secure!

200 1362 60 31 She
276 1374 62 19 Avas
353 1367 52 26 too
424 1374 107 30 young
550 1375 18 19 a
587 1364 213 33 horseAvoman
823 1373 33 25 to
880 1379 90 30 guess
994 1373 31 27 at

199 1424 124 42 danger,
350 1423 62 31 and
437 1424 74 41 only
532 1424 57 31 felt
614 1426 52 31 the
692 1428 89 41 glory
797 1429 62 31 and
884 1430 89 41 pride
994 1430 36 31 of

199 1485 52 31 the
267 1485 93 39 quick
376 1485 158 39 rhythmic
549 1487 125 31 motion.

243 1546 63 31 The
329 1547 67 30 rain
419 1547 118 40 poured
560 1548 100 38 down,
684 1549 53 32 the
753 1552 87 30 wind
863 1552 88 38 bleAV,
972 1554 54 31 the
