1132 1747
284 116 91 29 LOVE,
392 118 64 21 THE
479 118 85 22 SAME
588 119 34 20 IN
645 119 68 21 ALL.

861 115 50 25 287

136 191 101 32 Claire
252 193 142 38 blushed,
412 195 62 31 and
489 196 112 30 looked
617 196 152 31 confused.

291 255 55 31 she
360 256 145 38 retorted,
551 257 74 41 only
636 257 71 30 look
721 262 34 26 at

92 313 48 41 (as
155 315 28 30 if
195 315 48 37 he,
260 328 77 30 poor
351 317 111 38 felloAv,
474 318 63 30 had
553 318 154 42 anything
723 323 32 26 at
771 319 41 29 all
827 323 32 26 to
876 319 38 30 do

92 375 34 32 in
144 376 54 32 the
215 388 68 20 case
295 377 19 43 !)
393 379 86 30 Look
495 384 32 25 at
545 380 86 29 them
736 380 53 30 she
804 380 110 37 added,

123 437 89 32 those
242 439 83 38 bold,
357 440 112 30 brazen
500 451 83 30 ways
614 440 33 30 of
673 440 70 30 hers
772 452 82 19 seem
883 446 31 25 to

92 499 149 31 fascinate

168 560 61 31 She
267 562 27 30 is
323 573 84 18 more
438 562 76 30 than
545 563 117 40 merely
691 563 82 37 bold,
804 563 54 30 she
892 564 24 29 is

241 622 149 31 observed
404 623 53 30 the
473 627 84 27 aunt.

168 684 82 30 Well
264 685 5 29 !
335 684 138 41 rejoined
498 684 52 30 the
581 684 94 38 niece,
707 684 136 41 bitterly,
903 685 13 30 I

92 756 132 29 suppose
241 745 26 30 it
281 745 27 30 is
324 745 69 30 that
407 745 71 30 that
494 756 104 19 causes
613 745 55 29 her
683 756 117 19 success
813 745 10 31 ?

168 806 96 31 Don't
302 806 38 30 be
377 806 51 30 led
465 806 66 30 into
569 806 147 41 thinking
753 806 78 38 that,
864 818 53 30 my

234 867 174 42 responded
424 867 145 30 Madame
586 867 180 30 Beaudouin
782 867 134 42 gravely,

122 932 26 29 it
164 931 27 30 is
205 930 53 31 the
274 933 133 38 greatest
419 928 131 31 mistake
561 928 186 41 imaginable
760 940 8 25 ;
792 928 40 31 all
848 940 69 19 men

93 993 81 30 have
199 1003 18 19 a
243 992 108 29 horror
371 989 34 32 of
429 1000 171 20 coarseness
624 989 34 30 in
681 1000 120 19 women
813 1002 7 25 ;
843 989 74 42 they

92 1059 61 37 put
173 1066 43 29 up
231 1053 79 30 with
331 1053 35 36 it,
383 1051 128 31 because
531 1050 77 41 they
627 1049 79 31 can't
723 1050 71 41 help
818 1050 99 31 them-

94 1116 108 38 selves,
229 1115 62 31 and
315 1114 130 30 because
468 1112 77 41 they
566 1110 79 32 can't
669 1115 58 37 put
753 1111 26 31 it
805 1111 91 32 down
910 1124 7 24 ;

93 1178 59 31 but
169 1178 78 41 they
273 1176 94 32 recofi
393 1176 80 30 from
490 1175 27 30 it
519 1193 41 2 —
561 1185 71 30 nay,
663 1173 92 31 recoil
784 1173 79 31 from
892 1174 25 30 it

94 1252 33 19 so
160 1239 141 42 strongly
330 1238 71 30 that
434 1237 76 40 they
539 1235 123 30 become
696 1235 218 30 invulnerable.

95 1301 112 31 Coarse
244 1310 123 21 women
401 1297 92 31 make
534 1308 18 19 a
592 1295 128 31 loveless
757 1306 55 30 age
814 1314 42 4 —
856 1296 61 30 like

178 1362 15 11 :>

95 1374 76 18 ours.

138 1423 102 32 Claire
265 1420 142 43 relapsed
430 1420 68 30 into
519 1419 121 37 silence,
658 1417 63 30 and
743 1422 49 26 sat
809 1417 43 42 by
865 1419 52 30 the

93 1485 65 32 side
194 1485 34 30 of
261 1483 90 31 Aunt
381 1480 202 38 Clementine,
616 1480 111 41 gazing
763 1479 34 30 in
833 1485 84 27 mute

93 1547 189 32 dreaminess
313 1549 33 26 at
375 1543 54 31 the
454 1540 140 43 peaceful
617 1551 88 20 scene
732 1540 100 32 before
857 1541 59 33 her.
