1132 1747
423 126 64 21 THE
510 126 87 21 BALL.

875 121 50 24 257

105 198 144 32 hundred
273 200 108 42 people
408 202 90 30 could
517 202 79 31 have
615 202 78 31 been
717 202 93 41 easily
831 206 99 26 enter-

104 260 116 39 tained,
245 261 133 32 without
406 264 148 41 counting
577 263 53 31 the
651 264 94 30 broad
769 263 62 31 and
854 274 76 30 very

105 321 171 33 handsome
299 327 87 27 stone
405 328 124 33 terrace,
547 326 192 39 approached
755 325 79 30 from
856 325 73 30 each

105 383 66 31 side
192 383 44 43 by
251 395 18 19 a
283 384 92 42 flight
391 385 34 29 of
443 390 54 25 ten
513 397 33 18 or
563 386 112 30 twelve
696 391 92 36 steps,
806 387 61 30 and
890 398 40 18 on

107 445 103 30 which
233 445 54 30 the
312 446 122 41 ground
453 446 77 30 floor
547 447 148 30 window's
719 452 32 25 to
773 448 52 29 the
848 447 82 30 front

105 506 44 30 all
178 507 127 40 opened.
353 506 89 30 With
473 507 52 30 the
557 508 71 40 help
660 508 33 30 of
719 508 119 31 flowers
868 508 62 30 and

107 568 105 41 lights,
230 568 75 30 both
322 568 164 40 employed
505 573 33 25 to
553 569 167 40 profusion,
737 569 52 31 the
805 570 125 30 interior

107 630 35 29 of
153 630 53 29 the
223 629 130 30 chateau
369 629 34 30 of
421 630 163 38 Clavreufl,
601 641 40 19 on
656 630 52 31 the
724 631 90 41 night
829 630 34 31 of
878 631 52 31 the

105 691 72 37 ball,
204 691 112 30 looked
346 691 201 41 exceedingly
570 691 79 38 well,
678 691 62 31 and
768 692 162 41 presented

107 753 42 31 all
172 752 54 32 the
250 752 140 31 external
416 757 119 37 aspects
564 752 145 42 requisite
733 757 33 26 to
793 753 85 31 what
907 753 23 30 is

107 815 222 30 denominated
352 814 44 41 by
420 814 88 31 those
532 814 116 31 bidden
667 819 32 26 to
723 814 27 30 it
773 825 17 20 a
813 815 117 41 magni-

107 876 96 30 ficent
217 876 70 30 fete.

183 937 83 30 How
282 937 204 41 surprisingly
497 937 104 41 lovely
613 936 99 31 Claire
727 937 25 30 is

108 998 69 31 said
201 998 146 31 Madame
375 998 183 30 Beaudouin
575 1002 33 25 to
632 998 56 29 her
711 997 220 37 sister-in-law,

109 1060 145 30 Madame
290 1060 37 30 de
360 1059 160 30 ClaAT:eufl.
578 1058 145 30 Madame
753 1058 180 30 Beaudouin

108 1121 63 31 had
202 1121 122 30 arrived
354 1125 62 25 two
444 1120 76 41 days
545 1120 110 37 before,
684 1125 31 24 to
745 1120 55 29 her
825 1118 108 31 niece's

109 1187 88 37 great
212 1182 127 42 delight.

153 1243 74 32 And
243 1243 144 31 Madame
410 1243 182 30 Beaudouin
611 1254 63 18 was
696 1242 91 41 right,
804 1242 130 41 nothing

108 1317 84 20 more
213 1304 152 33 beautiful
380 1304 77 31 than
474 1303 54 31 the
549 1315 106 30 young
670 1303 154 41 Marquise
845 1302 89 30 could

108 1368 39 31 be
171 1366 166 42 imagined.
394 1365 61 31 She
480 1376 63 20 was
563 1376 77 30 very
666 1364 112 41 simply
803 1364 130 37 dressed,

109 1429 63 31 and
195 1428 114 30 moved
329 1427 95 31 about
445 1427 34 30 in
505 1426 55 31 her
580 1436 123 30 creamy
717 1425 79 30 folds
823 1425 33 30 of
876 1425 58 30 soft

109 1491 117 30 muslin
242 1490 63 30 like
322 1501 18 18 a
354 1500 107 30 young
476 1487 157 32 immortal
646 1486 88 31 cloud
747 1487 184 31 enswathed.

111 1553 31 31 It
157 1553 26 30 is
206 1557 69 26 true
296 1552 70 30 that
384 1550 28 30 if
431 1550 53 30 the
509 1549 169 40 simplicity
693 1548 34 31 of
748 1559 186 30 appearance

169 1618 52 16 VOL.
239 1618 26 16 II.
842 1616 9 14 S
