1132 1747
350 112 111 22 BELOW
483 114 63 21 THE
569 114 100 21 MARK.

870 110 52 25 199

101 186 124 32 various
251 188 95 38 allies,
363 188 69 32 that
456 189 116 32 Olivier
573 190 22 31 's
619 190 128 31 chances
771 190 54 31 did
846 190 76 31 with

102 249 74 30 each
208 249 62 43 day
300 261 82 20 seem
411 255 33 27 to
475 251 122 31 become
627 252 100 31 better
753 252 61 30 and
840 263 82 19 more

103 310 125 40 certain,
262 310 117 32 Olivier
394 311 131 39 himself,
542 312 150 39 however,
709 313 61 30 had
785 312 137 42 relapsed

103 370 67 32 into
193 371 49 31 his
267 372 142 31 indolent
429 384 86 31 Avays
534 373 35 30 of
592 374 176 37 heretofore,
786 373 61 31 and
870 373 52 30 the

103 432 53 31 old
170 437 106 37 torpor
295 433 182 31 re-asserted
500 434 86 30 itself
603 446 32 19 so
657 435 179 40 manifestly
851 445 71 19 over

102 493 49 32 his
166 498 111 27 nature
292 494 79 36 that,
388 494 47 30 far
452 494 81 31 from
553 494 94 42 being
666 495 53 30 the
735 506 57 19 one
808 495 114 30 central

102 555 90 41 point
213 555 34 31 of
259 554 53 31 the
328 555 151 41 agitation
495 555 69 30 that
580 566 62 20 was
658 555 75 41 kept
749 567 41 30 up
806 555 116 31 around

102 615 74 37 him,
194 615 43 31 M.
254 616 38 30 de
308 615 187 31 Beauvoisin
510 616 62 30 had
586 616 53 30 the
655 628 188 29 appearance
860 616 33 30 of
905 628 17 19 a

101 681 155 37 spectator
280 677 104 30 rather
407 677 178 30 indifferent
611 678 76 30 than
705 678 160 30 otherwise
888 681 34 27 to

101 738 53 30 the
168 739 139 40 exciting
322 750 89 29 game
426 738 69 30 that
510 750 63 19 was
588 739 93 40 being
694 739 121 40 played.

146 798 62 31 His
225 799 72 30 wife
319 799 99 30 found
440 810 41 19 no
504 803 82 26 trace
609 799 35 30 of
662 799 52 30 the
737 799 123 41 bluntly
880 799 42 31 la-

102 861 87 30 conic
217 860 58 31 but
298 860 70 30 firm
396 860 238 30 determination
657 860 77 30 with
758 860 101 30 which
882 861 39 30 he

101 922 64 30 had
180 922 170 41 supported
374 922 55 30 her
452 923 121 41 against
596 922 54 30 the
673 923 71 29 curd
768 922 34 30 of
821 922 100 30 Beles-

100 984 75 41 poir.
230 983 61 31 She
315 983 154 41 regretted
493 983 71 37 this,
590 983 62 30 and
675 994 63 20 was
763 994 86 30 sorry
874 983 47 30 for

102 1045 49 31 his
173 1044 251 38 lukeAvarmness,
441 1044 33 30 in
495 1049 55 26 not
573 1044 73 41 only
668 1044 48 30 his
738 1055 70 19 OAvn
823 1055 97 27 cause,

101 1107 58 31 but
174 1106 54 31 the
244 1116 97 27 cause,
360 1116 32 19 as
408 1105 53 30 she
476 1105 134 42 thought
625 1105 34 38 it,
678 1105 33 30 of
733 1105 40 30 all
795 1105 126 42 upright

101 1169 111 30 honest
239 1178 81 26 men,
350 1167 121 42 against
501 1177 40 20 an
567 1166 201 42 unrighteous
793 1177 128 31 govern-

100 1234 88 27 ment
200 1243 8 24 ;
231 1229 58 30 but
315 1229 26 30 it
365 1228 91 31 could
478 1232 55 27 not
555 1227 38 32 be
614 1227 119 42 helped.
782 1227 115 32 Olivier
899 1227 21 31 's

100 1296 111 27 nature
239 1301 63 19 Avas
329 1294 56 26 not
410 1293 33 27 to
468 1289 38 31 be
533 1289 139 42 changed
686 1301 8 25 ;
717 1288 57 31 but
797 1288 39 31 he
858 1299 62 20 was

100 1353 119 32 certain
244 1356 32 26 to
303 1350 38 31 be
367 1350 53 31 the
446 1350 127 42 Deputy
595 1350 48 31 for
669 1348 252 33 S&vre-et-Merle

98 1416 49 31 for
163 1414 41 31 all
227 1413 79 31 that.
366 1412 99 30 Henri
482 1411 129 42 Dupont
630 1411 63 31 had
715 1422 32 20 so
769 1410 152 42 managed

98 1481 132 27 matters
254 1476 71 31 that
349 1475 53 31 the
427 1475 121 42 victory
563 1486 63 19 was
645 1486 71 19 now
739 1485 32 19 as
794 1473 80 42 good
889 1485 32 19 as

98 1539 151 32 achieved
263 1551 6 24 ;
307 1538 61 31 and
394 1548 18 20 a
439 1536 99 42 signal
561 1537 122 41 victory
706 1535 27 31 it
755 1546 62 20 was
829 1547 8 25 ;
860 1535 61 31 and
