1132 1747
304 124 92 28 LOVE,
414 125 64 22 THE
502 127 84 21 SAME
609 127 36 20 IN
667 127 68 21 ALL.

883 120 53 24 283

113 197 64 30 and
202 198 99 32 Claire
326 200 63 32 had
411 201 79 31 been
516 202 100 30 AA*ords
642 202 34 30 of
699 202 171 42 joyfulness
896 213 40 19 on

112 258 54 32 the
185 260 93 32 latter
280 261 22 31 's
324 268 77 36 part.
450 264 63 30 The
534 264 103 30 bloom
657 276 84 29 upon
765 264 55 30 her
842 263 94 31 cheek

112 321 64 30 and
191 321 52 32 the
259 323 80 42 light
363 325 33 29 in
415 324 55 31 her
491 336 55 30 eye
566 337 80 19 were
666 326 144 30 matched
824 325 43 41 by
882 325 53 30 the

111 381 159 43 gladsome
292 385 70 42 ring
382 386 34 30 of
433 386 55 30 her
510 398 107 31 young
637 387 95 38 voice,
750 398 32 19 as
803 387 52 30 she
873 386 63 30 had

113 446 76 37 said,
238 447 15 30 I
269 459 95 19 never
380 448 127 31 amused
522 449 114 39 myself
648 448 103 31 before

157 507 86 42 Why
258 520 63 19 was
337 509 25 30 it
378 509 145 31 Madame
540 510 180 30 Beaudouin
740 509 56 31 felt
811 509 69 31 that
895 508 39 31 all

112 569 63 30 this
191 580 63 20 was
270 569 125 39 altered,
413 570 62 30 and
495 571 69 30 that
582 582 18 19 a
624 571 126 31 shadowT
765 571 62 30 had
841 570 93 31 fallen

112 641 74 20 over
205 630 56 31 her
285 630 110 32 niece's
411 631 112 42 joyous
538 632 92 31 mood
642 633 11 30 ?
698 632 60 31 She
774 631 91 31 could
880 636 54 26 not

110 692 78 31 haA'e
204 692 68 31 told
295 704 71 29 you,
392 693 58 31 but
475 693 54 31 the
555 693 91 42 proof
662 694 70 30 that
754 693 52 31 she
828 704 32 20 so
878 693 56 31 felt

110 764 64 20 was
196 754 70 30 that
285 754 53 30 she
360 754 95 41 spoke
478 759 33 25 to
531 755 98 30 Claire
651 767 83 29 upon
758 755 175 30 indifferent

110 816 135 41 subjects
270 816 83 41 only,
370 816 63 30 and
452 816 55 30 did
529 821 56 25 not
607 828 78 19 even
706 817 100 30 allude
827 821 32 26 to
879 817 54 30 the

109 878 63 30 fete
189 878 35 30 of
236 877 53 30 the
304 877 145 39 previous
464 877 97 39 night.

154 940 88 41 They
266 940 131 30 reached
426 940 54 30 the
508 939 76 43 edge
609 939 33 31 of
664 951 17 19 a
705 939 84 38 road,
814 950 39 20 on
879 939 51 30 the

110 1003 89 30 other
214 1001 65 32 side
296 1001 35 31 of
350 1001 103 31 which
473 1012 63 19 was
552 1012 17 19 a
585 1000 205 31 considerable
812 1000 119 41 planta-

108 1064 69 30 tion
193 1062 33 32 of
248 1063 89 41 pines
353 1062 63 31 and
431 1061 127 38 larches,
574 1061 71 38 fine,
663 1061 268 42 stoutly-growing

109 1138 107 31 young
232 1132 86 25 trees.
364 1126 87 40 They
468 1125 119 30 crossed
602 1125 52 29 the
669 1125 183 40 plantation,
870 1124 61 30 and

109 1188 143 42 emerged
294 1199 84 29 upon
409 1198 18 19 a
458 1197 141 19 common
638 1197 178 30 overgrown
855 1185 76 31 with

106 1260 88 32 gorse
210 1248 62 31 and
288 1248 84 30 furze
384 1260 8 24 ;
415 1259 18 18 a
448 1247 60 30 few
528 1247 142 30 hundred
687 1247 93 41 yards
801 1247 32 29 in
848 1246 82 30 front

106 1311 54 31 the
188 1309 122 43 ground
337 1320 78 30 gaA^e
441 1320 17 18 a
485 1308 119 30 sudden
631 1308 63 40 dip,
721 1308 61 29 and
808 1307 122 41 beyond

105 1373 72 30 that
200 1371 54 32 the
280 1370 106 32 smoke
417 1370 120 41 curling
561 1381 42 30 up
629 1370 79 30 from
739 1381 17 18 a
787 1370 142 40 chimney

106 1434 127 32 shoAved
248 1433 70 31 that
342 1443 62 31 you
414 1442 88 20 were
528 1442 39 20 on
581 1431 54 31 the
651 1431 74 42 edge
747 1430 33 31 of
801 1442 18 19 a
841 1430 89 31 small

105 1491 111 44 valley.

180 1557 74 30 This
278 1556 26 29 is
326 1554 94 31 about
447 1553 51 32 the
523 1553 74 40 only
611 1553 194 40 picturesque
826 1553 46 31 bit
895 1554 32 30 in
