1132 1747
881 109 32 26 97

367 112 92 21 CROSS
482 113 162 20 PURPOSES.

92 187 88 42 gling
203 188 62 31 and
288 189 137 41 superior
448 190 183 38 individual,
654 190 82 31 Mile,
753 191 37 31 de
812 192 103 30 Mour-

90 250 139 40 jonville.

139 310 151 33 Claudine
306 312 100 31 learnt
422 313 54 31 her
490 314 100 31 lesson
605 315 70 31 well
694 315 130 42 enough,
842 326 32 20 as
889 315 25 31 it

95 372 115 42 simply
240 373 129 42 implied
399 375 151 41 passivity
580 387 40 19 on
654 376 54 30 her
738 381 78 36 part,
853 376 62 30 and

95 433 161 32 Florestan
272 435 38 31 de
326 435 118 31 Nesves
470 435 82 43 (who
567 448 64 20 was
654 448 40 20 no
715 437 119 43 genius)
853 448 62 20 was

95 496 225 31 well-received
346 497 91 30 Avhen
461 497 38 31 he
525 498 74 41 paid
621 498 49 31 his
696 504 86 26 court
808 504 32 26 to
862 499 52 31 the

96 557 129 41 Sphinx.
274 558 43 31 M.
330 558 38 30 de
380 558 164 43 Moranges
559 559 124 32 himself
696 571 32 20 so
744 560 171 41 completed

93 619 54 30 the
163 619 82 41 plan,
257 619 70 31 that
343 630 40 20 no
395 630 83 21 more
488 631 63 20 Avas
562 620 57 32 left
630 621 46 31 for
687 621 53 31 the
752 621 162 42 ingenuity

96 680 33 31 of
141 680 103 31 others
269 685 33 27 to
329 681 132 31 achieve.
511 681 49 32 He
584 683 148 40 persisted
748 682 76 31 Avith
840 682 74 31 such

95 741 170 31 disdainful
281 742 188 30 ostentation
493 746 32 26 to
552 742 97 31 invite
673 742 42 31 M.
735 742 37 31 de
787 742 125 38 Nesves,

95 802 69 31 that
189 813 56 20 our
271 802 101 31 friend
399 802 128 42 Aspasie
553 803 189 31 determined
763 808 32 26 to
818 803 63 30 risk
897 814 18 20 a

95 875 77 30 Arery
197 864 75 31 bold
296 864 113 37 stroke,
435 864 63 31 and
523 864 84 42 feign
632 875 127 20 concern
785 864 47 31 for
861 864 53 31 her

96 923 182 43 employer's
301 924 120 31 dearest
445 925 148 31 interests.
643 924 60 32 She
726 924 109 31 hinted
858 935 57 20 one

95 986 153 41 morning,
266 985 90 31 when
383 986 205 41 accidentally
614 986 86 30 alone
715 986 77 30 Avith
816 985 42 31 M.
877 986 37 30 de

95 1047 175 42 Moranges,
295 1048 71 30 that
395 1048 130 41 perhaps
551 1047 42 31 M.
623 1048 38 30 de
685 1047 116 31 Nesves
831 1059 84 19 came

95 1109 106 30 rather
226 1109 85 30 often
335 1114 32 25 to
403 1109 52 30 the
485 1109 94 30 house
590 1121 7 24 ;
631 1109 68 30 that
720 1109 48 30 his
793 1114 122 35 reputa-

94 1170 68 29 tion
200 1180 63 19 Avas
304 1173 56 26 not
397 1169 85 41 quite
519 1169 74 30 such
632 1180 32 19 as
700 1173 32 26 to
770 1173 144 32 Avarrant,

95 1232 63 35 &c,
177 1232 50 30 &c.

137 1293 64 31 But
217 1292 53 32 she
286 1304 63 19 Avas
364 1296 53 27 cut
432 1292 85 31 short
533 1292 167 30 somewhat
715 1292 130 38 harshly.

169 1354 98 32 What
279 1365 56 21 can
351 1354 16 31 I
382 1353 137 42 possibly
530 1353 79 31 have
624 1358 33 26 to
671 1353 65 31 fear
750 1353 79 30 from
841 1352 73 30 such

94 1429 19 19 a
127 1428 91 31 goose
245 1428 34 19 as
303 1416 118 31 Nesves
433 1416 11 31 ?
488 1414 63 32 had
566 1414 42 32 M.
635 1414 37 31 de
692 1414 163 41 Moranges
869 1425 45 19 re-

93 1479 85 39 plied
193 1479 78 30 with
286 1489 19 19 a
319 1477 142 41 haughty
477 1481 86 27 stare.

138 1540 74 31 And
229 1540 129 39 Aspasie
373 1550 63 20 was
453 1538 212 41 considerably
681 1536 175 38 comforted,
869 1536 47 31 for

149 1606 54 14 VOL.
222 1607 24 13 II.
815 1603 17 15 H
