1132 1747
271 116 69 22 TWO
363 116 38 22 TO
424 116 62 22 ONE
510 116 41 22 ON
574 118 63 20 THE
659 118 108 21 BLACK.

880 114 52 26 145

112 195 52 37 get
187 203 17 19 a
226 192 85 39 shell,
329 193 56 32 but
401 205 45 20 we
462 199 84 27 must
560 195 88 31 mind
662 195 69 31 that
746 206 45 20 we
814 201 52 36 get
879 197 51 30 the

112 258 103 36 oyster
311 255 74 31 And
415 255 75 32 both
521 267 72 20 men
624 257 148 30 chuckled
798 269 33 18 as
855 258 75 40 they

111 314 97 31 shook
223 315 107 30 hands.

154 375 58 32 We
231 377 110 31 should
363 377 61 31 like
440 378 53 31 the
507 379 105 30 reader
631 383 33 26 to
678 379 79 30 have
780 391 18 18 a
815 380 112 40 precise

109 438 110 31 notion
237 438 34 31 of
294 439 53 30 the
362 440 75 30 time
457 440 69 30 that
548 440 62 30 had
631 440 77 30 been
726 441 141 40 required
882 442 45 29 for

109 498 52 31 the
185 503 106 27 events
306 511 46 19 we
374 500 78 30 have
473 500 115 30 related
606 501 33 29 in
659 501 52 29 the
731 501 59 30 last
810 506 61 26 two
893 513 34 19 or

107 558 85 32 three
209 559 146 40 chapters.

150 620 31 31 It
206 631 64 20 was
292 620 53 31 the
371 621 84 30 third
485 621 86 30 Aveek
597 622 32 29 in
655 621 80 31 June
758 622 90 30 when
871 623 52 30 the

106 679 151 43 Dow*ager
297 681 180 31 marshalled
520 681 54 31 her
612 681 169 31 household
821 688 102 35 troops

105 741 91 31 down
221 747 32 25 to
280 742 194 37 Beauvoisin,
501 742 62 31 and
585 743 155 40 prevailed
763 754 84 30 upon
869 744 53 30 her

104 801 122 32 brother
243 808 33 26 to
297 803 97 42 spend
409 815 17 19 a
442 804 85 30 short
541 804 75 30 time
632 809 31 25 at
678 804 126 41 Brunoy
819 805 33 29 in
873 805 48 30 his

102 864 153 41 nephew's
270 866 134 30 interest.
451 866 59 30 She
533 866 139 30 believed
688 866 115 31 Olivier
817 867 103 30 would

102 924 33 31 in
158 925 111 41 reality
286 926 83 30 wralk
391 937 73 19 over
490 926 51 30 the
567 937 102 19 course
681 939 7 24 ;
711 927 52 30 the
788 927 67 31 Due
882 928 38 30 de

101 985 153 32 Vivienne
275 987 163 30 nourished
459 987 121 40 exactly
595 987 52 30 the
669 998 82 20 same
773 987 94 31 belief
886 999 33 19 as

100 1048 150 40 regarded
286 1048 48 30 his
363 1059 71 19 OAvn
463 1049 208 37 candidature,
703 1049 62 29 and
794 1049 61 30 this
892 1049 32 30 is.

101 1109 97 41 easily
234 1110 162 40 explained
432 1110 43 40 by
505 1110 52 30 the
595 1110 243 40 un-importance
871 1115 45 25 at-

98 1169 112 31 tached
232 1169 43 41 by
290 1170 52 30 the
358 1175 201 36 government
573 1175 33 25 to
621 1170 52 30 the
689 1170 135 30 election.
871 1170 36 31 M

98 1230 39 30 de
161 1230 184 41 Laprunaey
370 1230 62 30 had
455 1235 55 26 not
532 1242 84 19 come
638 1230 140 38 forAvard,
795 1242 40 19 no
858 1242 58 20 one

97 1292 85 41 quite
213 1292 91 31 knew
333 1292 172 39 wherefore,
537 1292 62 31 and
628 1292 118 30 Achille
772 1292 140 38 BouAder,

94 1353 54 31 the
178 1353 166 41 attorney's
374 1364 53 20 son
458 1358 32 26 at
520 1353 195 38 CombeArille,
746 1353 62 30 had
838 1353 76 31 been

94 1415 73 32 held
189 1415 89 38 back,
296 1426 40 20 no
358 1426 57 20 one
438 1415 86 41 quite
541 1415 92 31 kneAv
647 1415 43 41 by
706 1414 109 31 whom.
863 1414 49 31 He

93 1477 63 31 had
177 1478 77 30 been
270 1477 47 30 for
337 1489 18 18 a
377 1476 74 42 long
465 1476 91 31 while
579 1477 72 30 held
673 1481 32 26 to
728 1475 37 32 be
787 1475 52 32 the
855 1487 57 20 one

93 1540 113 30 serious
221 1538 164 31 candidate
399 1550 8 25 ;
434 1538 156 37 therefore,
608 1537 38 31 he
662 1542 55 26 not
735 1537 176 40 presenting

148 1607 50 12 VOL.
217 1606 24 13 II.

812 1603 13 14 L
