1132 1747
477 126 149 21 SEVERED.

905 121 53 26 219

134 197 45 42 by
204 198 119 33 Olivier
345 200 64 32 had
433 201 78 32 been
534 203 123 42 grafted
681 215 84 30 upon
788 204 65 30 him
877 203 43 42 by
942 215 17 19 a

134 259 232 44 determinedly
396 274 142 30 perverse
578 276 120 29 process
744 265 34 30 of
815 265 144 41 bringing

134 320 105 39 doAvn,
254 322 123 32 instead
391 323 35 32 of
437 324 146 41 bringing
598 337 50 28 up.

180 443 93 33 Some
297 444 77 43 days
405 446 101 30 before
529 447 53 30 the
608 448 139 37 election,
766 447 115 31 Olivier
905 447 55 30 left

136 504 196 40 Beauvoisin,
350 507 62 30 and
434 512 91 36 spent
539 508 53 30 the
613 509 124 30 months
754 509 33 30 of
807 509 77 41 July
899 508 61 30 and

136 567 126 42 August
299 567 140 31 between
476 568 86 30 Paris
599 569 63 30 and
699 570 163 41 Homburg
899 569 61 31 and

135 628 237 31 Baden-Baden.
424 629 44 31 To
498 630 53 30 the
581 630 92 31 latter
702 631 85 40 place
819 631 140 30 Madame

134 686 154 31 Claudine
306 686 63 32 had
391 687 78 32 been
488 688 128 31 ordered
636 689 43 41 by
698 689 54 30 the
775 689 121 31 doctors
913 689 47 30 for

135 758 18 20 a
174 747 97 43 slight
286 747 146 33 affection
450 749 35 31 of
507 749 54 31 the
582 749 120 42 larynx,
720 750 62 30 and
800 750 86 30 there
908 749 52 31 she

135 820 64 20 Avas
215 809 187 32 established
417 810 48 31 for
480 822 83 19 some
579 811 109 38 weeks,
706 811 76 30 with
797 811 55 30 her
874 822 85 30 saga-

135 870 86 31 cious
246 871 266 42 lady-in-waiting
513 890 41 4 —
555 872 54 30 the
629 883 80 27 now,
726 876 33 26 to
781 872 62 38 her,
865 872 94 30 indis-

134 932 146 40 pensable
296 932 83 30 Mile.
397 932 137 40 Aspasie.

181 1054 109 38 Claire,
322 1054 111 41 taking
455 1054 55 30 her
539 1054 84 41 baby
652 1054 76 30 Avith
758 1054 62 38 her,
851 1055 109 40 passed

135 1115 54 32 the
219 1115 111 31 month
356 1115 33 30 of
415 1115 77 40 July
516 1115 76 30 with
621 1114 55 30 her
699 1114 121 30 mother
848 1115 33 29 in
907 1115 52 30 the

137 1178 154 41 Pyrenees
305 1189 7 25 ;
335 1176 54 31 the
410 1176 110 30 month
544 1175 34 31 of
601 1175 125 42 August
748 1180 32 25 at
798 1175 162 31 Arcachon

136 1240 49 31 for
201 1239 53 31 the
274 1238 116 32 benefit
405 1238 34 31 of
460 1238 195 41 sea-bathing
669 1250 7 25 ;
700 1238 61 30 and
777 1238 54 30 the
850 1238 109 30 month

136 1301 36 31 of
199 1300 181 41 September
406 1304 33 26 at
463 1299 163 38 Ckvreuil,
652 1299 52 30 the
731 1299 90 30 home
846 1299 34 30 of
906 1299 54 30 her

135 1362 150 43 girlhood.
