1132 1747
946 99 31 25 21

482 101 35 21 IN
539 102 61 20 FOR
623 103 39 19 IT.

360 178 135 30 retorted
512 178 124 38 Olivier,
685 179 14 31 I
716 179 86 32 don't
816 180 93 31 think
924 181 55 30 I'm

160 236 124 42 exactly
298 237 54 30 the
374 242 63 26 sort
453 239 34 30 of
499 250 73 19 man
587 244 32 26 to
635 250 38 31 go
689 240 112 43 falling
816 241 33 30 in
864 241 69 31 love
947 253 6 25 ;

159 296 63 31 and
237 297 38 30 he
292 299 153 40 appeared
458 304 33 26 to
506 300 61 30 feel
589 311 17 19 a
628 300 99 41 proud
744 301 189 31 satisfaction
949 307 30 26 at

159 356 93 42 being
269 359 67 30 able
352 364 33 26 to
400 360 91 31 make
506 360 63 31 this
585 366 174 27 statement.

298 432 55 30 say
362 433 5 19 :
379 422 83 38 item,
468 433 40 20 no
622 423 135 41 pursued
767 423 105 31 Henri.

158 492 50 20 me
218 482 134 42 frankly,
367 483 124 37 OliAder,
501 495 63 20 Avas
575 484 85 31 there
672 495 62 29 any
744 489 190 26 amusement
948 485 10 30 ?

234 543 15 31 I
276 544 111 31 should
407 556 55 30 say
476 556 81 20 none
578 545 33 31 in
840 557 63 19 Avas
926 546 51 31 the

158 615 119 21 ansAver
289 617 7 25 ;
360 617 41 19 on
427 606 53 30 the
505 606 107 37 whole,
640 607 104 29 rather
774 618 18 18 a
821 607 80 36 bore,
903 625 43 3 —
948 618 29 19 as

157 666 87 31 those
260 667 79 30 kind
355 667 34 30 of
401 667 105 41 things
523 668 114 40 always

230 727 75 31 And
330 733 53 36 yet
408 729 26 29 it
456 733 65 26 cost
542 729 152 40 tolerably
838 730 139 30 resumed

158 788 102 31 Count
290 789 137 41 Dupont.
501 790 89 37 Well,
622 801 55 29 my
705 790 81 41 good
822 790 109 38 felloAv,
964 791 13 29 I

157 861 95 20 never
266 851 93 30 knew
374 851 54 30 the
444 850 99 41 rights
560 850 33 30 of
611 850 54 30 the
688 854 84 37 story
787 850 111 37 before,
916 851 61 29 and

157 912 15 30 I
199 912 77 31 used
302 917 33 25 to
356 916 101 37 regret
479 912 70 29 that
565 911 14 30 I
595 911 62 30 had
672 911 77 30 been
766 911 107 30 absent
887 912 89 29 when

156 974 26 31 it
207 973 42 31 all
273 973 165 41 happened
451 985 7 25 ;
486 973 57 30 but
567 984 71 18 now
661 972 16 30 I
705 984 48 19 see
780 972 15 30 I
820 973 156 30 shouldn't

157 1036 80 31 have
252 1035 80 31 been
347 1034 35 31 of
394 1034 94 31 much
503 1045 54 19 use
572 1039 34 25 to

200 1096 50 31 He
274 1100 84 27 Avent
382 1096 48 31 his
445 1107 79 30 way,
542 1095 62 31 and
620 1095 116 31 Olivier
750 1095 150 30 mounted
922 1095 51 30 the

155 1158 91 31 stairs
267 1157 126 42 leading
417 1162 33 26 to
473 1157 49 31 his
538 1156 144 42 splendid
705 1156 72 31 blue
797 1156 63 31 and
884 1156 89 31 sdver

154 1220 164 30 furnished
333 1231 94 19 room.

197 1282 51 31 He
263 1282 64 30 had
343 1280 135 41 scarcely
492 1280 78 30 been
585 1279 33 31 in
633 1279 27 31 it
681 1289 85 20 more
787 1278 76 31 than
883 1289 17 19 a
915 1277 58 31 few

153 1344 146 38 minutes,
338 1343 91 30 when
464 1342 48 29 his
546 1352 71 19 OAvn
654 1340 197 31 confidential
891 1339 82 30 valet

153 1404 137 39 entered,
307 1404 63 31 and
385 1402 155 31 informed
562 1402 66 30 him
644 1402 69 30 that
732 1413 17 19 a
769 1400 74 42 lady
858 1411 62 20 was
940 1400 33 30 in

152 1469 43 30 M.
223 1468 29 30 le
277 1465 164 42 Marquis's
466 1469 182 32 ante-room,
674 1463 63 30 and
758 1461 160 42 requested
941 1465 32 27 to

152 1542 49 20 see
216 1530 67 29 him
298 1538 85 30 upon
399 1530 80 27 most
495 1529 111 38 urgent
621 1525 146 30 business.
