1132 1747
165 110 33 24 60

397 115 81 21 LOVE
502 114 63 21 THE
587 112 162 23 AVENGER.

162 193 62 30 and
250 193 75 41 they
340 193 92 31 abuse
458 192 53 31 the
537 203 83 30 poor,
637 190 202 31 unfortunate
864 196 122 21 Avomen

162 254 69 31 Avho
247 254 122 41 happen
385 259 32 26 to
432 254 80 31 have

206 316 61 32 She
291 316 62 31 had
375 315 113 32 turned
510 315 110 38 round,
638 315 62 30 and
719 314 105 31 Avhilst
846 311 140 42 uttering

162 378 53 31 the
229 378 60 31 last
304 377 110 38 words,
432 377 53 31 she
501 376 89 32 stood
612 376 34 31 in
668 376 85 30 front
768 375 34 31 of
823 374 162 36 Claudine,

162 438 101 31 Avhose
278 438 66 31 face
360 449 63 20 was
438 438 115 31 bathed
568 438 33 31 in
616 442 87 27 tears.

237 500 96 31 What
348 501 55 30 has
417 500 163 42 happened
593 500 10 30 ?
643 500 54 30 she
709 497 181 39 exclaimed,
907 497 78 31 Avith

162 562 73 30 such
266 573 40 19 an
336 567 107 25 accent
480 561 34 31 of
549 562 146 30 innocent
729 560 134 42 surprise
877 571 7 25 ;
923 558 63 32 and

162 623 159 41 springing
344 622 157 39 forwards,
521 622 62 38 she,
601 622 76 31 Avith
705 634 18 18 a
747 622 88 30 burst
858 620 35 32 of
913 620 72 31 irre-

161 684 144 40 pressible
350 684 176 40 sympathy,
571 683 68 30 well
684 683 77 41 nigh
809 681 177 32 smothered

162 746 149 30 Claudine
338 746 33 30 in
395 746 54 30 her
460 753 4 7 '
473 757 90 26 arms,
581 745 242 41 overwhelming
838 744 55 30 her
907 744 78 30 Avith

162 807 102 30 marks
289 807 34 30 of
349 807 54 30 her
427 807 108 30 tender
559 807 256 38 commiseration,
841 806 63 30 and
928 806 57 29 im-

162 868 120 42 ploring
305 867 119 42 pardon
450 867 48 31 for
523 867 53 31 the
593 867 129 31 Avounds
748 867 54 31 she
828 867 63 31 had
907 867 78 31 been

162 929 130 41 blindly,
309 928 235 41 unconsciously
559 928 162 42 inflicting.

236 990 14 31 I
267 990 61 31 had
344 995 54 26 not
420 990 52 31 the
496 990 142 42 slightest
812 991 54 31 she
882 990 82 32 cried
980 1003 7 25 ;

195 1055 55 27 not
266 1062 17 20 a
298 1062 90 31 guess
403 1063 4 19 :
431 1051 26 31 if
477 1051 15 31 I
512 1052 90 31 could
617 1052 80 31 have
712 1052 63 31 had
790 1053 53 30 the
859 1053 129 31 faintest

163 1112 70 31 idea
248 1112 34 31 of
303 1112 74 31 such
400 1124 18 19 a
576 1112 47 42 (of
642 1114 94 38 Avhat,
753 1114 131 41 Aspasie
898 1114 23 42 ?)
973 1115 14 30 I

163 1173 104 31 Avould
281 1172 78 31 have
376 1173 72 31 died
463 1184 107 20 sooner
584 1174 78 30 than
677 1186 55 28 say
748 1186 18 19 a

239 1233 127 41 Aspasie
379 1234 10 30 ?
441 1233 95 31 asked
559 1233 160 39 Claudine,
744 1236 155 41 suddenly
915 1237 73 41 dry-

165 1297 53 40 ing
233 1295 54 31 her
302 1305 78 31 eyes,
398 1294 131 42 dashing
551 1295 53 31 the
626 1295 69 31 hair
713 1296 79 30 from
808 1297 55 30 her
877 1298 110 39 brows,

166 1356 62 30 and
242 1355 98 42 fixing
355 1366 18 19 a
388 1355 72 30 look
475 1355 34 30 of
527 1354 54 32 fire
604 1367 84 30 upon
711 1357 55 31 her
785 1359 185 40 companion
982 1372 6 25 ;

196 1417 39 31 do
250 1416 108 41 people
373 1416 93 31 think
481 1416 54 31 her
550 1427 32 20 so
598 1428 77 29 very
690 1418 153 31 beautiful
858 1421 10 29 ?

210 1478 83 30 Mile,
325 1477 37 31 de
393 1477 218 42 Mourjonville
642 1478 62 31 had
739 1480 162 32 measured
938 1482 53 31 the

167 1540 95 40 depth
286 1539 33 31 of
339 1540 127 40 anxiety
482 1540 32 29 in
536 1539 53 31 the
612 1540 80 38 look,
710 1541 69 38 and,
800 1541 79 32 after
895 1554 18 20 a
928 1555 63 20 mo-
