1132 1747
887 117 51 26 185

338 122 64 20 THE
425 122 72 21 NEW
519 122 188 21 CANDIDATE.

121 201 33 25 to
178 197 124 42 explain
313 210 7 25 ;
348 198 38 31 he
405 199 54 30 did
482 205 55 25 not
559 200 113 40 clearly
688 210 48 19 see
751 199 83 30 what
850 199 89 30 could

121 257 78 32 have
226 258 133 43 brought
389 261 26 30 it
445 261 100 30 about.
592 261 84 41 Why
700 272 62 19 was
787 260 52 31 the
866 260 73 41 wily

123 323 71 29 cure'
231 321 34 30 of
297 321 164 42 Belespoir,
498 323 69 29 Avho
599 322 63 30 had
701 322 75 30 been
816 322 41 29 all
893 321 46 30 for

121 382 54 30 the
205 382 102 39 Duke,
331 394 71 19 now
431 395 33 18 so
494 383 218 42 energetically
741 383 41 30 all
810 383 47 30 for
886 382 53 31 the

123 443 139 42 Marquis
276 445 10 30 ?
331 444 30 30 It
376 456 62 18 was
454 444 181 41 perplexing
657 444 62 30 and
740 444 199 41 exceedingly

121 505 167 30 vexatious.

197 566 30 31 It
243 566 63 30 will
322 566 105 30 divide
442 566 54 30 the
518 566 203 40 department,
738 566 157 30 Monsieur
910 566 28 30 le

233 627 66 30 said
315 627 206 39 incautiously
535 626 54 30 the
604 625 194 41 sub-prefect.

193 688 16 30 I
225 699 51 19 am
296 699 68 19 sure
379 699 46 19 we
447 688 97 41 ought
563 692 32 26 to
613 687 59 30 feel
693 687 100 41 proud
812 687 33 30 of
864 688 75 29 such

118 759 40 20 an
178 748 169 31 admission
372 748 80 30 from
584 748 136 40 rejoined
747 748 192 40 courteously

117 809 53 32 the
195 820 72 20 cure
294 809 33 31 of
350 809 163 41 Belespoir,
530 810 69 30 Avho
622 821 63 19 was
713 815 132 35 present,
893 809 47 31 for

117 871 26 31 it
167 870 100 32 shows
289 881 37 20 us
348 870 70 31 that
436 870 33 30 in
491 881 78 30 your
590 875 113 26 esteem
723 870 52 31 the
790 870 96 31 forces
908 870 33 31 of

117 932 54 31 the
186 937 62 26 two
271 932 115 41 parties
408 942 50 20 are
474 931 71 31 well
564 931 151 37 matched,
732 931 62 31 and
808 931 69 31 that
892 942 46 20 we

118 994 70 30 AAdio
203 993 78 31 have
298 993 132 41 nothing
443 997 33 26 to
492 992 82 38 offer,
591 1003 71 20 save
677 992 53 31 the
746 992 144 31 devotion
905 997 33 26 to

118 1056 85 29 Avhat
229 1066 47 19 we
304 1054 57 31 call
386 1053 53 31 the
466 1053 93 42 right,
585 1064 55 20 can
672 1053 77 30 have
779 1064 39 19 an
849 1053 88 41 equal

118 1117 114 30 chance
248 1115 77 31 with
348 1114 53 31 the
420 1114 157 31 nominees
596 1114 61 30 and
674 1114 217 31 functionaries
906 1114 34 31 of

117 1179 54 30 the
186 1182 87 36 great
288 1176 142 42 imperial

193 1239 70 29 You
286 1238 64 29 Avill
381 1242 94 25 count
498 1248 40 19 no
564 1242 87 25 votes
677 1236 32 31 in
735 1236 53 31 the

115 1300 137 31 retorted
263 1299 181 39 snappishly
458 1299 53 29 the
527 1298 192 40 sub-prefect.

192 1361 57 30 We
273 1360 78 31 shall
462 1359 172 41 responded
655 1359 112 41 mildly
781 1359 53 30 the
856 1360 79 35 curd,

147 1422 52 32 the
215 1422 83 31 rural
315 1421 196 40 populations
526 1432 73 29 may

193 1483 49 32 Oh
257 1484 5 29 !
301 1483 95 36 there,
428 1481 15 30 I
474 1481 59 42 beg
562 1493 78 29 your
845 1480 92 30 inter-

116 1545 113 40 rupted
254 1544 119 32 Marius
399 1543 132 38 Daudel,
555 1543 140 42 groAving
721 1553 97 30 angry
840 1542 98 30 under
