1132 1747
418 448 200 33 CHAPTER
649 447 85 31 XIX.

439 545 177 22 EVERYDAY
640 544 79 21 LIFE.

213 625 69 31 But
312 625 52 31 the
387 636 107 30 young
520 622 158 41 Marquise
711 620 62 32 and
804 620 55 30 her
890 619 107 31 cousin

170 698 79 20 were
280 691 56 27 not
359 687 116 40 always
497 685 35 30 of
559 684 144 31 different
730 683 144 41 opinions
902 692 95 30 every

170 749 75 30 time
269 749 75 41 they
366 752 64 27 met
444 760 7 25 ;
475 747 76 41 they
566 746 62 30 had
653 746 32 29 in
705 745 112 40 reality
844 755 34 19 so
900 754 99 31 many

171 815 95 26 tastes
296 809 63 31 and
388 809 131 41 feelings
549 808 32 29 in
620 818 142 19 common
794 806 79 36 that,
906 805 93 29 Avhen

171 872 103 30 others
298 882 79 19 Avere
403 874 133 38 present,
562 868 62 31 and
654 868 86 31 there
763 879 64 19 Avas
850 879 41 19 no
915 878 84 30 Avay-

171 933 87 31 ward
276 933 98 30 desire
397 943 40 19 on
458 930 123 32 Claire's
604 934 70 38 part
697 934 33 26 to
755 929 38 31 be
816 928 183 31 ill-natured

171 1006 34 20 or
221 994 173 42 aggressive
409 991 136 33 towards
560 992 43 30 M.
624 991 37 31 de
689 991 151 37 Lancour,
858 990 54 32 she
935 1001 64 20 was

171 1067 32 20 so
236 1055 188 41 thoroughly
455 1054 161 40 charming
646 1053 71 30 that
750 1053 39 30 he
820 1053 91 30 could
943 1057 56 26 not

172 1117 108 30 choose
302 1116 57 30 but
383 1116 117 30 admire
520 1116 55 29 her
595 1115 158 41 cordially,
780 1115 62 30 and
871 1115 128 41 indulge

171 1178 33 30 in
221 1189 17 19 a
254 1177 86 40 quite
356 1177 157 29 alloAvable
530 1176 88 41 pride
634 1177 33 29 in
683 1177 48 29 his
747 1177 103 40 lovely
867 1177 116 30 cousin.

216 1237 30 31 It
276 1238 27 29 is
332 1237 115 40 mostly
470 1237 80 30 from
573 1237 86 31 these
690 1237 126 43 general
846 1238 154 42 meetings

172 1299 70 32 that
263 1298 189 42 preferences
476 1298 116 42 spring,
610 1298 47 31 for
680 1310 40 20 on
744 1300 75 30 such
844 1301 157 30 occasions

173 1371 121 20 Avomen
319 1359 163 42 especially
505 1359 63 30 like
590 1364 34 26 to
647 1360 98 38 shine,
774 1361 63 31 and
868 1372 77 20 even
977 1362 25 30 if

175 1421 112 31 devoid
314 1420 34 31 of
368 1420 111 40 vanity
493 1420 77 30 Avish
593 1425 33 26 to
649 1421 102 41 please
765 1433 5 19 :
794 1421 158 31 Avhatever
974 1422 28 31 is

174 1483 68 31 best
257 1483 33 30 in
309 1482 85 31 them
414 1492 100 20 comes
539 1486 61 26 out.
650 1482 156 37 Whereas,
826 1482 91 31 when
937 1487 65 27 two

176 1543 108 41 people
307 1554 50 20 are
380 1542 96 38 alone,
500 1553 63 30 you
587 1553 57 20 can
671 1554 94 20 never
788 1543 37 31 be
849 1543 153 41 perfectly
