<?xml version="1.0" encoding="UTF-8"?>
<alto xmlns:xsi="http://www.w3.org/2001/XMLSchema-instance" xsi:noNamespaceSchemaLocation="http://www.bl.uk/schemas/alto/alto-1-4.xsd" xmlns:xlink="http://www.w3.org/1999/xlink">
	<Description>
		<MeasurementUnit>mm10</MeasurementUnit>
		<sourceImageInformation>
			<fileName>//head1/IN/2007-46/A0010888503.2/009413.jp2</fileName>
		</sourceImageInformation>
		<OCRProcessing ID="OCRPROCESSING_1">
			<preProcessingStep>
				<processingSoftware>
					<softwareCreator>CCS Content Conversion Specialists GmbH, Germany</softwareCreator>
					<softwareName>CCS docWORKS</softwareName>
					<softwareVersion>6.1-0.61</softwareVersion>
				</processingSoftware>
			</preProcessingStep>
			<ocrProcessingStep>
				<processingSoftware>
					<softwareCreator>ABBYY (BIT Software), Russia</softwareCreator>
					<softwareName>Finereader</softwareName>
				</processingSoftware>
			</ocrProcessingStep>
		</OCRProcessing>
	</Description>
	<Styles>
		<TextStyle ID="TXT_0" FONTSIZE="9" FONTFAMILY="Courier New"/>
		<TextStyle ID="TXT_1" FONTSIZE="11" FONTFAMILY="Courier New"/>
		<ParagraphStyle ID="PAR_LEFT" ALIGN="Left"/>
		<ParagraphStyle ID="PAR_RIGHT" ALIGN="Right"/>
	</Styles>
	<Layout>
		<Page ID="P205" PHYSICAL_IMG_NR="205" HEIGHT="1747" WIDTH="1132" PRINTED_IMG_NR="195" POSITION="Right" ACCURACY="70.31">
			<TopMargin ID="P205_TM00001" HPOS="0" VPOS="0" WIDTH="1131" HEIGHT="150">
				<TextBlock ID="P205_TB00001" HPOS="339" VPOS="126" WIDTH="322" HEIGHT="23" STYLEREFS="TXT_0 PAR_LEFT">
					<TextLine ID="P205_TL00001" HPOS="340" VPOS="126" WIDTH="321" HEIGHT="23">
						<String ID="P205_ST00001" HPOS="340" VPOS="126" WIDTH="112" HEIGHT="22" CONTENT="BELOW" WC="0.80" CC="72000"/>
						<SP ID="P205_SP00001" HPOS="452" VPOS="148" WIDTH="22"/>
						<String ID="P205_ST00002" HPOS="474" VPOS="128" WIDTH="64" HEIGHT="21" CONTENT="THE" WC="0.63" CC="064"/>
						<SP ID="P205_SP00002" HPOS="538" VPOS="149" WIDTH="22"/>
						<String ID="P205_ST00003" HPOS="560" VPOS="128" WIDTH="101" HEIGHT="21" CONTENT="MARK." WC="0.63" CC="00764"/>
					</TextLine>
				</TextBlock>
				<TextBlock ID="P205_TB00002" HPOS="859" VPOS="123" WIDTH="51" HEIGHT="26" STYLEREFS="TXT_1 PAR_RIGHT">
					<TextLine ID="P205_TL00002" HPOS="859" VPOS="123" WIDTH="51" HEIGHT="26">
						<String ID="P205_ST00004" HPOS="859" VPOS="123" WIDTH="51" HEIGHT="26" CONTENT="195" WC="1.00" CC="000"/>
					</TextLine>
				</TextBlock>
			</TopMargin>
			<LeftMargin ID="P205_LM00001" HPOS="0" VPOS="150" WIDTH="88" HEIGHT="1471"/>
			<RightMargin ID="P205_RM00001" HPOS="913" VPOS="150" WIDTH="218" HEIGHT="1471"/>
			<BottomMargin ID="P205_BM00001" HPOS="0" VPOS="1621" WIDTH="1131" HEIGHT="125"/>
			<PrintSpace ID="P205_PS00001" HPOS="88" VPOS="150" WIDTH="826" HEIGHT="1471">
				<TextBlock ID="P205_TB00003" HPOS="89" VPOS="200" WIDTH="824" HEIGHT="532" STYLEREFS="TXT_0 PAR_LEFT">
					<TextLine ID="P205_TL00003" HPOS="90" VPOS="201" WIDTH="821" HEIGHT="43">
						<String ID="P205_ST00005" HPOS="90" VPOS="201" WIDTH="65" HEIGHT="30" CONTENT="real" WC="0.69" CC="7005"/>
						<SP ID="P205_SP00003" HPOS="155" VPOS="231" WIDTH="26"/>
						<String ID="P205_ST00006" HPOS="181" VPOS="201" WIDTH="128" HEIGHT="32" CONTENT="interest" WC="0.63" CC="47334023"/>
						<SP ID="P205_SP00004" HPOS="309" VPOS="233" WIDTH="24"/>
						<String ID="P205_ST00007" HPOS="333" VPOS="202" WIDTH="33" HEIGHT="31" CONTENT="in" WC="0.68" CC="06"/>
						<SP ID="P205_SP00005" HPOS="366" VPOS="233" WIDTH="24"/>
						<String ID="P205_ST00008" HPOS="390" VPOS="203" WIDTH="104" HEIGHT="41" CONTENT="public" WC="0.81" CC="074000"/>
						<SP ID="P205_SP00006" HPOS="494" VPOS="244" WIDTH="26"/>
						<String ID="P205_ST00009" HPOS="520" VPOS="203" WIDTH="108" HEIGHT="32" CONTENT="affairs." WC="0.81" CC="00040900"/>
						<SP ID="P205_SP00007" HPOS="628" VPOS="244" WIDTH="47"/>
						<String ID="P205_ST00010" HPOS="675" VPOS="204" WIDTH="52" HEIGHT="31" CONTENT="Dr." WC="1.00" CC="000"/>
						<SP ID="P205_SP00008" HPOS="727" VPOS="244" WIDTH="26"/>
						<String ID="P205_ST00011" HPOS="753" VPOS="204" WIDTH="158" HEIGHT="31" CONTENT="Robichon" WC="0.53" CC="75702706"/>
					</TextLine>
					<TextLine ID="P205_TL00004" HPOS="91" VPOS="263" WIDTH="821" HEIGHT="34">
						<String ID="P205_ST00012" HPOS="91" VPOS="263" WIDTH="127" HEIGHT="30" CONTENT="himself" WC="0.47" CC="7706076"/>
						<SP ID="P205_SP00009" HPOS="218" VPOS="293" WIDTH="27"/>
						<String ID="P205_ST00013" HPOS="245" VPOS="274" WIDTH="64" HEIGHT="20" CONTENT="was" WC="0.94" CC="010"/>
						<SP ID="P205_SP00010" HPOS="309" VPOS="294" WIDTH="29"/>
						<String ID="P205_ST00014" HPOS="338" VPOS="263" WIDTH="105" HEIGHT="32" CONTENT="forced" WC="0.90" CC="005000"/>
						<SP ID="P205_SP00011" HPOS="443" VPOS="295" WIDTH="29"/>
						<String ID="P205_ST00015" HPOS="472" VPOS="269" WIDTH="32" HEIGHT="26" CONTENT="to" WC="0.74" CC="50"/>
						<SP ID="P205_SP00012" HPOS="504" VPOS="295" WIDTH="35"/>
						<String ID="P205_ST00016" HPOS="539" VPOS="265" WIDTH="98" HEIGHT="31" CONTENT="admit" WC="0.86" CC="00006"/>
						<SP ID="P205_SP00013" HPOS="637" VPOS="296" WIDTH="37"/>
						<String ID="P205_ST00017" HPOS="674" VPOS="265" WIDTH="68" HEIGHT="31" CONTENT="that" WC="0.56" CC="2707"/>
						<SP ID="P205_SP00014" HPOS="742" VPOS="296" WIDTH="31"/>
						<String ID="P205_ST00018" HPOS="773" VPOS="266" WIDTH="116" HEIGHT="30" CONTENT="Olivier" WC="0.79" CC="6100600"/>
						<String ID="P205_ST00019" HPOS="890" VPOS="266" WIDTH="22" HEIGHT="31" CONTENT="'s" WC="0.64" CC="33"/>
					</TextLine>
					<TextLine ID="P205_TL00005" HPOS="94" VPOS="324" WIDTH="818" HEIGHT="43">
						<String ID="P205_ST00020" HPOS="94" VPOS="324" WIDTH="129" HEIGHT="32" CONTENT="chances" WC="0.59" CC="6706205"/>
						<SP ID="P205_SP00015" HPOS="223" VPOS="356" WIDTH="21"/>
						<String ID="P205_ST00021" HPOS="244" VPOS="336" WIDTH="79" HEIGHT="20" CONTENT="were" WC="0.88" CC="0040"/>
						<SP ID="P205_SP00016" HPOS="323" VPOS="356" WIDTH="18"/>
						<String ID="P205_ST00022" HPOS="341" VPOS="325" WIDTH="104" HEIGHT="42" CONTENT="vastly" WC="0.70" CC="605500"/>
						<SP ID="P205_SP00017" HPOS="445" VPOS="367" WIDTH="15"/>
						<String ID="P205_ST00023" HPOS="460" VPOS="325" WIDTH="101" HEIGHT="32" CONTENT="better" WC="0.68" CC="700505"/>
						<SP ID="P205_SP00018" HPOS="561" VPOS="367" WIDTH="15"/>
						<String ID="P205_ST00024" HPOS="576" VPOS="326" WIDTH="76" HEIGHT="31" CONTENT="than" WC="0.57" CC="3706"/>
						<SP ID="P205_SP00019" HPOS="652" VPOS="367" WIDTH="15"/>
						<String ID="P205_ST00025" HPOS="667" VPOS="326" WIDTH="38" HEIGHT="31" CONTENT="he" WC="0.62" CC="70"/>
						<SP ID="P205_SP00020" HPOS="705" VPOS="367" WIDTH="15"/>
						<String ID="P205_ST00026" HPOS="720" VPOS="326" WIDTH="62" HEIGHT="31" CONTENT="had" WC="0.75" CC="700"/>
						<SP ID="P205_SP00021" HPOS="782" VPOS="367" WIDTH="16"/>
						<String ID="P205_ST00027" HPOS="798" VPOS="332" WIDTH="32" HEIGHT="25" CONTENT="at" WC="0.63" CC="07"/>
						<SP ID="P205_SP00022" HPOS="830" VPOS="367" WIDTH="15"/>
						<String ID="P205_ST00028" HPOS="845" VPOS="327" WIDTH="67" HEIGHT="31" CONTENT="first" WC="0.70" CC="11306"/>
					</TextLine>
					<TextLine ID="P205_TL00006" HPOS="92" VPOS="385" WIDTH="821" HEIGHT="43">
						<String ID="P205_ST00029" HPOS="92" VPOS="385" WIDTH="158" HEIGHT="41" CONTENT="supposed" WC="0.73" CC="97002100"/>
						<SP ID="P205_SP00023" HPOS="250" VPOS="426" WIDTH="14"/>
						<String ID="P205_ST00030" HPOS="264" VPOS="386" WIDTH="134" HEIGHT="41" CONTENT="possible" WC="0.68" CC="00367700"/>
						<String ID="P205_ST00031" HPOS="410" VPOS="398" WIDTH="7" HEIGHT="25" CONTENT=";" WC="0.33" CC="6"/>
						<SP ID="P205_SP00024" HPOS="417" VPOS="427" WIDTH="23"/>
						<String ID="P205_ST00032" HPOS="440" VPOS="386" WIDTH="58" HEIGHT="31" CONTENT="but" WC="0.34" CC="765"/>
						<SP ID="P205_SP00025" HPOS="498" VPOS="427" WIDTH="22"/>
						<String ID="P205_ST00033" HPOS="520" VPOS="387" WIDTH="38" HEIGHT="30" CONTENT="he" WC="0.62" CC="70"/>
						<SP ID="P205_SP00026" HPOS="558" VPOS="427" WIDTH="20"/>
						<String ID="P205_ST00034" HPOS="578" VPOS="387" WIDTH="150" HEIGHT="41" CONTENT="persisted" WC="0.81" CC="004610400"/>
						<SP ID="P205_SP00027" HPOS="728" VPOS="428" WIDTH="20"/>
						<String ID="P205_ST00035" HPOS="748" VPOS="388" WIDTH="32" HEIGHT="29" CONTENT="in" WC="0.63" CC="07"/>
						<SP ID="P205_SP00028" HPOS="780" VPOS="428" WIDTH="23"/>
						<String ID="P205_ST00036" HPOS="803" VPOS="388" WIDTH="26" HEIGHT="30" CONTENT="it" WC="1.00" CC="00"/>
						<SP ID="P205_SP00029" HPOS="829" VPOS="428" WIDTH="15"/>
						<String ID="P205_ST00037" HPOS="844" VPOS="388" WIDTH="69" HEIGHT="31" CONTENT="that" WC="0.48" CC="0774"/>
					</TextLine>
					<TextLine ID="P205_TL00007" HPOS="95" VPOS="447" WIDTH="818" HEIGHT="42">
						<String ID="P205_ST00038" HPOS="95" VPOS="447" WIDTH="186" HEIGHT="42" CONTENT="everything" WC="0.69" CC="0003007468"/>
						<SP ID="P205_SP00030" HPOS="281" VPOS="489" WIDTH="14"/>
						<String ID="P205_ST00039" HPOS="295" VPOS="459" WIDTH="64" HEIGHT="19" CONTENT="was" WC="0.90" CC="003"/>
						<SP ID="P205_SP00031" HPOS="359" VPOS="489" WIDTH="15"/>
						<String ID="P205_ST00040" HPOS="374" VPOS="448" WIDTH="103" HEIGHT="41" CONTENT="owing" WC="0.66" CC="09060"/>
						<SP ID="P205_SP00032" HPOS="477" VPOS="489" WIDTH="22"/>
						<String ID="P205_ST00041" HPOS="499" VPOS="452" WIDTH="33" HEIGHT="26" CONTENT="to" WC="0.68" CC="05"/>
						<SP ID="P205_SP00033" HPOS="532" VPOS="489" WIDTH="23"/>
						<String ID="P205_ST00042" HPOS="555" VPOS="447" WIDTH="101" HEIGHT="31" CONTENT="Count" WC="0.55" CC="43644"/>
						<SP ID="P205_SP00034" HPOS="656" VPOS="489" WIDTH="15"/>
						<String ID="P205_ST00043" HPOS="671" VPOS="448" WIDTH="136" HEIGHT="41" CONTENT="Dupont." WC="0.73" CC="0400750"/>
						<SP ID="P205_SP00035" HPOS="807" VPOS="489" WIDTH="47"/>
						<String ID="P205_ST00044" HPOS="854" VPOS="451" WIDTH="18" HEIGHT="12" CONTENT='"' WC="0.69" CC="3"/>
						<SP ID="P205_SP00036" HPOS="872" VPOS="489" WIDTH="11"/>
						<String ID="P205_ST00045" HPOS="883" VPOS="448" WIDTH="30" HEIGHT="30" CONTENT="It" WC="0.63" CC="07"/>
					</TextLine>
					<TextLine ID="P205_TL00008" HPOS="93" VPOS="507" WIDTH="819" HEIGHT="43">
						<String ID="P205_ST00046" HPOS="93" VPOS="507" WIDTH="28" HEIGHT="31" CONTENT="is" WC="0.46" CC="73"/>
						<SP ID="P205_SP00037" HPOS="121" VPOS="538" WIDTH="16"/>
						<String ID="P205_ST00047" HPOS="137" VPOS="508" WIDTH="47" HEIGHT="31" CONTENT="his" WC="0.45" CC="735"/>
						<SP ID="P205_SP00038" HPOS="184" VPOS="539" WIDTH="16"/>
						<String ID="P205_ST00048" HPOS="200" VPOS="508" WIDTH="153" HEIGHT="31" CONTENT="influence" WC="0.70" CC="072264400"/>
						<SP ID="P205_SP00039" HPOS="353" VPOS="539" WIDTH="23"/>
						<String ID="P205_ST00049" HPOS="376" VPOS="509" WIDTH="71" HEIGHT="30" CONTENT="does" WC="0.88" CC="0004"/>
						<SP ID="P205_SP00040" HPOS="447" VPOS="539" WIDTH="16"/>
						<String ID="P205_ST00050" HPOS="463" VPOS="509" WIDTH="25" HEIGHT="30" CONTENT="it" WC="0.57" CC="17"/>
						<SP ID="P205_SP00041" HPOS="488" VPOS="539" WIDTH="16"/>
						<String ID="P205_ST00051" HPOS="504" VPOS="509" WIDTH="68" HEIGHT="36" CONTENT='all,"' WC="0.81" CC="05030"/>
						<SP ID="P205_SP00042" HPOS="572" VPOS="545" WIDTH="15"/>
						<String ID="P205_ST00052" HPOS="587" VPOS="509" WIDTH="135" HEIGHT="41" CONTENT="growded" WC="0.82" CC="0120700"/>
						<SP ID="P205_SP00043" HPOS="722" VPOS="550" WIDTH="15"/>
						<String ID="P205_ST00053" HPOS="737" VPOS="510" WIDTH="52" HEIGHT="29" CONTENT="the" WC="0.75" CC="070"/>
						<SP ID="P205_SP00044" HPOS="789" VPOS="550" WIDTH="16"/>
						<String ID="P205_ST00054" HPOS="805" VPOS="510" WIDTH="107" HEIGHT="30" CONTENT="Æscu" SUBS_TYPE="HypPart1" SUBS_CONTENT="sculapian" WC="0.64" CC="61054"/>
						<HYP CONTENT="-"/>
					</TextLine>
					<TextLine ID="P205_TL00009" HPOS="94" VPOS="567" WIDTH="819" HEIGHT="44">
						<String ID="P205_ST00055" HPOS="94" VPOS="567" WIDTH="106" HEIGHT="42" CONTENT="lapian" SUBS_TYPE="HypPart2" SUBS_CONTENT="sculapian" WC="0.88" CC="000007"/>
						<SP ID="P205_SP00045" HPOS="200" VPOS="609" WIDTH="31"/>
						<String ID="P205_ST00056" HPOS="231" VPOS="568" WIDTH="156" HEIGHT="31" CONTENT="democrat" WC="0.73" CC="00900506"/>
						<String ID="P205_ST00057" HPOS="400" VPOS="581" WIDTH="7" HEIGHT="24" CONTENT=";" WC="0.44" CC="5"/>
						<SP ID="P205_SP00046" HPOS="407" VPOS="609" WIDTH="40"/>
						<String ID="P205_ST00058" HPOS="447" VPOS="569" WIDTH="78" HEIGHT="30" CONTENT='"his' WC="0.51" CC="4752"/>
						<SP ID="P205_SP00047" HPOS="525" VPOS="609" WIDTH="36"/>
						<String ID="P205_ST00059" HPOS="561" VPOS="569" WIDTH="199" HEIGHT="42" CONTENT="grandfather" WC="0.78" CC="05050001703"/>
						<SP ID="P205_SP00048" HPOS="760" VPOS="611" WIDTH="37"/>
						<String ID="P205_ST00060" HPOS="797" VPOS="581" WIDTH="62" HEIGHT="19" CONTENT="Avas" WC="0.75" CC="0900"/>
						<SP ID="P205_SP00049" HPOS="859" VPOS="611" WIDTH="37"/>
						<String ID="P205_ST00061" HPOS="896" VPOS="581" WIDTH="17" HEIGHT="19" CONTENT="a" WC="1.00" CC="0"/>
					</TextLine>
					<TextLine ID="P205_TL00010" HPOS="90" VPOS="629" WIDTH="823" HEIGHT="39">
						<String ID="P205_ST00062" HPOS="90" VPOS="629" WIDTH="143" HEIGHT="37" CONTENT="Jacobin," WC="0.66" CC="00627073"/>
						<SP ID="P205_SP00050" HPOS="233" VPOS="666" WIDTH="27"/>
						<String ID="P205_ST00063" HPOS="260" VPOS="630" WIDTH="49" HEIGHT="30" CONTENT="his" WC="0.51" CC="706"/>
						<SP ID="P205_SP00051" HPOS="309" VPOS="666" WIDTH="22"/>
						<String ID="P205_ST00064" HPOS="331" VPOS="629" WIDTH="101" HEIGHT="31" CONTENT="father" WC="0.62" CC="602705"/>
						<SP ID="P205_SP00052" HPOS="432" VPOS="666" WIDTH="20"/>
						<String ID="P205_ST00065" HPOS="452" VPOS="641" WIDTH="40" HEIGHT="19" CONTENT="an" WC="0.63" CC="07"/>
						<SP ID="P205_SP00053" HPOS="492" VPOS="666" WIDTH="23"/>
						<String ID="P205_ST00066" HPOS="515" VPOS="630" WIDTH="160" HEIGHT="38" CONTENT="Orleanist," WC="0.63" CC="4004065553"/>
						<SP ID="P205_SP00054" HPOS="675" VPOS="668" WIDTH="27"/>
						<String ID="P205_ST00067" HPOS="702" VPOS="632" WIDTH="61" HEIGHT="29" CONTENT="and" WC="0.45" CC="870"/>
						<SP ID="P205_SP00055" HPOS="763" VPOS="668" WIDTH="24"/>
						<String ID="P205_ST00068" HPOS="787" VPOS="632" WIDTH="38" HEIGHT="29" CONTENT="he" WC="0.62" CC="70"/>
						<SP ID="P205_SP00056" HPOS="825" VPOS="668" WIDTH="22"/>
						<String ID="P205_ST00069" HPOS="847" VPOS="632" WIDTH="26" HEIGHT="30" CONTENT="is" WC="0.41" CC="47"/>
						<SP ID="P205_SP00057" HPOS="873" VPOS="668" WIDTH="23"/>
						<String ID="P205_ST00070" HPOS="896" VPOS="642" WIDTH="17" HEIGHT="20" CONTENT="a" WC="0.79" CC="2"/>
					</TextLine>
					<TextLine ID="P205_TL00011" HPOS="92" VPOS="690" WIDTH="663" HEIGHT="42">
						<String ID="P205_ST00071" HPOS="92" VPOS="691" WIDTH="193" HEIGHT="41" CONTENT="Republican" WC="0.71" CC="7005502006"/>
						<SP ID="P205_SP00058" HPOS="285" VPOS="732" WIDTH="19"/>
						<String ID="P205_ST00072" HPOS="304" VPOS="690" WIDTH="40" HEIGHT="42" CONTENT="(if" WC="0.89" CC="300"/>
						<SP ID="P205_SP00059" HPOS="344" VPOS="732" WIDTH="11"/>
						<String ID="P205_ST00073" HPOS="355" VPOS="691" WIDTH="63" HEIGHT="31" CONTENT="he's" WC="0.63" CC="7024"/>
						<SP ID="P205_SP00060" HPOS="418" VPOS="732" WIDTH="17"/>
						<String ID="P205_ST00074" HPOS="435" VPOS="692" WIDTH="153" HEIGHT="40" CONTENT="anything" WC="0.56" CC="06027179"/>
						<SP ID="P205_SP00061" HPOS="588" VPOS="732" WIDTH="15"/>
						<String ID="P205_ST00075" HPOS="603" VPOS="697" WIDTH="33" HEIGHT="25" CONTENT="at" WC="0.71" CC="05"/>
						<SP ID="P205_SP00062" HPOS="636" VPOS="732" WIDTH="16"/>
						<String ID="P205_ST00076" HPOS="652" VPOS="692" WIDTH="40" HEIGHT="30" CONTENT="all" WC="0.67" CC="054"/>
						<String ID="P205_ST00077" HPOS="706" VPOS="692" WIDTH="49" HEIGHT="40" CONTENT='!)."' WC="0.64" CC="3306"/>
					</TextLine>
				</TextBlock>
				<TextBlock ID="P205_TB00004" HPOS="88" VPOS="751" WIDTH="826" HEIGHT="835" STYLEREFS="TXT_0 PAR_LEFT">
					<TextLine ID="P205_TL00012" HPOS="138" VPOS="752" WIDTH="775" HEIGHT="42">
						<String ID="P205_ST00078" HPOS="138" VPOS="752" WIDTH="133" HEIGHT="37" CONTENT="Tallard," WC="0.72" CC="00370604"/>
						<SP ID="P205_SP00063" HPOS="271" VPOS="789" WIDTH="17"/>
						<String ID="P205_ST00079" HPOS="288" VPOS="753" WIDTH="53" HEIGHT="29" CONTENT="the" WC="0.49" CC="473"/>
						<SP ID="P205_SP00064" HPOS="341" VPOS="789" WIDTH="20"/>
						<String ID="P205_ST00080" HPOS="361" VPOS="752" WIDTH="142" HEIGHT="41" CONTENT="Marquis" WC="0.70" CC="0060635"/>
						<SP ID="P205_SP00065" HPOS="503" VPOS="793" WIDTH="21"/>
						<String ID="P205_ST00081" HPOS="524" VPOS="753" WIDTH="37" HEIGHT="30" CONTENT="de" WC="1.00" CC="00"/>
						<SP ID="P205_SP00066" HPOS="561" VPOS="793" WIDTH="16"/>
						<String ID="P205_ST00082" HPOS="577" VPOS="753" WIDTH="172" HEIGHT="41" CONTENT="Moranges'" WC="0.68" CC="030079062"/>
						<SP ID="P205_SP00067" HPOS="749" VPOS="794" WIDTH="15"/>
						<String ID="P205_ST00083" HPOS="764" VPOS="753" WIDTH="149" HEIGHT="30" CONTENT="factotum" WC="0.71" CC="00236072"/>
					</TextLine>
					<TextLine ID="P205_TL00013" HPOS="94" VPOS="813" WIDTH="819" HEIGHT="41">
						<String ID="P205_ST00084" HPOS="94" VPOS="818" WIDTH="33" HEIGHT="25" CONTENT="at" WC="0.67" CC="06"/>
						<SP ID="P205_SP00068" HPOS="127" VPOS="843" WIDTH="23"/>
						<String ID="P205_ST00085" HPOS="150" VPOS="813" WIDTH="136" HEIGHT="41" CONTENT="Brunoy," WC="0.56" CC="6576004"/>
						<SP ID="P205_SP00069" HPOS="286" VPOS="854" WIDTH="18"/>
						<String ID="P205_ST00086" HPOS="304" VPOS="813" WIDTH="94" HEIGHT="30" CONTENT="drove" WC="0.89" CC="02002"/>
						<SP ID="P205_SP00070" HPOS="398" VPOS="854" WIDTH="27"/>
						<String ID="P205_ST00087" HPOS="425" VPOS="825" WIDTH="73" HEIGHT="18" CONTENT="over" WC="0.73" CC="0603"/>
						<SP ID="P205_SP00071" HPOS="498" VPOS="854" WIDTH="25"/>
						<String ID="P205_ST00088" HPOS="523" VPOS="814" WIDTH="193" HEIGHT="40" CONTENT="perpetually" WC="0.72" CC="00500560470"/>
						<SP ID="P205_SP00072" HPOS="716" VPOS="854" WIDTH="14"/>
						<String ID="P205_ST00089" HPOS="730" VPOS="814" WIDTH="77" HEIGHT="30" CONTENT="with" WC="0.70" CC="0307"/>
						<SP ID="P205_SP00073" HPOS="807" VPOS="854" WIDTH="22"/>
						<String ID="P205_ST00090" HPOS="829" VPOS="825" WIDTH="84" HEIGHT="19" CONTENT="won" SUBS_TYPE="HypPart1" SUBS_CONTENT="wonderful" WC="0.83" CC="0060"/>
						<HYP CONTENT="-"/>
					</TextLine>
					<TextLine ID="P205_TL00014" HPOS="90" VPOS="874" WIDTH="820" HEIGHT="42">
						<String ID="P205_ST00091" HPOS="90" VPOS="874" WIDTH="104" HEIGHT="31" CONTENT="derful" SUBS_TYPE="HypPart2" SUBS_CONTENT="wonderful" WC="0.68" CC="902050"/>
						<SP ID="P205_SP00074" HPOS="194" VPOS="905" WIDTH="23"/>
						<String ID="P205_ST00092" HPOS="217" VPOS="879" WIDTH="146" HEIGHT="26" CONTENT="accounts" WC="0.66" CC="00007756"/>
						<SP ID="P205_SP00075" HPOS="363" VPOS="905" WIDTH="27"/>
						<String ID="P205_ST00093" HPOS="390" VPOS="874" WIDTH="34" HEIGHT="30" CONTENT="of" WC="0.78" CC="04"/>
						<SP ID="P205_SP00076" HPOS="424" VPOS="905" WIDTH="20"/>
						<String ID="P205_ST00094" HPOS="444" VPOS="875" WIDTH="54" HEIGHT="30" CONTENT="the" WC="0.57" CC="272"/>
						<SP ID="P205_SP00077" HPOS="498" VPOS="905" WIDTH="23"/>
						<String ID="P205_ST00095" HPOS="521" VPOS="879" WIDTH="79" HEIGHT="25" CONTENT="state" WC="0.51" CC="65352"/>
						<SP ID="P205_SP00078" HPOS="600" VPOS="905" WIDTH="21"/>
						<String ID="P205_ST00096" HPOS="621" VPOS="874" WIDTH="33" HEIGHT="30" CONTENT="of" WC="1.00" CC="00"/>
						<SP ID="P205_SP00079" HPOS="654" VPOS="905" WIDTH="19"/>
						<String ID="P205_ST00097" HPOS="673" VPOS="874" WIDTH="105" HEIGHT="42" CONTENT="things" WC="0.38" CC="374568"/>
						<SP ID="P205_SP00080" HPOS="778" VPOS="916" WIDTH="16"/>
						<String ID="P205_ST00098" HPOS="794" VPOS="875" WIDTH="33" HEIGHT="29" CONTENT="in" WC="0.36" CC="66"/>
						<SP ID="P205_SP00081" HPOS="827" VPOS="916" WIDTH="14"/>
						<String ID="P205_ST00099" HPOS="841" VPOS="874" WIDTH="69" HEIGHT="31" CONTENT="that" WC="0.55" CC="5704"/>
					</TextLine>
					<TextLine ID="P205_TL00015" HPOS="94" VPOS="935" WIDTH="819" HEIGHT="41">
						<String ID="P205_ST00100" HPOS="94" VPOS="941" WIDTH="72" HEIGHT="35" CONTENT="part" WC="0.97" CC="0000"/>
						<SP ID="P205_SP00082" HPOS="166" VPOS="976" WIDTH="15"/>
						<String ID="P205_ST00101" HPOS="181" VPOS="936" WIDTH="34" HEIGHT="29" CONTENT="of" WC="1.00" CC="00"/>
						<SP ID="P205_SP00083" HPOS="215" VPOS="976" WIDTH="12"/>
						<String ID="P205_ST00102" HPOS="227" VPOS="936" WIDTH="52" HEIGHT="30" CONTENT="the" WC="0.57" CC="570"/>
						<SP ID="P205_SP00084" HPOS="279" VPOS="976" WIDTH="15"/>
						<String ID="P205_ST00103" HPOS="294" VPOS="936" WIDTH="154" HEIGHT="39" CONTENT="province." WC="0.77" CC="000907300"/>
						<SP ID="P205_SP00085" HPOS="448" VPOS="976" WIDTH="48"/>
						<String ID="P205_ST00104" HPOS="496" VPOS="935" WIDTH="63" HEIGHT="29" CONTENT="The" WC="0.68" CC="071"/>
						<SP ID="P205_SP00086" HPOS="559" VPOS="976" WIDTH="17"/>
						<String ID="P205_ST00105" HPOS="576" VPOS="935" WIDTH="138" HEIGHT="40" CONTENT="Marquis" WC="0.76" CC="0050704"/>
						<SP ID="P205_SP00087" HPOS="714" VPOS="976" WIDTH="15"/>
						<String ID="P205_ST00106" HPOS="729" VPOS="946" WIDTH="62" HEIGHT="19" CONTENT="was" WC="1.00" CC="000"/>
						<SP ID="P205_SP00088" HPOS="791" VPOS="976" WIDTH="16"/>
						<String ID="P205_ST00107" HPOS="807" VPOS="935" WIDTH="106" HEIGHT="30" CONTENT="absent" WC="0.65" CC="071065"/>
					</TextLine>
					<TextLine ID="P205_TL00016" HPOS="95" VPOS="996" WIDTH="818" HEIGHT="40">
						<String ID="P205_ST00108" HPOS="95" VPOS="997" WIDTH="63" HEIGHT="31" CONTENT="and" WC="0.77" CC="060"/>
						<SP ID="P205_SP00089" HPOS="158" VPOS="1028" WIDTH="24"/>
						<String ID="P205_ST00109" HPOS="182" VPOS="997" WIDTH="105" HEIGHT="30" CONTENT="would" WC="0.50" CC="90770"/>
						<SP ID="P205_SP00090" HPOS="287" VPOS="1028" WIDTH="21"/>
						<String ID="P205_ST00110" HPOS="308" VPOS="997" WIDTH="74" HEIGHT="39" CONTENT="only" WC="0.64" CC="0760"/>
						<SP ID="P205_SP00091" HPOS="382" VPOS="1036" WIDTH="14"/>
						<String ID="P205_ST00111" HPOS="396" VPOS="1001" WIDTH="107" HEIGHT="25" CONTENT="return" WC="0.62" CC="000696"/>
						<SP ID="P205_SP00092" HPOS="503" VPOS="1036" WIDTH="24"/>
						<String ID="P205_ST00112" HPOS="527" VPOS="996" WIDTH="33" HEIGHT="29" CONTENT="in" WC="0.63" CC="07"/>
						<SP ID="P205_SP00093" HPOS="560" VPOS="1036" WIDTH="23"/>
						<String ID="P205_ST00113" HPOS="583" VPOS="1007" WIDTH="17" HEIGHT="19" CONTENT="a" WC="1.00" CC="0"/>
						<SP ID="P205_SP00094" HPOS="600" VPOS="1036" WIDTH="22"/>
						<String ID="P205_ST00114" HPOS="622" VPOS="996" WIDTH="60" HEIGHT="30" CONTENT="feAv" WC="0.89" CC="4000"/>
						<SP ID="P205_SP00095" HPOS="682" VPOS="1036" WIDTH="21"/>
						<String ID="P205_ST00115" HPOS="703" VPOS="996" WIDTH="84" HEIGHT="40" CONTENT="days," WC="0.86" CC="00060"/>
						<SP ID="P205_SP00096" HPOS="787" VPOS="1036" WIDTH="17"/>
						<String ID="P205_ST00116" HPOS="804" VPOS="996" WIDTH="57" HEIGHT="30" CONTENT="but" WC="0.30" CC="577"/>
						<SP ID="P205_SP00097" HPOS="861" VPOS="1036" WIDTH="14"/>
						<String ID="P205_ST00117" HPOS="875" VPOS="996" WIDTH="38" HEIGHT="30" CONTENT="he" WC="0.62" CC="70"/>
					</TextLine>
					<TextLine ID="P205_TL00017" HPOS="95" VPOS="1056" WIDTH="819" HEIGHT="38">
						<String ID="P205_ST00118" HPOS="95" VPOS="1058" WIDTH="64" HEIGHT="31" CONTENT="had" WC="0.75" CC="700"/>
						<SP ID="P205_SP00098" HPOS="159" VPOS="1089" WIDTH="23"/>
						<String ID="P205_ST00119" HPOS="182" VPOS="1058" WIDTH="125" HEIGHT="30" CONTENT="Avritten" WC="0.80" CC="00440106"/>
						<SP ID="P205_SP00099" HPOS="307" VPOS="1089" WIDTH="23"/>
						<String ID="P205_ST00120" HPOS="330" VPOS="1062" WIDTH="32" HEIGHT="25" CONTENT="to" WC="0.78" CC="40"/>
						<SP ID="P205_SP00100" HPOS="362" VPOS="1089" WIDTH="23"/>
						<String ID="P205_ST00121" HPOS="385" VPOS="1057" WIDTH="53" HEIGHT="30" CONTENT="the" WC="0.69" CC="170"/>
						<SP ID="P205_SP00101" HPOS="438" VPOS="1089" WIDTH="15"/>
						<String ID="P205_ST00122" HPOS="453" VPOS="1057" WIDTH="70" HEIGHT="29" CONTENT="Due" WC="0.77" CC="060"/>
						<SP ID="P205_SP00102" HPOS="523" VPOS="1089" WIDTH="23"/>
						<String ID="P205_ST00123" HPOS="546" VPOS="1057" WIDTH="37" HEIGHT="29" CONTENT="de" WC="1.00" CC="00"/>
						<SP ID="P205_SP00103" HPOS="583" VPOS="1089" WIDTH="23"/>
						<String ID="P205_ST00124" HPOS="606" VPOS="1056" WIDTH="160" HEIGHT="38" CONTENT="Vivienne," WC="0.59" CC="607307703"/>
						<SP ID="P205_SP00104" HPOS="766" VPOS="1094" WIDTH="25"/>
						<String ID="P205_ST00125" HPOS="791" VPOS="1068" WIDTH="18" HEIGHT="18" CONTENT="a" WC="1.00" CC="0"/>
						<SP ID="P205_SP00105" HPOS="809" VPOS="1094" WIDTH="15"/>
						<String ID="P205_ST00126" HPOS="824" VPOS="1057" WIDTH="90" HEIGHT="30" CONTENT="letter" WC="0.79" CC="006500"/>
					</TextLine>
					<TextLine ID="P205_TL00018" HPOS="95" VPOS="1117" WIDTH="818" HEIGHT="41">
						<String ID="P205_ST00127" HPOS="95" VPOS="1120" WIDTH="104" HEIGHT="31" CONTENT="which" WC="0.52" CC="07428"/>
						<SP ID="P205_SP00106" HPOS="199" VPOS="1151" WIDTH="29"/>
						<String ID="P205_ST00128" HPOS="228" VPOS="1119" WIDTH="64" HEIGHT="30" CONTENT="had" WC="0.74" CC="700"/>
						<SP ID="P205_SP00107" HPOS="292" VPOS="1151" WIDTH="30"/>
						<String ID="P205_ST00129" HPOS="322" VPOS="1118" WIDTH="172" HEIGHT="40" CONTENT="absolutely" WC="0.79" CC="0710263000"/>
						<SP ID="P205_SP00108" HPOS="494" VPOS="1158" WIDTH="30"/>
						<String ID="P205_ST00130" HPOS="524" VPOS="1117" WIDTH="166" HEIGHT="31" CONTENT="electrified" WC="0.86" CC="00006250000"/>
						<SP ID="P205_SP00109" HPOS="690" VPOS="1158" WIDTH="29"/>
						<String ID="P205_ST00131" HPOS="719" VPOS="1118" WIDTH="68" HEIGHT="30" CONTENT="that" WC="0.50" CC="5707"/>
						<SP ID="P205_SP00110" HPOS="787" VPOS="1158" WIDTH="31"/>
						<String ID="P205_ST00132" HPOS="818" VPOS="1118" WIDTH="95" HEIGHT="30" CONTENT="entire" WC="0.58" CC="076370"/>
					</TextLine>
					<TextLine ID="P205_TL00019" HPOS="96" VPOS="1177" WIDTH="817" HEIGHT="42">
						<String ID="P205_ST00133" HPOS="96" VPOS="1181" WIDTH="78" HEIGHT="37" CONTENT="clan," WC="0.72" CC="20074"/>
						<SP ID="P205_SP00111" HPOS="174" VPOS="1218" WIDTH="18"/>
						<String ID="P205_ST00134" HPOS="192" VPOS="1179" WIDTH="63" HEIGHT="32" CONTENT="and" WC="0.78" CC="060"/>
						<SP ID="P205_SP00112" HPOS="255" VPOS="1218" WIDTH="14"/>
						<String ID="P205_ST00135" HPOS="269" VPOS="1179" WIDTH="53" HEIGHT="31" CONTENT="the" WC="0.75" CC="070"/>
						<SP ID="P205_SP00113" HPOS="322" VPOS="1218" WIDTH="17"/>
						<String ID="P205_ST00136" HPOS="339" VPOS="1178" WIDTH="187" HEIGHT="41" CONTENT="sub-prefect" WC="0.76" CC="47700000006"/>
						<SP ID="P205_SP00114" HPOS="526" VPOS="1219" WIDTH="19"/>
						<String ID="P205_ST00137" HPOS="545" VPOS="1178" WIDTH="34" HEIGHT="30" CONTENT="of" WC="0.91" CC="10"/>
						<SP ID="P205_SP00115" HPOS="579" VPOS="1219" WIDTH="15"/>
						<String ID="P205_ST00138" HPOS="594" VPOS="1178" WIDTH="127" HEIGHT="41" CONTENT="Brunoy" WC="0.54" CC="657800"/>
						<SP ID="P205_SP00116" HPOS="721" VPOS="1219" WIDTH="17"/>
						<String ID="P205_ST00139" HPOS="738" VPOS="1177" WIDTH="52" HEIGHT="41" CONTENT="(an" WC="0.52" CC="436"/>
						<SP ID="P205_SP00117" HPOS="790" VPOS="1219" WIDTH="15"/>
						<String ID="P205_ST00140" HPOS="805" VPOS="1179" WIDTH="108" HEIGHT="30" CONTENT="honest" WC="0.65" CC="702036"/>
					</TextLine>
					<TextLine ID="P205_TL00020" HPOS="95" VPOS="1239" WIDTH="818" HEIGHT="41">
						<String ID="P205_ST00141" HPOS="95" VPOS="1254" WIDTH="74" HEIGHT="19" CONTENT="man" WC="0.76" CC="007"/>
						<SP ID="P205_SP00118" HPOS="169" VPOS="1273" WIDTH="24"/>
						<String ID="P205_ST00142" HPOS="193" VPOS="1253" WIDTH="32" HEIGHT="19" CONTENT="as" WC="1.00" CC="00"/>
						<SP ID="P205_SP00119" HPOS="225" VPOS="1273" WIDTH="23"/>
						<String ID="P205_ST00143" HPOS="248" VPOS="1252" WIDTH="46" HEIGHT="20" CONTENT="we" WC="1.00" CC="00"/>
						<SP ID="P205_SP00120" HPOS="294" VPOS="1273" WIDTH="22"/>
						<String ID="P205_ST00144" HPOS="316" VPOS="1240" WIDTH="79" HEIGHT="30" CONTENT="have" WC="0.69" CC="7040"/>
						<SP ID="P205_SP00121" HPOS="395" VPOS="1273" WIDTH="23"/>
						<String ID="P205_ST00145" HPOS="418" VPOS="1240" WIDTH="74" HEIGHT="36" CONTENT="said," WC="0.75" CC="40403"/>
						<SP ID="P205_SP00122" HPOS="492" VPOS="1276" WIDTH="26"/>
						<String ID="P205_ST00146" HPOS="518" VPOS="1239" WIDTH="57" HEIGHT="31" CONTENT="but" WC="0.64" CC="045"/>
						<SP ID="P205_SP00123" HPOS="575" VPOS="1276" WIDTH="21"/>
						<String ID="P205_ST00147" HPOS="596" VPOS="1239" WIDTH="96" HEIGHT="31" CONTENT="feeble" WC="0.83" CC="200700"/>
						<SP ID="P205_SP00124" HPOS="692" VPOS="1276" WIDTH="27"/>
						<String ID="P205_ST00148" HPOS="719" VPOS="1239" WIDTH="61" HEIGHT="30" CONTENT="and" WC="0.78" CC="060"/>
						<SP ID="P205_SP00125" HPOS="780" VPOS="1276" WIDTH="22"/>
						<String ID="P205_ST00149" HPOS="802" VPOS="1239" WIDTH="111" HEIGHT="41" CONTENT="totally" WC="0.65" CC="5359000"/>
					</TextLine>
					<TextLine ID="P205_TL00021" HPOS="95" VPOS="1295" WIDTH="818" HEIGHT="43">
						<String ID="P205_ST00150" HPOS="95" VPOS="1299" WIDTH="83" HEIGHT="31" CONTENT="unfit" WC="0.50" CC="76116"/>
						<SP ID="P205_SP00126" HPOS="178" VPOS="1330" WIDTH="21"/>
						<String ID="P205_ST00151" HPOS="199" VPOS="1299" WIDTH="47" HEIGHT="30" CONTENT="for" WC="0.84" CC="004"/>
						<SP ID="P205_SP00127" HPOS="246" VPOS="1330" WIDTH="22"/>
						<String ID="P205_ST00152" HPOS="268" VPOS="1298" WIDTH="48" HEIGHT="30" CONTENT="his" WC="0.61" CC="721"/>
						<SP ID="P205_SP00128" HPOS="316" VPOS="1330" WIDTH="22"/>
						<String ID="P205_ST00153" HPOS="338" VPOS="1295" WIDTH="83" HEIGHT="43" CONTENT="post)" WC="0.76" CC="00650"/>
						<SP ID="P205_SP00129" HPOS="421" VPOS="1338" WIDTH="25"/>
						<String ID="P205_ST00154" HPOS="446" VPOS="1296" WIDTH="63" HEIGHT="31" CONTENT="had" WC="0.75" CC="700"/>
						<SP ID="P205_SP00130" HPOS="509" VPOS="1338" WIDTH="24"/>
						<String ID="P205_ST00155" HPOS="533" VPOS="1295" WIDTH="153" HEIGHT="32" CONTENT="admitted" WC="0.80" CC="00072500"/>
						<SP ID="P205_SP00131" HPOS="686" VPOS="1338" WIDTH="21"/>
						<String ID="P205_ST00156" HPOS="707" VPOS="1301" WIDTH="33" HEIGHT="26" CONTENT="to" WC="0.76" CC="30"/>
						<SP ID="P205_SP00132" HPOS="740" VPOS="1338" WIDTH="22"/>
						<String ID="P205_ST00157" HPOS="762" VPOS="1295" WIDTH="52" HEIGHT="31" CONTENT="the" WC="0.60" CC="470"/>
						<SP ID="P205_SP00133" HPOS="814" VPOS="1338" WIDTH="21"/>
						<String ID="P205_ST00158" HPOS="835" VPOS="1295" WIDTH="78" HEIGHT="30" CONTENT="Tax" SUBS_TYPE="HypPart1" SUBS_CONTENT="Taxcollector" WC="0.96" CC="0001"/>
						<HYP CONTENT="-"/>
					</TextLine>
					<TextLine ID="P205_TL00022" HPOS="95" VPOS="1356" WIDTH="819" HEIGHT="44">
						<String ID="P205_ST00159" HPOS="95" VPOS="1362" WIDTH="144" HEIGHT="30" CONTENT="collector" SUBS_TYPE="HypPart2" SUBS_CONTENT="Taxcollector" WC="0.84" CC="006700000"/>
						<SP ID="P205_SP00134" HPOS="239" VPOS="1392" WIDTH="17"/>
						<String ID="P205_ST00160" HPOS="256" VPOS="1358" WIDTH="82" HEIGHT="42" CONTENT="(av!io" WC="0.63" CC="400872"/>
						<SP ID="P205_SP00135" HPOS="338" VPOS="1400" WIDTH="16"/>
						<String ID="P205_ST00161" HPOS="354" VPOS="1357" WIDTH="62" HEIGHT="32" CONTENT="had" WC="0.74" CC="700"/>
						<SP ID="P205_SP00136" HPOS="416" VPOS="1400" WIDTH="17"/>
						<String ID="P205_ST00162" HPOS="433" VPOS="1357" WIDTH="143" HEIGHT="42" CONTENT="repeated" WC="0.81" CC="53000500"/>
						<SP ID="P205_SP00137" HPOS="576" VPOS="1400" WIDTH="19"/>
						<String ID="P205_ST00163" HPOS="595" VPOS="1357" WIDTH="25" HEIGHT="31" CONTENT="it" WC="0.71" CC="05"/>
						<SP ID="P205_SP00138" HPOS="620" VPOS="1400" WIDTH="15"/>
						<String ID="P205_ST00164" HPOS="635" VPOS="1362" WIDTH="32" HEIGHT="26" CONTENT="to" WC="1.00" CC="00"/>
						<SP ID="P205_SP00139" HPOS="667" VPOS="1400" WIDTH="15"/>
						<String ID="P205_ST00165" HPOS="682" VPOS="1357" WIDTH="48" HEIGHT="30" CONTENT="his" WC="0.60" CC="704"/>
						<SP ID="P205_SP00140" HPOS="730" VPOS="1400" WIDTH="16"/>
						<String ID="P205_ST00166" HPOS="746" VPOS="1356" WIDTH="82" HEIGHT="41" CONTENT="Avife)" WC="0.67" CC="093203"/>
						<SP ID="P205_SP00141" HPOS="828" VPOS="1400" WIDTH="17"/>
						<String ID="P205_ST00167" HPOS="845" VPOS="1356" WIDTH="69" HEIGHT="31" CONTENT="that" WC="0.51" CC="5706"/>
					</TextLine>
					<TextLine ID="P205_TL00023" HPOS="95" VPOS="1418" WIDTH="819" HEIGHT="43">
						<String ID="P205_ST00168" HPOS="95" VPOS="1423" WIDTH="26" HEIGHT="30" CONTENT="it" WC="0.45" CC="55"/>
						<SP ID="P205_SP00142" HPOS="121" VPOS="1453" WIDTH="30"/>
						<String ID="P205_ST00169" HPOS="151" VPOS="1433" WIDTH="63" HEIGHT="20" CONTENT="was" WC="0.80" CC="005"/>
						<SP ID="P205_SP00143" HPOS="214" VPOS="1453" WIDTH="30"/>
						<String ID="P205_ST00170" HPOS="244" VPOS="1421" WIDTH="86" HEIGHT="40" CONTENT="quite" WC="0.61" CC="76050"/>
						<SP ID="P205_SP00144" HPOS="330" VPOS="1461" WIDTH="30"/>
						<String ID="P205_ST00171" HPOS="360" VPOS="1419" WIDTH="176" HEIGHT="41" CONTENT="impossible" WC="0.74" CC="1000364540"/>
						<SP ID="P205_SP00145" HPOS="536" VPOS="1461" WIDTH="29"/>
						<String ID="P205_ST00172" HPOS="565" VPOS="1423" WIDTH="33" HEIGHT="26" CONTENT="to" WC="0.61" CC="61"/>
						<SP ID="P205_SP00146" HPOS="598" VPOS="1461" WIDTH="35"/>
						<String ID="P205_ST00173" HPOS="633" VPOS="1418" WIDTH="90" HEIGHT="31" CONTENT="make" WC="0.97" CC="0100"/>
						<SP ID="P205_SP00147" HPOS="723" VPOS="1461" WIDTH="30"/>
						<String ID="P205_ST00174" HPOS="753" VPOS="1429" WIDTH="62" HEIGHT="30" CONTENT="any" WC="0.78" CC="060"/>
						<SP ID="P205_SP00148" HPOS="815" VPOS="1461" WIDTH="29"/>
						<String ID="P205_ST00175" HPOS="844" VPOS="1428" WIDTH="70" HEIGHT="31" CONTENT="way" WC="1.00" CC="000"/>
					</TextLine>
					<TextLine ID="P205_TL00024" HPOS="95" VPOS="1480" WIDTH="819" HEIGHT="47">
						<String ID="P205_ST00176" HPOS="95" VPOS="1485" WIDTH="122" HEIGHT="42" CONTENT="against" WC="0.63" CC="0904704"/>
						<SP ID="P205_SP00149" HPOS="217" VPOS="1527" WIDTH="15"/>
						<String ID="P205_ST00177" HPOS="232" VPOS="1483" WIDTH="53" HEIGHT="31" CONTENT="the" WC="0.75" CC="070"/>
						<SP ID="P205_SP00150" HPOS="285" VPOS="1527" WIDTH="27"/>
						<String ID="P205_ST00178" HPOS="312" VPOS="1481" WIDTH="111" HEIGHT="31" CONTENT="united" WC="0.58" CC="774500"/>
						<SP ID="P205_SP00151" HPOS="423" VPOS="1527" WIDTH="22"/>
						<String ID="P205_ST00179" HPOS="445" VPOS="1480" WIDTH="95" HEIGHT="31" CONTENT="forces" WC="0.82" CC="004005"/>
						<SP ID="P205_SP00152" HPOS="540" VPOS="1527" WIDTH="27"/>
						<String ID="P205_ST00180" HPOS="567" VPOS="1480" WIDTH="33" HEIGHT="31" CONTENT="of" WC="0.74" CC="50"/>
						<SP ID="P205_SP00153" HPOS="600" VPOS="1527" WIDTH="20"/>
						<String ID="P205_ST00181" HPOS="620" VPOS="1480" WIDTH="41" HEIGHT="31" CONTENT="all" WC="0.72" CC="053"/>
						<SP ID="P205_SP00154" HPOS="661" VPOS="1527" WIDTH="14"/>
						<String ID="P205_ST00182" HPOS="675" VPOS="1480" WIDTH="53" HEIGHT="31" CONTENT="the" WC="0.61" CC="470"/>
						<SP ID="P205_SP00155" HPOS="728" VPOS="1527" WIDTH="17"/>
						<String ID="P205_ST00183" HPOS="745" VPOS="1484" WIDTH="85" HEIGHT="38" CONTENT="great" WC="0.44" CC="79036"/>
						<SP ID="P205_SP00156" HPOS="830" VPOS="1527" WIDTH="15"/>
						<String ID="P205_ST00184" HPOS="845" VPOS="1490" WIDTH="69" HEIGHT="31" CONTENT="pro" SUBS_TYPE="HypPart1" SUBS_CONTENT="proprietors" WC="0.75" CC="0640"/>
						<HYP CONTENT="-"/>
					</TextLine>
					<TextLine ID="P205_TL00025" HPOS="94" VPOS="1542" WIDTH="443" HEIGHT="44">
						<String ID="P205_ST00185" HPOS="94" VPOS="1546" WIDTH="132" HEIGHT="40" CONTENT="prietors" SUBS_TYPE="HypPart2" SUBS_CONTENT="proprietors" WC="0.87" CC="04200200"/>
						<SP ID="P205_SP00157" HPOS="226" VPOS="1586" WIDTH="15"/>
						<String ID="P205_ST00186" HPOS="241" VPOS="1542" WIDTH="132" HEIGHT="43" CONTENT="leagued" WC="0.63" CC="0099500"/>
						<SP ID="P205_SP00158" HPOS="373" VPOS="1586" WIDTH="15"/>
						<String ID="P205_ST00187" HPOS="388" VPOS="1542" WIDTH="149" HEIGHT="42" CONTENT="together." WC="0.73" CC="330047050"/>
					</TextLine>
				</TextBlock>
				<TextBlock ID="P205_TB00005" HPOS="792" VPOS="1601" WIDTH="41" HEIGHT="20" STYLEREFS="TXT_0 PAR_RIGHT">
					<TextLine ID="P205_TL00026" HPOS="793" VPOS="1602" WIDTH="40" HEIGHT="19">
						<String ID="P205_ST00188" HPOS="793" VPOS="1607" WIDTH="14" HEIGHT="14" CONTENT="o" WC="0.48" CC="5"/>
						<SP ID="P205_SP00159" HPOS="807" VPOS="1621" WIDTH="13"/>
						<String ID="P205_ST00189" HPOS="820" VPOS="1602" WIDTH="13" HEIGHT="19" CONTENT="2" WC="0.49" CC="5"/>
					</TextLine>
				</TextBlock>
			</PrintSpace>
		</Page>
	</Layout>
</alto>
