1132 1747
199 88 53 27 148

438 98 84 21 LOVE
545 98 64 21 THE
632 96 162 23 AVENGER.

201 173 31 32 It
254 184 63 22 Avas
347 185 41 21 no
413 187 53 19 use
493 175 95 42 being
620 185 100 32 angry
744 184 34 20 or
808 171 177 42 impatient,
1013 170 24 31 it

201 240 84 27 must
300 236 37 31 be
353 236 102 31 borne.

245 297 99 31 There
373 309 64 19 was
475 309 41 19 no
554 297 132 30 circular
722 300 56 27 out
815 294 81 32 from
931 294 106 31 Mont-

203 358 153 30 Vivienne
380 358 105 37 either,
503 358 47 30 for
565 358 54 31 the
635 369 72 19 cure
723 357 35 31 of
777 356 167 43 Belespoir,
962 366 75 21 once

204 430 100 20 aware
322 419 35 31 of
376 420 52 30 the
444 420 188 30 Beauvoisin
654 418 212 38 candidature,
884 417 103 43 hoped
1005 422 32 27 to

204 482 165 31 neutralise
393 482 34 39 it,
453 493 33 21 as
505 494 46 20 Ave
578 482 103 39 knoAv,
707 482 63 31 and
795 482 56 30 did
874 486 56 26 not
948 481 89 37 Avish,

205 543 27 31 if
251 543 141 42 possible,
410 548 33 27 to
464 543 79 32 have
570 548 33 28 to
624 555 89 21 avow
729 554 63 32 any
808 543 174 32 dissension
1005 543 32 31 in

204 606 53 30 the
273 606 220 31 Conservative
508 610 101 37 party.

249 668 103 31 When
386 669 38 30 he
461 668 63 31 had
562 680 80 26 seen,
674 669 153 38 however,
859 668 86 31 Avhat
978 679 60 20 was

206 730 97 41 likely
317 735 33 25 to
368 730 38 31 be
422 730 53 31 the
490 730 167 31 resistance
673 730 136 42 opposed
832 730 44 42 by
891 730 54 31 the
960 730 78 31 rival

208 791 172 37 candidate,
398 791 62 31 and
476 791 90 31 Avhen
586 791 38 32 he
639 791 63 32 had
725 803 161 21 overcome
903 792 53 31 the
971 791 67 32 first

207 853 133 41 surprise
371 853 111 31 caused
512 854 33 30 in
572 854 66 31 him
668 854 44 42 by
742 854 53 31 the
830 866 116 30 energy
976 854 62 31 and

208 914 136 32 decision
379 926 32 20 so
446 916 155 41 suddenly
632 916 108 32 shoAvn
774 917 44 41 by
847 917 55 31 the
932 928 106 30 young-

208 976 165 42 Marquise,
390 978 53 30 the
466 980 72 29 curd
554 979 126 31 became
696 990 100 20 aAvare
812 979 35 31 of
865 979 54 32 the
935 990 102 21 neces-

208 1038 64 41 sity
301 1039 35 30 of
369 1039 181 43 publishing
587 1040 135 32 Avithout
753 1052 64 31 any
855 1041 92 42 delay
984 1041 53 32 the

209 1098 124 31 address
349 1099 34 31 of
401 1100 54 30 the
470 1100 71 31 Due
557 1100 37 32 de
610 1100 155 33 Vivienne
781 1106 33 27 to
829 1102 54 31 the
899 1103 136 30 electors.

210 1160 146 31 Needless
386 1166 32 25 to
444 1172 55 31 say
521 1162 70 31 that
617 1162 64 32 this
705 1164 171 41 profession
897 1165 35 30 of
959 1165 78 31 faith

208 1231 63 20 was
301 1221 132 42 entirely
463 1223 163 41 composed
656 1223 43 43 by
729 1225 52 30 the
821 1225 217 33 Curate-Dean

208 1282 130 29 himself.

255 1343 95 41 Early
372 1343 33 31 in
427 1343 53 31 the
503 1345 145 42 morning
675 1346 34 31 of
731 1347 54 31 the
810 1348 63 43 day
901 1349 57 32 but
981 1361 58 21 one

211 1404 78 32 after
309 1404 52 32 the
385 1405 96 32 curd's
500 1406 75 31 visit
597 1411 32 26 to
645 1408 196 40 Beauvoisin,
859 1410 65 33 this
946 1411 93 32 docu-

212 1470 87 28 ment
313 1477 63 21 was
400 1467 62 31 also
489 1467 162 42 deposited
673 1470 33 30 in
731 1470 54 32 the
808 1471 101 32 hands
933 1473 34 31 of
986 1474 53 31 the

212 1527 131 31 director
369 1526 34 33 of
425 1527 53 32 the
505 1528 264 42 sub-prefectorial
795 1533 244 41 printing-office
