1132 1747
897 117 52 26 279

374 120 21 21 A
420 121 176 21 STARTLING
618 121 85 21 FACT.

131 194 125 31 combat
270 195 140 32 between
433 197 130 42 anguish
586 197 62 32 and
670 198 96 42 pride,
791 198 62 31 and
875 209 75 20 even

130 254 52 32 the
199 267 118 31 opaque
334 259 177 41 perception
527 259 34 31 of
574 259 116 31 Olivier
706 259 99 31 seized
820 259 53 31 the
889 259 61 31 fact

130 317 35 29 of
187 318 42 30 its
254 318 95 43 being
372 330 17 19 a
411 319 52 31 fife
487 320 62 31 and
572 320 93 31 death
688 320 136 42 struggle
846 320 33 30 in
899 319 51 31 the

131 379 68 30 soul
215 379 34 31 of
272 380 48 31 his
341 381 98 30 uncle.
483 381 46 31 As
551 382 54 30 the
627 382 92 30 latter
741 382 88 30 stood
851 381 99 31 before

130 439 67 32 him
213 451 78 27 now,
307 446 55 26 ten
376 453 90 30 years
481 443 121 30 seemed
617 447 32 26 to
665 443 79 31 have
759 443 78 31 been
852 443 98 30 added

130 502 33 25 to
180 497 48 31 his
244 509 63 30 age.

175 559 49 30 No
255 559 119 31 further
404 561 85 29 word
515 572 62 19 was
607 561 130 36 uttered,
765 561 57 29 but
848 560 42 30 M.
915 561 37 29 de

131 619 187 30 Beauvoisin
347 620 179 41 recognised
552 621 78 29 Avith
657 620 206 30 considerable
893 620 60 30 dis-

130 692 74 30 may
218 681 54 30 the
288 681 116 42 danger
426 682 67 29 into
515 681 101 30 which
638 681 175 30 Claudine's
831 681 122 40 passion

130 740 47 30 for
192 741 67 29 him
273 752 64 19 was
351 741 125 41 leading
490 740 75 30 him.
603 740 29 30 A
647 740 70 41 gulf
728 751 63 19 was
806 740 147 41 yawning

131 808 33 25 at
184 804 49 29 his
248 803 71 37 feet,
333 803 62 30 and
417 803 47 30 for
486 803 52 30 the
561 807 124 36 present
707 802 38 30 he
769 813 62 19 saw
853 802 100 41 safety

130 864 153 30 noAvhere.

176 925 45 31 At
235 925 148 41 fifty-fiAre
396 926 5 29 !
425 925 53 30 the
494 925 124 33 hardest
632 924 78 30 liver
726 924 33 30 of
770 924 53 30 the
839 924 95 40 epoch
946 925 4 28 !

131 987 76 31 Was
223 986 62 31 this
301 986 52 31 the
376 997 176 31 vengeance
578 986 84 30 Love
683 985 74 31 took
777 985 47 30 for
842 985 108 30 half-a-

131 1052 132 35 century
279 1046 33 32 of
326 1058 88 19 scorn
428 1047 11 30 ?

176 1109 60 30 For
266 1108 53 31 the
347 1112 139 26 moment
516 1107 118 31 OliAier
657 1107 101 40 forgot
788 1106 41 30 all
859 1106 92 30 about

133 1171 110 35 Claire,
262 1170 62 31 and
351 1169 49 31 his
424 1180 70 20 OAvn
513 1168 114 42 feeling
643 1168 33 30 of
695 1168 159 40 perpetual
869 1167 82 31 bore-

132 1234 73 29 dom
221 1233 33 30 in
269 1232 62 30 life.
