1132 1747
428 448 199 31 CHAPTER
658 448 51 30 IV.

298 546 63 20 THE
384 545 147 21 MEETING
555 545 39 21 OF
616 544 64 21 THE
704 542 137 23 AVATERS.

202 623 70 30 The
296 623 132 40 evening
442 633 64 19 Avas
522 633 17 19 a
554 621 151 31 beautiful
721 632 67 26 one,
806 630 97 21 warm
919 618 62 31 and

159 684 113 40 balmy,
289 688 54 36 yet
358 683 77 30 Avith
448 683 67 41 just
530 694 18 19 a
563 682 81 42 light
666 682 105 31 breeze
787 681 126 42 stirring
928 680 53 31 the

158 744 101 30 leaves
274 744 34 30 of
327 744 52 30 the
406 747 87 33 trees,
511 743 61 31 and
596 742 131 43 floating
750 742 53 31 the
826 741 155 43 perfumes

159 806 34 30 of
226 806 117 30 floAvers
373 810 32 25 to
438 805 112 30 mortal
579 816 108 19 senses.
750 804 65 31 The
846 804 135 41 Champs

160 867 125 41 Elysees
300 878 79 19 Avere
394 866 57 30 full
467 866 34 30 of
520 866 81 41 busy
615 866 62 38 life,
695 867 150 41 carriages
867 866 114 41 rolling

159 939 43 30 up
228 928 62 30 and
317 928 91 30 down
428 927 53 31 the
503 927 81 31 wide
608 938 127 27 avenue,
753 928 62 30 and
836 928 145 41 loungers

159 1000 39 20 on
214 989 65 30 foot
295 989 168 41 thronging
478 989 53 30 the
546 993 166 36 pavement
727 989 62 30 and
805 989 53 30 the
874 1000 107 30 spaces

158 1050 138 30 betAveen
319 1050 54 30 the
397 1054 86 26 trees.
542 1050 64 30 The
632 1050 76 30 hum
738 1050 35 30 of
800 1050 54 31 the
877 1050 104 32 croAvd

158 1122 65 20 rose
238 1122 41 19 no
301 1111 109 42 higher
432 1111 76 31 than
533 1111 55 31 the
613 1116 137 37 topmost
771 1112 130 43 boughs,
918 1113 63 31 and

158 1173 74 30 then
257 1173 125 41 merged
407 1173 67 31 into
501 1173 54 31 the
578 1173 134 31 stillness
729 1173 34 31 of
782 1174 91 42 night
887 1187 7 25 ;
919 1175 62 31 and

158 1235 91 30 down
264 1246 83 30 upon
362 1235 54 30 the
431 1235 116 30 human
562 1236 134 37 ant-hill,
713 1236 77 31 with
806 1237 41 31 its
863 1238 118 32 would-

158 1297 37 31 be
232 1297 196 40 importance,
459 1297 41 30 its
537 1297 151 41 agitation
726 1298 62 31 and
817 1299 42 31 its
889 1301 92 30 mock

158 1358 105 41 finery,
281 1358 95 41 gazed
391 1358 54 29 the
461 1358 116 30 eternal
593 1363 78 26 stars
672 1376 42 4 —
714 1359 88 32 those
826 1361 155 32 self-same

157 1423 77 26 stars
248 1418 70 30 that
332 1429 79 19 were
434 1422 33 26 at
489 1418 69 30 that
581 1419 154 31 self-same
753 1420 78 31 hour
854 1422 126 33 shining-

158 1491 72 19 over
259 1479 142 31 Nature's
431 1480 120 41 glories,
578 1480 165 43 mirroring
772 1482 82 32 their
876 1495 105 21 serene

159 1541 80 42 light
268 1541 33 30 in
331 1546 128 26 streams
489 1541 61 31 and
581 1552 74 28 seas,
682 1543 138 43 piercing
847 1546 135 33 throuo-h
