<?xml version="1.0" encoding="UTF-8"?>
<alto xmlns:xsi="http://www.w3.org/2001/XMLSchema-instance" xsi:noNamespaceSchemaLocation="http://www.bl.uk/schemas/alto/alto-1-4.xsd" xmlns:xlink="http://www.w3.org/1999/xlink">
	<Description>
		<MeasurementUnit>mm10</MeasurementUnit>
		<sourceImageInformation>
			<fileName>//head1/IN/2007-46/A0010888503.2/009474.jp2</fileName>
		</sourceImageInformation>
		<OCRProcessing ID="OCRPROCESSING_1">
			<preProcessingStep>
				<processingSoftware>
					<softwareCreator>CCS Content Conversion Specialists GmbH, Germany</softwareCreator>
					<softwareName>CCS docWORKS</softwareName>
					<softwareVersion>6.1-0.61</softwareVersion>
				</processingSoftware>
			</preProcessingStep>
			<ocrProcessingStep>
				<processingSoftware>
					<softwareCreator>ABBYY (BIT Software), Russia</softwareCreator>
					<softwareName>Finereader</softwareName>
				</processingSoftware>
			</ocrProcessingStep>
		</OCRProcessing>
	</Description>
	<Styles>
		<TextStyle ID="TXT_0" FONTSIZE="11" FONTFAMILY="Courier New"/>
		<TextStyle ID="TXT_1" FONTSIZE="9" FONTFAMILY="Courier New"/>
		<ParagraphStyle ID="PAR_LEFT" ALIGN="Left"/>
		<ParagraphStyle ID="PAR_RIGHT" ALIGN="Right"/>
	</Styles>
	<Layout>
		<Page ID="P266" PHYSICAL_IMG_NR="266" HEIGHT="1747" WIDTH="1132" PRINTED_IMG_NR="256" POSITION="Left" ACCURACY="71.45">
			<TopMargin ID="P266_TM00001" HPOS="0" VPOS="0" WIDTH="1131" HEIGHT="136">
				<TextBlock ID="P266_TB00001" HPOS="196" VPOS="109" WIDTH="52" HEIGHT="25" STYLEREFS="TXT_0 PAR_LEFT">
					<TextLine ID="P266_TL00001" HPOS="196" VPOS="109" WIDTH="52" HEIGHT="25">
						<String ID="P266_ST00001" HPOS="196" VPOS="109" WIDTH="52" HEIGHT="25" CONTENT="256" WC="1.00" CC="000"/>
					</TextLine>
				</TextBlock>
				<TextBlock ID="P266_TB00002" HPOS="435" VPOS="110" WIDTH="352" HEIGHT="23" STYLEREFS="TXT_1 PAR_RIGHT">
					<TextLine ID="P266_TL00002" HPOS="435" VPOS="111" WIDTH="352" HEIGHT="22">
						<String ID="P266_ST00002" HPOS="435" VPOS="114" WIDTH="82" HEIGHT="19" CONTENT="LOVE" WC="0.66" CC="5204"/>
						<SP ID="P266_SP00001" HPOS="517" VPOS="133" WIDTH="23"/>
						<String ID="P266_ST00003" HPOS="540" VPOS="113" WIDTH="64" HEIGHT="20" CONTENT="THE" WC="0.79" CC="060"/>
						<SP ID="P266_SP00002" HPOS="604" VPOS="133" WIDTH="23"/>
						<String ID="P266_ST00004" HPOS="627" VPOS="111" WIDTH="160" HEIGHT="22" CONTENT="AVENGER." WC="0.79" CC="07001070"/>
					</TextLine>
				</TextBlock>
			</TopMargin>
			<LeftMargin ID="P266_LM00001" HPOS="0" VPOS="136" WIDTH="181" HEIGHT="1448"/>
			<RightMargin ID="P266_RM00001" HPOS="1027" VPOS="136" WIDTH="104" HEIGHT="1448"/>
			<BottomMargin ID="P266_BM00001" HPOS="0" VPOS="1584" WIDTH="1131" HEIGHT="162"/>
			<PrintSpace ID="P266_PS00001" HPOS="181" VPOS="136" WIDTH="846" HEIGHT="1448">
				<TextBlock ID="P266_TB00003" HPOS="188" VPOS="186" WIDTH="839" HEIGHT="415" STYLEREFS="TXT_1 PAR_LEFT">
					<TextLine ID="P266_TL00003" HPOS="193" VPOS="187" WIDTH="834" HEIGHT="43">
						<String ID="P266_ST00005" HPOS="193" VPOS="193" WIDTH="34" HEIGHT="30" CONTENT="of" WC="0.48" CC="55"/>
						<SP ID="P266_SP00003" HPOS="227" VPOS="223" WIDTH="12"/>
						<String ID="P266_ST00006" HPOS="239" VPOS="193" WIDTH="86" HEIGHT="30" CONTENT="them" WC="0.48" CC="6750"/>
						<SP ID="P266_SP00004" HPOS="325" VPOS="223" WIDTH="17"/>
						<String ID="P266_ST00007" HPOS="342" VPOS="193" WIDTH="89" HEIGHT="30" CONTENT="chose" WC="0.68" CC="07052"/>
						<SP ID="P266_SP00005" HPOS="431" VPOS="223" WIDTH="16"/>
						<String ID="P266_ST00008" HPOS="447" VPOS="196" WIDTH="33" HEIGHT="25" CONTENT="to" WC="0.78" CC="40"/>
						<SP ID="P266_SP00006" HPOS="480" VPOS="223" WIDTH="21"/>
						<String ID="P266_ST00009" HPOS="501" VPOS="202" WIDTH="94" HEIGHT="25" CONTENT="come," WC="0.80" CC="00063"/>
						<SP ID="P266_SP00007" HPOS="595" VPOS="227" WIDTH="18"/>
						<String ID="P266_ST00010" HPOS="613" VPOS="194" WIDTH="55" HEIGHT="26" CONTENT="not" WC="0.67" CC="603"/>
						<SP ID="P266_SP00008" HPOS="668" VPOS="227" WIDTH="16"/>
						<String ID="P266_ST00011" HPOS="684" VPOS="188" WIDTH="107" HEIGHT="42" CONTENT="caring" WC="0.82" CC="003060"/>
						<SP ID="P266_SP00009" HPOS="791" VPOS="230" WIDTH="22"/>
						<String ID="P266_ST00012" HPOS="813" VPOS="192" WIDTH="34" HEIGHT="27" CONTENT="to" WC="0.66" CC="51"/>
						<SP ID="P266_SP00010" HPOS="847" VPOS="230" WIDTH="15"/>
						<String ID="P266_ST00013" HPOS="862" VPOS="187" WIDTH="65" HEIGHT="31" CONTENT="risk" WC="0.76" CC="0161"/>
						<SP ID="P266_SP00011" HPOS="927" VPOS="230" WIDTH="17"/>
						<String ID="P266_ST00014" HPOS="944" VPOS="187" WIDTH="83" HEIGHT="30" CONTENT="their" WC="0.80" CC="36000"/>
					</TextLine>
					<TextLine ID="P266_TL00004" HPOS="193" VPOS="249" WIDTH="832" HEIGHT="47">
						<String ID="P266_ST00015" HPOS="193" VPOS="254" WIDTH="125" HEIGHT="42" CONTENT="dignity" WC="0.61" CC="9096000"/>
						<SP ID="P266_SP00012" HPOS="318" VPOS="296" WIDTH="30"/>
						<String ID="P266_ST00016" HPOS="348" VPOS="265" WIDTH="33" HEIGHT="19" CONTENT="as" WC="0.83" CC="03"/>
						<SP ID="P266_SP00013" HPOS="381" VPOS="296" WIDTH="30"/>
						<String ID="P266_ST00017" HPOS="411" VPOS="256" WIDTH="204" HEIGHT="38" CONTENT="government" WC="0.63" CC="3225470063"/>
						<SP ID="P266_SP00014" HPOS="615" VPOS="296" WIDTH="31"/>
						<String ID="P266_ST00018" HPOS="646" VPOS="250" WIDTH="223" HEIGHT="32" CONTENT="functionaries" WC="0.66" CC="3271503605006"/>
						<SP ID="P266_SP00015" HPOS="869" VPOS="296" WIDTH="34"/>
						<String ID="P266_ST00019" HPOS="903" VPOS="249" WIDTH="33" HEIGHT="31" CONTENT="in" WC="0.35" CC="57"/>
						<SP ID="P266_SP00016" HPOS="936" VPOS="296" WIDTH="34"/>
						<String ID="P266_ST00020" HPOS="970" VPOS="249" WIDTH="55" HEIGHT="31" CONTENT="the" WC="0.54" CC="472"/>
					</TextLine>
					<TextLine ID="P266_TL00005" HPOS="192" VPOS="311" WIDTH="831" HEIGHT="44">
						<String ID="P266_ST00021" HPOS="192" VPOS="316" WIDTH="95" HEIGHT="30" CONTENT="midst" WC="0.82" CC="00034"/>
						<SP ID="P266_SP00017" HPOS="287" VPOS="346" WIDTH="24"/>
						<String ID="P266_ST00022" HPOS="311" VPOS="315" WIDTH="34" HEIGHT="30" CONTENT="of" WC="0.75" CC="05"/>
						<SP ID="P266_SP00018" HPOS="345" VPOS="346" WIDTH="24"/>
						<String ID="P266_ST00023" HPOS="369" VPOS="326" WIDTH="39" HEIGHT="19" CONTENT="an" WC="0.67" CC="06"/>
						<SP ID="P266_SP00019" HPOS="408" VPOS="346" WIDTH="24"/>
						<String ID="P266_ST00024" HPOS="432" VPOS="314" WIDTH="189" HEIGHT="41" CONTENT="assemblage" WC="0.55" CC="9420074490"/>
						<SP ID="P266_SP00020" HPOS="621" VPOS="355" WIDTH="21"/>
						<String ID="P266_ST00025" HPOS="642" VPOS="313" WIDTH="35" HEIGHT="30" CONTENT="of" WC="0.94" CC="00"/>
						<SP ID="P266_SP00021" HPOS="677" VPOS="355" WIDTH="19"/>
						<String ID="P266_ST00026" HPOS="696" VPOS="323" WIDTH="128" HEIGHT="31" CONTENT="persons" WC="0.64" CC="0046076"/>
						<SP ID="P266_SP00022" HPOS="824" VPOS="355" WIDTH="16"/>
						<String ID="P266_ST00027" HPOS="840" VPOS="311" WIDTH="104" HEIGHT="32" CONTENT="Avhose" WC="0.71" CC="007270"/>
						<SP ID="P266_SP00023" HPOS="944" VPOS="355" WIDTH="21"/>
						<String ID="P266_ST00028" HPOS="965" VPOS="311" WIDTH="58" HEIGHT="31" CONTENT="im" SUBS_TYPE="HypPart1" SUBS_CONTENT="importance" WC="1.00" CC="000"/>
						<HYP CONTENT="-"/>
					</TextLine>
					<TextLine ID="P266_TL00006" HPOS="191" VPOS="372" WIDTH="831" HEIGHT="45">
						<String ID="P266_ST00029" HPOS="191" VPOS="381" WIDTH="145" HEIGHT="36" CONTENT="portance" SUBS_TYPE="HypPart2" SUBS_CONTENT="importance" WC="0.76" CC="00660500"/>
						<SP ID="P266_SP00024" HPOS="336" VPOS="417" WIDTH="31"/>
						<String ID="P266_ST00030" HPOS="367" VPOS="387" WIDTH="63" HEIGHT="20" CONTENT="Avas" WC="0.73" CC="0604"/>
						<SP ID="P266_SP00025" HPOS="430" VPOS="417" WIDTH="32"/>
						<String ID="P266_ST00031" HPOS="462" VPOS="375" WIDTH="128" HEIGHT="31" CONTENT="derived" WC="0.88" CC="0000600"/>
						<SP ID="P266_SP00026" HPOS="590" VPOS="417" WIDTH="29"/>
						<String ID="P266_ST00032" HPOS="619" VPOS="375" WIDTH="80" HEIGHT="29" CONTENT="from" WC="0.83" CC="3300"/>
						<SP ID="P266_SP00027" HPOS="699" VPOS="417" WIDTH="29"/>
						<String ID="P266_ST00033" HPOS="728" VPOS="374" WIDTH="83" HEIGHT="30" CONTENT="their" WC="0.46" CC="47193"/>
						<SP ID="P266_SP00028" HPOS="811" VPOS="417" WIDTH="33"/>
						<String ID="P266_ST00034" HPOS="844" VPOS="372" WIDTH="84" HEIGHT="31" CONTENT="birth" WC="0.50" CC="74227"/>
						<SP ID="P266_SP00029" HPOS="928" VPOS="417" WIDTH="31"/>
						<String ID="P266_ST00035" HPOS="959" VPOS="372" WIDTH="63" HEIGHT="31" CONTENT="and" WC="0.48" CC="960"/>
					</TextLine>
					<TextLine ID="P266_TL00007" HPOS="190" VPOS="436" WIDTH="832" HEIGHT="44">
						<String ID="P266_ST00036" HPOS="190" VPOS="438" WIDTH="93" HEIGHT="32" CONTENT="social" WC="0.81" CC="600400"/>
						<SP ID="P266_SP00030" HPOS="283" VPOS="470" WIDTH="30"/>
						<String ID="P266_ST00037" HPOS="313" VPOS="438" WIDTH="156" HEIGHT="42" CONTENT="standing," WC="0.49" CC="750705892"/>
						<SP ID="P266_SP00031" HPOS="469" VPOS="480" WIDTH="28"/>
						<String ID="P266_ST00038" HPOS="497" VPOS="437" WIDTH="63" HEIGHT="31" CONTENT="and" WC="0.77" CC="060"/>
						<SP ID="P266_SP00032" HPOS="560" VPOS="480" WIDTH="24"/>
						<String ID="P266_ST00039" HPOS="584" VPOS="437" WIDTH="103" HEIGHT="31" CONTENT="Avhose" WC="0.77" CC="007320"/>
						<SP ID="P266_SP00033" HPOS="687" VPOS="480" WIDTH="24"/>
						<String ID="P266_ST00040" HPOS="711" VPOS="436" WIDTH="189" HEIGHT="42" CONTENT="proficiency" WC="0.80" CC="00000400709"/>
						<SP ID="P266_SP00034" HPOS="900" VPOS="480" WIDTH="24"/>
						<String ID="P266_ST00041" HPOS="924" VPOS="436" WIDTH="33" HEIGHT="29" CONTENT="in" WC="0.55" CC="44"/>
						<SP ID="P266_SP00035" HPOS="957" VPOS="480" WIDTH="24"/>
						<String ID="P266_ST00042" HPOS="981" VPOS="436" WIDTH="41" HEIGHT="30" CONTENT="all" WC="1.00" CC="000"/>
					</TextLine>
					<TextLine ID="P266_TL00008" HPOS="188" VPOS="498" WIDTH="835" HEIGHT="42">
						<String ID="P266_ST00043" HPOS="188" VPOS="501" WIDTH="54" HEIGHT="30" CONTENT="the" WC="0.56" CC="570"/>
						<SP ID="P266_SP00036" HPOS="242" VPOS="531" WIDTH="16"/>
						<String ID="P266_ST00044" HPOS="258" VPOS="500" WIDTH="129" HEIGHT="31" CONTENT="delicate" WC="0.85" CC="00440030"/>
						<SP ID="P266_SP00037" HPOS="387" VPOS="531" WIDTH="16"/>
						<String ID="P266_ST00045" HPOS="403" VPOS="504" WIDTH="63" HEIGHT="27" CONTENT="arts" WC="0.59" CC="0573"/>
						<SP ID="P266_SP00038" HPOS="466" VPOS="531" WIDTH="16"/>
						<String ID="P266_ST00046" HPOS="482" VPOS="500" WIDTH="63" HEIGHT="30" CONTENT="and" WC="0.83" CC="040"/>
						<SP ID="P266_SP00039" HPOS="545" VPOS="531" WIDTH="12"/>
						<String ID="P266_ST00047" HPOS="557" VPOS="499" WIDTH="85" HEIGHT="31" CONTENT="wiles" WC="0.56" CC="77006"/>
						<SP ID="P266_SP00040" HPOS="642" VPOS="531" WIDTH="16"/>
						<String ID="P266_ST00048" HPOS="658" VPOS="499" WIDTH="35" HEIGHT="31" CONTENT="of" WC="1.00" CC="00"/>
						<SP ID="P266_SP00041" HPOS="693" VPOS="531" WIDTH="12"/>
						<String ID="P266_ST00049" HPOS="705" VPOS="499" WIDTH="134" HEIGHT="31" CONTENT="insolent" WC="0.61" CC="36132166"/>
						<SP ID="P266_SP00042" HPOS="839" VPOS="531" WIDTH="15"/>
						<String ID="P266_ST00050" HPOS="854" VPOS="498" WIDTH="169" HEIGHT="42" CONTENT="politeness" WC="0.75" CC="0000605057"/>
					</TextLine>
					<TextLine ID="P266_TL00009" HPOS="188" VPOS="562" WIDTH="259" HEIGHT="39">
						<String ID="P266_ST00051" HPOS="188" VPOS="574" WIDTH="64" HEIGHT="19" CONTENT="Avas" WC="0.83" CC="0006"/>
						<SP ID="P266_SP00043" HPOS="252" VPOS="593" WIDTH="15"/>
						<String ID="P266_ST00052" HPOS="267" VPOS="562" WIDTH="180" HEIGHT="39" CONTENT="proverbial." WC="0.63" CC="06360572420"/>
					</TextLine>
				</TextBlock>
				<TextBlock ID="P266_TB00004" HPOS="184" VPOS="621" WIDTH="835" HEIGHT="339" STYLEREFS="TXT_1 PAR_LEFT">
					<TextLine ID="P266_TL00010" HPOS="232" VPOS="622" WIDTH="787" HEIGHT="43">
						<String ID="P266_ST00053" HPOS="232" VPOS="624" WIDTH="141" HEIGHT="41" CONTENT="Military" WC="0.77" CC="00745000"/>
						<SP ID="P266_SP00044" HPOS="373" VPOS="665" WIDTH="27"/>
						<String ID="P266_ST00054" HPOS="400" VPOS="624" WIDTH="189" HEIGHT="37" CONTENT="authorities," WC="0.70" CC="080723250050"/>
						<SP ID="P266_SP00045" HPOS="589" VPOS="665" WIDTH="29"/>
						<String ID="P266_ST00055" HPOS="618" VPOS="634" WIDTH="39" HEIGHT="19" CONTENT="on" WC="0.70" CC="06"/>
						<SP ID="P266_SP00046" HPOS="657" VPOS="665" WIDTH="25"/>
						<String ID="P266_ST00056" HPOS="682" VPOS="622" WIDTH="54" HEIGHT="31" CONTENT="the" WC="0.61" CC="470"/>
						<SP ID="P266_SP00047" HPOS="736" VPOS="665" WIDTH="25"/>
						<String ID="P266_ST00057" HPOS="761" VPOS="626" WIDTH="154" HEIGHT="37" CONTENT="contrary," WC="0.77" CC="030240602"/>
						<SP ID="P266_SP00048" HPOS="915" VPOS="665" WIDTH="23"/>
						<String ID="P266_ST00058" HPOS="938" VPOS="633" WIDTH="81" HEIGHT="20" CONTENT="Avere" WC="0.92" CC="00040"/>
					</TextLine>
					<TextLine ID="P266_TL00011" HPOS="187" VPOS="685" WIDTH="832" HEIGHT="42">
						<String ID="P266_ST00059" HPOS="187" VPOS="691" WIDTH="33" HEIGHT="26" CONTENT="to" WC="1.00" CC="00"/>
						<SP ID="P266_SP00049" HPOS="220" VPOS="717" WIDTH="26"/>
						<String ID="P266_ST00060" HPOS="246" VPOS="686" WIDTH="37" HEIGHT="31" CONTENT="be" WC="0.85" CC="20"/>
						<SP ID="P266_SP00050" HPOS="283" VPOS="717" WIDTH="23"/>
						<String ID="P266_ST00061" HPOS="306" VPOS="691" WIDTH="64" HEIGHT="26" CONTENT="met" WC="0.67" CC="207"/>
						<SP ID="P266_SP00051" HPOS="370" VPOS="717" WIDTH="22"/>
						<String ID="P266_ST00062" HPOS="392" VPOS="697" WIDTH="39" HEIGHT="19" CONTENT="on" WC="0.69" CC="06"/>
						<SP ID="P266_SP00052" HPOS="431" VPOS="717" WIDTH="26"/>
						<String ID="P266_ST00063" HPOS="457" VPOS="685" WIDTH="40" HEIGHT="31" CONTENT="all" WC="1.00" CC="000"/>
						<SP ID="P266_SP00053" HPOS="497" VPOS="717" WIDTH="25"/>
						<String ID="P266_ST00064" HPOS="522" VPOS="685" WIDTH="91" HEIGHT="38" CONTENT="sides," WC="0.74" CC="600053"/>
						<SP ID="P266_SP00054" HPOS="613" VPOS="723" WIDTH="17"/>
						<String ID="P266_ST00065" HPOS="630" VPOS="685" WIDTH="64" HEIGHT="30" CONTENT="and" WC="0.77" CC="060"/>
						<SP ID="P266_SP00055" HPOS="694" VPOS="723" WIDTH="22"/>
						<String ID="P266_ST00066" HPOS="716" VPOS="688" WIDTH="57" HEIGHT="27" CONTENT="not" WC="0.60" CC="605"/>
						<SP ID="P266_SP00056" HPOS="773" VPOS="723" WIDTH="20"/>
						<String ID="P266_ST00067" HPOS="793" VPOS="696" WIDTH="18" HEIGHT="19" CONTENT="a" WC="1.00" CC="0"/>
						<SP ID="P266_SP00057" HPOS="811" VPOS="723" WIDTH="24"/>
						<String ID="P266_ST00068" HPOS="835" VPOS="685" WIDTH="126" HEIGHT="42" CONTENT="general" WC="0.76" CC="0060504"/>
						<SP ID="P266_SP00058" HPOS="961" VPOS="727" WIDTH="23"/>
						<String ID="P266_ST00069" HPOS="984" VPOS="696" WIDTH="35" HEIGHT="19" CONTENT="or" WC="0.74" CC="05"/>
					</TextLine>
					<TextLine ID="P266_TL00012" HPOS="187" VPOS="746" WIDTH="830" HEIGHT="41">
						<String ID="P266_ST00070" HPOS="187" VPOS="747" WIDTH="116" HEIGHT="31" CONTENT="colonel" WC="0.85" CC="0120600"/>
						<SP ID="P266_SP00059" HPOS="303" VPOS="778" WIDTH="27"/>
						<String ID="P266_ST00071" HPOS="330" VPOS="747" WIDTH="69" HEIGHT="31" CONTENT="who" WC="0.66" CC="072"/>
						<SP ID="P266_SP00060" HPOS="399" VPOS="778" WIDTH="28"/>
						<String ID="P266_ST00072" HPOS="427" VPOS="746" WIDTH="204" HEIGHT="32" CONTENT="commanded" WC="0.87" CC="000047000"/>
						<SP ID="P266_SP00061" HPOS="631" VPOS="778" WIDTH="27"/>
						<String ID="P266_ST00073" HPOS="658" VPOS="746" WIDTH="112" HEIGHT="32" CONTENT="within" WC="0.88" CC="000007"/>
						<SP ID="P266_SP00062" HPOS="770" VPOS="778" WIDTH="28"/>
						<String ID="P266_ST00074" HPOS="798" VPOS="757" WIDTH="63" HEIGHT="30" CONTENT="any" WC="0.78" CC="060"/>
						<SP ID="P266_SP00063" HPOS="861" VPOS="787" WIDTH="22"/>
						<String ID="P266_ST00075" HPOS="883" VPOS="746" WIDTH="134" HEIGHT="41" CONTENT="possible" WC="0.78" CC="00661010"/>
					</TextLine>
					<TextLine ID="P266_TL00013" HPOS="186" VPOS="808" WIDTH="830" HEIGHT="32">
						<String ID="P266_ST00076" HPOS="186" VPOS="809" WIDTH="139" HEIGHT="31" CONTENT="distance" WC="0.74" CC="00670600"/>
						<SP ID="P266_SP00064" HPOS="325" VPOS="840" WIDTH="22"/>
						<String ID="P266_ST00077" HPOS="347" VPOS="809" WIDTH="62" HEIGHT="31" CONTENT="had" WC="0.75" CC="700"/>
						<SP ID="P266_SP00065" HPOS="409" VPOS="840" WIDTH="22"/>
						<String ID="P266_ST00078" HPOS="431" VPOS="809" WIDTH="78" HEIGHT="31" CONTENT="been" WC="0.66" CC="7006"/>
						<SP ID="P266_SP00066" HPOS="509" VPOS="840" WIDTH="15"/>
						<String ID="P266_ST00079" HPOS="524" VPOS="808" WIDTH="132" HEIGHT="31" CONTENT="omitted" WC="0.75" CC="3006700"/>
						<SP ID="P266_SP00067" HPOS="656" VPOS="840" WIDTH="16"/>
						<String ID="P266_ST00080" HPOS="672" VPOS="808" WIDTH="79" HEIGHT="31" CONTENT="from" WC="0.96" CC="0010"/>
						<SP ID="P266_SP00068" HPOS="751" VPOS="840" WIDTH="16"/>
						<String ID="P266_ST00081" HPOS="767" VPOS="808" WIDTH="54" HEIGHT="31" CONTENT="the" WC="0.54" CC="670"/>
						<SP ID="P266_SP00069" HPOS="821" VPOS="840" WIDTH="16"/>
						<String ID="P266_ST00082" HPOS="837" VPOS="808" WIDTH="52" HEIGHT="31" CONTENT="list" WC="0.60" CC="5063"/>
						<SP ID="P266_SP00070" HPOS="889" VPOS="840" WIDTH="19"/>
						<String ID="P266_ST00083" HPOS="908" VPOS="808" WIDTH="35" HEIGHT="31" CONTENT="of" WC="1.00" CC="00"/>
						<SP ID="P266_SP00071" HPOS="943" VPOS="840" WIDTH="19"/>
						<String ID="P266_ST00084" HPOS="962" VPOS="808" WIDTH="54" HEIGHT="31" CONTENT="the" WC="0.52" CC="472"/>
					</TextLine>
					<TextLine ID="P266_TL00014" HPOS="186" VPOS="870" WIDTH="831" HEIGHT="42">
						<String ID="P266_ST00085" HPOS="186" VPOS="871" WIDTH="128" HEIGHT="37" CONTENT="invited," WC="0.74" CC="26016002"/>
						<SP ID="P266_SP00072" HPOS="314" VPOS="908" WIDTH="19"/>
						<String ID="P266_ST00086" HPOS="333" VPOS="882" WIDTH="34" HEIGHT="19" CONTENT="or" WC="0.73" CC="05"/>
						<SP ID="P266_SP00073" HPOS="367" VPOS="908" WIDTH="14"/>
						<String ID="P266_ST00087" HPOS="381" VPOS="871" WIDTH="64" HEIGHT="30" CONTENT="had" WC="0.75" CC="700"/>
						<SP ID="P266_SP00074" HPOS="445" VPOS="908" WIDTH="21"/>
						<String ID="P266_ST00088" HPOS="466" VPOS="870" WIDTH="163" HEIGHT="42" CONTENT="neglected" WC="0.87" CC="600000500"/>
						<SP ID="P266_SP00075" HPOS="629" VPOS="912" WIDTH="15"/>
						<String ID="P266_ST00089" HPOS="644" VPOS="874" WIDTH="32" HEIGHT="26" CONTENT="to" WC="0.69" CC="60"/>
						<SP ID="P266_SP00076" HPOS="676" VPOS="912" WIDTH="16"/>
						<String ID="P266_ST00090" HPOS="692" VPOS="870" WIDTH="94" HEIGHT="41" CONTENT="profit" WC="0.75" CC="061006"/>
						<SP ID="P266_SP00077" HPOS="786" VPOS="912" WIDTH="20"/>
						<String ID="P266_ST00091" HPOS="806" VPOS="870" WIDTH="44" HEIGHT="41" CONTENT="by" WC="0.63" CC="70"/>
						<SP ID="P266_SP00078" HPOS="850" VPOS="912" WIDTH="16"/>
						<String ID="P266_ST00092" HPOS="866" VPOS="870" WIDTH="53" HEIGHT="31" CONTENT="the" WC="0.56" CC="660"/>
						<SP ID="P266_SP00079" HPOS="919" VPOS="912" WIDTH="16"/>
						<String ID="P266_ST00093" HPOS="935" VPOS="871" WIDTH="82" HEIGHT="30" CONTENT="invi" SUBS_TYPE="HypPart1" SUBS_CONTENT="invitation." WC="0.71" CC="06051"/>
						<HYP CONTENT="-"/>
					</TextLine>
					<TextLine ID="P266_TL00015" HPOS="184" VPOS="933" WIDTH="107" HEIGHT="27">
						<String ID="P266_ST00094" HPOS="184" VPOS="933" WIDTH="107" HEIGHT="27" CONTENT="tation." SUBS_TYPE="HypPart2" SUBS_CONTENT="invitation." WC="0.77" CC="2060070"/>
					</TextLine>
				</TextBlock>
				<TextBlock ID="P266_TB00005" HPOS="181" VPOS="993" WIDTH="832" HEIGHT="591" STYLEREFS="TXT_1 PAR_LEFT">
					<TextLine ID="P266_TL00016" HPOS="229" VPOS="994" WIDTH="783" HEIGHT="42">
						<String ID="P266_ST00095" HPOS="229" VPOS="994" WIDTH="155" HEIGHT="30" CONTENT="Clavreuil" WC="0.69" CC="600000776"/>
						<SP ID="P266_SP00080" HPOS="384" VPOS="1024" WIDTH="9"/>
						<String ID="P266_ST00096" HPOS="393" VPOS="1005" WIDTH="64" HEIGHT="19" CONTENT="Avas" WC="0.83" CC="0006"/>
						<SP ID="P266_SP00081" HPOS="457" VPOS="1024" WIDTH="9"/>
						<String ID="P266_ST00097" HPOS="466" VPOS="994" WIDTH="141" HEIGHT="42" CONTENT="Avanting" WC="0.68" CC="00076570"/>
						<SP ID="P266_SP00082" HPOS="607" VPOS="1036" WIDTH="15"/>
						<String ID="P266_ST00098" HPOS="622" VPOS="994" WIDTH="33" HEIGHT="30" CONTENT="in" WC="0.69" CC="06"/>
						<SP ID="P266_SP00083" HPOS="655" VPOS="1036" WIDTH="13"/>
						<String ID="P266_ST00099" HPOS="668" VPOS="994" WIDTH="154" HEIGHT="42" CONTENT="anything" WC="0.59" CC="04047069"/>
						<SP ID="P266_SP00084" HPOS="822" VPOS="1036" WIDTH="16"/>
						<String ID="P266_ST00100" HPOS="838" VPOS="994" WIDTH="70" HEIGHT="31" CONTENT="that" WC="0.68" CC="3701"/>
						<SP ID="P266_SP00085" HPOS="908" VPOS="1036" WIDTH="14"/>
						<String ID="P266_ST00101" HPOS="922" VPOS="994" WIDTH="90" HEIGHT="31" CONTENT="could" WC="0.85" CC="00700"/>
					</TextLine>
					<TextLine ID="P266_TL00017" HPOS="183" VPOS="1055" WIDTH="830" HEIGHT="41">
						<String ID="P266_ST00102" HPOS="183" VPOS="1055" WIDTH="37" HEIGHT="31" CONTENT="be" WC="0.63" CC="70"/>
						<SP ID="P266_SP00086" HPOS="220" VPOS="1086" WIDTH="28"/>
						<String ID="P266_ST00103" HPOS="248" VPOS="1055" WIDTH="97" HEIGHT="30" CONTENT="called" WC="1.00" CC="000000"/>
						<SP ID="P266_SP00087" HPOS="345" VPOS="1086" WIDTH="31"/>
						<String ID="P266_ST00104" HPOS="376" VPOS="1055" WIDTH="176" HEIGHT="41" CONTENT="splendour," WC="0.58" CC="6060604854"/>
						<SP ID="P266_SP00088" HPOS="552" VPOS="1096" WIDTH="26"/>
						<String ID="P266_ST00105" HPOS="578" VPOS="1056" WIDTH="58" HEIGHT="30" CONTENT="but" WC="0.29" CC="776"/>
						<SP ID="P266_SP00089" HPOS="636" VPOS="1096" WIDTH="29"/>
						<String ID="P266_ST00106" HPOS="665" VPOS="1056" WIDTH="26" HEIGHT="31" CONTENT="it" WC="0.36" CC="66"/>
						<SP ID="P266_SP00090" HPOS="691" VPOS="1096" WIDTH="26"/>
						<String ID="P266_ST00107" HPOS="717" VPOS="1055" WIDTH="63" HEIGHT="32" CONTENT="had" WC="0.75" CC="700"/>
						<SP ID="P266_SP00091" HPOS="780" VPOS="1096" WIDTH="26"/>
						<String ID="P266_ST00108" HPOS="806" VPOS="1056" WIDTH="70" HEIGHT="32" CONTENT="that" WC="0.52" CC="5706"/>
						<SP ID="P266_SP00092" HPOS="876" VPOS="1096" WIDTH="24"/>
						<String ID="P266_ST00109" HPOS="900" VPOS="1057" WIDTH="113" HEIGHT="37" CONTENT="Avhich," WC="0.73" CC="0070074"/>
					</TextLine>
					<TextLine ID="P266_TL00018" HPOS="183" VPOS="1117" WIDTH="829" HEIGHT="41">
						<String ID="P266_ST00110" HPOS="183" VPOS="1117" WIDTH="92" HEIGHT="30" CONTENT="aided" WC="1.00" CC="00000"/>
						<SP ID="P266_SP00093" HPOS="275" VPOS="1147" WIDTH="24"/>
						<String ID="P266_ST00111" HPOS="299" VPOS="1117" WIDTH="43" HEIGHT="41" CONTENT="by" WC="0.63" CC="70"/>
						<SP ID="P266_SP00094" HPOS="342" VPOS="1158" WIDTH="21"/>
						<String ID="P266_ST00112" HPOS="363" VPOS="1117" WIDTH="52" HEIGHT="30" CONTENT="the" WC="0.46" CC="573"/>
						<SP ID="P266_SP00095" HPOS="415" VPOS="1158" WIDTH="28"/>
						<String ID="P266_ST00113" HPOS="443" VPOS="1117" WIDTH="175" HEIGHT="31" CONTENT="decorative" WC="1.00" CC="0000000000"/>
						<SP ID="P266_SP00096" HPOS="618" VPOS="1158" WIDTH="23"/>
						<String ID="P266_ST00114" HPOS="641" VPOS="1121" WIDTH="81" HEIGHT="27" CONTENT="taste" WC="0.55" CC="58250"/>
						<SP ID="P266_SP00097" HPOS="722" VPOS="1158" WIDTH="27"/>
						<String ID="P266_ST00115" HPOS="749" VPOS="1117" WIDTH="35" HEIGHT="31" CONTENT="of" WC="0.71" CC="23"/>
						<SP ID="P266_SP00098" HPOS="784" VPOS="1158" WIDTH="20"/>
						<String ID="P266_ST00116" HPOS="804" VPOS="1118" WIDTH="52" HEIGHT="31" CONTENT="the" WC="0.66" CC="270"/>
						<SP ID="P266_SP00099" HPOS="856" VPOS="1158" WIDTH="27"/>
						<String ID="P266_ST00117" HPOS="883" VPOS="1117" WIDTH="129" HEIGHT="39" CONTENT="French," WC="0.71" CC="3005073"/>
					</TextLine>
					<TextLine ID="P266_TL00019" HPOS="184" VPOS="1177" WIDTH="827" HEIGHT="44">
						<String ID="P266_ST00118" HPOS="184" VPOS="1177" WIDTH="117" HEIGHT="31" CONTENT="suffices" WC="0.71" CC="78000105"/>
						<SP ID="P266_SP00100" HPOS="301" VPOS="1208" WIDTH="25"/>
						<String ID="P266_ST00119" HPOS="326" VPOS="1177" WIDTH="48" HEIGHT="31" CONTENT="for" WC="0.81" CC="014"/>
						<SP ID="P266_SP00101" HPOS="374" VPOS="1208" WIDTH="37"/>
						<String ID="P266_ST00120" HPOS="411" VPOS="1178" WIDTH="41" HEIGHT="30" CONTENT="all" WC="0.65" CC="045"/>
						<SP ID="P266_SP00102" HPOS="452" VPOS="1208" WIDTH="37"/>
						<String ID="P266_ST00121" HPOS="489" VPOS="1178" WIDTH="52" HEIGHT="31" CONTENT="the" WC="0.66" CC="270"/>
						<SP ID="P266_SP00103" HPOS="541" VPOS="1209" WIDTH="38"/>
						<String ID="P266_ST00122" HPOS="579" VPOS="1190" WIDTH="148" HEIGHT="30" CONTENT="purposes" WC="0.64" CC="04500657"/>
						<SP ID="P266_SP00104" HPOS="727" VPOS="1220" WIDTH="38"/>
						<String ID="P266_ST00123" HPOS="765" VPOS="1179" WIDTH="35" HEIGHT="31" CONTENT="of" WC="0.83" CC="03"/>
						<SP ID="P266_SP00105" HPOS="800" VPOS="1220" WIDTH="33"/>
						<String ID="P266_ST00124" HPOS="833" VPOS="1180" WIDTH="178" HEIGHT="41" CONTENT="splendour," WC="0.69" CC="7050700630"/>
					</TextLine>
					<TextLine ID="P266_TL00020" HPOS="182" VPOS="1238" WIDTH="830" HEIGHT="42">
						<String ID="P266_ST00125" HPOS="182" VPOS="1238" WIDTH="132" HEIGHT="42" CONTENT="namely," WC="0.88" CC="4000003"/>
						<SP ID="P266_SP00106" HPOS="314" VPOS="1280" WIDTH="19"/>
						<String ID="P266_ST00126" HPOS="333" VPOS="1249" WIDTH="96" HEIGHT="31" CONTENT="space." WC="0.78" CC="600060"/>
						<SP ID="P266_SP00107" HPOS="429" VPOS="1280" WIDTH="48"/>
						<String ID="P266_ST00127" HPOS="477" VPOS="1239" WIDTH="64" HEIGHT="31" CONTENT="The" WC="0.75" CC="070"/>
						<SP ID="P266_SP00108" HPOS="541" VPOS="1280" WIDTH="27"/>
						<String ID="P266_ST00128" HPOS="568" VPOS="1240" WIDTH="130" HEIGHT="30" CONTENT="chateau" WC="0.62" CC="6702036"/>
						<SP ID="P266_SP00109" HPOS="698" VPOS="1280" WIDTH="28"/>
						<String ID="P266_ST00129" HPOS="726" VPOS="1240" WIDTH="95" HEIGHT="31" CONTENT="dated" WC="0.91" CC="00400"/>
						<SP ID="P266_SP00110" HPOS="821" VPOS="1280" WIDTH="26"/>
						<String ID="P266_ST00130" HPOS="847" VPOS="1241" WIDTH="81" HEIGHT="31" CONTENT="from" WC="0.79" CC="4400"/>
						<SP ID="P266_SP00111" HPOS="928" VPOS="1280" WIDTH="30"/>
						<String ID="P266_ST00131" HPOS="958" VPOS="1242" WIDTH="54" HEIGHT="31" CONTENT="the" WC="0.44" CC="672"/>
					</TextLine>
					<TextLine ID="P266_TL00021" HPOS="182" VPOS="1300" WIDTH="830" HEIGHT="38">
						<String ID="P266_ST00132" HPOS="182" VPOS="1300" WIDTH="75" HEIGHT="31" CONTENT="time" WC="1.00" CC="0000"/>
						<SP ID="P266_SP00112" HPOS="257" VPOS="1331" WIDTH="35"/>
						<String ID="P266_ST00133" HPOS="292" VPOS="1300" WIDTH="34" HEIGHT="30" CONTENT="of" WC="0.77" CC="21"/>
						<SP ID="P266_SP00113" HPOS="326" VPOS="1331" WIDTH="38"/>
						<String ID="P266_ST00134" HPOS="364" VPOS="1300" WIDTH="99" HEIGHT="31" CONTENT="Henri" WC="0.60" CC="54440"/>
						<SP ID="P266_SP00114" HPOS="463" VPOS="1331" WIDTH="34"/>
						<String ID="P266_ST00135" HPOS="497" VPOS="1301" WIDTH="65" HEIGHT="37" CONTENT="IV.," WC="0.70" CC="1702"/>
						<SP ID="P266_SP00115" HPOS="562" VPOS="1338" WIDTH="37"/>
						<String ID="P266_ST00136" HPOS="599" VPOS="1303" WIDTH="61" HEIGHT="29" CONTENT="and" WC="0.79" CC="060"/>
						<SP ID="P266_SP00116" HPOS="660" VPOS="1338" WIDTH="36"/>
						<String ID="P266_ST00137" HPOS="696" VPOS="1302" WIDTH="142" HEIGHT="32" CONTENT="between" WC="0.74" CC="6040006"/>
						<SP ID="P266_SP00117" HPOS="838" VPOS="1338" WIDTH="36"/>
						<String ID="P266_ST00138" HPOS="874" VPOS="1304" WIDTH="41" HEIGHT="30" CONTENT="its" WC="0.69" CC="404"/>
						<SP ID="P266_SP00118" HPOS="915" VPOS="1338" WIDTH="33"/>
						<String ID="P266_ST00139" HPOS="948" VPOS="1309" WIDTH="64" HEIGHT="26" CONTENT="tAvo" WC="0.82" CC="0007"/>
					</TextLine>
					<TextLine ID="P266_TL00022" HPOS="182" VPOS="1365" WIDTH="828" HEIGHT="38">
						<String ID="P266_ST00140" HPOS="182" VPOS="1373" WIDTH="161" HEIGHT="19" CONTENT="enormous" WC="0.70" CC="06050074"/>
						<SP ID="P266_SP00119" HPOS="343" VPOS="1392" WIDTH="19"/>
						<String ID="P266_ST00141" HPOS="362" VPOS="1373" WIDTH="108" HEIGHT="30" CONTENT="square" WC="0.82" CC="600030"/>
						<SP ID="P266_SP00120" HPOS="470" VPOS="1403" WIDTH="21"/>
						<String ID="P266_ST00142" HPOS="491" VPOS="1366" WIDTH="111" HEIGHT="28" CONTENT="toAvers" WC="0.73" CC="3106006"/>
						<SP ID="P266_SP00121" HPOS="602" VPOS="1403" WIDTH="19"/>
						<String ID="P266_ST00143" HPOS="621" VPOS="1369" WIDTH="32" HEIGHT="25" CONTENT="at" WC="0.26" CC="86"/>
						<SP ID="P266_SP00122" HPOS="653" VPOS="1403" WIDTH="22"/>
						<String ID="P266_ST00144" HPOS="675" VPOS="1365" WIDTH="76" HEIGHT="30" CONTENT="each" WC="0.64" CC="0067"/>
						<SP ID="P266_SP00123" HPOS="751" VPOS="1403" WIDTH="22"/>
						<String ID="P266_ST00145" HPOS="773" VPOS="1365" WIDTH="71" HEIGHT="38" CONTENT="end," WC="0.71" CC="0704"/>
						<SP ID="P266_SP00124" HPOS="844" VPOS="1403" WIDTH="25"/>
						<String ID="P266_ST00146" HPOS="869" VPOS="1366" WIDTH="64" HEIGHT="31" CONTENT="and" WC="0.80" CC="050"/>
						<SP ID="P266_SP00125" HPOS="933" VPOS="1403" WIDTH="23"/>
						<String ID="P266_ST00147" HPOS="956" VPOS="1366" WIDTH="54" HEIGHT="31" CONTENT="the" WC="0.71" CC="170"/>
					</TextLine>
					<TextLine ID="P266_TL00023" HPOS="182" VPOS="1424" WIDTH="828" HEIGHT="43">
						<String ID="P266_ST00148" HPOS="182" VPOS="1424" WIDTH="97" HEIGHT="40" CONTENT="eight-" WC="0.59" CC="702770"/>
						<String ID="P266_ST00149" HPOS="281" VPOS="1424" WIDTH="173" HEIGHT="30" CONTENT="windowed" WC="0.69" CC="90600800"/>
						<SP ID="P266_SP00126" HPOS="454" VPOS="1464" WIDTH="15"/>
						<String ID="P266_ST00150" HPOS="469" VPOS="1435" WIDTH="92" HEIGHT="30" CONTENT="corps" WC="0.75" CC="57000"/>
						<SP ID="P266_SP00127" HPOS="561" VPOS="1465" WIDTH="14"/>
						<String ID="P266_ST00151" HPOS="575" VPOS="1425" WIDTH="40" HEIGHT="31" CONTENT="de" WC="0.52" CC="09"/>
						<SP ID="P266_SP00128" HPOS="615" VPOS="1465" WIDTH="18"/>
						<String ID="P266_ST00152" HPOS="633" VPOS="1425" WIDTH="77" HEIGHT="42" CONTENT="logis" WC="0.70" CC="05900"/>
						<SP ID="P266_SP00129" HPOS="710" VPOS="1467" WIDTH="11"/>
						<String ID="P266_ST00153" HPOS="721" VPOS="1426" WIDTH="102" HEIGHT="32" CONTENT="Avhich" WC="0.57" CC="047057"/>
						<SP ID="P266_SP00130" HPOS="823" VPOS="1467" WIDTH="17"/>
						<String ID="P266_ST00154" HPOS="840" VPOS="1429" WIDTH="170" HEIGHT="30" CONTENT="connected" WC="0.75" CC="006504500"/>
					</TextLine>
					<TextLine ID="P266_TL00024" HPOS="181" VPOS="1484" WIDTH="829" HEIGHT="48">
						<String ID="P266_ST00155" HPOS="181" VPOS="1484" WIDTH="94" HEIGHT="38" CONTENT="them," WC="0.52" CC="67603"/>
						<SP ID="P266_SP00131" HPOS="275" VPOS="1522" WIDTH="17"/>
						<String ID="P266_ST00156" HPOS="292" VPOS="1485" WIDTH="86" HEIGHT="30" CONTENT="there" WC="0.70" CC="07042"/>
						<SP ID="P266_SP00132" HPOS="378" VPOS="1522" WIDTH="16"/>
						<String ID="P266_ST00157" HPOS="394" VPOS="1496" WIDTH="63" HEIGHT="20" CONTENT="was" WC="0.81" CC="032"/>
						<SP ID="P266_SP00133" HPOS="457" VPOS="1522" WIDTH="18"/>
						<String ID="P266_ST00158" HPOS="475" VPOS="1497" WIDTH="19" HEIGHT="19" CONTENT="a" WC="1.00" CC="0"/>
						<SP ID="P266_SP00134" HPOS="494" VPOS="1522" WIDTH="22"/>
						<String ID="P266_ST00159" HPOS="516" VPOS="1487" WIDTH="122" HEIGHT="40" CONTENT="ground" WC="0.53" CC="950560"/>
						<SP ID="P266_SP00135" HPOS="638" VPOS="1527" WIDTH="15"/>
						<String ID="P266_ST00160" HPOS="653" VPOS="1487" WIDTH="75" HEIGHT="32" CONTENT="floor" WC="0.84" CC="00205"/>
						<SP ID="P266_SP00136" HPOS="728" VPOS="1527" WIDTH="16"/>
						<String ID="P266_ST00161" HPOS="744" VPOS="1490" WIDTH="181" HEIGHT="42" CONTENT="containing" WC="0.70" CC="0260084060"/>
						<SP ID="P266_SP00137" HPOS="925" VPOS="1532" WIDTH="14"/>
						<String ID="P266_ST00162" HPOS="939" VPOS="1496" WIDTH="71" HEIGHT="26" CONTENT="vast" WC="0.66" CC="5016"/>
					</TextLine>
					<TextLine ID="P266_TL00025" HPOS="181" VPOS="1545" WIDTH="828" HEIGHT="39">
						<String ID="P266_ST00163" HPOS="181" VPOS="1545" WIDTH="78" HEIGHT="39" CONTENT="lofty" WC="0.69" CC="53330"/>
						<SP ID="P266_SP00138" HPOS="259" VPOS="1584" WIDTH="22"/>
						<String ID="P266_ST00164" HPOS="281" VPOS="1546" WIDTH="87" HEIGHT="38" CONTENT="halls," WC="0.60" CC="605074"/>
						<SP ID="P266_SP00139" HPOS="368" VPOS="1584" WIDTH="25"/>
						<String ID="P266_ST00165" HPOS="393" VPOS="1547" WIDTH="62" HEIGHT="31" CONTENT="and" WC="0.85" CC="040"/>
						<SP ID="P266_SP00140" HPOS="455" VPOS="1584" WIDTH="20"/>
						<String ID="P266_ST00166" HPOS="475" VPOS="1558" WIDTH="102" HEIGHT="21" CONTENT="rooms" WC="0.76" CC="30071"/>
						<SP ID="P266_SP00141" HPOS="577" VPOS="1584" WIDTH="24"/>
						<String ID="P266_ST00167" HPOS="601" VPOS="1549" WIDTH="33" HEIGHT="31" CONTENT="in" WC="0.44" CC="37"/>
						<SP ID="P266_SP00142" HPOS="634" VPOS="1584" WIDTH="21"/>
						<String ID="P266_ST00168" HPOS="655" VPOS="1550" WIDTH="102" HEIGHT="31" CONTENT="which" WC="0.70" CC="07007"/>
						<SP ID="P266_SP00143" HPOS="757" VPOS="1584" WIDTH="25"/>
						<String ID="P266_ST00169" HPOS="782" VPOS="1551" WIDTH="48" HEIGHT="30" CONTENT="six" WC="0.89" CC="300"/>
						<SP ID="P266_SP00144" HPOS="830" VPOS="1584" WIDTH="25"/>
						<String ID="P266_ST00170" HPOS="855" VPOS="1563" WIDTH="34" HEIGHT="19" CONTENT="or" WC="0.61" CC="33"/>
						<SP ID="P266_SP00145" HPOS="889" VPOS="1584" WIDTH="25"/>
						<String ID="P266_ST00171" HPOS="914" VPOS="1563" WIDTH="95" HEIGHT="21" CONTENT="seven" WC="0.46" CC="46347"/>
					</TextLine>
				</TextBlock>
			</PrintSpace>
		</Page>
	</Layout>
</alto>
