1132 1747
886 104 52 27 189

337 110 64 21 THE
424 111 72 20 NEW
519 111 188 20 CANDIDATE.

121 183 189 33 firm-seated
341 187 34 29 in
407 187 48 30 his
485 187 173 30 conviction
688 187 69 30 that
786 186 153 31 whatever

122 257 72 27 was,
210 259 62 19 was
287 247 46 31 for
354 248 51 30 the
422 249 61 30 sole
498 248 115 31 benefit
630 248 34 31 of
683 249 173 30 aristocrats
878 248 61 30 and

122 308 146 39 clericals,
296 310 63 29 and
387 310 53 30 the
470 310 87 30 other
586 315 86 36 great
702 310 33 30 of
760 310 53 30 the
844 310 95 38 earth,

124 381 86 19 came
225 371 96 41 easily
337 382 72 19 over
424 376 32 26 to
470 371 54 31 the
539 371 69 31 idea
623 371 33 31 of
675 371 48 31 his
739 382 54 20 son
808 371 92 41 being
922 382 17 19 a

122 431 149 30 madman
286 431 47 31 for
348 432 159 42 dreaming
523 432 33 30 of
568 443 40 19 an
624 432 138 31 electoral
775 437 118 26 contest
907 432 32 30 in

123 492 54 30 the
202 492 174 31 conditions
401 492 100 31 Count
524 493 128 40 Dupont
675 492 158 31 described
844 504 7 25 ;
878 493 61 31 and

124 553 147 31 Madame
297 553 111 31 Picard
432 559 46 25 set
501 553 41 30 M.
565 553 167 41 Thdophile
755 553 91 31 doAvn
868 564 32 20 as
923 564 16 21 a

124 614 64 30 fool
210 614 48 30 for
283 619 56 25 not
362 614 176 42 perceiving
563 614 69 30 that
657 614 53 30 the
740 619 199 36 government

127 674 75 41 (and
217 675 97 31 above
329 675 49 37 all,
392 675 84 37 Lolo,
491 687 31 19 as
538 675 53 31 she
606 675 117 30 termed
738 675 52 30 the
802 675 137 31 minister

123 735 34 31 of
257 735 11 42 )
286 746 78 22 were
378 736 111 41 taking
503 736 66 30 him
584 736 40 31 in.

168 797 100 31 Henri
291 797 129 41 Dupont
442 797 72 31 rode
538 808 87 30 away
640 796 147 42 laughing
809 801 31 26 to
863 796 77 31 him-

125 858 60 30 self
198 869 72 20 over
280 858 53 31 the
348 858 181 41 impression
543 858 38 30 he
597 857 61 31 had
673 857 155 41 produced
843 862 32 26 at
889 857 52 31 the

126 918 179 41 post-office,
319 919 62 30 and
396 918 89 31 made
500 918 53 31 the
568 929 105 31 young
685 918 155 40 Marquise
856 918 85 30 share

126 980 47 30 his
188 980 128 40 hilarity
327 980 90 30 when
432 979 38 31 he
486 978 164 32 recounted
664 984 32 25 to
712 978 53 31 her
779 978 53 31 the
845 989 94 20 scene.

172 1040 159 32 Monsieur
346 1040 167 41 Thdophile
529 1039 132 32 disliked
677 1039 198 41 exceedingly
890 1039 52 30 the

127 1106 105 36 aspect
258 1101 34 31 of
319 1101 101 31 affairs
444 1112 32 20 as
503 1100 156 31 described
685 1105 33 25 to
744 1100 65 30 him
834 1100 33 29 in
890 1100 52 30 the

127 1168 82 26 most
224 1163 215 42 discouraging
454 1173 127 20 manner
596 1162 42 41 by
652 1161 48 31 his
715 1161 150 36 relatives,
883 1160 59 30 and

127 1225 90 30 Avhen
240 1225 38 29 he
309 1225 111 40 sought
450 1224 128 30 comfort
600 1223 78 30 from
700 1223 47 30 his
769 1221 100 31 friend
890 1221 52 31 the

128 1286 197 41 sub-prefect,
341 1286 38 30 he
395 1285 74 41 only
483 1290 53 37 got
551 1284 183 42 reproached
750 1283 45 31 for
810 1283 47 31 his
873 1283 69 30 lack

128 1348 35 31 of
174 1348 102 40 pluck.

172 1409 30 31 It
216 1420 63 20 was
302 1408 126 31 evident
442 1408 69 30 that
533 1407 52 31 the
607 1406 208 42 independent
829 1404 114 31 faction

127 1483 63 20 was
227 1471 33 31 in
298 1470 51 31 the
387 1469 174 38 ascendant,
600 1468 62 31 and
697 1468 105 40 things
834 1464 110 33 looked

127 1531 173 42 brilliantly
315 1531 47 31 for
378 1530 124 32 Olivier.
