1132 1747
164 106 51 26 310

393 110 82 21 LOVE
499 109 63 21 THE
586 108 163 22 AVENGER.

208 188 91 31 Some
329 188 99 30 threw
465 185 186 32 themselves
690 183 182 41 deliriously
899 181 94 32 down

163 250 79 30 from
260 250 53 30 the
332 249 83 30 front
438 252 89 33 seats,
549 246 62 32 and
620 257 80 20 were
722 244 144 37 maimed,
884 242 107 40 killed,

163 323 34 19 or
212 312 115 41 caught
341 311 44 41 by
399 310 53 30 the
476 309 102 31 crowd
601 308 100 32 beloAV
715 320 7 25 ;
746 318 84 21 some
847 305 146 33 clutched

162 377 32 26 at
218 373 81 30 their
325 372 196 42 neighbours,
545 381 84 20 some
661 370 94 42 clung
777 373 33 27 to
840 368 88 42 poles
959 378 34 20 or

161 434 109 41 planks
318 434 47 31 for
406 438 134 36 support.
602 433 65 30 The
701 436 96 27 worst
833 431 160 31 accidents

160 495 162 42 happened
352 500 33 26 at
414 495 54 31 the
502 494 81 31 back
620 494 35 31 of
685 494 54 31 the
770 493 135 37 tribune,
944 492 48 31 for

159 557 53 31 the
242 568 96 31 many
361 557 62 31 had
453 557 124 30 throAvn
607 556 187 31 themselves
827 555 78 31 with
932 566 59 20 one

159 619 73 30 rush
262 619 135 30 towards
427 618 53 31 the
516 618 144 31 staircase
690 618 104 31 Avhich
829 617 63 32 had
922 616 69 32 first

159 692 92 29 given
267 692 75 29 way.

203 742 99 30 Claire
328 742 63 30 had
421 742 83 30 risen
534 746 33 25 to
596 742 55 29 her
681 741 63 31 feet
774 740 216 42 instinctively

159 803 76 30 Avith
269 803 52 30 the
359 807 71 32 rest,
463 814 85 29 upon
582 803 53 30 the
673 802 69 31 first
775 802 98 30 alarm
888 815 6 24 ;
932 802 58 30 but

158 864 131 31 Avithout
330 864 249 42 understanding
618 864 87 31 what
744 875 64 20 was
853 864 134 41 passing.

158 925 101 31 When
304 925 53 31 she
404 925 197 38 understood,
650 937 57 20 one
752 925 117 44 feeling
921 937 68 31 pre-

158 987 178 31 dominated
358 987 33 31 in
414 987 55 31 her
493 998 73 20 over
592 987 50 38 all,
659 988 63 31 and
743 988 53 31 she
819 988 113 31 looked
956 993 33 26 at

159 1048 113 29 Victor.

202 1108 49 32 He
266 1109 62 31 had
343 1120 41 20 no
403 1109 136 42 thought
562 1110 46 30 for
631 1111 63 37 her,
712 1116 33 26 at
760 1111 71 31 that
849 1112 88 38 hour,
954 1123 34 20 or

159 1170 46 31 for
226 1181 62 30 any
304 1171 113 41 special
433 1182 57 19 one
504 1183 8 25 ;
534 1171 39 31 he
597 1172 63 30 had
683 1173 137 42 thought
841 1174 75 42 only
941 1174 47 31 for

159 1231 48 37 all,
224 1232 62 30 and
303 1232 48 31 for
369 1232 48 31 his
438 1233 80 41 duty
534 1234 32 29 in
589 1234 108 43 trying
717 1240 33 26 to
772 1235 38 32 be
831 1236 35 31 of
884 1247 55 20 use
954 1241 33 27 to

159 1291 47 31 all.
253 1292 48 31 He
317 1292 62 31 had
394 1304 32 19 so
446 1294 110 40 placed
577 1295 127 31 himself
717 1307 33 20 as
769 1301 33 26 to
826 1296 79 43 keep
921 1309 66 19 mo-

159 1353 165 41 mentarily
346 1365 39 19 an
419 1355 80 30 issue
531 1356 61 31 free
620 1361 32 27 at
682 1357 53 32 the
766 1358 79 31 back
872 1359 35 31 of
932 1360 55 32 the

159 1417 116 31 central
312 1423 226 37 compartment
579 1422 34 30 of
651 1422 54 31 the
744 1423 123 32 tribune
882 1438 7 24 ;
928 1425 56 40 for,

159 1477 105 41 poised
287 1490 83 30 upon
397 1491 82 20 some
504 1486 55 26 not
588 1488 54 36 yet
672 1483 95 32 fallen
797 1487 187 40 Avoodwork,

159 1539 61 31 and
235 1541 76 30 with
333 1541 47 31 his
400 1543 85 41 right
506 1555 65 20 arm
590 1544 131 44 holding
740 1546 70 32 firm
826 1552 33 27 to
879 1560 18 20 a
915 1550 71 40 pole
