1132 1747
220 108 53 26 272

460 115 82 21 LOVE
565 115 65 21 THE
652 114 160 21 AArENGER.

220 215 18 20 a
253 204 60 31 feAV
328 204 122 32 crumbs
466 204 80 31 from
561 204 54 31 the
630 203 171 31 tablecloth
812 201 79 32 with
907 200 49 31 his
971 200 81 31 little

219 264 107 44 finger,
344 266 71 38 and,
433 265 79 32 after
532 277 18 19 a
572 275 96 32 pause
690 264 34 31 of
746 275 18 19 a
790 263 115 31 second
928 273 34 19 or
978 266 72 33 two,

254 327 82 31 Hate
360 328 27 30 is
409 327 153 42 probably
581 331 53 27 too
807 325 38 30 he
867 323 165 32 remarked
1043 335 7 25 ;

254 387 52 32 she
333 399 74 31 may
431 393 55 26 not
510 388 70 31 love
604 399 64 30 you
681 399 8 25 ;
711 386 57 31 but
793 386 27 30 if
841 397 64 30 you
931 385 40 31 do
995 390 57 25 not

220 448 68 32 loAre
308 449 62 38 her,
393 450 26 30 it
442 450 26 30 is
491 454 56 26 not
567 449 34 31 of
622 448 94 32 much
733 458 218 31 consequence.
1001 446 49 31 Do

218 522 63 30 you
296 511 69 30 love
380 523 79 29 your
474 511 79 38 wife,
573 511 118 30 OliAier
702 511 11 30 ?

262 573 118 31 Olivier
394 585 64 19 was
473 573 187 41 completely
675 572 95 30 taken
786 571 47 30 off
849 571 49 30 his
919 570 128 31 balance

216 634 43 41 by
273 634 53 31 the
343 635 142 41 question
497 647 7 25 ;
529 634 74 31 such
620 645 18 19 a
654 634 148 41 quantity
818 633 35 30 of
866 633 181 41 conflicting-

216 695 151 42 thoughts
387 695 62 31 and
472 695 117 42 images
608 706 67 20 rose
691 706 43 30 up
751 694 40 31 all
808 699 33 25 at
856 705 77 20 once
949 694 33 30 in
998 694 49 30 his

215 756 96 39 brain,
328 756 70 31 that
421 756 40 31 he
486 756 103 31 stared
613 756 33 30 in
662 756 108 41 stupid
795 756 113 31 silence
934 761 33 26 at
991 756 54 31 the

212 818 184 39 questioner.

289 878 97 31 There
407 889 51 20 are
477 878 88 31 those
581 878 70 31 who
673 878 119 31 declare
812 878 80 38 love,
916 878 15 31 I
952 889 90 21 mean

211 951 85 30 pure,
314 940 106 37 moral,
437 940 149 31 domestic
601 940 78 37 love,
696 940 132 31 wedded
847 940 70 31 love
934 940 27 31 if
978 952 64 30 you

211 1002 74 37 will,
302 1006 32 26 to
350 1002 37 30 be
403 1002 54 30 the
476 1006 97 26 secret
592 1001 34 31 of
868 1002 171 31 continued

210 1062 42 31 M.
272 1062 38 31 de
326 1062 164 42 Moranges
503 1075 7 25 ;
568 1063 27 30 if
607 1063 26 30 it
648 1063 37 30 be
702 1075 42 26 so,
761 1075 63 30 you
840 1075 83 20 seem
939 1069 33 26 to
988 1076 50 20 me

207 1128 33 25 to
255 1124 38 30 be
309 1124 33 29 in
357 1125 53 29 the
426 1124 68 31 best
513 1124 132 41 possible
665 1125 160 30 condition
841 1126 48 30 for
903 1127 136 42 proving

209 1185 24 30 it
246 1197 7 24 ;
275 1196 94 19 never
384 1186 62 29 had
461 1186 143 30 husband
620 1197 33 19 so
669 1186 145 31 adorable
830 1198 18 20 a
864 1187 71 32 wife
949 1200 7 25 ;
979 1188 58 32 but

208 1247 69 29 that
292 1258 106 19 means
415 1247 141 42 nothing,
575 1247 47 31 for
637 1247 69 32 love
722 1248 26 31 is
764 1249 87 41 quite
867 1261 167 20 unreason-

249 1367 97 31 These
361 1368 60 31 last
437 1369 99 30 words
553 1380 78 20 were
647 1371 125 30 uttered
791 1371 33 31 in
841 1383 18 19 a
874 1377 74 26 tone
964 1374 68 30 that

206 1440 62 19 Avas
283 1434 56 25 not
354 1430 134 30 Avithout
503 1430 133 30 sadness.

431 1490 171 32 exclaimed
624 1491 126 40 Olivier,
771 1495 172 43 seemingly
963 1507 68 31 per-

204 1550 111 41 plexed
334 1551 32 30 in
385 1551 54 31 the
459 1557 135 27 extreme
609 1566 6 24 ;
672 1554 14 30 I
703 1555 87 31 don't
810 1555 93 33 knoAv
918 1559 115 39 myself
