1132 1747
285 126 92 28 LOVE,
395 128 64 21 THE
483 128 84 22 SAME
590 129 36 21 IN
648 130 68 20 ALL.

867 124 53 25 281

94 199 47 32 for
157 200 157 44 behaving
334 205 136 31 towards
490 205 66 31 him
571 206 33 30 in
620 217 17 19 a
652 217 129 19 manner
803 206 70 31 that
894 206 25 30 it

94 273 64 19 was
174 263 208 44 unbecoming
400 265 48 31 for
466 266 62 38 her,
547 266 99 31 Claire
665 267 38 31 de
723 267 194 38 Beauvoisin,

94 328 33 25 to
160 336 120 20 assume
295 338 7 25 ;
330 337 19 20 a
374 338 130 20 manner
533 329 69 30 that
603 348 43 3 —
647 330 100 41 coolly
776 329 143 31 reflected

94 396 86 31 upon
182 406 42 2 —
224 391 86 27 must
334 388 37 30 be
396 393 32 25 to
455 389 67 30 him
544 390 212 41 inexplicable,
781 391 61 30 and
871 390 48 30 for

94 447 104 31 which
213 448 55 31 she
283 448 72 38 had,
372 454 34 25 at
423 450 54 30 the
493 450 120 30 bottom
629 451 34 30 of
680 452 55 29 her
749 452 96 38 heart,
861 452 58 30 but

95 519 57 20 one
170 509 209 41 explanation,
397 510 202 41 humiliating
613 512 33 29 in
661 512 53 30 the
731 517 142 26 extreme.

139 569 100 32 Claire
240 590 44 1 —
284 571 53 30 the
349 582 85 30 pure,
448 571 125 38 refined,
590 573 218 40 high-minded
820 573 99 31 Claire

93 649 45 3 —
139 631 53 30 she
223 631 79 38 who,
335 632 158 30 whateArer
522 633 172 40 happened,
726 645 64 19 Avas
820 634 99 30 deter-

93 692 107 30 mined
229 693 79 37 that,
336 698 33 25 to
400 693 53 30 the
477 693 61 30 end
568 693 34 30 of
622 694 86 37 time,
736 694 55 30 her
813 695 106 30 cousin

93 754 114 30 should
222 754 73 30 look
313 766 43 29 up
381 760 33 24 to
437 755 56 29 her
516 755 33 29 in
573 755 48 30 his
645 766 140 30 memory
799 766 34 20 as
853 761 32 25 to
901 767 18 19 a

93 815 115 42 bright,
225 816 170 40 particular
417 821 63 25 star
481 834 43 3 —
525 816 52 30 she
593 816 63 30 had
671 816 117 31 carried
808 816 114 31 herself

94 877 80 31 after
188 877 53 31 the
256 877 123 31 fashion
395 877 33 30 of
441 888 82 19 some
539 877 213 41 shopkeeper's
768 877 151 42 daughter

95 937 49 42 (or
159 937 120 42 worse),
297 938 63 30 and
375 937 64 30 had
454 937 136 41 actually
604 938 137 39 paraded
757 949 18 19 a
789 943 85 25 want
889 938 33 30 of

94 999 159 42 breeding,
272 1010 18 20 a
312 998 108 41 stupid
444 998 99 41 levity
557 998 78 37 that,
660 998 103 31 unless
785 998 134 42 through

92 1062 55 30 the
172 1062 104 30 action
303 1060 35 31 of
360 1065 178 36 temporary
560 1059 145 41 insanity,
731 1059 25 31 it
777 1070 64 20 Avas
863 1059 56 31 im-

93 1123 135 42 possible
254 1128 33 25 to
319 1122 144 31 conceive
494 1121 32 30 in
556 1121 62 30 her.
667 1120 60 32 She
753 1121 62 31 had
842 1121 77 31 been

94 1184 185 42 coquettish,
306 1183 158 36 frivolous,
492 1182 141 41 flippant,
660 1182 61 31 and
745 1182 47 31 for
812 1182 84 31 AAThat
908 1183 10 30 ?

92 1247 63 31 She
170 1247 102 37 kneAV,
289 1246 58 30 but
366 1244 96 31 dared
476 1248 63 26 'not
562 1255 77 19 own.
687 1243 31 31 It
737 1255 64 19 Avas
822 1244 63 30 like
900 1255 19 19 a

92 1308 117 32 dream.
257 1307 75 30 And
348 1306 52 30 the
421 1305 128 41 penalty
565 1305 142 30 incurred
722 1306 10 29 ?
754 1305 80 30 from
848 1305 70 30 that

91 1370 55 31 she
177 1368 116 32 turned
323 1368 33 30 in
387 1366 222 31 indescribable
636 1366 101 30 dread.
800 1366 115 38 Victor,

92 1431 104 31 whose
226 1429 124 31 notions
383 1429 95 30 about
515 1439 121 19 women
667 1426 135 42 (notions
838 1427 78 31 have

91 1493 136 41 nothing
251 1496 33 26 to
310 1490 39 31 do
376 1490 78 30 with
478 1487 130 42 actions)
626 1500 79 19 were
731 1500 33 18 so
786 1489 87 30 strict
874 1507 40 3 —
914 1506 3 5 ■

90 1556 87 30 what
191 1553 104 32 wrould
311 1553 48 31 his
371 1551 168 41 judgment
553 1550 37 32 be
606 1561 85 31 upon
705 1550 55 31 her
771 1551 11 31 ?
