1132 1747
193 119 14 24 6

426 126 84 20 LOVE
534 125 64 21 THE
621 122 160 23 AVENGER.

267 203 66 33 One
349 208 83 27 must
454 207 54 27 not
531 202 37 31 be
593 212 73 20 over
818 196 65 33 said
900 194 120 39 Victor,

192 265 124 43 turning
337 277 18 21 a
378 263 191 44 paper-knife
593 261 99 32 round
716 260 60 32 and
796 259 100 33 round
919 257 32 32 in
974 254 49 33 his

192 327 127 42 fingers;
369 337 55 21 one
440 336 94 21 never
551 323 97 41 ought
663 327 32 27 to
706 321 98 43 judge
805 341 44 2 —
852 331 58 21 one
926 329 97 21 never

191 388 108 31 knows

267 450 14 30 I
305 449 79 42 hope
408 448 16 32 I
447 458 95 22 never
567 458 50 21 am
642 446 76 31 hard
744 456 83 31 upon
852 455 61 30 any

191 511 169 41 responded
376 510 101 33 Claire
490 524 6 27 ;
553 510 14 30 I
584 513 49 39 try
649 513 55 27 not
718 513 32 27 to
766 507 38 33 be

235 572 135 41 Perhaps
396 571 52 31 she
473 570 62 31 had
559 570 92 42 given
675 574 32 27 to
731 568 55 33 her
806 567 102 33 words
932 578 88 20 more

192 633 175 42 expression
390 632 74 32 than
488 632 54 32 she
565 630 155 41 intended,
744 630 47 32 for
814 629 43 33 M.
876 629 37 32 de
936 629 84 31 Lan-

192 706 72 19 cour
288 694 120 31 seemed
432 693 30 31 in
484 705 40 19 no
548 693 95 41 hurry
657 696 34 27 to
709 691 96 32 break
829 690 53 33 the
906 690 115 32 silence

192 756 66 29 that
274 755 139 30 folloAved
429 755 94 30 them.
569 755 43 30 At
628 755 59 30 last
702 767 5 18 :

267 816 102 32 When
386 816 52 31 did
453 828 76 28 your
545 816 61 40 boy
621 816 51 32 fall
689 816 30 31 ill
732 817 13 31 ?
801 814 96 32 asked
914 814 46 33 he.

268 877 36 31 In
319 877 52 32 the
387 877 112 32 middle
516 877 34 32 of
561 877 50 32 the
628 877 68 42 day.
734 877 16 31 I
766 888 63 20 was
841 876 67 42 just
924 875 97 42 going

193 943 54 28 out
267 944 31 27 to
320 938 94 40 drive,
431 938 98 39 when,
553 950 32 21 as
609 938 96 39 usual,
729 938 15 32 I
768 950 55 20 ran
847 949 42 31 up
912 943 31 27 to
968 949 52 21 see

192 999 63 32 him
270 999 103 33 before
396 1000 94 42 going
513 1005 60 36 out,
598 1000 61 32 and
682 1000 95 32 found
799 1000 66 32 him
887 1000 55 32 hot
959 1000 61 32 and

193 1072 124 30 uneasy,
335 1061 60 31 and
411 1061 73 31 with
501 1073 18 20 a
535 1062 117 31 sudden
678 1062 100 42 cough
798 1062 68 31 that
882 1062 138 31 alarmed

193 1132 58 21 me.
297 1121 15 31 I
335 1126 67 27 sent
425 1121 46 32 for
493 1121 52 32 the
569 1122 114 41 doctor,
709 1123 61 31 and
791 1123 46 32 for
858 1128 75 27 aunt
949 1124 72 32 Cle-

194 1182 132 32 mentine
341 1195 6 27 ;
372 1182 60 32 and
454 1182 46 32 for
521 1183 87 31 three
632 1195 33 19 or
688 1184 67 31 four
778 1185 93 32 hours
895 1186 39 31 he
956 1198 66 20 Avas

194 1255 75 29 very
284 1242 132 33 restless.
464 1243 62 32 But
542 1243 24 32 it
583 1255 98 20 seems
701 1245 22 31 it
739 1257 63 20 was
818 1246 133 42 nothing
965 1247 57 32 but

195 1303 51 33 the
262 1303 118 41 cutting
397 1302 33 32 of
449 1314 19 20 a
486 1302 97 34 tooth.
631 1304 67 32 The
721 1306 106 41 potion
850 1307 76 43 they
942 1319 80 30 gave

194 1364 63 32 him
273 1363 118 33 calmed
414 1363 72 41 him,
512 1364 60 32 and
596 1364 83 33 since
699 1366 53 32 the
773 1368 60 31 last
849 1373 63 27 two
928 1369 94 33 hours

194 1426 40 32 he
259 1425 56 32 has
344 1424 77 33 been
454 1425 81 41 quite
564 1425 90 41 quiet.
710 1427 87 32 Aunt
825 1429 197 34 Clementine

196 1487 90 31 dined
302 1487 74 31 with
398 1498 49 20 me
471 1498 41 30 up
535 1485 73 33 here
632 1486 103 32 beside
759 1487 47 32 his
832 1490 111 39 cradle,
961 1491 61 32 and

196 1548 69 41 only
281 1548 54 32 left
350 1560 48 19 me
415 1552 31 27 at
462 1548 69 31 nine
548 1547 147 32 o'clock."
