1132 1747
190 109 52 26 270

420 114 82 19 LOVE
525 112 64 21 THE
611 111 162 22 AVENGER.

266 192 15 31 I
297 203 94 20 never
556 189 137 32 retorted
709 188 43 32 M.
772 188 38 32 de
828 188 172 39 Moranges.

265 254 75 30 Will
365 265 62 30 you
453 265 57 29 sup
523 254 10 29 ?
589 252 68 31 said
683 251 48 31 his
756 250 132 42 nephew
902 261 6 26 ;
971 248 46 30 I'll

188 315 89 32 order
295 327 17 19 a
333 315 67 31 cold
420 315 72 31 foAvl
511 315 67 31 into
598 326 56 29 my
670 324 88 20 room
777 312 159 42 up-stairs,
956 309 61 32 and

187 389 46 19 Ave
249 388 56 20 can
322 377 78 31 have
425 388 82 20 some
528 376 35 31 of
581 376 72 31 that
673 376 140 30 Chateau
829 374 126 41 Yquem
971 384 46 19 we

187 439 60 30 had
264 444 31 25 at

230 501 42 31 M.
293 501 37 30 de
345 501 166 41 Moranges
536 500 119 42 agreed,
677 499 64 31 and
761 498 119 32 Olivier
898 497 118 42 having-

186 563 93 30 taken
295 563 54 30 the
364 574 155 19 measures
534 573 163 30 necessary
708 561 49 30 for
772 561 148 41 ensuring
935 558 81 33 their

186 629 110 37 repast,
322 624 52 31 the
397 624 91 30 uncle
511 624 62 30 and
595 624 133 40 nepheAV
744 622 173 42 adjourned
940 626 33 26 to
997 633 19 19 a

186 696 84 20 room
286 696 39 20 on
341 685 52 31 the
417 685 213 37 second-floor,
648 684 101 32 which
765 695 65 21 was
852 685 95 41 given
970 695 44 30 up

185 751 32 26 to
243 746 52 31 the
322 746 139 40 Marquis
488 746 37 30 de
550 746 186 30 Beamroisin
763 757 32 19 as
826 757 18 19 a
869 746 86 30 salon
981 746 33 29 in

185 807 102 29 A\diich
302 812 32 24 to
350 807 118 29 receive
484 807 48 29 his
548 807 126 29 friends.

228 868 86 42 They
345 868 127 41 supped,
504 868 129 42 though,
663 880 33 20 as
726 869 26 31 it
782 869 106 31 AATould
920 881 91 25 seem,

184 930 120 31 neither
315 930 77 31 Avith
405 929 93 31 much
510 930 138 41 appetite
660 943 8 24 ;
682 931 59 30 but
757 936 33 26 to
805 932 54 30 the
873 931 138 32 Chateau

184 991 121 40 Yquem
322 992 75 39 they
413 991 54 31 did
483 991 127 32 honour.

260 1052 49 31 Oh
321 1055 6 28 !
358 1052 52 31 life
435 1053 26 30 is
486 1053 75 30 such
587 1065 17 19 a
753 1060 33 26 at
810 1055 110 42 length
944 1055 67 31 said

184 1115 125 36 Olivier,
322 1114 34 30 in
369 1126 119 19 ansAver
499 1119 32 26 to
547 1127 84 19 some
643 1116 123 31 remark
778 1117 35 31 of
824 1117 49 31 his
885 1117 124 38 uncle's,

215 1176 70 30 that
311 1176 52 30 the
394 1177 127 30 Avonder
550 1182 33 26 to
614 1189 50 20 me
695 1179 26 30 is
751 1179 71 31 how
849 1191 57 19 one
938 1181 73 30 does

184 1248 129 31 manage
328 1241 33 26 to
377 1242 53 37 get
445 1237 136 43 through
598 1239 62 42 day
676 1240 79 30 after

256 1298 29 30 A
300 1298 72 30 bore
384 1299 11 30 ?
441 1300 144 40 repeated
601 1300 43 31 M.
664 1301 38 31 de
718 1302 174 43 Moranges,
941 1304 69 32 that

184 1360 14 30 I
215 1359 111 32 should
344 1365 55 26 not
416 1361 84 41 quite
521 1373 55 30 say
589 1375 7 24 ;
619 1374 18 19 a
652 1364 73 30 take
742 1364 42 38 in,
805 1376 55 30 yes
873 1367 5 30 !
903 1377 18 20 a
936 1367 74 30 mis-

300 1421 38 31 he
360 1421 110 39 added,
491 1423 79 31 after
587 1435 19 19 a
621 1436 95 30 pause
732 1426 35 31 of
782 1438 18 19 a
819 1428 123 37 second,
993 1440 17 19 a

183 1483 150 39 complete

260 1544 69 31 God
348 1545 108 31 knows
472 1546 26 30 it
517 1546 26 30 is
559 1558 17 19 a
592 1546 95 33 blank
703 1553 33 27 to
752 1560 50 20 me
814 1551 6 29 !
870 1551 139 40 rejoined
