1132 1747
250 110 63 20 THE
335 110 147 22 MEETING
505 111 38 21 OF
565 112 63 20 THE
651 111 138 21 WATERS.

894 106 34 26 45

108 183 114 32 herself
244 185 27 31 is
293 186 121 43 gauged
440 186 43 42 by
497 186 54 32 the
573 186 95 32 result
694 187 33 31 in
753 187 77 31 hard
845 188 78 30 cash.

109 245 105 39 These,
231 246 94 44 being
349 252 163 33 amateurs,
528 248 63 31 and
616 248 168 31 accounted
799 253 130 37 respect-

109 307 77 38 able,
203 307 62 31 had
281 308 115 42 mostly
412 309 126 31 defaced
560 309 123 31 instead
705 309 34 31 of
759 309 170 31 embellish-

109 368 55 42 ing
191 369 134 31 nature's
341 370 86 30 work
438 382 7 25 ;
470 371 158 41 colouring
654 371 171 31 blush-rose
849 382 81 19 com-

109 429 141 43 plexions
280 436 116 37 taAvny,
428 433 97 41 dying
556 433 76 31 dark
662 438 109 26 tresses
806 433 54 30 red
898 444 33 19 or

110 491 120 42 yellow,
258 493 185 42 blackening
468 494 129 30 delicate
622 494 165 41 eyebrows,
811 494 120 42 tracing

111 553 128 31 obAdous
254 554 96 30 violet
368 555 77 30 lines
461 566 40 19 on
517 555 81 30 satin
613 555 86 30 skins
713 560 55 25 not
783 555 148 30 intended

111 618 33 27 to
159 615 102 30 reveal
276 616 96 37 veins,
388 616 63 30 and
473 616 33 30 in
528 616 123 42 general
670 627 33 20 so
718 616 158 41 upsetting
891 616 40 30 all

111 677 133 31 nature's
259 677 182 38 harmonies,
459 678 69 31 that
555 678 54 32 the
633 678 61 31 end
716 678 138 32 attained
869 689 62 20 was

110 743 107 37 pretty
231 739 94 31 much
351 739 69 31 that
442 739 144 31 achieved
612 739 43 42 by
672 739 137 31 children
830 739 99 37 when,

110 799 44 43 by
170 800 52 31 the
238 800 71 42 help
325 800 34 31 of
378 800 95 31 burnt
495 800 72 31 cork
583 800 61 31 and
659 800 157 31 mamma's
831 800 100 41 paint-

111 861 69 37 box,
196 861 77 42 they
288 862 70 41 give
374 861 183 31 themselves
579 872 43 30 up
637 865 33 27 to
686 872 17 20 a
718 861 120 42 regular
855 860 76 31 bout

112 923 34 30 of
157 923 75 40 play
247 923 112 40 acting.

156 984 75 30 And
241 984 81 30 their
337 984 84 30 dress
434 985 5 28 !
462 983 70 30 who
544 983 78 30 shall
636 983 106 30 record
756 983 53 30 the
824 983 107 41 laugh-

112 1046 68 30 able
208 1056 95 19 errors
326 1045 86 30 there
424 1045 11 30 ?
438 1063 38 4 —
479 1044 171 42 laughable,
681 1044 62 30 had
772 1043 75 42 they
876 1049 55 25 not

112 1106 129 41 pointed
266 1110 32 26 at
324 1106 53 30 the
403 1109 195 37 momentary
613 1105 109 41 eclipse
738 1105 34 30 of
793 1105 138 30 France's

113 1178 74 19 once
203 1171 86 37 great
311 1167 157 41 priAdlege,
484 1170 80 26 taste
579 1167 5 29 !
631 1166 63 30 The
715 1165 124 42 flowing
854 1166 77 30 lines

112 1229 90 30 made
218 1229 136 41 angular,
371 1228 53 31 the
447 1228 132 41 straight
602 1228 77 30 lines
704 1228 139 30 tortured
865 1228 66 30 into

113 1289 211 39 crookedness,
355 1289 81 42 puffs
469 1289 101 31 where
599 1289 85 30 there
715 1288 110 30 should
854 1288 77 30 have

111 1351 79 32 been
204 1351 158 42 plaitings,
379 1350 62 31 and
456 1350 70 32 that
543 1350 148 31 flattened
706 1349 101 31 which
822 1349 109 30 should

111 1414 80 30 have
206 1413 133 37 swelled,
356 1412 117 32 flowers
489 1412 65 32 tied
569 1411 92 32 down
676 1411 42 41 by
733 1411 80 41 glass
828 1411 102 37 beads,

110 1475 133 30 feathers
269 1474 130 31 crushed
429 1473 44 43 by
498 1473 92 32 silver
620 1472 62 32 and
712 1472 82 42 gold,
821 1472 110 31 insects

112 1537 147 40 crawling
284 1547 73 20 over
383 1535 74 38 lace,
484 1535 63 31 and
576 1534 85 32 birds
687 1534 142 41 escaping
854 1532 77 32 from
