1132 1747
176 110 54 26 164

415 116 83 21 LOVE
521 116 65 21 THE
609 113 162 24 AVENGER.

177 194 70 37 end,
264 194 63 30 and
342 194 106 30 talked
470 194 34 30 of
521 194 25 29 it
561 193 98 40 freely
677 192 63 30 and
757 189 166 42 earnestly,
942 187 64 33 and

178 255 63 32 had
257 255 142 41 opinions
415 254 63 32 and
495 254 180 42 exchanged
690 254 96 30 them.

222 317 65 31 The
307 317 63 41 day
384 316 58 31 but
467 327 58 20 one
550 315 81 32 after
654 315 54 31 old
728 315 192 30 Mardonnet
947 312 64 31 had

179 378 141 31 received
354 378 53 31 the
438 389 86 20 neAvs
559 377 34 31 of
628 377 48 30 his
708 376 79 31 son's
819 376 191 36 decoration,

180 439 98 31 Claire
294 439 153 42 proposed
461 444 33 26 to
517 439 56 31 her
595 438 145 31 husband
755 443 33 26 to
805 437 83 32 Avalk
908 448 103 20 across

179 502 54 31 the
247 502 78 41 park
340 506 32 26 to
388 502 162 40 Malleray,
569 501 62 30 and
654 512 49 19 see
722 499 86 32 what
830 500 110 30 letters
956 498 54 32 the

180 564 81 30 rural
288 568 144 36 postman
452 563 144 42 brought,
621 562 49 31 for
694 562 77 41 they
786 572 81 20 were
888 571 70 20 sure
977 564 34 27 to

181 630 81 26 meet
277 625 66 30 him
359 636 40 20 on
414 625 53 31 the
484 636 78 29 Avay.

224 686 30 31 It
269 698 63 19 was
349 698 17 19 a
390 687 143 41 splendid
555 686 71 42 day,
644 686 77 31 Avith
746 697 17 19 a
786 685 138 42 burning
940 696 70 26 sun,

181 746 57 33 but
267 747 77 31 Avith
375 759 18 19 a
423 747 105 32 breeze
553 748 72 37 also,
658 747 63 31 and
736 747 83 31 their
849 746 77 32 road
956 746 55 42 lay

180 810 136 41 through
340 810 100 41 shady
454 810 115 38 woods,
593 810 63 31 and
681 810 101 30 Claire
803 810 65 30 had
887 810 42 30 all
954 809 56 31 the

181 871 176 41 pedestrian
392 873 164 40 capacities
586 872 34 30 of
654 872 56 30 her
741 876 267 37 countrywomen.

182 931 60 31 She
266 932 122 31 Avalked
415 933 92 42 along
531 932 78 33 with
635 933 136 42 queenly
796 938 83 36 steps
910 934 101 30 under

182 993 52 30 the
265 994 83 41 leafy
374 994 129 42 boughs,
534 994 131 43 playing
695 994 77 32 with
802 994 106 32 rather
932 995 79 31 than

182 1055 92 41 using
291 1055 56 30 her
370 1055 129 41 parasol,
516 1055 48 31 for
588 1067 18 20 a
629 1056 97 31 broad
747 1061 93 27 straAV
863 1057 56 31 hat
940 1069 70 30 pro-

181 1116 103 30 tected
299 1116 55 31 her
369 1116 79 32 head
464 1117 62 31 and
541 1117 73 32 face.
664 1117 49 32 On
737 1118 79 42 they
832 1123 94 33 Avent,
948 1119 63 31 dis-

183 1177 144 41 coursing
350 1177 34 30 of
407 1177 53 31 the
492 1178 123 42 coming
642 1183 130 33 contest,
799 1179 63 31 and
894 1178 117 33 Olivier

182 1237 148 42 thinking
345 1237 110 32 within
471 1238 127 31 himself
608 1239 69 31 that
691 1240 39 30 he
747 1240 63 30 had
824 1252 96 19 never
939 1252 72 20 seen

183 1309 62 29 any
260 1309 122 19 woman
398 1298 67 30 half
477 1309 33 20 so
526 1299 152 32 beautiful
695 1311 32 20 as
744 1300 109 31 Claire.

228 1359 43 31 At
302 1370 17 20 a
345 1360 130 42 turning
497 1360 33 32 in
552 1361 53 31 the
626 1363 90 29 wood
740 1363 77 41 they
835 1363 98 30 heard
956 1364 52 31 the

183 1421 101 31 sound
300 1420 34 31 of
346 1432 18 19 a
376 1420 112 32 horse's
504 1421 88 32 hoofs
605 1427 32 26 at
653 1434 41 19 no
711 1429 88 35 great
815 1424 148 32 distance.

229 1482 126 31 "We're
380 1483 79 30 close
485 1487 33 26 to
542 1484 53 30 the
622 1486 171 31 cross-road
824 1486 70 31 that
924 1487 86 32 leads

184 1545 80 31 from
280 1545 187 31 Beauvoisin
482 1549 33 27 to
730 1548 67 31 said
814 1548 126 34 Olivier.
