1132 1747
362 125 111 22 BELOW
495 126 63 21 THE
580 126 100 21 MARK.

881 119 58 26 203

111 196 78 32 Avith
209 198 144 44 laughter
376 213 32 20 so
432 203 110 43 hearty
564 204 70 31 that
656 215 40 20 no
723 215 58 20 one
811 203 122 31 noticed

115 257 72 33 how
202 261 93 31 silent
311 263 117 31 OliAder
442 276 71 18 was.

296 325 26 30 is
349 325 41 31 all
417 337 78 31 very
640 327 160 31 remarked
829 326 43 32 M.
896 326 38 31 de

114 381 170 42 Clavreuil;
424 387 56 32 has
493 388 78 31 been
588 400 18 19 a
620 388 96 42 lucky
735 389 48 30 hit
806 389 46 30 for
871 388 64 31 this

114 454 84 27 once,
215 444 58 32 but
298 447 77 41 they
403 447 64 41 (the
494 454 203 36 government
719 448 120 43 people)
870 448 65 31 Avill

113 504 95 43 begin
235 508 92 40 again
341 520 7 25 ;
381 509 62 30 and
473 509 28 30 if
519 510 76 41 they
618 520 49 20 are
689 510 139 31 resolved
850 509 44 43 (as
919 509 15 31 I

112 566 130 43 believe)
254 573 33 26 to
299 579 89 31 carry
399 569 81 31 their
491 569 111 31 official
614 570 164 31 candidate
789 570 144 42 through,

112 628 76 41 they
203 629 65 30 will
291 634 96 26 resort
414 635 32 26 to
470 631 76 30 such
564 642 106 20 means
692 631 79 37 that,
788 631 40 31 do
850 632 84 30 what

110 699 63 30 you
204 690 73 37 will,
302 690 76 41 they
407 690 65 31 will
502 695 53 38 get
584 691 54 32 the
667 691 100 31 better
796 691 34 31 of
860 702 69 31 you.

112 748 139 42 Suppose
271 750 77 41 they
363 751 106 42 falsify
484 751 53 31 the
560 756 97 33 votes,
681 753 105 41 seeing
810 752 40 31 all
873 752 60 31 else

109 810 64 37 fail,
207 810 89 43 (they
319 811 79 32 have
425 812 80 31 done
535 813 26 31 it
590 813 102 31 before
723 812 94 42 noAV,)
850 813 83 31 what

110 871 119 31 redress
259 872 79 30 have
369 883 63 31 you
445 874 11 29 ?
501 872 81 32 Who
612 874 134 30 watches
779 884 73 20 over
879 873 54 31 the

110 943 84 26 urns,
210 943 80 31 pray
303 934 11 30 ?
358 933 94 41 Why,
469 933 77 41 they
562 933 62 31 and
638 934 81 31 their
733 934 146 40 hirelings
892 935 5 29 !

154 993 105 32 While
285 994 49 31 his
357 994 222 31 father-in-law
605 1006 63 20 was
699 995 157 42 speaking,
881 995 52 31 the

110 1055 142 41 Marquis
279 1055 38 31 de
342 1056 187 31 Beauvoisin
555 1057 121 30 seemed
700 1056 167 31 interested
890 1056 43 42 by

110 1116 86 31 what
211 1117 39 31 he
265 1117 77 37 said,
359 1117 62 31 and
437 1117 113 31 looked
566 1122 32 26 at
613 1118 66 30 him
695 1118 193 39 attentively.

186 1178 15 31 I
215 1190 50 19 am
281 1190 32 19 so
328 1178 173 42 persuaded
523 1178 34 31 of
579 1179 83 30 what
684 1190 63 30 you
762 1190 64 30 say,
844 1179 89 30 Mon-

110 1240 83 31 sieur
222 1240 28 30 le
445 1239 118 42 replied
594 1239 100 31 Henri
716 1239 130 42 Dupont
856 1251 8 25 ;
918 1240 15 30 I

111 1313 52 18 am
176 1312 33 19 so
223 1300 174 42 persuaded
412 1300 70 31 that
497 1300 27 30 if
536 1300 77 41 they
629 1311 50 20 are
695 1299 191 32 determined
900 1304 33 26 to

110 1374 39 31 go
180 1362 42 30 all
252 1361 124 42 lengths
413 1360 75 43 (and
524 1361 123 31 Daudel
677 1361 26 31 is
733 1361 115 41 wholly
877 1372 56 19 un-

110 1423 207 42 scrupulous),
342 1423 75 41 they
427 1433 58 19 can
497 1422 116 41 always
629 1433 88 30 carry
729 1433 62 30 any
802 1422 131 30 election

114 1485 132 42 (subject
264 1491 33 25 to
315 1485 54 30 the
387 1484 106 41 public
518 1495 149 30 exposure
690 1484 68 29 that
779 1483 54 30 the
856 1494 76 19 ATan-

111 1547 133 41 quished
268 1552 94 36 party
389 1557 57 20 can
472 1546 135 41 provoke
634 1544 89 41 later)
737 1557 8 24 ;
777 1545 16 30 I
823 1556 49 19 am
899 1556 33 20 so
