1132 1747
181 93 52 26 124

416 100 82 21 LOVE
522 99 64 22 THE
609 96 162 23 AVENGER.

180 179 153 43 interrupt
468 178 76 38 said,
577 173 284 44 contemptuously,
893 171 45 32 M.
972 170 39 31 de

179 241 172 42 Moranges.
431 240 40 32 So
488 240 63 32 like
566 249 132 27 Avomen,
711 238 71 30 that
793 249 8 25 ;
826 234 72 38 and,
909 233 82 32 faith
1004 233 6 30 !

180 315 72 19 men
282 308 52 26 too
349 315 5 18 :
417 302 61 31 and
506 302 38 30 he
579 299 157 44 shrugged
762 299 49 31 his
838 295 171 34 shoulders.

333 365 84 35 then,
450 365 53 30 the
538 367 205 33 government
781 360 167 32 candidate
986 357 27 30 is

180 427 95 42 going
290 432 32 26 to
337 426 38 32 be
390 426 154 32 Vivienne
556 427 5 30 !

256 488 180 42 Impossible
448 491 6 29 !

259 548 54 32 It's
329 560 18 20 a
359 548 72 42 joke
443 551 6 29 !

257 610 81 31 Well
352 609 114 42 played
480 611 6 30 !

259 672 29 30 A
303 672 118 30 hidden
436 676 106 37 trump
555 672 6 30 !

259 734 30 29 It
305 733 80 30 can't
401 733 37 30 be
453 735 5 28 !

260 795 14 30 I
291 795 115 40 always
422 794 105 31 feared
542 794 25 30 it
582 795 6 29 !

229 857 96 31 These
340 868 80 19 Avere
436 868 18 18 a
469 856 60 31 feAv
544 855 35 31 of
599 855 53 31 the
675 855 198 30 tumultuous
892 865 124 30 expres-

185 918 83 31 sions
282 918 70 31 that
368 918 122 31 ensued.

260 980 104 38 What,
383 979 118 32 Gaston
514 980 10 31 ?
573 978 176 32 demanded
765 978 53 31 the
834 978 163 43 DoAvager.

351 1042 136 30 retorted
503 1042 54 30 her
572 1041 136 37 brother,
759 1040 53 32 the
829 1040 93 32 Duke
938 1041 79 30 him-

263 1165 63 30 The
341 1165 93 30 Duke
449 1165 10 30 ?
500 1164 174 31 thundered
690 1164 43 31 M.
753 1165 38 30 de
808 1164 163 32 Clavreuil.

264 1226 76 31 Isn't
360 1227 39 30 he
424 1226 188 41 sufficiently
628 1226 136 31 deAroted
787 1231 33 26 to
843 1227 55 31 the
914 1227 106 31 sacred

191 1300 89 21 cause
296 1288 35 31 of
351 1288 97 38 order,
466 1288 43 31 M.
528 1288 28 30 le
579 1288 109 31 Comte
700 1288 11 31 ?
755 1288 155 42 inquired,
927 1290 93 31 ironi-

191 1349 89 40 cally,
298 1348 52 31 old
366 1347 168 31 Robichon.

268 1409 49 42 By
332 1409 144 37 thunder,
495 1409 86 30 Avhat
604 1420 18 20 a
644 1409 86 41 piece
754 1409 34 32 of
810 1411 164 42 treachery
988 1413 5 29 !

193 1482 64 21 Avas
271 1470 53 32 the
340 1470 117 31 furious
472 1470 89 41 reply
576 1470 39 30 he
631 1475 61 36 got.

268 1532 64 32 The
346 1530 134 43 bishop's
490 1536 33 26 at
538 1530 54 32 the
606 1530 122 33 bottom
741 1532 35 31 of
788 1532 27 32 it
910 1533 114 40 opined
