1132 1747
164 102 51 25 152

404 109 81 20 LOVE
508 109 64 20 THE
596 107 160 22 AVENGER.

165 186 65 31 him
242 186 47 31 for
303 186 53 31 the
371 187 59 30 last
446 191 55 26 ten
516 196 98 31 years,
628 184 72 37 and,
717 182 63 32 like
795 181 55 32 her
866 180 128 32 defunct

165 251 98 36 sister,
280 250 131 42 enjoyed
430 249 53 32 the
502 248 121 31 honour
638 247 35 30 of
693 246 94 41 being
802 244 70 31 first
887 242 107 32 cousin

164 317 33 26 to
224 324 18 18 a
264 312 148 30 minister.
461 311 30 30 It
507 321 64 20 Avas
593 308 139 41 horribly
755 306 97 41 stuffy
868 306 32 30 in
924 304 70 32 that

165 374 124 37 bureau,
306 373 47 31 for
370 373 26 30 it
419 384 62 19 was
500 383 18 19 a
540 371 88 31 habit
651 369 35 32 of
706 369 50 31 old
782 365 212 34 Mardonnet's

165 441 33 26 to
224 435 78 42 keep
324 435 53 31 the
393 434 134 32 AvindoAV
546 433 73 31 shut
642 431 92 32 Avhile
757 430 37 32 he
819 429 103 32 sorted
944 428 50 31 his

165 497 66 43 bag
279 497 85 42 Why
390 496 38 31 he
452 496 55 31 did
532 507 32 19 so
589 494 125 41 nobody
739 493 102 36 kneAv,
869 491 58 32 but
954 490 39 31 he

165 558 104 32 would
300 558 39 31 do
369 559 34 36 it,
435 557 72 38 and,
533 568 33 20 as
590 557 16 30 I
630 556 76 37 said,
732 555 53 31 the
816 554 88 41 place
930 563 63 21 was

166 620 126 39 awfully
308 620 56 30 hot
379 619 62 31 and
457 618 102 41 stuffy.

343 682 37 30 he
396 680 150 37 resumed,
562 679 133 43 harking
717 678 80 32 back
812 683 33 26 to
861 678 49 30 his
926 677 66 31 first

165 744 100 30 words
277 755 8 25 ;
340 743 87 30 those
450 747 86 37 great
551 742 110 41 people
675 741 80 31 have
774 741 26 31 it
815 751 84 20 more
915 739 77 32 than

166 816 71 20 ever
251 805 79 30 their
353 816 70 18 own
438 815 78 29 Avay.
564 803 15 30 I
596 803 67 30 told
686 802 170 42 Thdophile
877 813 40 25 so,
934 801 58 31 but

165 865 38 30 he
219 865 103 30 would
337 865 79 29 have
432 865 25 29 it
469 864 67 41 just
551 864 53 30 the
620 868 154 36 contrary,
789 863 61 30 and
866 874 72 19 hoav
954 863 38 30 he

165 936 65 19 sees
244 930 105 35 pretty
364 925 70 31 well
450 925 85 30 Avhat
550 926 25 29 it
591 936 102 19 comes
708 929 32 26 to
756 926 5 29 !

241 986 80 30 Who
507 986 138 41 rejoined
671 985 52 31 the
755 985 117 41 elderly
895 995 97 20 seam-

314 1047 53 41 (by
393 1058 90 20 name
511 1047 145 30 Madame
687 1047 127 31 Hdloise
844 1046 126 42 Picard)
985 1059 7 26 ;

281 1109 107 30 knoAvs
403 1109 139 30 Avhether
557 1109 38 30 he
612 1120 63 19 sees
692 1109 25 30 it
734 1120 33 20 or
783 1114 55 26 not
850 1109 11 31 ?
883 1109 109 41 people

166 1169 85 30 don't
274 1169 115 41 always
411 1181 48 19 see
475 1169 85 31 Avhat
579 1170 26 30 is
620 1170 87 30 there
726 1175 33 26 to
781 1170 37 31 be
838 1181 80 27 seen,
936 1170 56 32 but

165 1230 84 30 what
280 1230 74 41 they
384 1230 91 31 think
506 1230 75 42 they
611 1241 56 21 see.
728 1231 171 42 Thdophile
930 1232 62 31 had

166 1292 115 41 always
296 1303 106 31 Avrong
418 1292 122 31 notions
557 1292 94 32 about

376 1353 134 32 retorted
536 1354 53 31 the
616 1359 195 37 postmaster,
867 1356 39 30 he
929 1368 64 20 Avas

165 1416 158 30 cock-sure
339 1415 34 31 of
391 1415 162 42 becoming
575 1427 56 19 our
650 1416 120 42 deputy
785 1417 53 31 the
854 1424 139 26 moment

167 1478 179 42 Carpentier
375 1478 119 37 should,
520 1478 33 29 in
579 1489 64 30 any
669 1489 79 33 way,
765 1479 37 31 be
827 1481 146 31 removed
984 1494 8 24 ;

165 1539 38 31 he
228 1550 57 20 can
308 1539 111 41 hardly
435 1538 91 42 fancy
542 1538 38 31 he
607 1539 55 31 has
683 1551 63 29 any
763 1539 114 34 chance
901 1553 71 20 now
986 1545 6 29 !
