1132 1747
155 99 33 25 26

390 105 83 20 L0\TE
495 105 65 20 THE
584 102 161 23 AVENGER.

155 182 35 31 of
224 183 74 31 such
329 184 164 30 bitterness
523 182 69 32 that
629 182 26 30 it
693 178 178 44 frightened
909 177 74 30 him.

186 244 95 32 What
305 245 25 31 is
354 245 69 31 that
435 245 10 31 1
501 244 48 31 Do
572 249 56 25 not
651 255 56 29 say
727 243 107 41 things
860 240 34 32 of
915 239 69 31 that

154 307 77 31 kind
247 312 32 26 to
300 319 57 26 me,
376 318 34 20 or
436 307 15 30 I
479 306 78 31 shall
581 305 57 30 kill
851 302 133 42 (Olivier

153 368 198 42 shuddered.)
429 367 221 32 Concealment
665 367 26 30 is
707 377 57 20 our
779 366 76 41 only
866 365 115 42 policy,

153 429 62 31 and
231 429 15 31 I
262 429 64 31 will
342 440 119 20 answer
474 429 49 31 for
545 428 133 43 nothing
694 428 94 42 being
803 427 100 31 found
919 431 64 33 out,

153 491 27 30 if
192 491 16 30 I
224 502 50 19 am
289 495 56 26 not
361 491 108 30 driven
484 491 74 30 mad
573 491 44 41 by
628 490 99 31 doubt
744 490 34 30 of
920 488 62 32 She

154 564 84 19 came
253 564 107 19 nearer
384 558 32 25 to
443 553 65 29 him
533 564 75 19 once
635 564 92 26 more,
747 552 63 30 and
834 552 75 30 took
933 551 49 31 his

153 614 84 32 hand
258 615 32 30 in
306 615 68 31 hers
390 626 5 19 :
451 614 15 31 I
482 614 64 31 will
570 614 38 31 be
633 626 33 19 as
690 614 105 43 gentle
823 614 64 31 and
909 614 72 30 obe-

153 677 86 31 dient
266 688 32 20 as
324 688 18 20 a
481 676 180 31 murmured
688 676 62 38 she,
799 687 33 20 so
852 676 75 42 long
948 686 33 20 as

153 750 62 30 you
231 738 38 31 do
285 743 56 26 not
364 749 85 20 cease
469 742 32 27 to
520 738 69 31 love
613 749 49 20 me
676 750 7 24 ;
705 738 59 31 but
782 737 28 31 if
832 737 14 31 I
865 737 67 31 fear
948 741 33 27 to

153 799 61 31 lose
238 811 71 30 you,
339 800 14 30 I
380 800 78 30 shall
484 811 39 30 go
547 799 81 31 mad.
677 799 16 31 I
716 800 80 30 have
820 804 56 26 not
899 800 81 41 slept

153 860 46 30 for
223 872 18 18 a
265 861 94 37 week,
381 861 70 37 and,
472 861 63 30 this
561 861 153 41 morning,
741 861 15 29 I
781 861 140 30 resolved
946 865 34 28 to

153 922 54 30 tell
243 933 79 30 your
358 923 90 29 uncle
486 922 186 41 everything
683 934 6 24 ;
752 921 133 41 (Olivier
915 935 64 19 was

153 982 133 30 stunned
301 982 43 41 by
358 982 63 30 this
435 982 194 41 unexpected
652 982 81 30 bloAV
747 981 19 42 ;)
823 983 58 30 but
902 984 76 30 then

153 1042 15 31 I
184 1043 133 41 thought
332 1043 26 30 it
373 1054 61 19 was
450 1043 67 30 best
540 1047 32 26 to
595 1047 53 37 try
663 1043 64 30 and
747 1055 49 19 see
817 1056 63 29 you
899 1045 77 39 first,

153 1104 61 30 and
238 1115 32 19 so
296 1104 14 29 I
338 1115 91 19 came.
479 1104 14 30 I
518 1115 63 19 Avas
611 1105 167 40 desperate,
803 1106 48 30 for
876 1106 14 31 I
915 1107 64 31 had

153 1169 55 26 not
222 1176 77 19 even
317 1165 53 30 the
391 1165 79 40 hope
488 1165 69 30 that
576 1177 63 29 you
655 1177 79 19 Avere
750 1167 34 30 ill
797 1168 5 29 !
849 1167 16 31 I
882 1168 96 32 heard

153 1228 164 41 indirectly
341 1228 33 30 of
397 1239 78 30 your
498 1228 108 42 goings
631 1229 63 30 and
715 1230 138 41 comings
869 1236 33 25 at
924 1232 54 31 the

227 1349 80 30 Hoav
324 1349 53 30 did
392 1360 63 30 you
470 1349 138 31 contrive
623 1354 33 26 to
672 1354 53 38 get
744 1361 90 32 away

153 1409 142 41 inquired
320 1409 125 39 Olivier,
472 1410 129 31 anxious
628 1415 32 26 to
687 1411 94 32 know
805 1413 86 31 Avhat
915 1426 62 21 Avas

153 1471 53 31 the
223 1481 135 20 measure
375 1470 34 31 of
424 1471 199 40 imprudence
640 1474 188 31 committed.

230 1532 15 31 I
272 1532 66 31 said
363 1532 15 31 I
407 1543 61 21 was
493 1534 96 40 going
614 1539 33 26 to
666 1535 116 31 church
808 1542 32 25 to
868 1537 74 33 hear
962 1552 16 18 a
