1132 1747
427 453 200 31 CHAPTER
659 452 107 31 XXII.

367 548 93 29 LOVE,
484 549 64 21 THE
573 549 86 21 SAME
682 549 37 21 IN
737 548 69 22 ALL.

217 626 114 31 There
355 638 63 19 was
444 627 143 42 strength
609 628 33 29 in
664 627 109 37 Claire,
799 625 71 39 and,
900 625 101 32 there-

173 688 74 37 fore,
264 688 53 30 she
337 688 132 30 suffered
491 689 149 41 strongly.
687 688 110 41 Partly
813 688 80 30 from
913 688 88 41 igno-

173 761 99 26 rance,
298 750 103 41 partly
426 750 79 30 from
531 751 197 37 excitement,
755 751 54 30 she
834 750 63 31 had
923 750 78 31 been

173 811 51 30 led
240 812 66 29 into
327 812 157 41 behaving
499 823 33 19 as
557 812 27 30 it
599 823 64 19 was
679 816 56 26 not
751 811 124 31 natural
891 816 33 26 to
946 811 55 31 her

173 878 31 24 to
235 872 118 31 behave
354 892 42 3 —
399 873 66 30 into
491 872 96 43 doing
610 873 71 31 that
703 873 102 31 Avhich
831 884 63 21 was
918 878 83 26 most

173 939 144 36 contrary
332 939 33 26 to
388 934 55 31 her
469 934 166 38 character,
653 939 33 26 to
707 934 56 32 her
777 934 105 31 habits
898 934 34 31 of
947 934 54 31 life

173 1015 44 2 —
217 996 33 31 in
267 1007 17 20 a
300 996 94 38 Avord,
411 1001 33 26 to
460 996 55 31 her
538 996 100 31 whole
659 997 63 30 self.
771 997 75 30 This
862 997 139 41 happens

174 1069 83 19 more
273 1057 178 42 frequently
466 1062 33 26 to
521 1069 36 19 us
578 1058 42 30 all
639 1058 78 30 than
734 1070 46 18 we
796 1069 51 20 are
863 1058 138 31 inclined

173 1124 32 25 to
221 1118 108 38 admit,
346 1119 63 30 and
435 1119 26 30 is
485 1119 54 31 the
563 1131 90 19 cause
676 1120 35 30 of
732 1131 105 20 severe
852 1121 149 30 vexation

173 1179 34 32 of
220 1180 96 40 spirit.

216 1240 73 31 Had
314 1241 100 30 Claire
434 1241 78 31 been
535 1242 182 43 unfriendly
732 1248 32 26 to
786 1242 43 33 M.
857 1243 39 32 de
919 1243 82 33 Lan-

173 1314 81 26 cour,
280 1302 63 31 had
366 1302 55 31 she
445 1303 122 31 treated
593 1303 67 32 him
685 1304 78 32 with
796 1305 141 32 coldness
968 1318 33 19 or

172 1364 198 42 discourtesy,
394 1364 77 31 with
498 1364 205 43 haughtiness
730 1378 34 19 or
788 1367 134 40 disdain,
947 1369 54 31 she

173 1425 103 30 would
290 1430 56 26 not
361 1425 78 32 have
455 1426 129 31 minded
603 1425 66 43 (she
685 1428 72 38 had,
775 1440 33 19 as
827 1440 47 20 we
895 1430 104 39 know,

172 1486 106 31 shown
304 1486 66 32 him
394 1488 155 42 anything
572 1488 57 31 but
648 1490 167 42 cordiality
835 1491 84 32 since
946 1492 55 32 her

172 1546 172 43 marriage),
372 1547 57 32 but
454 1548 53 31 she
534 1550 92 30 could
650 1555 56 26 not
736 1551 120 41 forgive
887 1552 117 33 herself
