1132 1747
194 107 33 26 10

432 114 81 21 L0A7E
536 115 64 20 THE
623 113 163 22 AVENGER.

194 190 89 42 thing
306 203 72 31 may
401 192 38 32 be
464 192 141 41 forgiven
628 190 101 32 where
756 188 87 32 there
868 186 26 32 is
918 197 18 20 a
958 183 64 33 real

194 252 190 33 attachment
396 267 7 27 ;
458 253 55 32 her
528 252 86 32 voice
630 263 63 20 was
710 262 77 30 very
803 249 68 40 low,
889 247 63 32 and
968 246 54 32 she

192 314 93 40 spoke
302 314 73 32 with
392 313 171 33 hesitation.

268 375 41 32 So
326 374 94 32 much
436 374 53 31 the
506 374 100 31 better
628 373 47 31 for
699 372 63 32 her.
811 371 64 31 But
889 369 85 41 then,
991 368 31 32 in

191 437 95 32 God's
310 448 98 28 name,
436 435 110 40 Claire,
572 446 52 30 my
649 446 67 20 o-wn
741 432 112 41 Claire,
874 431 73 42 why
970 429 52 33 did

191 498 54 31 she
270 498 89 31 alloAv
386 497 86 32 them
499 502 32 26 to
559 508 103 30 marry
688 507 62 31 you
781 500 32 27 to

190 560 65 31 The
271 560 99 31 words
387 560 87 31 burst
490 559 78 31 from
586 558 63 31 him
666 556 230 40 involuntarily.

235 622 108 39 Claire,
366 621 68 42 pale
450 632 34 20 as
502 620 102 41 death,
622 620 111 32 looked
749 624 33 27 at
797 619 73 40 him,
891 617 127 44 speech-

191 683 101 42 lessly,
310 683 54 31 but
379 682 110 32 looked
506 687 33 26 at
554 682 63 31 him
634 682 54 31 full
704 682 32 31 in
751 681 53 32 the
820 681 75 41 face,
914 679 104 33 stared

190 749 32 27 at
238 744 63 32 him
318 744 143 40 vacantly
478 744 75 31 with
570 744 54 32 her
639 744 94 40 large,
751 744 143 40 hopeless
911 755 82 29 eyes.

264 805 134 41 Forgive
423 816 58 29 me,
506 805 72 31 dear
738 805 65 32 said
825 805 49 41 he,
899 805 117 42 gently.

221 865 16 32 I
253 865 79 32 have
348 865 43 32 let
407 865 115 42 myself
539 865 38 32 be
599 866 116 32 carried
732 878 88 31 away
836 866 41 43 by
893 878 54 31 my
964 878 53 20 ex-

190 931 96 27 treme
303 926 141 32 affection
460 926 46 32 for
527 937 60 31 you
638 927 61 42 (the
721 927 158 43 Marquise
901 927 64 32 had
986 928 31 32 in

191 998 56 20 one
272 987 112 31 second
407 987 164 32 recovered
594 988 39 32 all
655 988 55 32 her
734 989 263 44 self-possession)
1010 1003 7 28 ;

222 1059 46 21 we
284 1059 79 21 were
379 1048 135 41 brought
534 1060 41 30 up
596 1050 151 41 together,
765 1051 82 41 dear,
864 1052 122 42 though
1003 1053 14 32 I

191 1120 62 21 was
276 1114 53 27 ten
345 1121 34 20 or
395 1109 106 32 eleven
524 1122 87 30 years
636 1111 85 32 older
743 1113 74 32 than
841 1126 61 30 you
914 1129 6 27 ;
953 1128 63 30 you

190 1180 79 22 Avere
292 1182 53 30 my
362 1170 77 32 little
462 1170 89 32 sister
552 1191 42 3 —
595 1183 60 30 you
671 1184 80 20 were
776 1186 17 19 a
817 1175 81 32 child
914 1176 101 33 whom

190 1230 15 32 I
222 1230 90 32 could
335 1230 62 32 still
419 1230 71 33 take
514 1243 39 20 on
576 1244 51 30 my
644 1233 78 32 knee
738 1234 90 32 Avhen
853 1236 14 31 I
891 1236 55 33 left
969 1239 45 33 St.

190 1291 62 42 Cyr
279 1291 70 42 (and
373 1291 70 33 how
467 1304 60 30 you
552 1293 135 32 admired
710 1306 54 30 my
788 1296 132 33 uniform
945 1300 69 33 that

191 1351 58 43 day
263 1351 17 42 !)
295 1366 6 26 ;
339 1364 62 30 you
432 1365 84 29 greAv
546 1354 160 42 gradually
732 1355 65 33 into
827 1357 54 33 the
912 1367 103 36 sweet,

191 1412 109 43 lovely,
317 1412 118 44 darling
459 1413 59 43 girl
541 1426 60 30 you
617 1427 82 20 were
715 1416 59 32 last
793 1429 83 30 year,
893 1420 92 34 while
1002 1424 15 32 I

191 1484 61 21 was
275 1473 133 42 battling
432 1473 133 43 through
588 1475 50 32 life
662 1476 31 31 in
716 1477 72 32 God
811 1478 109 34 knows
936 1483 81 34 what

191 1533 250 44 out-of-the-way
456 1535 102 42 places
571 1549 6 28 ;
603 1548 92 30 every
711 1538 74 33 time
802 1539 15 32 I
833 1552 87 21 came
940 1543 77 34 back
