1132 1747
188 110 33 25 36

419 116 82 21 LOVE
525 115 63 21 THE
611 112 163 23 AVENGER.

187 203 120 19 women
320 204 6 25 ;
348 192 72 31 look
435 203 72 19 over
651 188 62 32 and
736 188 39 30 he
790 183 130 44 pointed
935 182 78 32 with

188 254 48 31 his
258 254 97 43 finger
378 260 32 26 to
435 254 109 36 where,
570 264 41 19 on
635 251 53 31 the
713 248 160 33 threshold
898 246 34 31 of
959 244 56 32 the

188 315 81 43 glass
293 316 73 31 door
390 315 134 42 opening
547 315 66 29 into
640 313 53 30 the
717 310 126 44 garden,
861 308 155 32 Claudine

189 376 89 32 stood
293 376 191 31 surrounded
498 376 43 41 by
557 387 17 19 a
595 385 98 31 group
714 373 34 30 of
768 383 80 20 men.
928 370 88 31 Look

190 442 33 27 at
241 438 87 31 those
351 437 139 38 outlines,
515 437 86 31 Paris
619 447 93 20 never
736 445 85 32 grew
846 433 71 31 that
931 434 6 30 !
961 442 55 22 ma

191 498 45 35 foi
249 503 11 27 !
282 500 57 30 but
354 499 52 31 she
421 499 55 31 has
492 510 105 31 groAvn
613 498 67 31 into
696 509 18 19 a
737 496 112 42 superb
866 498 147 28 creature.

192 561 14 30 I
232 562 88 30 could
348 566 55 26 not
425 561 78 30 have
527 559 141 32 believed
692 559 26 31 it
744 558 134 42 possible
899 557 76 31 such
999 568 17 19 a

192 622 293 42 Avretched-looking
514 621 68 31 half
610 620 125 32 starved
772 620 92 41 thing
895 630 33 20 as
962 619 54 30 she

193 685 120 30 seemed
328 710 5 5 .
353 710 6 5 .
378 710 5 5 .
403 684 81 31 Well
496 685 5 29 !
525 684 70 36 that
610 694 102 20 comes
732 682 35 31 of
786 682 95 42 being
904 693 18 20 a
944 692 72 20 con-

193 746 137 29 noisseur
344 745 32 30 in
392 749 56 34 art,
466 745 14 30 I
504 755 138 30 suppose.
691 744 65 30 But
778 755 62 29 you
865 742 151 42 certainly

193 807 89 30 made
298 818 18 18 a
331 807 133 40 glorious
480 807 54 36 hit,
551 806 51 30 old
617 805 102 31 fellow
732 806 6 29 !

237 867 95 30 There
354 867 62 30 had
438 867 78 31 been
531 878 18 19 a
563 867 157 30 breakfast
739 871 33 26 at
794 866 53 30 the
863 866 98 30 Hotel
977 865 39 31 de

194 927 171 42 Moranges,
392 928 61 30 and
483 939 83 19 some
596 927 107 31 fifteen
734 939 34 18 or
796 932 123 36 twenty
943 939 73 19 men

193 1000 78 19 were
294 989 149 42 lounging
465 989 94 31 about
579 989 33 30 in
631 989 54 31 the
707 989 259 42 draAving-rooms
982 1000 35 20 or

194 1050 32 30 in
242 1050 52 30 the
309 1050 115 42 garden
440 1061 34 19 or
488 1050 31 30 in
540 1050 52 31 the
615 1050 252 42 smoking-room.
914 1050 42 32 M.
977 1050 39 32 de

194 1112 163 42 Moranges
387 1122 93 21 never
510 1112 127 31 smoked
667 1112 131 37 himself,
829 1113 62 30 and
922 1125 95 19 never

195 1172 128 32 alloAved
348 1173 143 42 smoking
514 1173 33 30 in
573 1173 48 31 his
646 1173 104 38 house,
773 1178 110 37 except
906 1175 33 29 in
961 1175 55 30 the

195 1246 85 19 room
295 1238 46 27 set
355 1234 83 31 aside
453 1234 46 31 for
510 1234 69 31 that
594 1245 138 30 purpose.

239 1294 49 32 He
304 1305 62 21 was
381 1294 146 42 standing
550 1295 121 42 against
693 1295 53 31 the
771 1295 144 43 chimney
930 1298 86 41 piece

198 1356 33 31 of
243 1356 52 30 the
309 1356 150 41 principal
475 1356 96 38 salon,
589 1357 103 30 Avhilst
715 1357 42 30 M.
779 1358 37 30 de
834 1358 182 34 Sauveterre

198 1429 62 19 Avas
284 1417 103 31 seated
409 1418 78 30 close
508 1418 50 40 by,
576 1418 91 30 Avhen
683 1419 52 30 the
760 1419 143 42 colloquy
920 1420 97 33 above

198 1479 142 41 repeated
364 1479 72 31 took
460 1480 92 40 place.
600 1480 129 41 Aspasie
752 1491 64 20 Avas
838 1481 80 43 busy
941 1484 77 30 Avith

199 1540 92 31 coffee
320 1541 62 30 and
411 1541 136 40 liqueurs
576 1546 32 26 at
631 1552 18 20 a
671 1541 82 32 table
786 1546 33 27 at
848 1543 53 31 the
933 1545 88 31 other
