<?xml version="1.0" encoding="UTF-8"?>
<alto xmlns:xsi="http://www.w3.org/2001/XMLSchema-instance" xsi:noNamespaceSchemaLocation="http://www.bl.uk/schemas/alto/alto-1-4.xsd" xmlns:xlink="http://www.w3.org/1999/xlink">
	<Description>
		<MeasurementUnit>mm10</MeasurementUnit>
		<sourceImageInformation>
			<fileName>//head1/IN/2007-46/A0010888503.2/009277.jp2</fileName>
		</sourceImageInformation>
		<OCRProcessing ID="OCRPROCESSING_1">
			<preProcessingStep>
				<processingSoftware>
					<softwareCreator>CCS Content Conversion Specialists GmbH, Germany</softwareCreator>
					<softwareName>CCS docWORKS</softwareName>
					<softwareVersion>6.1-0.61</softwareVersion>
				</processingSoftware>
			</preProcessingStep>
			<ocrProcessingStep>
				<processingSoftware>
					<softwareCreator>ABBYY (BIT Software), Russia</softwareCreator>
					<softwareName>Finereader</softwareName>
				</processingSoftware>
			</ocrProcessingStep>
		</OCRProcessing>
	</Description>
	<Styles>
		<TextStyle ID="TXT_0" FONTSIZE="9" FONTFAMILY="Courier New"/>
		<TextStyle ID="TXT_1" FONTSIZE="11" FONTFAMILY="Courier New"/>
		<ParagraphStyle ID="PAR_LEFT" ALIGN="Left"/>
		<ParagraphStyle ID="PAR_RIGHT" ALIGN="Right"/>
	</Styles>
	<Layout>
		<Page ID="P69" PHYSICAL_IMG_NR="69" HEIGHT="1747" WIDTH="1132" PRINTED_IMG_NR="59" POSITION="Right" ACCURACY="71.77">
			<TopMargin ID="P69_TM00001" HPOS="0" VPOS="0" WIDTH="1131" HEIGHT="134">
				<TextBlock ID="P69_TB00001" HPOS="383" VPOS="107" WIDTH="253" HEIGHT="22" STYLEREFS="TXT_0 PAR_LEFT">
					<TextLine ID="P69_TL00001" HPOS="384" VPOS="108" WIDTH="252" HEIGHT="21">
						<String ID="P69_ST00001" HPOS="384" VPOS="108" WIDTH="42" HEIGHT="21" CONTENT="ON" WC="1.00" CC="00"/>
						<SP ID="P69_SP00001" HPOS="426" VPOS="129" WIDTH="22"/>
						<String ID="P69_ST00002" HPOS="448" VPOS="109" WIDTH="63" HEIGHT="20" CONTENT="THE" WC="0.49" CC="364"/>
						<SP ID="P69_SP00002" HPOS="511" VPOS="129" WIDTH="24"/>
						<String ID="P69_ST00003" HPOS="535" VPOS="109" WIDTH="101" HEIGHT="20" CONTENT="SCENT." WC="0.61" CC="706900"/>
					</TextLine>
				</TextBlock>
				<TextBlock ID="P69_TB00002" HPOS="886" VPOS="108" WIDTH="34" HEIGHT="24" STYLEREFS="TXT_1 PAR_RIGHT">
					<TextLine ID="P69_TL00002" HPOS="886" VPOS="108" WIDTH="34" HEIGHT="24">
						<String ID="P69_ST00004" HPOS="886" VPOS="108" WIDTH="34" HEIGHT="24" CONTENT="59" WC="1.00" CC="00"/>
					</TextLine>
				</TextBlock>
			</TopMargin>
			<LeftMargin ID="P69_LM00001" HPOS="0" VPOS="134" WIDTH="98" HEIGHT="1435"/>
			<RightMargin ID="P69_RM00001" HPOS="924" VPOS="134" WIDTH="207" HEIGHT="1435"/>
			<BottomMargin ID="P69_BM00001" HPOS="0" VPOS="1569" WIDTH="1131" HEIGHT="177"/>
			<PrintSpace ID="P69_PS00001" HPOS="98" VPOS="134" WIDTH="826" HEIGHT="1435">
				<TextBlock ID="P69_TB00003" HPOS="99" VPOS="178" WIDTH="822" HEIGHT="231" STYLEREFS="TXT_0 PAR_LEFT">
					<TextLine ID="P69_TL00003" HPOS="101" VPOS="179" WIDTH="820" HEIGHT="50">
						<String ID="P69_ST00005" HPOS="101" VPOS="179" WIDTH="96" HEIGHT="31" CONTENT="ladies" WC="0.80" CC="000506"/>
						<String ID="P69_ST00006" HPOS="208" VPOS="192" WIDTH="8" HEIGHT="25" CONTENT=";" WC="0.60" CC="3"/>
						<SP ID="P69_SP00003" HPOS="216" VPOS="217" WIDTH="23"/>
						<String ID="P69_ST00007" HPOS="239" VPOS="181" WIDTH="76" HEIGHT="41" CONTENT="they" WC="0.69" CC="3710"/>
						<SP ID="P69_SP00004" HPOS="315" VPOS="222" WIDTH="16"/>
						<String ID="P69_ST00008" HPOS="331" VPOS="186" WIDTH="84" HEIGHT="28" CONTENT="went" WC="0.66" CC="0067"/>
						<SP ID="P69_SP00005" HPOS="415" VPOS="222" WIDTH="22"/>
						<String ID="P69_ST00009" HPOS="437" VPOS="185" WIDTH="202" HEIGHT="40" CONTENT="everywhere," WC="0.81" CC="00040070403"/>
						<SP ID="P69_SP00006" HPOS="639" VPOS="225" WIDTH="17"/>
						<String ID="P69_ST00010" HPOS="656" VPOS="186" WIDTH="55" HEIGHT="30" CONTENT="did" WC="1.00" CC="000"/>
						<SP ID="P69_SP00007" HPOS="711" VPOS="225" WIDTH="19"/>
						<String ID="P69_ST00011" HPOS="730" VPOS="187" WIDTH="191" HEIGHT="42" CONTENT="everything," WC="0.71" CC="07060470500"/>
					</TextLine>
					<TextLine ID="P69_TL00004" HPOS="100" VPOS="241" WIDTH="821" HEIGHT="49">
						<String ID="P69_ST00012" HPOS="100" VPOS="241" WIDTH="114" HEIGHT="31" CONTENT="turned" WC="0.70" CC="432600"/>
						<SP ID="P69_SP00008" HPOS="214" VPOS="272" WIDTH="18"/>
						<String ID="P69_ST00013" HPOS="232" VPOS="242" WIDTH="91" HEIGHT="43" CONTENT="night" WC="0.49" CC="73077"/>
						<SP ID="P69_SP00009" HPOS="323" VPOS="285" WIDTH="14"/>
						<String ID="P69_ST00014" HPOS="337" VPOS="243" WIDTH="67" HEIGHT="32" CONTENT="into" WC="0.76" CC="1700"/>
						<SP ID="P69_SP00010" HPOS="404" VPOS="285" WIDTH="16"/>
						<String ID="P69_ST00015" HPOS="420" VPOS="244" WIDTH="70" HEIGHT="42" CONTENT="day," WC="0.92" CC="0003"/>
						<SP ID="P69_SP00011" HPOS="490" VPOS="286" WIDTH="17"/>
						<String ID="P69_ST00016" HPOS="507" VPOS="245" WIDTH="57" HEIGHT="31" CONTENT="but" WC="0.76" CC="070"/>
						<SP ID="P69_SP00012" HPOS="564" VPOS="286" WIDTH="23"/>
						<String ID="P69_ST00017" HPOS="587" VPOS="246" WIDTH="55" HEIGHT="31" CONTENT="did" WC="0.94" CC="010"/>
						<SP ID="P69_SP00013" HPOS="642" VPOS="286" WIDTH="20"/>
						<String ID="P69_ST00018" HPOS="662" VPOS="252" WIDTH="55" HEIGHT="26" CONTENT="not" WC="0.39" CC="647"/>
						<SP ID="P69_SP00014" HPOS="717" VPOS="286" WIDTH="14"/>
						<String ID="P69_ST00019" HPOS="731" VPOS="252" WIDTH="63" HEIGHT="26" CONTENT="rest" WC="0.53" CC="5137"/>
						<SP ID="P69_SP00015" HPOS="794" VPOS="286" WIDTH="15"/>
						<String ID="P69_ST00020" HPOS="809" VPOS="248" WIDTH="112" HEIGHT="42" CONTENT="during" WC="0.78" CC="070060"/>
					</TextLine>
					<TextLine ID="P69_TL00005" HPOS="101" VPOS="302" WIDTH="820" HEIGHT="48">
						<String ID="P69_ST00021" HPOS="101" VPOS="302" WIDTH="54" HEIGHT="32" CONTENT="the" WC="0.62" CC="370"/>
						<SP ID="P69_SP00016" HPOS="155" VPOS="334" WIDTH="16"/>
						<String ID="P69_ST00022" HPOS="171" VPOS="303" WIDTH="62" HEIGHT="43" CONTENT="day" WC="0.76" CC="070"/>
						<SP ID="P69_SP00017" HPOS="233" VPOS="346" WIDTH="14"/>
						<String ID="P69_ST00023" HPOS="247" VPOS="317" WIDTH="8" HEIGHT="24" CONTENT=";" WC="0.60" CC="3"/>
						<SP ID="P69_SP00018" HPOS="255" VPOS="346" WIDTH="24"/>
						<String ID="P69_ST00024" HPOS="279" VPOS="305" WIDTH="63" HEIGHT="30" CONTENT="and" WC="0.75" CC="070"/>
						<SP ID="P69_SP00019" HPOS="342" VPOS="346" WIDTH="23"/>
						<String ID="P69_ST00025" HPOS="365" VPOS="310" WIDTH="53" HEIGHT="36" CONTENT="yet" WC="0.78" CC="006"/>
						<SP ID="P69_SP00020" HPOS="418" VPOS="346" WIDTH="24"/>
						<String ID="P69_ST00026" HPOS="442" VPOS="307" WIDTH="75" HEIGHT="41" CONTENT="they" WC="0.69" CC="4700"/>
						<SP ID="P69_SP00021" HPOS="517" VPOS="348" WIDTH="14"/>
						<String ID="P69_ST00027" HPOS="531" VPOS="319" WIDTH="80" HEIGHT="19" CONTENT="were" WC="0.88" CC="0040"/>
						<SP ID="P69_SP00022" HPOS="611" VPOS="348" WIDTH="23"/>
						<String ID="P69_ST00028" HPOS="634" VPOS="308" WIDTH="115" HEIGHT="42" CONTENT="always" WC="0.81" CC="050005"/>
						<SP ID="P69_SP00023" HPOS="749" VPOS="350" WIDTH="14"/>
						<String ID="P69_ST00029" HPOS="763" VPOS="309" WIDTH="83" HEIGHT="32" CONTENT="fresh" WC="0.50" CC="46067"/>
						<SP ID="P69_SP00024" HPOS="846" VPOS="350" WIDTH="15"/>
						<String ID="P69_ST00030" HPOS="861" VPOS="310" WIDTH="60" HEIGHT="31" CONTENT="and" WC="0.78" CC="060"/>
					</TextLine>
					<TextLine ID="P69_TL00006" HPOS="102" VPOS="365" WIDTH="617" HEIGHT="44">
						<String ID="P69_ST00031" HPOS="102" VPOS="369" WIDTH="114" HEIGHT="38" CONTENT="strong." WC="0.65" CC="6604700"/>
						<SP ID="P69_SP00025" HPOS="216" VPOS="407" WIDTH="49"/>
						<String ID="P69_ST00032" HPOS="265" VPOS="365" WIDTH="82" HEIGHT="32" CONTENT="How" WC="0.81" CC="500"/>
						<SP ID="P69_SP00026" HPOS="347" VPOS="407" WIDTH="16"/>
						<String ID="P69_ST00033" HPOS="363" VPOS="367" WIDTH="54" HEIGHT="30" CONTENT="did" WC="0.91" CC="020"/>
						<SP ID="P69_SP00027" HPOS="417" VPOS="407" WIDTH="15"/>
						<String ID="P69_ST00034" HPOS="432" VPOS="368" WIDTH="77" HEIGHT="41" CONTENT="they" WC="0.75" CC="2700"/>
						<SP ID="P69_SP00028" HPOS="509" VPOS="409" WIDTH="14"/>
						<String ID="P69_ST00035" HPOS="523" VPOS="380" WIDTH="130" HEIGHT="29" CONTENT="manage" WC="0.72" CC="907000"/>
						<SP ID="P69_SP00029" HPOS="653" VPOS="409" WIDTH="17"/>
						<String ID="P69_ST00036" HPOS="670" VPOS="370" WIDTH="26" HEIGHT="30" CONTENT="it" WC="0.61" CC="15"/>
						<SP ID="P69_SP00030" HPOS="696" VPOS="409" WIDTH="12"/>
						<String ID="P69_ST00037" HPOS="708" VPOS="370" WIDTH="11" HEIGHT="31" CONTENT="?" WC="0.06" CC="9"/>
					</TextLine>
				</TextBlock>
				<TextBlock ID="P69_TB00004" HPOS="100" VPOS="425" WIDTH="822" HEIGHT="349" STYLEREFS="TXT_0 PAR_LEFT">
					<TextLine ID="P69_TL00007" HPOS="148" VPOS="426" WIDTH="774" HEIGHT="47">
						<String ID="P69_ST00038" HPOS="148" VPOS="429" WIDTH="18" HEIGHT="11" CONTENT='"' WC="0.56" CC="4"/>
						<SP ID="P69_SP00031" HPOS="166" VPOS="440" WIDTH="14"/>
						<String ID="P69_ST00039" HPOS="180" VPOS="426" WIDTH="83" HEIGHT="42" CONTENT="Only" WC="0.61" CC="0770"/>
						<SP ID="P69_SP00032" HPOS="263" VPOS="468" WIDTH="24"/>
						<String ID="P69_ST00040" HPOS="287" VPOS="439" WIDTH="48" HEIGHT="19" CONTENT="see" WC="0.83" CC="500"/>
						<SP ID="P69_SP00033" HPOS="335" VPOS="468" WIDTH="26"/>
						<String ID="P69_ST00041" HPOS="361" VPOS="429" WIDTH="70" HEIGHT="30" CONTENT="that" WC="0.61" CC="3704"/>
						<SP ID="P69_SP00034" HPOS="431" VPOS="468" WIDTH="26"/>
						<String ID="P69_ST00042" HPOS="457" VPOS="429" WIDTH="146" HEIGHT="31" CONTENT="Madame" WC="0.66" CC="360504"/>
						<SP ID="P69_SP00035" HPOS="603" VPOS="468" WIDTH="26"/>
						<String ID="P69_ST00043" HPOS="629" VPOS="430" WIDTH="38" HEIGHT="31" CONTENT="de" WC="1.00" CC="00"/>
						<SP ID="P69_SP00036" HPOS="667" VPOS="468" WIDTH="16"/>
						<String ID="P69_ST00044" HPOS="683" VPOS="429" WIDTH="167" HEIGHT="44" CONTENT="Varignan," WC="0.63" CC="700407463"/>
						<SP ID="P69_SP00037" HPOS="850" VPOS="473" WIDTH="27"/>
						<String ID="P69_ST00045" HPOS="877" VPOS="432" WIDTH="45" HEIGHT="30" CONTENT="for" WC="0.97" CC="000"/>
					</TextLine>
					<TextLine ID="P69_TL00008" HPOS="101" VPOS="488" WIDTH="821" HEIGHT="46">
						<String ID="P69_ST00046" HPOS="101" VPOS="488" WIDTH="166" HEIGHT="38" CONTENT='instance,"' WC="0.63" CC="4664070033"/>
						<SP ID="P69_SP00038" HPOS="267" VPOS="526" WIDTH="17"/>
						<String ID="P69_ST00047" HPOS="284" VPOS="490" WIDTH="53" HEIGHT="30" CONTENT="she" WC="0.54" CC="670"/>
						<SP ID="P69_SP00039" HPOS="337" VPOS="526" WIDTH="16"/>
						<String ID="P69_ST00048" HPOS="353" VPOS="490" WIDTH="102" HEIGHT="30" CONTENT="added" WC="1.00" CC="00000"/>
						<SP ID="P69_SP00040" HPOS="455" VPOS="526" WIDTH="12"/>
						<String ID="P69_ST00049" HPOS="467" VPOS="502" WIDTH="7" HEIGHT="25" CONTENT=";" WC="0.44" CC="5"/>
						<SP ID="P69_SP00041" HPOS="474" VPOS="527" WIDTH="25"/>
						<String ID="P69_ST00050" HPOS="499" VPOS="492" WIDTH="18" HEIGHT="12" CONTENT='"' WC="0.55" CC="4"/>
						<SP ID="P69_SP00042" HPOS="517" VPOS="527" WIDTH="13"/>
						<String ID="P69_ST00051" HPOS="530" VPOS="490" WIDTH="75" HEIGHT="31" CONTENT="she's" WC="0.57" CC="57016"/>
						<SP ID="P69_SP00043" HPOS="605" VPOS="527" WIDTH="24"/>
						<String ID="P69_ST00052" HPOS="629" VPOS="503" WIDTH="33" HEIGHT="19" CONTENT="as" WC="0.70" CC="05"/>
						<SP ID="P69_SP00044" HPOS="662" VPOS="527" WIDTH="19"/>
						<String ID="P69_ST00053" HPOS="681" VPOS="492" WIDTH="158" HEIGHT="42" CONTENT="blooming" WC="0.78" CC="70002070"/>
						<SP ID="P69_SP00045" HPOS="839" VPOS="534" WIDTH="20"/>
						<String ID="P69_ST00054" HPOS="859" VPOS="505" WIDTH="32" HEIGHT="19" CONTENT="as" WC="0.52" CC="71"/>
						<SP ID="P69_SP00046" HPOS="891" VPOS="534" WIDTH="15"/>
						<String ID="P69_ST00055" HPOS="906" VPOS="505" WIDTH="16" HEIGHT="19" CONTENT="a" WC="1.00" CC="0"/>
					</TextLine>
					<TextLine ID="P69_TL00009" HPOS="101" VPOS="549" WIDTH="821" HEIGHT="42">
						<String ID="P69_ST00056" HPOS="101" VPOS="561" WIDTH="67" HEIGHT="19" CONTENT="rose" WC="0.83" CC="2030"/>
						<SP ID="P69_SP00047" HPOS="168" VPOS="580" WIDTH="18"/>
						<String ID="P69_ST00057" HPOS="186" VPOS="549" WIDTH="68" HEIGHT="42" CONTENT="(not" WC="0.52" CC="4707"/>
						<SP ID="P69_SP00048" HPOS="254" VPOS="591" WIDTH="14"/>
						<String ID="P69_ST00058" HPOS="268" VPOS="551" WIDTH="69" HEIGHT="30" CONTENT="that" WC="0.64" CC="2704"/>
						<SP ID="P69_SP00049" HPOS="337" VPOS="591" WIDTH="17"/>
						<String ID="P69_ST00059" HPOS="354" VPOS="551" WIDTH="15" HEIGHT="30" CONTENT="I" WC="0.55" CC="4"/>
						<SP ID="P69_SP00050" HPOS="369" VPOS="591" WIDTH="15"/>
						<String ID="P69_ST00060" HPOS="384" VPOS="551" WIDTH="93" HEIGHT="30" CONTENT="think" WC="0.60" CC="47070"/>
						<SP ID="P69_SP00051" HPOS="477" VPOS="591" WIDTH="26"/>
						<String ID="P69_ST00061" HPOS="503" VPOS="551" WIDTH="55" HEIGHT="31" CONTENT="her" WC="0.75" CC="700"/>
						<SP ID="P69_SP00052" HPOS="558" VPOS="591" WIDTH="25"/>
						<String ID="P69_ST00062" HPOS="583" VPOS="562" WIDTH="32" HEIGHT="20" CONTENT="so" WC="0.68" CC="42"/>
						<SP ID="P69_SP00053" HPOS="615" VPOS="591" WIDTH="23"/>
						<String ID="P69_ST00063" HPOS="638" VPOS="552" WIDTH="168" HEIGHT="32" CONTENT="handsome" WC="0.72" CC="70707000"/>
						<SP ID="P69_SP00054" HPOS="806" VPOS="591" WIDTH="22"/>
						<String ID="P69_ST00064" HPOS="828" VPOS="565" WIDTH="33" HEIGHT="19" CONTENT="as" WC="0.67" CC="06"/>
						<SP ID="P69_SP00055" HPOS="861" VPOS="591" WIDTH="23"/>
						<String ID="P69_ST00065" HPOS="884" VPOS="555" WIDTH="38" HEIGHT="30" CONTENT="do" WC="0.78" CC="04"/>
					</TextLine>
					<TextLine ID="P69_TL00010" HPOS="102" VPOS="612" WIDTH="820" HEIGHT="43">
						<String ID="P69_ST00066" HPOS="102" VPOS="621" WIDTH="83" HEIGHT="20" CONTENT="some" WC="0.84" CC="6000"/>
						<SP ID="P69_SP00056" HPOS="185" VPOS="641" WIDTH="15"/>
						<String ID="P69_ST00067" HPOS="200" VPOS="612" WIDTH="132" HEIGHT="40" CONTENT="people)," WC="0.96" CC="00001001"/>
						<SP ID="P69_SP00057" HPOS="332" VPOS="652" WIDTH="14"/>
						<String ID="P69_ST00068" HPOS="346" VPOS="612" WIDTH="62" HEIGHT="30" CONTENT="and" WC="0.75" CC="070"/>
						<SP ID="P69_SP00058" HPOS="408" VPOS="652" WIDTH="16"/>
						<String ID="P69_ST00069" HPOS="424" VPOS="612" WIDTH="15" HEIGHT="31" CONTENT="I" WC="0.61" CC="3"/>
						<SP ID="P69_SP00059" HPOS="439" VPOS="652" WIDTH="16"/>
						<String ID="P69_ST00070" HPOS="455" VPOS="612" WIDTH="72" HEIGHT="31" CONTENT="dare" WC="0.88" CC="0040"/>
						<SP ID="P69_SP00060" HPOS="527" VPOS="652" WIDTH="16"/>
						<String ID="P69_ST00071" HPOS="543" VPOS="624" WIDTH="55" HEIGHT="31" CONTENT="say" WC="0.77" CC="600"/>
						<SP ID="P69_SP00061" HPOS="598" VPOS="655" WIDTH="15"/>
						<String ID="P69_ST00072" HPOS="613" VPOS="625" WIDTH="94" HEIGHT="20" CONTENT="never" WC="0.79" CC="60003"/>
						<SP ID="P69_SP00062" HPOS="707" VPOS="655" WIDTH="13"/>
						<String ID="P69_ST00073" HPOS="720" VPOS="614" WIDTH="63" HEIGHT="31" CONTENT="had" WC="0.75" CC="700"/>
						<SP ID="P69_SP00063" HPOS="783" VPOS="655" WIDTH="16"/>
						<String ID="P69_ST00074" HPOS="799" VPOS="626" WIDTH="17" HEIGHT="19" CONTENT="a" WC="1.00" CC="0"/>
						<SP ID="P69_SP00064" HPOS="816" VPOS="655" WIDTH="15"/>
						<String ID="P69_ST00075" HPOS="831" VPOS="615" WIDTH="91" HEIGHT="30" CONTENT="faint" SUBS_TYPE="HypPart1" SUBS_CONTENT="fainting" WC="0.56" CC="305791"/>
						<HYP CONTENT="-"/>
					</TextLine>
					<TextLine ID="P69_TL00011" HPOS="102" VPOS="672" WIDTH="820" HEIGHT="42">
						<String ID="P69_ST00076" HPOS="102" VPOS="672" WIDTH="55" HEIGHT="42" CONTENT="ing" SUBS_TYPE="HypPart2" SUBS_CONTENT="fainting" WC="0.66" CC="450"/>
						<SP ID="P69_SP00065" HPOS="157" VPOS="714" WIDTH="15"/>
						<String ID="P69_ST00077" HPOS="172" VPOS="672" WIDTH="37" HEIGHT="30" CONTENT="fit" WC="0.82" CC="005"/>
						<SP ID="P69_SP00066" HPOS="209" VPOS="714" WIDTH="15"/>
						<String ID="P69_ST00078" HPOS="224" VPOS="672" WIDTH="34" HEIGHT="30" CONTENT="in" WC="0.63" CC="07"/>
						<SP ID="P69_SP00067" HPOS="258" VPOS="714" WIDTH="16"/>
						<String ID="P69_ST00079" HPOS="274" VPOS="672" WIDTH="41" HEIGHT="30" CONTENT="all" WC="0.65" CC="054"/>
						<SP ID="P69_SP00068" HPOS="315" VPOS="714" WIDTH="15"/>
						<String ID="P69_ST00080" HPOS="330" VPOS="672" WIDTH="56" HEIGHT="31" CONTENT="her" WC="0.67" CC="702"/>
						<SP ID="P69_SP00069" HPOS="386" VPOS="714" WIDTH="14"/>
						<String ID="P69_ST00081" HPOS="400" VPOS="672" WIDTH="53" HEIGHT="32" CONTENT="life" WC="0.95" CC="0200"/>
						<SP ID="P69_SP00070" HPOS="453" VPOS="714" WIDTH="13"/>
						<String ID="P69_ST00082" HPOS="466" VPOS="674" WIDTH="5" HEIGHT="30" CONTENT="!" WC="1.00" CC="0"/>
						<SP ID="P69_SP00071" HPOS="471" VPOS="714" WIDTH="47"/>
						<String ID="P69_ST00083" HPOS="518" VPOS="673" WIDTH="40" HEIGHT="32" CONTENT="So" WC="0.52" CC="72"/>
						<SP ID="P69_SP00072" HPOS="558" VPOS="714" WIDTH="23"/>
						<String ID="P69_ST00084" HPOS="581" VPOS="674" WIDTH="214" HEIGHT="38" CONTENT="self-satisfied," WC="0.73" CC="600001062656004"/>
						<SP ID="P69_SP00073" HPOS="795" VPOS="714" WIDTH="18"/>
						<String ID="P69_ST00085" HPOS="813" VPOS="679" WIDTH="60" HEIGHT="33" CONTENT="too," WC="0.58" CC="7044"/>
						<SP ID="P69_SP00074" HPOS="873" VPOS="714" WIDTH="17"/>
						<String ID="P69_ST00086" HPOS="890" VPOS="685" WIDTH="32" HEIGHT="20" CONTENT="as" WC="0.67" CC="06"/>
					</TextLine>
					<TextLine ID="P69_TL00012" HPOS="103" VPOS="733" WIDTH="582" HEIGHT="41">
						<String ID="P69_ST00087" HPOS="103" VPOS="733" WIDTH="52" HEIGHT="30" CONTENT="she" WC="0.51" CC="670"/>
						<SP ID="P69_SP00075" HPOS="155" VPOS="763" WIDTH="16"/>
						<String ID="P69_ST00088" HPOS="171" VPOS="733" WIDTH="88" HEIGHT="30" CONTENT="looks" WC="0.87" CC="00006"/>
						<SP ID="P69_SP00076" HPOS="259" VPOS="763" WIDTH="15"/>
						<String ID="P69_ST00089" HPOS="274" VPOS="734" WIDTH="5" HEIGHT="29" CONTENT="!" WC="1.00" CC="0"/>
						<SP ID="P69_SP00077" HPOS="279" VPOS="763" WIDTH="25"/>
						<String ID="P69_ST00090" HPOS="304" VPOS="744" WIDTH="32" HEIGHT="19" CONTENT="so" WC="0.70" CC="60"/>
						<SP ID="P69_SP00078" HPOS="336" VPOS="763" WIDTH="16"/>
						<String ID="P69_ST00091" HPOS="352" VPOS="733" WIDTH="168" HEIGHT="41" CONTENT="insolently" WC="0.71" CC="0760007600"/>
						<SP ID="P69_SP00079" HPOS="520" VPOS="774" WIDTH="14"/>
						<String ID="P69_ST00092" HPOS="534" VPOS="734" WIDTH="106" HEIGHT="40" CONTENT="happy" WC="0.65" CC="70900"/>
						<SP ID="P69_SP00080" HPOS="640" VPOS="774" WIDTH="14"/>
						<String ID="P69_ST00093" HPOS="654" VPOS="736" WIDTH="5" HEIGHT="29" CONTENT="!" WC="0.94" CC="0"/>
						<String ID="P69_ST00094" HPOS="670" VPOS="734" WIDTH="15" HEIGHT="12" CONTENT='"' WC="0.70" CC="2"/>
					</TextLine>
				</TextBlock>
				<TextBlock ID="P69_TB00005" HPOS="101" VPOS="793" WIDTH="821" HEIGHT="164" STYLEREFS="TXT_0 PAR_LEFT">
					<TextLine ID="P69_TL00013" HPOS="146" VPOS="794" WIDTH="776" HEIGHT="43">
						<String ID="P69_ST00095" HPOS="146" VPOS="794" WIDTH="64" HEIGHT="30" CONTENT="The" WC="0.75" CC="070"/>
						<SP ID="P69_SP00081" HPOS="210" VPOS="824" WIDTH="24"/>
						<String ID="P69_ST00096" HPOS="234" VPOS="794" WIDTH="88" HEIGHT="41" CONTENT="pulse" WC="0.58" CC="06562"/>
						<SP ID="P69_SP00082" HPOS="322" VPOS="835" WIDTH="27"/>
						<String ID="P69_ST00097" HPOS="349" VPOS="805" WIDTH="40" HEIGHT="20" CONTENT="on" WC="0.65" CC="07"/>
						<SP ID="P69_SP00083" HPOS="389" VPOS="835" WIDTH="24"/>
						<String ID="P69_ST00098" HPOS="413" VPOS="795" WIDTH="102" HEIGHT="31" CONTENT="which" WC="0.47" CC="97017"/>
						<SP ID="P69_SP00084" HPOS="515" VPOS="835" WIDTH="24"/>
						<String ID="P69_ST00099" HPOS="539" VPOS="796" WIDTH="129" HEIGHT="41" CONTENT="Aspasie" WC="0.79" CC="0700510"/>
						<SP ID="P69_SP00085" HPOS="668" VPOS="837" WIDTH="30"/>
						<String ID="P69_ST00100" HPOS="698" VPOS="796" WIDTH="63" HEIGHT="30" CONTENT="had" WC="0.51" CC="760"/>
						<SP ID="P69_SP00086" HPOS="761" VPOS="837" WIDTH="23"/>
						<String ID="P69_ST00101" HPOS="784" VPOS="795" WIDTH="63" HEIGHT="31" CONTENT="laid" WC="0.85" CC="3020"/>
						<SP ID="P69_SP00087" HPOS="847" VPOS="837" WIDTH="23"/>
						<String ID="P69_ST00102" HPOS="870" VPOS="795" WIDTH="52" HEIGHT="32" CONTENT="her" WC="0.56" CC="705"/>
					</TextLine>
					<TextLine ID="P69_TL00014" HPOS="102" VPOS="855" WIDTH="820" HEIGHT="44">
						<String ID="P69_ST00103" HPOS="102" VPOS="855" WIDTH="98" HEIGHT="42" CONTENT="finger" WC="0.68" CC="007901"/>
						<SP ID="P69_SP00088" HPOS="200" VPOS="897" WIDTH="15"/>
						<String ID="P69_ST00104" HPOS="215" VPOS="855" WIDTH="92" HEIGHT="31" CONTENT="wdiile" WC="0.57" CC="907204"/>
						<SP ID="P69_SP00089" HPOS="307" VPOS="897" WIDTH="15"/>
						<String ID="P69_ST00105" HPOS="322" VPOS="856" WIDTH="73" HEIGHT="30" CONTENT="thus" WC="0.40" CC="6772"/>
						<SP ID="P69_SP00090" HPOS="395" VPOS="897" WIDTH="19"/>
						<String ID="P69_ST00106" HPOS="414" VPOS="856" WIDTH="150" HEIGHT="42" CONTENT="speaking" WC="0.82" CC="60000070"/>
						<SP ID="P69_SP00091" HPOS="564" VPOS="898" WIDTH="21"/>
						<String ID="P69_ST00107" HPOS="585" VPOS="868" WIDTH="78" HEIGHT="31" CONTENT="gave" WC="0.65" CC="0490"/>
						<SP ID="P69_SP00092" HPOS="663" VPOS="899" WIDTH="15"/>
						<String ID="P69_ST00108" HPOS="678" VPOS="868" WIDTH="18" HEIGHT="19" CONTENT="a" WC="1.00" CC="0"/>
						<SP ID="P69_SP00093" HPOS="696" VPOS="899" WIDTH="14"/>
						<String ID="P69_ST00109" HPOS="710" VPOS="857" WIDTH="80" HEIGHT="30" CONTENT="little" WC="0.70" CC="126600"/>
						<SP ID="P69_SP00094" HPOS="790" VPOS="899" WIDTH="15"/>
						<String ID="P69_ST00110" HPOS="805" VPOS="857" WIDTH="117" HEIGHT="31" CONTENT="sudden" WC="0.71" CC="270007"/>
					</TextLine>
					<TextLine ID="P69_TL00015" HPOS="102" VPOS="917" WIDTH="516" HEIGHT="40">
						<String ID="P69_ST00111" HPOS="102" VPOS="921" WIDTH="86" HEIGHT="33" CONTENT="start," WC="0.81" CC="500113"/>
						<SP ID="P69_SP00095" HPOS="188" VPOS="954" WIDTH="18"/>
						<String ID="P69_ST00112" HPOS="206" VPOS="917" WIDTH="64" HEIGHT="31" CONTENT="and" WC="0.78" CC="060"/>
						<SP ID="P69_SP00096" HPOS="270" VPOS="954" WIDTH="13"/>
						<String ID="P69_ST00113" HPOS="283" VPOS="917" WIDTH="72" HEIGHT="31" CONTENT="beat" WC="0.75" CC="7002"/>
						<SP ID="P69_SP00097" HPOS="355" VPOS="954" WIDTH="15"/>
						<String ID="P69_ST00114" HPOS="370" VPOS="917" WIDTH="248" HEIGHT="40" CONTENT="intermittently." WC="0.67" CC="367060064065100"/>
					</TextLine>
				</TextBlock>
				<TextBlock ID="P69_TB00006" HPOS="98" VPOS="977" WIDTH="826" HEIGHT="592" STYLEREFS="TXT_0 PAR_LEFT">
					<TextLine ID="P69_TL00016" HPOS="148" VPOS="977" WIDTH="775" HEIGHT="39">
						<String ID="P69_ST00115" HPOS="148" VPOS="977" WIDTH="106" HEIGHT="31" CONTENT='"Fine' WC="0.64" CC="46060"/>
						<SP ID="P69_SP00098" HPOS="254" VPOS="1008" WIDTH="23"/>
						<String ID="P69_ST00116" HPOS="277" VPOS="977" WIDTH="97" HEIGHT="31" CONTENT="ladies" WC="0.80" CC="060102"/>
						<SP ID="P69_SP00099" HPOS="374" VPOS="1008" WIDTH="22"/>
						<String ID="P69_ST00117" HPOS="396" VPOS="978" WIDTH="79" HEIGHT="31" CONTENT="have" WC="0.81" CC="7000"/>
						<SP ID="P69_SP00100" HPOS="475" VPOS="1009" WIDTH="23"/>
						<String ID="P69_ST00118" HPOS="498" VPOS="989" WIDTH="18" HEIGHT="20" CONTENT="a" WC="1.00" CC="0"/>
						<SP ID="P69_SP00101" HPOS="516" VPOS="1009" WIDTH="22"/>
						<String ID="P69_ST00119" HPOS="538" VPOS="977" WIDTH="61" HEIGHT="32" CONTENT="fine" WC="0.81" CC="0060"/>
						<SP ID="P69_SP00102" HPOS="599" VPOS="1009" WIDTH="26"/>
						<String ID="P69_ST00120" HPOS="625" VPOS="978" WIDTH="75" HEIGHT="31" CONTENT="time" WC="0.86" CC="5000"/>
						<SP ID="P69_SP00103" HPOS="700" VPOS="1009" WIDTH="25"/>
						<String ID="P69_ST00121" HPOS="725" VPOS="978" WIDTH="34" HEIGHT="31" CONTENT="of" WC="0.95" CC="00"/>
						<SP ID="P69_SP00104" HPOS="759" VPOS="1009" WIDTH="19"/>
						<String ID="P69_ST00122" HPOS="778" VPOS="978" WIDTH="52" HEIGHT="38" CONTENT='it,"' WC="0.67" CC="0840"/>
						<SP ID="P69_SP00105" HPOS="830" VPOS="1016" WIDTH="23"/>
						<String ID="P69_ST00123" HPOS="853" VPOS="989" WIDTH="70" HEIGHT="20" CONTENT="con" SUBS_TYPE="HypPart1" SUBS_CONTENT="continued" WC="0.78" CC="0160"/>
						<HYP CONTENT="-"/>
					</TextLine>
					<TextLine ID="P69_TL00017" HPOS="100" VPOS="1039" WIDTH="823" HEIGHT="42">
						<String ID="P69_ST00124" HPOS="100" VPOS="1039" WIDTH="109" HEIGHT="31" CONTENT="tinued" SUBS_TYPE="HypPart2" SUBS_CONTENT="continued" WC="0.63" CC="336710"/>
						<SP ID="P69_SP00106" HPOS="209" VPOS="1070" WIDTH="32"/>
						<String ID="P69_ST00125" HPOS="241" VPOS="1039" WIDTH="138" HEIGHT="41" CONTENT="Aspasie," WC="0.77" CC="02006502"/>
						<SP ID="P69_SP00107" HPOS="379" VPOS="1080" WIDTH="29"/>
						<String ID="P69_ST00126" HPOS="408" VPOS="1039" WIDTH="152" HEIGHT="42" CONTENT="dropping" WC="0.85" CC="00000470"/>
						<SP ID="P69_SP00108" HPOS="560" VPOS="1081" WIDTH="23"/>
						<String ID="P69_ST00127" HPOS="583" VPOS="1040" WIDTH="53" HEIGHT="30" CONTENT="the" WC="0.56" CC="570"/>
						<SP ID="P69_SP00109" HPOS="636" VPOS="1081" WIDTH="29"/>
						<String ID="P69_ST00128" HPOS="665" VPOS="1039" WIDTH="85" HEIGHT="31" CONTENT="hand" WC="0.62" CC="7070"/>
						<SP ID="P69_SP00110" HPOS="750" VPOS="1081" WIDTH="30"/>
						<String ID="P69_ST00129" HPOS="780" VPOS="1039" WIDTH="53" HEIGHT="31" CONTENT="she" WC="0.53" CC="670"/>
						<SP ID="P69_SP00111" HPOS="833" VPOS="1081" WIDTH="23"/>
						<String ID="P69_ST00130" HPOS="856" VPOS="1039" WIDTH="67" HEIGHT="31" CONTENT="-had" WC="0.69" CC="4700"/>
					</TextLine>
					<TextLine ID="P69_TL00018" HPOS="101" VPOS="1101" WIDTH="823" HEIGHT="42">
						<String ID="P69_ST00131" HPOS="101" VPOS="1101" WIDTH="82" HEIGHT="38" CONTENT="held," WC="0.72" CC="70302"/>
						<SP ID="P69_SP00112" HPOS="183" VPOS="1139" WIDTH="19"/>
						<String ID="P69_ST00132" HPOS="202" VPOS="1112" WIDTH="41" HEIGHT="27" CONTENT="as," WC="0.63" CC="064"/>
						<SP ID="P69_SP00113" HPOS="243" VPOS="1139" WIDTH="18"/>
						<String ID="P69_ST00133" HPOS="261" VPOS="1102" WIDTH="129" HEIGHT="41" CONTENT="moving" WC="0.66" CC="009370"/>
						<SP ID="P69_SP00114" HPOS="390" VPOS="1143" WIDTH="14"/>
						<String ID="P69_ST00134" HPOS="404" VPOS="1106" WIDTH="33" HEIGHT="26" CONTENT="to" WC="0.80" CC="40"/>
						<SP ID="P69_SP00115" HPOS="437" VPOS="1143" WIDTH="16"/>
						<String ID="P69_ST00135" HPOS="453" VPOS="1113" WIDTH="18" HEIGHT="19" CONTENT="a" WC="1.00" CC="0"/>
						<SP ID="P69_SP00116" HPOS="471" VPOS="1143" WIDTH="15"/>
						<String ID="P69_ST00136" HPOS="486" VPOS="1102" WIDTH="83" HEIGHT="30" CONTENT="table" WC="0.73" CC="00760"/>
						<SP ID="P69_SP00117" HPOS="569" VPOS="1143" WIDTH="23"/>
						<String ID="P69_ST00137" HPOS="592" VPOS="1102" WIDTH="69" HEIGHT="30" CONTENT="that" WC="0.50" CC="5706"/>
						<SP ID="P69_SP00118" HPOS="661" VPOS="1143" WIDTH="20"/>
						<String ID="P69_ST00138" HPOS="681" VPOS="1102" WIDTH="88" HEIGHT="30" CONTENT="stood" WC="0.71" CC="56020"/>
						<SP ID="P69_SP00119" HPOS="769" VPOS="1143" WIDTH="21"/>
						<String ID="P69_ST00139" HPOS="790" VPOS="1102" WIDTH="100" HEIGHT="30" CONTENT="before" WC="0.80" CC="004330"/>
						<SP ID="P69_SP00120" HPOS="890" VPOS="1143" WIDTH="16"/>
						<String ID="P69_ST00140" HPOS="906" VPOS="1114" WIDTH="18" HEIGHT="18" CONTENT="a" WC="1.00" CC="0"/>
					</TextLine>
					<TextLine ID="P69_TL00019" HPOS="101" VPOS="1162" WIDTH="822" HEIGHT="42">
						<String ID="P69_ST00141" HPOS="101" VPOS="1163" WIDTH="90" HEIGHT="41" CONTENT="glass," WC="0.78" CC="000444"/>
						<SP ID="P69_SP00121" HPOS="191" VPOS="1204" WIDTH="18"/>
						<String ID="P69_ST00142" HPOS="209" VPOS="1163" WIDTH="53" HEIGHT="30" CONTENT="she" WC="0.69" CC="170"/>
						<SP ID="P69_SP00122" HPOS="262" VPOS="1204" WIDTH="15"/>
						<String ID="P69_ST00143" HPOS="277" VPOS="1162" WIDTH="100" HEIGHT="42" CONTENT="began" WC="0.62" CC="70046"/>
						<SP ID="P69_SP00123" HPOS="377" VPOS="1204" WIDTH="16"/>
						<String ID="P69_ST00144" HPOS="393" VPOS="1167" WIDTH="32" HEIGHT="26" CONTENT="to" WC="1.00" CC="00"/>
						<SP ID="P69_SP00124" HPOS="425" VPOS="1204" WIDTH="16"/>
						<String ID="P69_ST00145" HPOS="441" VPOS="1163" WIDTH="66" HEIGHT="29" CONTENT="mix" WC="0.84" CC="040"/>
						<SP ID="P69_SP00125" HPOS="507" VPOS="1204" WIDTH="15"/>
						<String ID="P69_ST00146" HPOS="522" VPOS="1174" WIDTH="83" HEIGHT="19" CONTENT="some" WC="0.86" CC="5000"/>
						<SP ID="P69_SP00126" HPOS="605" VPOS="1204" WIDTH="14"/>
						<String ID="P69_ST00147" HPOS="619" VPOS="1163" WIDTH="160" HEIGHT="30" CONTENT="lemonade" WC="0.85" CC="00007400"/>
						<SP ID="P69_SP00127" HPOS="779" VPOS="1204" WIDTH="16"/>
						<String ID="P69_ST00148" HPOS="795" VPOS="1163" WIDTH="46" HEIGHT="30" CONTENT="for" WC="0.81" CC="004"/>
						<SP ID="P69_SP00128" HPOS="841" VPOS="1204" WIDTH="16"/>
						<String ID="P69_ST00149" HPOS="857" VPOS="1163" WIDTH="66" HEIGHT="30" CONTENT="her" SUBS_TYPE="HypPart1" SUBS_CONTENT="herself," WC="0.81" CC="7000"/>
						<HYP CONTENT="-"/>
					</TextLine>
					<TextLine ID="P69_TL00020" HPOS="100" VPOS="1223" WIDTH="824" HEIGHT="42">
						<String ID="P69_ST00150" HPOS="100" VPOS="1224" WIDTH="66" HEIGHT="37" CONTENT="self," SUBS_TYPE="HypPart2" SUBS_CONTENT="herself," WC="0.78" CC="60021"/>
						<SP ID="P69_SP00129" HPOS="166" VPOS="1261" WIDTH="23"/>
						<String ID="P69_ST00151" HPOS="189" VPOS="1224" WIDTH="92" HEIGHT="30" CONTENT="while" WC="0.64" CC="07370"/>
						<SP ID="P69_SP00130" HPOS="281" VPOS="1261" WIDTH="26"/>
						<String ID="P69_ST00152" HPOS="307" VPOS="1224" WIDTH="157" HEIGHT="41" CONTENT="watching" WC="0.72" CC="00607070"/>
						<SP ID="P69_SP00131" HPOS="464" VPOS="1265" WIDTH="23"/>
						<String ID="P69_ST00153" HPOS="487" VPOS="1224" WIDTH="54" HEIGHT="30" CONTENT="the" WC="0.69" CC="071"/>
						<SP ID="P69_SP00132" HPOS="541" VPOS="1265" WIDTH="25"/>
						<String ID="P69_ST00154" HPOS="566" VPOS="1223" WIDTH="180" HEIGHT="31" CONTENT="recumbent" WC="0.67" CC="500707035"/>
						<SP ID="P69_SP00133" HPOS="746" VPOS="1265" WIDTH="25"/>
						<String ID="P69_ST00155" HPOS="771" VPOS="1223" WIDTH="97" HEIGHT="42" CONTENT="figure" WC="0.86" CC="000701"/>
						<SP ID="P69_SP00134" HPOS="868" VPOS="1265" WIDTH="24"/>
						<String ID="P69_ST00156" HPOS="892" VPOS="1224" WIDTH="32" HEIGHT="30" CONTENT="of" WC="0.75" CC="50"/>
					</TextLine>
					<TextLine ID="P69_TL00021" HPOS="100" VPOS="1285" WIDTH="823" HEIGHT="31">
						<String ID="P69_ST00157" HPOS="100" VPOS="1286" WIDTH="55" HEIGHT="30" CONTENT="her" WC="0.72" CC="700"/>
						<SP ID="P69_SP00135" HPOS="155" VPOS="1316" WIDTH="14"/>
						<String ID="P69_ST00158" HPOS="169" VPOS="1285" WIDTH="102" HEIGHT="31" CONTENT="friend" WC="0.71" CC="064060"/>
						<SP ID="P69_SP00136" HPOS="271" VPOS="1316" WIDTH="14"/>
						<String ID="P69_ST00159" HPOS="285" VPOS="1286" WIDTH="34" HEIGHT="29" CONTENT="in" WC="0.69" CC="06"/>
						<SP ID="P69_SP00137" HPOS="319" VPOS="1316" WIDTH="11"/>
						<String ID="P69_ST00160" HPOS="330" VPOS="1285" WIDTH="53" HEIGHT="31" CONTENT="the" WC="0.75" CC="070"/>
						<SP ID="P69_SP00138" HPOS="383" VPOS="1316" WIDTH="15"/>
						<String ID="P69_ST00161" HPOS="398" VPOS="1286" WIDTH="116" HEIGHT="29" CONTENT="mirror." WC="0.73" CC="0036150"/>
						<SP ID="P69_SP00139" HPOS="514" VPOS="1316" WIDTH="50"/>
						<String ID="P69_ST00162" HPOS="564" VPOS="1287" WIDTH="18" HEIGHT="12" CONTENT='"' WC="0.55" CC="4"/>
						<SP ID="P69_SP00140" HPOS="582" VPOS="1316" WIDTH="10"/>
						<String ID="P69_ST00163" HPOS="592" VPOS="1285" WIDTH="77" HEIGHT="30" CONTENT="Fine" WC="0.54" CC="7270"/>
						<SP ID="P69_SP00141" HPOS="669" VPOS="1316" WIDTH="22"/>
						<String ID="P69_ST00164" HPOS="691" VPOS="1285" WIDTH="97" HEIGHT="30" CONTENT="ladies" WC="0.88" CC="000006"/>
						<SP ID="P69_SP00142" HPOS="788" VPOS="1316" WIDTH="22"/>
						<String ID="P69_ST00165" HPOS="810" VPOS="1285" WIDTH="78" HEIGHT="30" CONTENT="have" WC="0.56" CC="7090"/>
						<SP ID="P69_SP00143" HPOS="888" VPOS="1316" WIDTH="16"/>
						<String ID="P69_ST00166" HPOS="904" VPOS="1296" WIDTH="19" HEIGHT="19" CONTENT="a" WC="0.16" CC="8"/>
					</TextLine>
					<TextLine ID="P69_TL00022" HPOS="100" VPOS="1345" WIDTH="822" HEIGHT="41">
						<String ID="P69_ST00167" HPOS="100" VPOS="1346" WIDTH="61" HEIGHT="31" CONTENT="fine" WC="0.86" CC="0050"/>
						<SP ID="P69_SP00144" HPOS="161" VPOS="1377" WIDTH="25"/>
						<String ID="P69_ST00168" HPOS="186" VPOS="1347" WIDTH="75" HEIGHT="30" CONTENT="time" WC="0.82" CC="7000"/>
						<SP ID="P69_SP00145" HPOS="261" VPOS="1377" WIDTH="25"/>
						<String ID="P69_ST00169" HPOS="286" VPOS="1346" WIDTH="34" HEIGHT="31" CONTENT="of" WC="0.92" CC="10"/>
						<SP ID="P69_SP00146" HPOS="320" VPOS="1377" WIDTH="23"/>
						<String ID="P69_ST00170" HPOS="343" VPOS="1346" WIDTH="34" HEIGHT="38" CONTENT="it," WC="0.59" CC="163"/>
						<SP ID="P69_SP00147" HPOS="377" VPOS="1384" WIDTH="26"/>
						<String ID="P69_ST00171" HPOS="403" VPOS="1346" WIDTH="34" HEIGHT="30" CONTENT="in" WC="0.65" CC="06"/>
						<SP ID="P69_SP00148" HPOS="437" VPOS="1384" WIDTH="25"/>
						<String ID="P69_ST00172" HPOS="462" VPOS="1346" WIDTH="88" HEIGHT="31" CONTENT="truth" WC="0.56" CC="50627"/>
						<String ID="P69_ST00173" HPOS="561" VPOS="1358" WIDTH="8" HEIGHT="25" CONTENT=";" WC="1.00" CC="0"/>
						<SP ID="P69_SP00149" HPOS="569" VPOS="1384" WIDTH="31"/>
						<String ID="P69_ST00174" HPOS="600" VPOS="1346" WIDTH="76" HEIGHT="40" CONTENT="they" WC="0.69" CC="4700"/>
						<SP ID="P69_SP00150" HPOS="676" VPOS="1386" WIDTH="26"/>
						<String ID="P69_ST00175" HPOS="702" VPOS="1346" WIDTH="77" HEIGHT="29" CONTENT="have" WC="0.81" CC="7000"/>
						<SP ID="P69_SP00151" HPOS="779" VPOS="1386" WIDTH="28"/>
						<String ID="P69_ST00176" HPOS="807" VPOS="1345" WIDTH="40" HEIGHT="30" CONTENT="all" WC="0.60" CC="046"/>
						<SP ID="P69_SP00152" HPOS="847" VPOS="1386" WIDTH="21"/>
						<String ID="P69_ST00177" HPOS="868" VPOS="1345" WIDTH="54" HEIGHT="30" CONTENT="the" WC="0.75" CC="070"/>
					</TextLine>
					<TextLine ID="P69_TL00023" HPOS="100" VPOS="1405" WIDTH="824" HEIGHT="44">
						<String ID="P69_ST00178" HPOS="100" VPOS="1407" WIDTH="154" HEIGHT="42" CONTENT="pleasures" WC="0.71" CC="000067506"/>
						<SP ID="P69_SP00153" HPOS="254" VPOS="1449" WIDTH="23"/>
						<String ID="P69_ST00179" HPOS="277" VPOS="1407" WIDTH="35" HEIGHT="30" CONTENT="of" WC="1.00" CC="00"/>
						<SP ID="P69_SP00154" HPOS="312" VPOS="1449" WIDTH="30"/>
						<String ID="P69_ST00180" HPOS="342" VPOS="1418" WIDTH="107" HEIGHT="30" CONTENT="Avrong" WC="0.56" CC="098080"/>
						<SP ID="P69_SP00155" HPOS="449" VPOS="1449" WIDTH="24"/>
						<String ID="P69_ST00181" HPOS="473" VPOS="1406" WIDTH="63" HEIGHT="31" CONTENT="and" WC="0.78" CC="060"/>
						<SP ID="P69_SP00156" HPOS="536" VPOS="1449" WIDTH="26"/>
						<String ID="P69_ST00182" HPOS="562" VPOS="1407" WIDTH="41" HEIGHT="30" CONTENT="all" WC="0.96" CC="010"/>
						<SP ID="P69_SP00157" HPOS="603" VPOS="1449" WIDTH="25"/>
						<String ID="P69_ST00183" HPOS="628" VPOS="1406" WIDTH="53" HEIGHT="30" CONTENT="the" WC="0.53" CC="670"/>
						<SP ID="P69_SP00158" HPOS="681" VPOS="1449" WIDTH="26"/>
						<String ID="P69_ST00184" HPOS="707" VPOS="1405" WIDTH="162" HEIGHT="41" CONTENT="privileges" WC="0.72" CC="0009220605"/>
						<SP ID="P69_SP00159" HPOS="869" VPOS="1449" WIDTH="22"/>
						<String ID="P69_ST00185" HPOS="891" VPOS="1405" WIDTH="33" HEIGHT="30" CONTENT="of" WC="0.84" CC="03"/>
					</TextLine>
					<TextLine ID="P69_TL00024" HPOS="99" VPOS="1466" WIDTH="818" HEIGHT="46">
						<String ID="P69_ST00186" HPOS="99" VPOS="1469" WIDTH="84" HEIGHT="43" CONTENT="right" WC="0.58" CC="43075"/>
						<String ID="P69_ST00187" HPOS="194" VPOS="1482" WIDTH="8" HEIGHT="25" CONTENT=";" WC="0.59" CC="4"/>
						<SP ID="P69_SP00160" HPOS="202" VPOS="1512" WIDTH="22"/>
						<String ID="P69_ST00188" HPOS="224" VPOS="1469" WIDTH="77" HEIGHT="41" CONTENT="they" WC="0.68" CC="5700"/>
						<SP ID="P69_SP00161" HPOS="301" VPOS="1512" WIDTH="14"/>
						<String ID="P69_ST00189" HPOS="315" VPOS="1468" WIDTH="53" HEIGHT="41" CONTENT="lay" WC="1.00" CC="000"/>
						<SP ID="P69_SP00162" HPOS="368" VPOS="1512" WIDTH="15"/>
						<String ID="P69_ST00190" HPOS="383" VPOS="1468" WIDTH="99" HEIGHT="31" CONTENT="hands" WC="0.41" CC="78706"/>
						<SP ID="P69_SP00163" HPOS="482" VPOS="1512" WIDTH="16"/>
						<String ID="P69_ST00191" HPOS="498" VPOS="1479" WIDTH="41" HEIGHT="19" CONTENT="on" WC="0.40" CC="47"/>
						<SP ID="P69_SP00164" HPOS="539" VPOS="1512" WIDTH="14"/>
						<String ID="P69_ST00192" HPOS="553" VPOS="1468" WIDTH="157" HEIGHT="29" CONTENT="whatever" WC="0.59" CC="07061933"/>
						<SP ID="P69_SP00165" HPOS="710" VPOS="1512" WIDTH="22"/>
						<String ID="P69_ST00193" HPOS="732" VPOS="1466" WIDTH="76" HEIGHT="30" CONTENT="suits" WC="0.54" CC="56054"/>
						<SP ID="P69_SP00166" HPOS="808" VPOS="1512" WIDTH="16"/>
						<String ID="P69_ST00194" HPOS="824" VPOS="1466" WIDTH="93" HEIGHT="38" CONTENT="them," WC="0.63" CC="67004"/>
					</TextLine>
					<TextLine ID="P69_TL00025" HPOS="100" VPOS="1528" WIDTH="818" HEIGHT="41">
						<String ID="P69_ST00195" HPOS="100" VPOS="1531" WIDTH="63" HEIGHT="31" CONTENT="and" WC="0.47" CC="960"/>
						<SP ID="P69_SP00167" HPOS="163" VPOS="1562" WIDTH="21"/>
						<String ID="P69_ST00196" HPOS="184" VPOS="1530" WIDTH="126" HEIGHT="39" CONTENT="nobody" WC="0.69" CC="746000"/>
						<SP ID="P69_SP00168" HPOS="310" VPOS="1569" WIDTH="16"/>
						<String ID="P69_ST00197" HPOS="326" VPOS="1540" WIDTH="71" HEIGHT="20" CONTENT="ever" WC="0.88" CC="0004"/>
						<SP ID="P69_SP00169" HPOS="397" VPOS="1569" WIDTH="15"/>
						<String ID="P69_ST00198" HPOS="412" VPOS="1529" WIDTH="75" HEIGHT="31" CONTENT="cries" WC="0.77" CC="01404"/>
						<SP ID="P69_SP00170" HPOS="487" VPOS="1569" WIDTH="16"/>
						<String ID="P69_ST00199" HPOS="503" VPOS="1534" WIDTH="55" HEIGHT="26" CONTENT="out" WC="0.45" CC="177"/>
						<SP ID="P69_SP00171" HPOS="558" VPOS="1569" WIDTH="15"/>
						<String ID="P69_ST00200" HPOS="573" VPOS="1529" WIDTH="94" HEIGHT="30" CONTENT="about" WC="0.69" CC="00167"/>
						<SP ID="P69_SP00172" HPOS="667" VPOS="1569" WIDTH="22"/>
						<String ID="P69_ST00201" HPOS="689" VPOS="1528" WIDTH="99" HEIGHT="30" CONTENT="stolen" WC="0.70" CC="621006"/>
						<SP ID="P69_SP00173" HPOS="788" VPOS="1569" WIDTH="18"/>
						<String ID="P69_ST00202" HPOS="806" VPOS="1528" WIDTH="94" HEIGHT="41" CONTENT="goods" WC="0.95" CC="00002"/>
						<String ID="P69_ST00203" HPOS="911" VPOS="1540" WIDTH="7" HEIGHT="24" CONTENT=";" WC="1.00" CC="0"/>
					</TextLine>
				</TextBlock>
			</PrintSpace>
		</Page>
	</Layout>
</alto>
