<?xml version="1.0" encoding="UTF-8"?>
<alto xmlns:xsi="http://www.w3.org/2001/XMLSchema-instance" xsi:noNamespaceSchemaLocation="http://www.bl.uk/schemas/alto/alto-1-4.xsd" xmlns:xlink="http://www.w3.org/1999/xlink">
	<Description>
		<MeasurementUnit>mm10</MeasurementUnit>
		<sourceImageInformation>
			<fileName>//head1/IN/2007-46/A0010888503.2/009530.jp2</fileName>
		</sourceImageInformation>
		<OCRProcessing ID="OCRPROCESSING_1">
			<preProcessingStep>
				<processingSoftware>
					<softwareCreator>CCS Content Conversion Specialists GmbH, Germany</softwareCreator>
					<softwareName>CCS docWORKS</softwareName>
					<softwareVersion>6.1-0.61</softwareVersion>
				</processingSoftware>
			</preProcessingStep>
			<ocrProcessingStep>
				<processingSoftware>
					<softwareCreator>ABBYY (BIT Software), Russia</softwareCreator>
					<softwareName>Finereader</softwareName>
				</processingSoftware>
			</ocrProcessingStep>
		</OCRProcessing>
	</Description>
	<Styles>
		<TextStyle ID="TXT_0" FONTSIZE="11" FONTFAMILY="Courier New"/>
		<TextStyle ID="TXT_1" FONTSIZE="10" FONTFAMILY="Courier New"/>
		<ParagraphStyle ID="PAR_LEFT" ALIGN="Left"/>
		<ParagraphStyle ID="PAR_CENTER" ALIGN="Center"/>
	</Styles>
	<Layout>
		<Page ID="P322" PHYSICAL_IMG_NR="322" HEIGHT="1747" WIDTH="1132" PRINTED_IMG_NR="312" POSITION="Left" ACCURACY="71.28">
			<TopMargin ID="P322_TM00001" HPOS="0" VPOS="0" WIDTH="1131" HEIGHT="137">
				<TextBlock ID="P322_TB00001" HPOS="179" VPOS="110" WIDTH="52" HEIGHT="25" STYLEREFS="TXT_0 PAR_LEFT">
					<TextLine ID="P322_TL00001" HPOS="179" VPOS="110" WIDTH="52" HEIGHT="25">
						<String ID="P322_ST00001" HPOS="179" VPOS="110" WIDTH="52" HEIGHT="25" CONTENT="312" WC="1.00" CC="000"/>
					</TextLine>
				</TextBlock>
				<TextBlock ID="P322_TB00002" HPOS="409" VPOS="113" WIDTH="355" HEIGHT="22" STYLEREFS="TXT_1 PAR_CENTER">
					<TextLine ID="P322_TL00002" HPOS="410" VPOS="113" WIDTH="354" HEIGHT="22">
						<String ID="P322_ST00002" HPOS="410" VPOS="115" WIDTH="82" HEIGHT="20" CONTENT="LOVE" WC="0.69" CC="3062"/>
						<SP ID="P322_SP00001" HPOS="492" VPOS="135" WIDTH="24"/>
						<String ID="P322_ST00003" HPOS="516" VPOS="115" WIDTH="65" HEIGHT="20" CONTENT="THE" WC="0.79" CC="060"/>
						<SP ID="P322_SP00002" HPOS="581" VPOS="135" WIDTH="23"/>
						<String ID="P322_ST00004" HPOS="604" VPOS="113" WIDTH="160" HEIGHT="21" CONTENT="AVENGER." WC="0.58" CC="06506490"/>
					</TextLine>
				</TextBlock>
			</TopMargin>
			<LeftMargin ID="P322_LM00001" HPOS="0" VPOS="137" WIDTH="175" HEIGHT="1460"/>
			<RightMargin ID="P322_RM00001" HPOS="1010" VPOS="137" WIDTH="121" HEIGHT="1460"/>
			<BottomMargin ID="P322_BM00001" HPOS="0" VPOS="1597" WIDTH="1131" HEIGHT="149"/>
			<PrintSpace ID="P322_PS00001" HPOS="175" VPOS="137" WIDTH="835" HEIGHT="1460">
				<TextBlock ID="P322_TB00003" HPOS="176" VPOS="186" WIDTH="834" HEIGHT="119" STYLEREFS="TXT_1 PAR_LEFT">
					<TextLine ID="P322_TL00003" HPOS="177" VPOS="186" WIDTH="833" HEIGHT="47">
						<String ID="P322_ST00005" HPOS="177" VPOS="193" WIDTH="142" HEIGHT="30" CONTENT="shadows" WC="0.48" CC="6700695"/>
						<SP ID="P322_SP00003" HPOS="319" VPOS="223" WIDTH="16"/>
						<String ID="P322_ST00006" HPOS="335" VPOS="192" WIDTH="83" HEIGHT="41" CONTENT="only," WC="0.64" CC="35404"/>
						<SP ID="P322_SP00004" HPOS="418" VPOS="233" WIDTH="18"/>
						<String ID="P322_ST00007" HPOS="436" VPOS="191" WIDTH="62" HEIGHT="31" CONTENT="and" WC="0.77" CC="060"/>
						<SP ID="P322_SP00005" HPOS="498" VPOS="233" WIDTH="23"/>
						<String ID="P322_ST00008" HPOS="521" VPOS="191" WIDTH="101" HEIGHT="31" CONTENT="where" WC="0.77" CC="07040"/>
						<SP ID="P322_SP00006" HPOS="622" VPOS="233" WIDTH="21"/>
						<String ID="P322_ST00009" HPOS="643" VPOS="189" WIDTH="122" HEIGHT="32" CONTENT="burned" WC="0.70" CC="640700"/>
						<SP ID="P322_SP00007" HPOS="765" VPOS="233" WIDTH="15"/>
						<String ID="P322_ST00010" HPOS="780" VPOS="188" WIDTH="59" HEIGHT="32" CONTENT="but" WC="0.35" CC="666"/>
						<SP ID="P322_SP00008" HPOS="839" VPOS="233" WIDTH="15"/>
						<String ID="P322_ST00011" HPOS="854" VPOS="198" WIDTH="58" HEIGHT="21" CONTENT="one" WC="0.85" CC="040"/>
						<SP ID="P322_SP00009" HPOS="912" VPOS="233" WIDTH="16"/>
						<String ID="P322_ST00012" HPOS="928" VPOS="186" WIDTH="82" HEIGHT="43" CONTENT="light" WC="0.68" CC="00078"/>
					</TextLine>
					<TextLine ID="P322_TL00004" HPOS="177" VPOS="265" WIDTH="345" HEIGHT="40">
						<String ID="P322_ST00013" HPOS="177" VPOS="284" WIDTH="44" HEIGHT="4" CONTENT="—" WC="0.20" CC="8"/>
						<String ID="P322_ST00014" HPOS="221" VPOS="265" WIDTH="55" HEIGHT="31" CONTENT="her" WC="0.62" CC="703"/>
						<SP ID="P322_SP00010" HPOS="276" VPOS="296" WIDTH="15"/>
						<String ID="P322_ST00015" HPOS="291" VPOS="265" WIDTH="138" HEIGHT="40" CONTENT="hopeless" WC="0.76" CC="70004041"/>
						<SP ID="P322_SP00011" HPOS="429" VPOS="305" WIDTH="16"/>
						<String ID="P322_ST00016" HPOS="445" VPOS="265" WIDTH="77" HEIGHT="30" CONTENT="love." WC="0.76" CC="13700"/>
					</TextLine>
				</TextBlock>
				<TextBlock ID="P322_TB00004" HPOS="175" VPOS="324" WIDTH="833" HEIGHT="404" STYLEREFS="TXT_1 PAR_LEFT">
					<TextLine ID="P322_TL00005" HPOS="221" VPOS="324" WIDTH="787" HEIGHT="42">
						<String ID="P322_ST00017" HPOS="221" VPOS="326" WIDTH="30" HEIGHT="32" CONTENT="A" WC="1.00" CC="0"/>
						<SP ID="P322_SP00012" HPOS="251" VPOS="358" WIDTH="24"/>
						<String ID="P322_ST00018" HPOS="275" VPOS="327" WIDTH="118" HEIGHT="31" CONTENT="violent" WC="0.70" CC="5200066"/>
						<SP ID="P322_SP00013" HPOS="393" VPOS="358" WIDTH="22"/>
						<String ID="P322_ST00019" HPOS="415" VPOS="337" WIDTH="126" HEIGHT="26" CONTENT="scream," WC="0.60" CC="5040394"/>
						<SP ID="P322_SP00014" HPOS="541" VPOS="363" WIDTH="17"/>
						<String ID="P322_ST00020" HPOS="558" VPOS="325" WIDTH="144" HEIGHT="31" CONTENT="folloAved" WC="0.85" CC="000430040"/>
						<SP ID="P322_SP00015" HPOS="702" VPOS="363" WIDTH="23"/>
						<String ID="P322_ST00021" HPOS="725" VPOS="324" WIDTH="43" HEIGHT="42" CONTENT="by" WC="0.67" CC="60"/>
						<SP ID="P322_SP00016" HPOS="768" VPOS="366" WIDTH="23"/>
						<String ID="P322_ST00022" HPOS="791" VPOS="324" WIDTH="101" HEIGHT="42" CONTENT="sharp," WC="0.65" CC="370603"/>
						<SP ID="P322_SP00017" HPOS="892" VPOS="366" WIDTH="18"/>
						<String ID="P322_ST00023" HPOS="910" VPOS="334" WIDTH="98" HEIGHT="31" CONTENT="angry" WC="0.79" CC="07030"/>
					</TextLine>
					<TextLine ID="P322_TL00006" HPOS="178" VPOS="383" WIDTH="830" HEIGHT="47">
						<String ID="P322_ST00024" HPOS="178" VPOS="388" WIDTH="83" HEIGHT="38" CONTENT="cries," WC="0.66" CC="064062"/>
						<SP ID="P322_SP00018" HPOS="261" VPOS="426" WIDTH="14"/>
						<String ID="P322_ST00025" HPOS="275" VPOS="388" WIDTH="62" HEIGHT="32" CONTENT="and" WC="0.74" CC="070"/>
						<SP ID="P322_SP00019" HPOS="337" VPOS="426" WIDTH="15"/>
						<String ID="P322_ST00026" HPOS="352" VPOS="387" WIDTH="145" HEIGHT="43" CONTENT="repeated" WC="0.82" CC="00900400"/>
						<SP ID="P322_SP00020" HPOS="497" VPOS="430" WIDTH="17"/>
						<String ID="P322_ST00027" HPOS="514" VPOS="387" WIDTH="119" HEIGHT="31" CONTENT="shrieks" WC="0.61" CC="6760006"/>
						<SP ID="P322_SP00021" HPOS="633" VPOS="430" WIDTH="13"/>
						<String ID="P322_ST00028" HPOS="646" VPOS="387" WIDTH="33" HEIGHT="31" CONTENT="of" WC="0.91" CC="10"/>
						<SP ID="P322_SP00022" HPOS="679" VPOS="430" WIDTH="15"/>
						<String ID="P322_ST00029" HPOS="694" VPOS="389" WIDTH="18" HEIGHT="13" CONTENT='"' WC="0.57" CC="4"/>
						<SP ID="P322_SP00023" HPOS="712" VPOS="430" WIDTH="10"/>
						<String ID="P322_ST00030" HPOS="722" VPOS="387" WIDTH="109" HEIGHT="31" CONTENT="Victor" WC="0.59" CC="730462"/>
						<SP ID="P322_SP00024" HPOS="831" VPOS="430" WIDTH="12"/>
						<String ID="P322_ST00031" HPOS="843" VPOS="388" WIDTH="6" HEIGHT="30" CONTENT="!" WC="1.00" CC="0"/>
						<SP ID="P322_SP00025" HPOS="849" VPOS="430" WIDTH="17"/>
						<String ID="P322_ST00032" HPOS="866" VPOS="383" WIDTH="142" HEIGHT="34" CONTENT='Victor!"' WC="0.61" CC="73051606"/>
					</TextLine>
					<TextLine ID="P322_TL00007" HPOS="177" VPOS="448" WIDTH="831" HEIGHT="40">
						<String ID="P322_ST00033" HPOS="177" VPOS="451" WIDTH="149" HEIGHT="37" CONTENT="sounded," WC="0.67" CC="61760004"/>
						<SP ID="P322_SP00026" HPOS="326" VPOS="488" WIDTH="18"/>
						<String ID="P322_ST00034" HPOS="344" VPOS="462" WIDTH="32" HEIGHT="19" CONTENT="as" WC="0.63" CC="07"/>
						<SP ID="P322_SP00027" HPOS="376" VPOS="488" WIDTH="16"/>
						<String ID="P322_ST00035" HPOS="392" VPOS="451" WIDTH="26" HEIGHT="30" CONTENT="it" WC="0.67" CC="05"/>
						<SP ID="P322_SP00028" HPOS="418" VPOS="488" WIDTH="15"/>
						<String ID="P322_ST00036" HPOS="433" VPOS="450" WIDTH="131" HEIGHT="37" CONTENT="seemed," WC="0.90" CC="3000003"/>
						<SP ID="P322_SP00029" HPOS="564" VPOS="488" WIDTH="18"/>
						<String ID="P322_ST00037" HPOS="582" VPOS="449" WIDTH="80" HEIGHT="32" CONTENT="close" WC="0.71" CC="07060"/>
						<SP ID="P322_SP00030" HPOS="662" VPOS="488" WIDTH="15"/>
						<String ID="P322_ST00038" HPOS="677" VPOS="453" WIDTH="33" HEIGHT="27" CONTENT="to" WC="0.98" CC="00"/>
						<SP ID="P322_SP00031" HPOS="710" VPOS="488" WIDTH="17"/>
						<String ID="P322_ST00039" HPOS="727" VPOS="449" WIDTH="55" HEIGHT="31" CONTENT="her" WC="0.60" CC="704"/>
						<SP ID="P322_SP00032" HPOS="782" VPOS="488" WIDTH="16"/>
						<String ID="P322_ST00040" HPOS="798" VPOS="460" WIDTH="58" HEIGHT="26" CONTENT="ear," WC="0.78" CC="0044"/>
						<SP ID="P322_SP00033" HPOS="856" VPOS="488" WIDTH="19"/>
						<String ID="P322_ST00041" HPOS="875" VPOS="448" WIDTH="63" HEIGHT="32" CONTENT="and" WC="0.80" CC="060"/>
						<SP ID="P322_SP00034" HPOS="938" VPOS="488" WIDTH="16"/>
						<String ID="P322_ST00042" HPOS="954" VPOS="448" WIDTH="54" HEIGHT="31" CONTENT="she" WC="0.51" CC="571"/>
					</TextLine>
					<TextLine ID="P322_TL00008" HPOS="177" VPOS="510" WIDTH="831" HEIGHT="43">
						<String ID="P322_ST00043" HPOS="177" VPOS="514" WIDTH="132" HEIGHT="30" CONTENT="blushed" WC="0.73" CC="7030700"/>
						<SP ID="P322_SP00035" HPOS="309" VPOS="544" WIDTH="23"/>
						<String ID="P322_ST00044" HPOS="332" VPOS="514" WIDTH="33" HEIGHT="30" CONTENT="in" WC="0.67" CC="06"/>
						<SP ID="P322_SP00036" HPOS="365" VPOS="544" WIDTH="27"/>
						<String ID="P322_ST00045" HPOS="392" VPOS="513" WIDTH="55" HEIGHT="30" CONTENT="her" WC="0.51" CC="707"/>
						<SP ID="P322_SP00037" HPOS="447" VPOS="544" WIDTH="23"/>
						<String ID="P322_ST00046" HPOS="470" VPOS="514" WIDTH="116" HEIGHT="29" CONTENT="inmost" WC="0.52" CC="079146"/>
						<SP ID="P322_SP00038" HPOS="586" VPOS="544" WIDTH="27"/>
						<String ID="P322_ST00047" HPOS="613" VPOS="512" WIDTH="67" HEIGHT="31" CONTENT="soul" WC="0.73" CC="3060"/>
						<SP ID="P322_SP00039" HPOS="680" VPOS="544" WIDTH="22"/>
						<String ID="P322_ST00048" HPOS="702" VPOS="512" WIDTH="49" HEIGHT="30" CONTENT="for" WC="0.82" CC="022"/>
						<SP ID="P322_SP00040" HPOS="751" VPOS="544" WIDTH="21"/>
						<String ID="P322_ST00049" HPOS="772" VPOS="512" WIDTH="54" HEIGHT="30" CONTENT="the" WC="0.57" CC="650"/>
						<SP ID="P322_SP00041" HPOS="826" VPOS="544" WIDTH="24"/>
						<String ID="P322_ST00050" HPOS="850" VPOS="510" WIDTH="158" HEIGHT="43" CONTENT="cowardly" WC="0.90" CC="02005000"/>
					</TextLine>
					<TextLine ID="P322_TL00009" HPOS="176" VPOS="574" WIDTH="832" HEIGHT="42">
						<String ID="P322_ST00051" HPOS="176" VPOS="576" WIDTH="88" HEIGHT="31" CONTENT="heart" WC="0.69" CC="70061"/>
						<SP ID="P322_SP00042" HPOS="264" VPOS="607" WIDTH="15"/>
						<String ID="P322_ST00052" HPOS="279" VPOS="575" WIDTH="69" HEIGHT="32" CONTENT="that" WC="0.57" CC="3706"/>
						<SP ID="P322_SP00043" HPOS="348" VPOS="607" WIDTH="16"/>
						<String ID="P322_ST00053" HPOS="364" VPOS="575" WIDTH="90" HEIGHT="31" CONTENT="could" WC="0.66" CC="02670"/>
						<SP ID="P322_SP00044" HPOS="454" VPOS="607" WIDTH="15"/>
						<String ID="P322_ST00054" HPOS="469" VPOS="580" WIDTH="56" HEIGHT="26" CONTENT="not" WC="0.49" CC="806"/>
						<SP ID="P322_SP00045" HPOS="525" VPOS="607" WIDTH="15"/>
						<String ID="P322_ST00055" HPOS="540" VPOS="579" WIDTH="83" HEIGHT="26" CONTENT="meet" WC="0.89" CC="0004"/>
						<SP ID="P322_SP00046" HPOS="623" VPOS="607" WIDTH="16"/>
						<String ID="P322_ST00056" HPOS="639" VPOS="575" WIDTH="94" HEIGHT="30" CONTENT="death" WC="0.74" CC="00057"/>
						<SP ID="P322_SP00047" HPOS="733" VPOS="607" WIDTH="15"/>
						<String ID="P322_ST00057" HPOS="748" VPOS="574" WIDTH="144" HEIGHT="42" CONTENT="proudly," WC="0.76" CC="05070600"/>
						<SP ID="P322_SP00048" HPOS="892" VPOS="616" WIDTH="15"/>
						<String ID="P322_ST00058" HPOS="907" VPOS="574" WIDTH="101" HEIGHT="41" CONTENT="dying" WC="0.88" CC="00050"/>
					</TextLine>
					<TextLine ID="P322_TL00010" HPOS="176" VPOS="635" WIDTH="829" HEIGHT="43">
						<String ID="P322_ST00059" HPOS="176" VPOS="637" WIDTH="42" HEIGHT="41" CONTENT="by" WC="0.63" CC="70"/>
						<SP ID="P322_SP00049" HPOS="218" VPOS="678" WIDTH="25"/>
						<String ID="P322_ST00060" HPOS="243" VPOS="636" WIDTH="49" HEIGHT="31" CONTENT="his" WC="0.64" CC="702"/>
						<SP ID="P322_SP00050" HPOS="292" VPOS="678" WIDTH="26"/>
						<String ID="P322_ST00061" HPOS="318" VPOS="636" WIDTH="73" HEIGHT="31" CONTENT="side." WC="0.94" CC="20000"/>
						<SP ID="P322_SP00051" HPOS="391" VPOS="678" WIDTH="46"/>
						<String ID="P322_ST00062" HPOS="437" VPOS="636" WIDTH="82" HEIGHT="32" CONTENT="How" WC="0.67" CC="450"/>
						<SP ID="P322_SP00052" HPOS="519" VPOS="678" WIDTH="23"/>
						<String ID="P322_ST00063" HPOS="542" VPOS="636" WIDTH="93" HEIGHT="31" CONTENT="much" WC="0.62" CC="0707"/>
						<SP ID="P322_SP00053" HPOS="635" VPOS="678" WIDTH="32"/>
						<String ID="P322_ST00064" HPOS="667" VPOS="636" WIDTH="102" HEIGHT="31" CONTENT="better" WC="0.79" CC="005006"/>
						<SP ID="P322_SP00054" HPOS="769" VPOS="678" WIDTH="30"/>
						<String ID="P322_ST00065" HPOS="799" VPOS="635" WIDTH="63" HEIGHT="39" CONTENT="she," WC="0.60" CC="4703"/>
						<SP ID="P322_SP00055" HPOS="862" VPOS="678" WIDTH="33"/>
						<String ID="P322_ST00066" HPOS="895" VPOS="635" WIDTH="110" HEIGHT="38" CONTENT="Claire," WC="0.67" CC="3800603"/>
					</TextLine>
					<TextLine ID="P322_TL00011" HPOS="177" VPOS="698" WIDTH="569" HEIGHT="30">
						<String ID="P322_ST00067" HPOS="177" VPOS="698" WIDTH="90" HEIGHT="30" CONTENT="loved" WC="0.78" CC="14400"/>
						<SP ID="P322_SP00056" HPOS="267" VPOS="728" WIDTH="16"/>
						<String ID="P322_ST00068" HPOS="283" VPOS="698" WIDTH="65" HEIGHT="30" CONTENT="him" WC="0.25" CC="777"/>
						<SP ID="P322_SP00057" HPOS="348" VPOS="728" WIDTH="15"/>
						<String ID="P322_ST00069" HPOS="363" VPOS="698" WIDTH="77" HEIGHT="30" CONTENT="than" WC="0.27" CC="6777"/>
						<SP ID="P322_SP00058" HPOS="440" VPOS="728" WIDTH="17"/>
						<String ID="P322_ST00070" HPOS="457" VPOS="698" WIDTH="53" HEIGHT="30" CONTENT="did" WC="1.00" CC="000"/>
						<SP ID="P322_SP00059" HPOS="510" VPOS="728" WIDTH="15"/>
						<String ID="P322_ST00071" HPOS="525" VPOS="698" WIDTH="63" HEIGHT="30" CONTENT="this" WC="0.46" CC="7706"/>
						<SP ID="P322_SP00060" HPOS="588" VPOS="728" WIDTH="16"/>
						<String ID="P322_ST00072" HPOS="604" VPOS="709" WIDTH="123" HEIGHT="19" CONTENT="woman" WC="0.65" CC="90007"/>
						<SP ID="P322_SP00061" HPOS="727" VPOS="728" WIDTH="14"/>
						<String ID="P322_ST00073" HPOS="741" VPOS="699" WIDTH="5" HEIGHT="29" CONTENT="!" WC="1.00" CC="0"/>
					</TextLine>
				</TextBlock>
				<TextBlock ID="P322_TB00005" HPOS="175" VPOS="759" WIDTH="832" HEIGHT="286" STYLEREFS="TXT_1 PAR_LEFT">
					<TextLine ID="P322_TL00012" HPOS="220" VPOS="759" WIDTH="787" HEIGHT="31">
						<String ID="P322_ST00074" HPOS="220" VPOS="759" WIDTH="50" HEIGHT="31" CONTENT="No" WC="1.00" CC="00"/>
						<SP ID="P322_SP00062" HPOS="270" VPOS="790" WIDTH="23"/>
						<String ID="P322_ST00075" HPOS="293" VPOS="770" WIDTH="56" HEIGHT="20" CONTENT="one" WC="0.69" CC="260"/>
						<SP ID="P322_SP00063" HPOS="349" VPOS="790" WIDTH="21"/>
						<String ID="P322_ST00076" HPOS="370" VPOS="760" WIDTH="33" HEIGHT="29" CONTENT="in" WC="0.47" CC="46"/>
						<SP ID="P322_SP00064" HPOS="403" VPOS="790" WIDTH="22"/>
						<String ID="P322_ST00077" HPOS="425" VPOS="759" WIDTH="54" HEIGHT="31" CONTENT="the" WC="0.70" CC="170"/>
						<SP ID="P322_SP00065" HPOS="479" VPOS="790" WIDTH="22"/>
						<String ID="P322_ST00078" HPOS="501" VPOS="759" WIDTH="247" HEIGHT="31" CONTENT="terror-stricken" WC="0.77" CC="703514004000007"/>
						<SP ID="P322_SP00066" HPOS="748" VPOS="790" WIDTH="20"/>
						<String ID="P322_ST00079" HPOS="768" VPOS="759" WIDTH="103" HEIGHT="31" CONTENT="crowd" WC="0.91" CC="04000"/>
						<SP ID="P322_SP00067" HPOS="871" VPOS="790" WIDTH="15"/>
						<String ID="P322_ST00080" HPOS="886" VPOS="759" WIDTH="121" HEIGHT="31" CONTENT="heeded" WC="0.88" CC="700000"/>
					</TextLine>
					<TextLine ID="P322_TL00013" HPOS="177" VPOS="820" WIDTH="830" HEIGHT="37">
						<String ID="P322_ST00081" HPOS="177" VPOS="820" WIDTH="85" HEIGHT="31" CONTENT="these" WC="0.73" CC="57000"/>
						<SP ID="P322_SP00068" HPOS="262" VPOS="851" WIDTH="25"/>
						<String ID="P322_ST00082" HPOS="287" VPOS="831" WIDTH="139" HEIGHT="26" CONTENT="screams," WC="0.80" CC="30200053"/>
						<SP ID="P322_SP00069" HPOS="426" VPOS="857" WIDTH="18"/>
						<String ID="P322_ST00083" HPOS="444" VPOS="831" WIDTH="34" HEIGHT="20" CONTENT="or" WC="0.84" CC="02"/>
						<SP ID="P322_SP00070" HPOS="478" VPOS="857" WIDTH="25"/>
						<String ID="P322_ST00084" HPOS="503" VPOS="820" WIDTH="97" HEIGHT="31" CONTENT="heard" WC="0.68" CC="70710"/>
						<SP ID="P322_SP00071" HPOS="600" VPOS="857" WIDTH="30"/>
						<String ID="P322_ST00085" HPOS="630" VPOS="820" WIDTH="93" HEIGHT="31" CONTENT="them." WC="0.80" CC="27000"/>
						<SP ID="P322_SP00072" HPOS="723" VPOS="857" WIDTH="60"/>
						<String ID="P322_ST00086" HPOS="783" VPOS="820" WIDTH="100" HEIGHT="31" CONTENT="Claire" WC="0.79" CC="700050"/>
						<SP ID="P322_SP00073" HPOS="883" VPOS="857" WIDTH="27"/>
						<String ID="P322_ST00087" HPOS="910" VPOS="820" WIDTH="97" HEIGHT="31" CONTENT="heard" WC="0.72" CC="70060"/>
					</TextLine>
					<TextLine ID="P322_TL00014" HPOS="177" VPOS="881" WIDTH="830" HEIGHT="42">
						<String ID="P322_ST00088" HPOS="177" VPOS="881" WIDTH="94" HEIGHT="37" CONTENT="them," WC="0.78" CC="07003"/>
						<SP ID="P322_SP00074" HPOS="271" VPOS="918" WIDTH="26"/>
						<String ID="P322_ST00089" HPOS="297" VPOS="881" WIDTH="62" HEIGHT="30" CONTENT="and" WC="0.78" CC="060"/>
						<SP ID="P322_SP00075" HPOS="359" VPOS="918" WIDTH="25"/>
						<String ID="P322_ST00090" HPOS="384" VPOS="892" WIDTH="62" HEIGHT="19" CONTENT="saAV" WC="0.68" CC="5007"/>
						<SP ID="P322_SP00076" HPOS="446" VPOS="918" WIDTH="27"/>
						<String ID="P322_ST00091" HPOS="473" VPOS="881" WIDTH="113" HEIGHT="31" CONTENT="Berthe" WC="0.62" CC="602670"/>
						<SP ID="P322_SP00077" HPOS="586" VPOS="918" WIDTH="27"/>
						<String ID="P322_ST00092" HPOS="613" VPOS="882" WIDTH="39" HEIGHT="30" CONTENT="de" WC="1.00" CC="00"/>
						<SP ID="P322_SP00078" HPOS="652" VPOS="918" WIDTH="28"/>
						<String ID="P322_ST00093" HPOS="680" VPOS="881" WIDTH="189" HEIGHT="31" CONTENT="Mottefort's" WC="0.70" CC="01540054605"/>
						<SP ID="P322_SP00079" HPOS="869" VPOS="918" WIDTH="31"/>
						<String ID="P322_ST00094" HPOS="900" VPOS="882" WIDTH="107" HEIGHT="41" CONTENT="panic" SUBS_TYPE="HypPart1" SUBS_CONTENT="panicmarked" WC="0.78" CC="006204"/>
						<HYP CONTENT="-"/>
					</TextLine>
					<TextLine ID="P322_TL00015" HPOS="176" VPOS="943" WIDTH="831" HEIGHT="36">
						<String ID="P322_ST00095" HPOS="176" VPOS="943" WIDTH="128" HEIGHT="30" CONTENT="marked" SUBS_TYPE="HypPart2" SUBS_CONTENT="panicmarked" WC="0.82" CC="802000"/>
						<SP ID="P322_SP00080" HPOS="304" VPOS="973" WIDTH="15"/>
						<String ID="P322_ST00096" HPOS="319" VPOS="943" WIDTH="65" HEIGHT="30" CONTENT="face" WC="0.86" CC="5000"/>
						<SP ID="P322_SP00081" HPOS="384" VPOS="973" WIDTH="28"/>
						<String ID="P322_ST00097" HPOS="412" VPOS="954" WIDTH="32" HEIGHT="19" CONTENT="as" WC="0.85" CC="02"/>
						<SP ID="P322_SP00082" HPOS="444" VPOS="973" WIDTH="24"/>
						<String ID="P322_ST00098" HPOS="468" VPOS="943" WIDTH="52" HEIGHT="30" CONTENT="she" WC="0.55" CC="570"/>
						<SP ID="P322_SP00083" HPOS="520" VPOS="973" WIDTH="24"/>
						<String ID="P322_ST00099" HPOS="544" VPOS="943" WIDTH="161" HEIGHT="36" CONTENT="struggled" WC="0.83" CC="350500000"/>
						<SP ID="P322_SP00084" HPOS="705" VPOS="979" WIDTH="22"/>
						<String ID="P322_ST00100" HPOS="727" VPOS="944" WIDTH="35" HEIGHT="29" CONTENT="in" WC="0.63" CC="07"/>
						<SP ID="P322_SP00085" HPOS="762" VPOS="979" WIDTH="22"/>
						<String ID="P322_ST00101" HPOS="784" VPOS="943" WIDTH="54" HEIGHT="31" CONTENT="the" WC="0.63" CC="370"/>
						<SP ID="P322_SP00086" HPOS="838" VPOS="979" WIDTH="21"/>
						<String ID="P322_ST00102" HPOS="859" VPOS="943" WIDTH="97" HEIGHT="31" CONTENT="midst" WC="0.74" CC="00065"/>
						<SP ID="P322_SP00087" HPOS="956" VPOS="979" WIDTH="21"/>
						<String ID="P322_ST00103" HPOS="977" VPOS="943" WIDTH="30" HEIGHT="31" CONTENT="of" WC="0.66" CC="15"/>
					</TextLine>
					<TextLine ID="P322_TL00016" HPOS="176" VPOS="1004" WIDTH="309" HEIGHT="41">
						<String ID="P322_ST00104" HPOS="176" VPOS="1004" WIDTH="53" HEIGHT="30" CONTENT="the" WC="0.64" CC="370"/>
						<SP ID="P322_SP00088" HPOS="229" VPOS="1034" WIDTH="15"/>
						<String ID="P322_ST00105" HPOS="244" VPOS="1004" WIDTH="110" HEIGHT="41" CONTENT="falling" WC="0.70" CC="0064162"/>
						<SP ID="P322_SP00089" HPOS="354" VPOS="1045" WIDTH="11"/>
						<String ID="P322_ST00106" HPOS="365" VPOS="1004" WIDTH="120" HEIGHT="41" CONTENT="throng." WC="0.51" CC="6750490"/>
					</TextLine>
				</TextBlock>
				<TextBlock ID="P322_TB00006" HPOS="176" VPOS="1065" WIDTH="833" HEIGHT="398" STYLEREFS="TXT_1 PAR_LEFT">
					<TextLine ID="P322_TL00017" HPOS="221" VPOS="1065" WIDTH="787" HEIGHT="45">
						<String ID="P322_ST00107" HPOS="221" VPOS="1065" WIDTH="63" HEIGHT="30" CONTENT="The" WC="0.75" CC="070"/>
						<SP ID="P322_SP00090" HPOS="284" VPOS="1095" WIDTH="16"/>
						<String ID="P322_ST00108" HPOS="300" VPOS="1066" WIDTH="182" HEIGHT="42" CONTENT="scaffolding" WC="0.68" CC="44000060459"/>
						<SP ID="P322_SP00091" HPOS="482" VPOS="1108" WIDTH="15"/>
						<String ID="P322_ST00109" HPOS="497" VPOS="1066" WIDTH="35" HEIGHT="31" CONTENT="of" WC="1.00" CC="00"/>
						<SP ID="P322_SP00092" HPOS="532" VPOS="1108" WIDTH="19"/>
						<String ID="P322_ST00110" HPOS="551" VPOS="1066" WIDTH="52" HEIGHT="31" CONTENT="the" WC="0.51" CC="770"/>
						<SP ID="P322_SP00093" HPOS="603" VPOS="1108" WIDTH="21"/>
						<String ID="P322_ST00111" HPOS="624" VPOS="1066" WIDTH="157" HEIGHT="32" CONTENT="left-hand" WC="0.68" CC="053407070"/>
						<SP ID="P322_SP00094" HPOS="781" VPOS="1108" WIDTH="15"/>
						<String ID="P322_ST00112" HPOS="796" VPOS="1067" WIDTH="93" HEIGHT="43" CONTENT="Aving," WC="0.78" CC="040601"/>
						<SP ID="P322_SP00095" HPOS="889" VPOS="1110" WIDTH="17"/>
						<String ID="P322_ST00113" HPOS="906" VPOS="1068" WIDTH="102" HEIGHT="31" CONTENT="where" WC="0.73" CC="07023"/>
					</TextLine>
					<TextLine ID="P322_TL00018" HPOS="178" VPOS="1127" WIDTH="831" HEIGHT="45">
						<String ID="P322_ST00114" HPOS="178" VPOS="1127" WIDTH="99" HEIGHT="30" CONTENT="Claire" WC="0.80" CC="650000"/>
						<SP ID="P322_SP00096" HPOS="277" VPOS="1157" WIDTH="30"/>
						<String ID="P322_ST00115" HPOS="307" VPOS="1127" WIDTH="63" HEIGHT="31" CONTENT="had" WC="0.75" CC="700"/>
						<SP ID="P322_SP00097" HPOS="370" VPOS="1158" WIDTH="26"/>
						<String ID="P322_ST00116" HPOS="396" VPOS="1127" WIDTH="78" HEIGHT="32" CONTENT="been" WC="0.75" CC="1106"/>
						<SP ID="P322_SP00098" HPOS="474" VPOS="1159" WIDTH="30"/>
						<String ID="P322_ST00117" HPOS="504" VPOS="1128" WIDTH="114" HEIGHT="37" CONTENT="seated," WC="0.81" CC="3006003"/>
						<SP ID="P322_SP00099" HPOS="618" VPOS="1165" WIDTH="32"/>
						<String ID="P322_ST00118" HPOS="650" VPOS="1129" WIDTH="63" HEIGHT="31" CONTENT="had" WC="0.75" CC="700"/>
						<SP ID="P322_SP00100" HPOS="713" VPOS="1165" WIDTH="30"/>
						<String ID="P322_ST00119" HPOS="743" VPOS="1134" WIDTH="56" HEIGHT="26" CONTENT="not" WC="0.53" CC="517"/>
						<SP ID="P322_SP00101" HPOS="799" VPOS="1165" WIDTH="29"/>
						<String ID="P322_ST00120" HPOS="828" VPOS="1134" WIDTH="56" HEIGHT="37" CONTENT="yet" WC="0.80" CC="006"/>
						<SP ID="P322_SP00102" HPOS="884" VPOS="1171" WIDTH="29"/>
						<String ID="P322_ST00121" HPOS="913" VPOS="1131" WIDTH="96" HEIGHT="41" CONTENT="given" WC="0.79" CC="02403"/>
					</TextLine>
					<TextLine ID="P322_TL00019" HPOS="177" VPOS="1189" WIDTH="832" HEIGHT="44">
						<String ID="P322_ST00122" HPOS="177" VPOS="1199" WIDTH="70" HEIGHT="30" CONTENT="way" WC="1.00" CC="000"/>
						<String ID="P322_ST00123" HPOS="259" VPOS="1200" WIDTH="7" HEIGHT="25" CONTENT=";" WC="1.00" CC="0"/>
						<SP ID="P322_SP00103" HPOS="266" VPOS="1229" WIDTH="24"/>
						<String ID="P322_ST00124" HPOS="290" VPOS="1199" WIDTH="32" HEIGHT="20" CONTENT="so" WC="0.73" CC="50"/>
						<SP ID="P322_SP00104" HPOS="322" VPOS="1229" WIDTH="23"/>
						<String ID="P322_ST00125" HPOS="345" VPOS="1189" WIDTH="77" HEIGHT="37" CONTENT="that," WC="0.55" CC="57053"/>
						<SP ID="P322_SP00105" HPOS="422" VPOS="1229" WIDTH="25"/>
						<String ID="P322_ST00126" HPOS="447" VPOS="1190" WIDTH="43" HEIGHT="41" CONTENT="by" WC="0.63" CC="70"/>
						<SP ID="P322_SP00106" HPOS="490" VPOS="1231" WIDTH="20"/>
						<String ID="P322_ST00127" HPOS="510" VPOS="1190" WIDTH="126" HEIGHT="42" CONTENT="leaning" WC="0.79" CC="0007070"/>
						<SP ID="P322_SP00107" HPOS="636" VPOS="1232" WIDTH="23"/>
						<String ID="P322_ST00128" HPOS="659" VPOS="1191" WIDTH="123" HEIGHT="41" CONTENT="against" WC="0.63" CC="0800745"/>
						<SP ID="P322_SP00108" HPOS="782" VPOS="1232" WIDTH="26"/>
						<String ID="P322_ST00129" HPOS="808" VPOS="1191" WIDTH="54" HEIGHT="31" CONTENT="the" WC="0.54" CC="670"/>
						<SP ID="P322_SP00109" HPOS="862" VPOS="1232" WIDTH="22"/>
						<String ID="P322_ST00130" HPOS="884" VPOS="1192" WIDTH="71" HEIGHT="41" CONTENT="pole" WC="0.88" CC="0130"/>
						<SP ID="P322_SP00110" HPOS="955" VPOS="1233" WIDTH="21"/>
						<String ID="P322_ST00131" HPOS="976" VPOS="1193" WIDTH="33" HEIGHT="30" CONTENT="in" WC="0.53" CC="26"/>
					</TextLine>
					<TextLine ID="P322_TL00020" HPOS="177" VPOS="1249" WIDTH="832" HEIGHT="49">
						<String ID="P322_ST00132" HPOS="177" VPOS="1249" WIDTH="54" HEIGHT="32" CONTENT="the" WC="0.75" CC="070"/>
						<SP ID="P322_SP00111" HPOS="231" VPOS="1281" WIDTH="30"/>
						<String ID="P322_ST00133" HPOS="261" VPOS="1261" WIDTH="107" HEIGHT="20" CONTENT="corner" WC="0.74" CC="004603"/>
						<SP ID="P322_SP00112" HPOS="368" VPOS="1281" WIDTH="30"/>
						<String ID="P322_ST00134" HPOS="398" VPOS="1252" WIDTH="33" HEIGHT="29" CONTENT="of" WC="0.88" CC="20"/>
						<SP ID="P322_SP00113" HPOS="431" VPOS="1281" WIDTH="28"/>
						<String ID="P322_ST00135" HPOS="459" VPOS="1252" WIDTH="70" HEIGHT="30" CONTENT="that" WC="0.52" CC="5705"/>
						<SP ID="P322_SP00114" HPOS="529" VPOS="1282" WIDTH="30"/>
						<String ID="P322_ST00136" HPOS="559" VPOS="1258" WIDTH="238" HEIGHT="35" CONTENT="compartment," WC="0.79" CC="000002600653"/>
						<SP ID="P322_SP00115" HPOS="797" VPOS="1293" WIDTH="30"/>
						<String ID="P322_ST00137" HPOS="827" VPOS="1254" WIDTH="55" HEIGHT="31" CONTENT="she" WC="0.65" CC="270"/>
						<SP ID="P322_SP00116" HPOS="882" VPOS="1293" WIDTH="24"/>
						<String ID="P322_ST00138" HPOS="906" VPOS="1255" WIDTH="103" HEIGHT="43" CONTENT="might" WC="0.62" CC="04076"/>
					</TextLine>
					<TextLine ID="P322_TL00021" HPOS="178" VPOS="1311" WIDTH="831" HEIGHT="47">
						<String ID="P322_ST00139" HPOS="178" VPOS="1311" WIDTH="64" HEIGHT="31" CONTENT="still" WC="0.60" CC="64350"/>
						<SP ID="P322_SP00117" HPOS="242" VPOS="1342" WIDTH="26"/>
						<String ID="P322_ST00140" HPOS="268" VPOS="1312" WIDTH="152" HEIGHT="30" CONTENT="maintain" WC="0.75" CC="00075006"/>
						<SP ID="P322_SP00118" HPOS="420" VPOS="1342" WIDTH="18"/>
						<String ID="P322_ST00141" HPOS="438" VPOS="1313" WIDTH="55" HEIGHT="30" CONTENT="her" WC="0.64" CC="703"/>
						<SP ID="P322_SP00119" HPOS="493" VPOS="1343" WIDTH="260"/>
						<String ID="P322_ST00142" HPOS="753" VPOS="1315" WIDTH="63" HEIGHT="31" CONTENT="and" WC="0.75" CC="070"/>
						<SP ID="P322_SP00120" HPOS="816" VPOS="1346" WIDTH="24"/>
						<String ID="P322_ST00143" HPOS="840" VPOS="1316" WIDTH="72" HEIGHT="42" CONTENT="give" WC="0.59" CC="9070"/>
						<SP ID="P322_SP00121" HPOS="912" VPOS="1358" WIDTH="21"/>
						<String ID="P322_ST00144" HPOS="933" VPOS="1317" WIDTH="76" HEIGHT="31" CONTENT="time" WC="0.88" CC="0103"/>
					</TextLine>
					<TextLine ID="P322_TL00022" HPOS="177" VPOS="1372" WIDTH="832" HEIGHT="38">
						<String ID="P322_ST00145" HPOS="177" VPOS="1372" WIDTH="48" HEIGHT="31" CONTENT="for" WC="0.68" CC="404"/>
						<SP ID="P322_SP00122" HPOS="225" VPOS="1403" WIDTH="33"/>
						<String ID="P322_ST00146" HPOS="258" VPOS="1384" WIDTH="83" HEIGHT="19" CONTENT="some" WC="0.87" CC="2002"/>
						<SP ID="P322_SP00123" HPOS="341" VPOS="1403" WIDTH="40"/>
						<String ID="P322_ST00147" HPOS="381" VPOS="1375" WIDTH="197" HEIGHT="31" CONTENT="contrivance" WC="0.70" CC="30336040630"/>
						<SP ID="P322_SP00124" HPOS="578" VPOS="1406" WIDTH="42"/>
						<String ID="P322_ST00148" HPOS="620" VPOS="1376" WIDTH="81" HEIGHT="31" CONTENT="from" WC="0.81" CC="3300"/>
						<SP ID="P322_SP00125" HPOS="701" VPOS="1407" WIDTH="35"/>
						<String ID="P322_ST00149" HPOS="736" VPOS="1377" WIDTH="101" HEIGHT="31" CONTENT="beloAV" WC="0.79" CC="700500"/>
						<SP ID="P322_SP00126" HPOS="837" VPOS="1408" WIDTH="30"/>
						<String ID="P322_ST00150" HPOS="867" VPOS="1383" WIDTH="33" HEIGHT="26" CONTENT="to" WC="1.00" CC="00"/>
						<SP ID="P322_SP00127" HPOS="900" VPOS="1409" WIDTH="38"/>
						<String ID="P322_ST00151" HPOS="938" VPOS="1390" WIDTH="71" HEIGHT="20" CONTENT="save" WC="0.84" CC="5010"/>
					</TextLine>
					<TextLine ID="P322_TL00023" HPOS="179" VPOS="1433" WIDTH="62" HEIGHT="30">
						<String ID="P322_ST00152" HPOS="179" VPOS="1433" WIDTH="62" HEIGHT="30" CONTENT="her." WC="0.59" CC="7062"/>
					</TextLine>
				</TextBlock>
				<TextBlock ID="P322_TB00007" HPOS="179" VPOS="1495" WIDTH="831" HEIGHT="102" STYLEREFS="TXT_1 PAR_LEFT">
					<TextLine ID="P322_TL00024" HPOS="222" VPOS="1495" WIDTH="788" HEIGHT="45">
						<String ID="P322_ST00153" HPOS="222" VPOS="1495" WIDTH="63" HEIGHT="31" CONTENT="But" WC="0.42" CC="745"/>
						<SP ID="P322_SP00128" HPOS="285" VPOS="1526" WIDTH="31"/>
						<String ID="P322_ST00154" HPOS="316" VPOS="1496" WIDTH="121" HEIGHT="31" CONTENT="Claire's" WC="0.70" CC="60054024"/>
						<SP ID="P322_SP00129" HPOS="437" VPOS="1527" WIDTH="31"/>
						<String ID="P322_ST00155" HPOS="468" VPOS="1497" WIDTH="151" HEIGHT="43" CONTENT="thoughts" WC="0.46" CC="47376734"/>
						<SP ID="P322_SP00130" HPOS="619" VPOS="1540" WIDTH="31"/>
						<String ID="P322_ST00156" HPOS="650" VPOS="1511" WIDTH="79" HEIGHT="19" CONTENT="were" WC="0.90" CC="0030"/>
						<SP ID="P322_SP00131" HPOS="729" VPOS="1540" WIDTH="36"/>
						<String ID="P322_ST00157" HPOS="765" VPOS="1506" WIDTH="56" HEIGHT="26" CONTENT="not" WC="0.59" CC="506"/>
						<SP ID="P322_SP00132" HPOS="821" VPOS="1540" WIDTH="34"/>
						<String ID="P322_ST00158" HPOS="855" VPOS="1502" WIDTH="84" HEIGHT="31" CONTENT="fixed" WC="0.81" CC="00900"/>
						<SP ID="P322_SP00133" HPOS="939" VPOS="1540" WIDTH="33"/>
						<String ID="P322_ST00159" HPOS="972" VPOS="1514" WIDTH="38" HEIGHT="20" CONTENT="on" WC="0.63" CC="07"/>
					</TextLine>
					<TextLine ID="P322_TL00025" HPOS="180" VPOS="1556" WIDTH="830" HEIGHT="41">
						<String ID="P322_ST00160" HPOS="180" VPOS="1556" WIDTH="99" HEIGHT="41" CONTENT="safety" WC="0.77" CC="600070"/>
						<SP ID="P322_SP00134" HPOS="279" VPOS="1597" WIDTH="14"/>
						<String ID="P322_ST00161" HPOS="293" VPOS="1569" WIDTH="6" HEIGHT="24" CONTENT=";" WC="0.33" CC="6"/>
						<SP ID="P322_SP00135" HPOS="299" VPOS="1597" WIDTH="25"/>
						<String ID="P322_ST00162" HPOS="324" VPOS="1557" WIDTH="75" HEIGHT="40" CONTENT="they" WC="0.65" CC="6700"/>
						<SP ID="P322_SP00136" HPOS="399" VPOS="1597" WIDTH="25"/>
						<String ID="P322_ST00163" HPOS="424" VPOS="1569" WIDTH="79" HEIGHT="20" CONTENT="were" WC="0.71" CC="9010"/>
						<SP ID="P322_SP00137" HPOS="503" VPOS="1597" WIDTH="27"/>
						<String ID="P322_ST00164" HPOS="530" VPOS="1559" WIDTH="42" HEIGHT="30" CONTENT="all" WC="0.73" CC="042"/>
						<SP ID="P322_SP00138" HPOS="572" VPOS="1597" WIDTH="27"/>
						<String ID="P322_ST00165" HPOS="599" VPOS="1559" WIDTH="48" HEIGHT="31" CONTENT="for" WC="0.78" CC="006"/>
						<SP ID="P322_SP00139" HPOS="647" VPOS="1597" WIDTH="21"/>
						<String ID="P322_ST00166" HPOS="668" VPOS="1560" WIDTH="67" HEIGHT="31" CONTENT="him" WC="0.75" CC="700"/>
						<SP ID="P322_SP00140" HPOS="735" VPOS="1597" WIDTH="16"/>
						<String ID="P322_ST00167" HPOS="751" VPOS="1562" WIDTH="104" HEIGHT="30" CONTENT="whom" WC="0.82" CC="0700"/>
						<SP ID="P322_SP00141" HPOS="855" VPOS="1597" WIDTH="16"/>
						<String ID="P322_ST00168" HPOS="871" VPOS="1563" WIDTH="54" HEIGHT="31" CONTENT="she" WC="0.70" CC="071"/>
						<SP ID="P322_SP00142" HPOS="925" VPOS="1597" WIDTH="24"/>
						<String ID="P322_ST00169" HPOS="949" VPOS="1563" WIDTH="61" HEIGHT="32" CONTENT="had" WC="0.75" CC="700"/>
					</TextLine>
				</TextBlock>
			</PrintSpace>
		</Page>
	</Layout>
</alto>
