1132 1747
313 128 82 22 LOVE
423 130 123 23 STRONG
569 132 36 22 IN
627 133 114 21 DEATH.

893 127 54 26 293

120 204 226 40 cosmopolitan
378 217 62 32 age.
501 209 99 31 Claire
631 222 63 19 was
724 211 118 41 quieter
871 210 77 31 than

122 266 168 44 formerly:
323 271 142 32 subdued
496 285 86 27 even,
614 275 105 30 rather
751 275 78 30 than
859 274 88 38 calm,

120 330 65 30 and
204 332 106 41 gentle
329 335 211 42 exceedingly.
594 336 66 31 Her
678 338 95 37 voice,
793 337 55 30 her
865 336 82 37 look,

120 391 57 31 her
191 397 78 38 step,
287 394 42 31 all
344 406 79 20 were
439 397 104 38 softer,
561 398 107 30 slower
680 410 7 25 ;
710 398 33 30 in
766 398 94 38 short,
877 409 33 19 as
933 397 14 30 I

120 454 79 38 said,
217 456 143 31 subdued
371 470 7 24 ;
403 459 71 37 and,
489 459 66 40 just
571 470 42 27 as,
627 470 83 20 some
721 459 102 31 weeks
837 459 110 37 before,

121 515 89 32 there
234 516 64 32 had
325 518 78 31 been
428 531 17 19 a
469 520 97 42 rising
591 520 63 31 and
678 521 140 41 swelling
842 520 33 31 of
895 520 53 31 the

122 585 124 25 current
262 581 35 29 of
316 581 53 31 life
384 582 112 30 Avithin
519 582 64 37 her,
599 593 33 20 so
655 593 71 20 now
748 583 40 31 its
812 582 137 32 ebb-tide

121 640 64 31 had
202 652 94 28 come,
315 642 63 31 and
393 642 55 31 her
462 643 58 41 joy
535 643 63 31 and
617 643 88 42 pride
721 643 35 31 of
772 644 100 41 living
886 654 63 20 was

120 702 144 30 reduced.

166 763 100 32 Claire
284 764 65 31 had
367 776 95 20 never
479 765 79 31 been
577 776 33 20 so
628 765 104 42 lovely
750 765 33 31 in
807 765 53 31 the
879 776 69 30 eyes

120 824 37 31 of
178 824 89 32 those
291 825 80 38 who,
400 826 90 31 when
522 827 210 41 appreciating
762 837 18 20 a
805 825 143 32 woman's

121 887 126 41 beauty,
265 886 72 31 take
353 887 67 30 into
437 892 130 25 account
587 887 54 30 her
664 887 184 30 immaterial
869 891 76 37 part.

124 947 119 31 Olivier
264 948 137 41 thought
424 948 54 30 she
493 959 63 19 was
579 959 19 19 a
619 948 81 30 little
719 959 79 30 gone
820 947 50 38 off,
887 947 61 31 and

121 1012 58 27 not
194 1008 109 42 nearly
318 1019 33 20 so
367 1008 165 31 attractive
549 1019 33 20 as
596 1008 103 31 before
711 1020 7 24 ;
741 1008 39 30 he
796 1007 152 41 supposed

120 1070 55 30 the
191 1069 163 42 perpetual
369 1069 129 42 gaieties
514 1069 34 31 of
559 1069 53 31 the
627 1069 146 41 province
788 1068 82 31 tired
884 1068 61 31 her.

122 1132 73 35 But,
213 1131 78 30 after
307 1131 50 36 all,
375 1131 26 30 it
417 1142 62 19 was
494 1141 40 19 no
550 1130 140 30 business
706 1129 33 31 of
752 1129 54 31 his.

165 1193 91 30 Aunt
294 1192 195 31 Clementine
526 1191 134 41 thought
699 1191 52 30 she
785 1201 63 20 was
885 1190 63 31 like

120 1255 137 34 nothing
284 1265 33 20 so
338 1254 94 30 much
459 1265 33 18 as
512 1253 54 30 the
590 1252 152 31 beautiful
765 1252 91 30 blush
882 1262 66 20 rose

120 1317 56 31 she
197 1316 64 31 had
281 1327 87 20 worn
386 1315 35 30 in
440 1315 55 29 her
516 1314 69 30 hair
603 1325 40 18 on
658 1313 52 30 the
734 1313 92 41 night
845 1312 34 31 of
895 1312 53 31 the

120 1383 90 37 great
240 1378 83 36 ball;
357 1377 58 31 but
445 1376 53 30 she
530 1375 67 30 said
622 1374 142 41 nothing,
792 1374 73 40 only
895 1373 53 31 she

119 1452 65 19 was
201 1439 166 40 anxiously
382 1438 111 32 tender
507 1442 32 25 to
556 1436 54 30 her
626 1436 92 30 niece.

164 1503 110 30 Victor
298 1501 86 31 lived
407 1503 143 38 amongst
572 1497 110 42 people
700 1497 48 31 for
765 1497 104 31 whom
894 1497 53 31 the

119 1575 108 30 young
257 1563 159 40 Marquise
446 1571 64 20 was
541 1571 17 20 a
588 1558 160 43 perpetual
785 1558 101 42 object
916 1557 33 31 of
