1132 1747
239 106 64 22 THE
327 107 201 22 POSTMASTER
551 109 38 21 OF
604 109 183 22 MALLERAY.

881 104 50 26 157

111 182 54 31 the
179 193 97 31 paper
289 195 5 25 ;
320 184 120 41 opened
466 185 33 37 it,
526 185 62 31 and
613 186 129 41 glanced
773 186 90 30 down
894 187 40 30 its

112 244 147 31 columns.

186 305 54 33 It's
270 307 34 30 in
331 307 53 31 the
410 308 110 31 official
679 309 149 30 observed
852 308 81 31 Mar-

113 369 118 30 donnet
244 380 7 25 ;
344 381 62 29 you
424 370 82 31 can't
521 370 67 31 find
603 371 34 38 it,
655 371 71 40 give
741 371 27 30 it

188 430 82 30 Here
296 431 26 29 it
438 431 67 30 said
537 432 61 36 she,
620 432 62 30 and
713 432 52 30 she
790 432 73 30 read
884 432 52 30 the

113 496 165 27 statement
294 491 34 30 of
347 492 71 30 hoAv
432 492 50 30 his
493 492 138 41 Majesty
642 492 53 31 the
711 492 148 41 Emperor
874 492 62 31 had

113 553 77 31 been
213 553 132 41 pleased,
363 564 41 19 on
427 553 54 30 the
503 553 142 41 proposal
668 553 34 30 of
724 553 53 31 the
793 553 144 31 Minister

114 614 34 32 of
249 640 6 12 ,
272 619 33 26 to
324 614 141 31 decorate
488 614 43 30 M.
550 614 169 41 Thdophile
741 614 194 37 Mardonnet,

116 676 149 42 Manager
292 675 52 42 (he
367 686 64 20 was
458 675 75 42 only
559 675 128 41 cashier)
706 675 34 31 of
762 676 52 31 the
840 675 97 31 Inter-

116 742 139 31 national
277 741 119 31 Franco
402 741 222 31 -Italo-Daco-
630 741 194 31 Roumanian
850 741 86 31 Com-

117 803 123 32 mercial
267 802 63 31 and
355 802 213 42 Agricultural
592 802 89 30 Bank
703 802 33 31 of
757 802 180 38 Roumania,

117 870 32 25 at
164 864 181 31 Bucharest.

194 925 81 31 That
301 925 26 30 is
357 929 32 26 to
412 929 131 36 prevent
568 923 66 31 him
658 923 47 31 for
730 934 70 20 ever
829 923 110 43 asking

118 986 48 31 for
188 985 156 42 anything
468 984 158 32 remarked
652 984 145 32 Madame
816 984 119 32 Picard.

251 1047 71 42 give
337 1046 66 31 him
427 1046 52 31 the
503 1057 80 20 cross
607 1046 129 31 because
752 1046 75 42 they
843 1047 96 31 either

121 1108 81 32 can't
218 1119 33 19 or
266 1107 94 31 won't
374 1107 90 31 make
480 1118 18 20 a
513 1107 118 41 deputy
647 1108 34 30 of

196 1169 85 41 Very
461 1168 172 41 responded
659 1168 52 31 old
733 1168 186 31 Mardonnet
933 1182 8 24 ;

152 1232 58 30 but
233 1229 50 32 it's
310 1240 77 31 very
410 1234 105 37 pretty
536 1229 34 31 of
590 1229 83 37 Lolo,
698 1230 41 30 all
760 1230 53 31 the
838 1241 82 19 same
935 1232 5 28 !

122 1304 77 30 very
224 1293 78 35 nice,
328 1291 113 30 indeed
453 1293 5 28 !
460 1310 42 2 —
504 1291 26 30 is
556 1291 69 30 that
648 1291 41 30 all
702 1292 10 29 ?
763 1291 38 30 he
832 1291 108 36 added,

122 1355 129 42 turning
271 1358 32 26 to
330 1353 47 30 his
397 1353 220 36 sister-in-laAv,
634 1363 33 20 as
685 1352 120 41 though
822 1352 39 29 he
880 1351 65 30 half

123 1415 150 44 expected
284 1415 49 30 his
345 1425 55 20 son
416 1419 32 24 to
464 1413 78 30 have
557 1413 78 30 been
651 1412 162 31 decorated
829 1412 115 30 several

122 1479 93 29 times
245 1487 73 21 over
328 1487 7 25 ;
402 1475 25 29 is
460 1474 86 30 there
576 1474 132 40 nothing
739 1473 58 30 else
828 1473 33 30 in
890 1472 53 31 the

123 1553 96 31 paper
233 1543 11 30 1
246 1560 43 4 —
290 1541 134 40 nothing
439 1538 34 32 of
486 1550 62 30 any
563 1539 127 30 interest
701 1537 32 31 V
