<?xml version="1.0" encoding="UTF-8"?>
<alto xmlns:xsi="http://www.w3.org/2001/XMLSchema-instance" xsi:noNamespaceSchemaLocation="http://www.bl.uk/schemas/alto/alto-1-4.xsd" xmlns:xlink="http://www.w3.org/1999/xlink">
	<Description>
		<MeasurementUnit>mm10</MeasurementUnit>
		<sourceImageInformation>
			<fileName>//head1/IN/2007-46/A0010888503.2/009443.jp2</fileName>
		</sourceImageInformation>
		<OCRProcessing ID="OCRPROCESSING_1">
			<preProcessingStep>
				<processingSoftware>
					<softwareCreator>CCS Content Conversion Specialists GmbH, Germany</softwareCreator>
					<softwareName>CCS docWORKS</softwareName>
					<softwareVersion>6.1-0.61</softwareVersion>
				</processingSoftware>
			</preProcessingStep>
			<ocrProcessingStep>
				<processingSoftware>
					<softwareCreator>ABBYY (BIT Software), Russia</softwareCreator>
					<softwareName>Finereader</softwareName>
				</processingSoftware>
			</ocrProcessingStep>
		</OCRProcessing>
	</Description>
	<Styles>
		<TextStyle ID="TXT_0" FONTSIZE="11" FONTFAMILY="Courier New"/>
		<TextStyle ID="TXT_1" FONTSIZE="10" FONTFAMILY="Courier New"/>
		<TextStyle ID="TXT_2" FONTSIZE="9" FONTFAMILY="Courier New"/>
		<ParagraphStyle ID="PAR_RIGHT" ALIGN="Right"/>
		<ParagraphStyle ID="PAR_CENTER" ALIGN="Center"/>
		<ParagraphStyle ID="PAR_LEFT" ALIGN="Left"/>
	</Styles>
	<Layout>
		<Page ID="P235" PHYSICAL_IMG_NR="235" HEIGHT="1747" WIDTH="1132" PRINTED_IMG_NR="225" POSITION="Right" ACCURACY="72.27">
			<TopMargin ID="P235_TM00001" HPOS="0" VPOS="0" WIDTH="1131" HEIGHT="152">
				<TextBlock ID="P235_TB00001" HPOS="895" VPOS="125" WIDTH="51" HEIGHT="24" STYLEREFS="TXT_0 PAR_RIGHT">
					<TextLine ID="P235_TL00001" HPOS="895" VPOS="125" WIDTH="51" HEIGHT="24">
						<String ID="P235_ST00001" HPOS="895" VPOS="125" WIDTH="51" HEIGHT="24" CONTENT="225" WC="1.00" CC="000"/>
					</TextLine>
				</TextBlock>
				<TextBlock ID="P235_TB00002" HPOS="408" VPOS="130" WIDTH="268" HEIGHT="22" STYLEREFS="TXT_1 PAR_CENTER">
					<TextLine ID="P235_TL00002" HPOS="409" VPOS="132" WIDTH="267" HEIGHT="20">
						<String ID="P235_ST00002" HPOS="409" VPOS="132" WIDTH="64" HEIGHT="20" CONTENT="THE" WC="0.55" CC="066"/>
						<SP ID="P235_SP00001" HPOS="473" VPOS="152" WIDTH="24"/>
						<String ID="P235_ST00003" HPOS="497" VPOS="132" WIDTH="58" HEIGHT="20" CONTENT="OLD" WC="0.56" CC="326"/>
						<SP ID="P235_SP00002" HPOS="555" VPOS="152" WIDTH="24"/>
						<String ID="P235_ST00004" HPOS="579" VPOS="132" WIDTH="97" HEIGHT="20" CONTENT="HOME." WC="0.58" CC="50950"/>
					</TextLine>
				</TextBlock>
			</TopMargin>
			<LeftMargin ID="P235_LM00001" HPOS="0" VPOS="151" WIDTH="128" HEIGHT="1487"/>
			<RightMargin ID="P235_RM00001" HPOS="955" VPOS="151" WIDTH="176" HEIGHT="1487"/>
			<BottomMargin ID="P235_BM00001" HPOS="0" VPOS="1638" WIDTH="1131" HEIGHT="108"/>
			<PrintSpace ID="P235_PS00001" HPOS="128" VPOS="151" WIDTH="827" HEIGHT="1487">
				<TextBlock ID="P235_TB00003" HPOS="131" VPOS="206" WIDTH="818" HEIGHT="276" STYLEREFS="TXT_1 PAR_LEFT">
					<TextLine ID="P235_TL00003" HPOS="178" VPOS="208" WIDTH="771" HEIGHT="43">
						<String ID="P235_ST00005" HPOS="178" VPOS="210" WIDTH="17" HEIGHT="11" CONTENT='"' WC="0.54" CC="4"/>
						<SP ID="P235_SP00003" HPOS="195" VPOS="221" WIDTH="13"/>
						<String ID="P235_ST00006" HPOS="208" VPOS="208" WIDTH="125" HEIGHT="38" CONTENT='There,"' WC="0.83" CC="0700040"/>
						<SP ID="P235_SP00004" HPOS="333" VPOS="246" WIDTH="14"/>
						<String ID="P235_ST00007" HPOS="347" VPOS="209" WIDTH="67" HEIGHT="30" CONTENT="said" WC="0.90" CC="4000"/>
						<SP ID="P235_SP00005" HPOS="414" VPOS="246" WIDTH="11"/>
						<String ID="P235_ST00008" HPOS="425" VPOS="210" WIDTH="47" HEIGHT="37" CONTENT="he," WC="0.65" CC="703"/>
						<SP ID="P235_SP00006" HPOS="472" VPOS="247" WIDTH="12"/>
						<String ID="P235_ST00009" HPOS="484" VPOS="221" WIDTH="57" HEIGHT="19" CONTENT="one" WC="0.70" CC="160"/>
						<SP ID="P235_SP00007" HPOS="541" VPOS="247" WIDTH="16"/>
						<String ID="P235_ST00010" HPOS="557" VPOS="210" WIDTH="70" HEIGHT="41" CONTENT="day," WC="0.72" CC="0604"/>
						<SP ID="P235_SP00008" HPOS="627" VPOS="251" WIDTH="13"/>
						<String ID="P235_ST00011" HPOS="640" VPOS="210" WIDTH="124" HEIGHT="41" CONTENT="leading" WC="0.83" CC="6000050"/>
						<SP ID="P235_SP00009" HPOS="764" VPOS="251" WIDTH="14"/>
						<String ID="P235_ST00012" HPOS="778" VPOS="209" WIDTH="53" HEIGHT="30" CONTENT="the" WC="0.58" CC="570"/>
						<SP ID="P235_SP00010" HPOS="831" VPOS="251" WIDTH="15"/>
						<String ID="P235_ST00013" HPOS="846" VPOS="212" WIDTH="103" HEIGHT="37" CONTENT="pretty" WC="0.71" CC="060550"/>
					</TextLine>
					<TextLine ID="P235_TL00004" HPOS="132" VPOS="268" WIDTH="817" HEIGHT="45">
						<String ID="P235_ST00014" HPOS="132" VPOS="268" WIDTH="63" HEIGHT="42" CONTENT="boy" WC="0.75" CC="700"/>
						<SP ID="P235_SP00011" HPOS="195" VPOS="310" WIDTH="15"/>
						<String ID="P235_ST00015" HPOS="210" VPOS="281" WIDTH="42" HEIGHT="29" CONTENT="up" WC="0.77" CC="40"/>
						<SP ID="P235_SP00012" HPOS="252" VPOS="310" WIDTH="16"/>
						<String ID="P235_ST00016" HPOS="268" VPOS="275" WIDTH="33" HEIGHT="25" CONTENT="to" WC="0.68" CC="60"/>
						<SP ID="P235_SP00013" HPOS="301" VPOS="310" WIDTH="16"/>
						<String ID="P235_ST00017" HPOS="317" VPOS="270" WIDTH="52" HEIGHT="31" CONTENT="the" WC="0.60" CC="470"/>
						<SP ID="P235_SP00014" HPOS="369" VPOS="310" WIDTH="15"/>
						<String ID="P235_ST00018" HPOS="384" VPOS="282" WIDTH="106" HEIGHT="31" CONTENT="young" WC="0.58" CC="02538"/>
						<SP ID="P235_SP00015" HPOS="490" VPOS="313" WIDTH="16"/>
						<String ID="P235_ST00019" HPOS="506" VPOS="270" WIDTH="164" HEIGHT="42" CONTENT="Marquise," WC="0.74" CC="003062604"/>
						<SP ID="P235_SP00016" HPOS="670" VPOS="313" WIDTH="19"/>
						<String ID="P235_ST00020" HPOS="689" VPOS="271" WIDTH="117" HEIGHT="30" CONTENT='"listen' WC="0.66" CC="0234507"/>
						<SP ID="P235_SP00017" HPOS="806" VPOS="313" WIDTH="15"/>
						<String ID="P235_ST00021" HPOS="821" VPOS="275" WIDTH="32" HEIGHT="26" CONTENT="to" WC="0.85" CC="20"/>
						<SP ID="P235_SP00018" HPOS="853" VPOS="313" WIDTH="17"/>
						<String ID="P235_ST00022" HPOS="870" VPOS="270" WIDTH="79" HEIGHT="37" CONTENT="him;" WC="0.57" CC="7270"/>
					</TextLine>
					<TextLine ID="P235_TL00005" HPOS="131" VPOS="329" WIDTH="818" HEIGHT="45">
						<String ID="P235_ST00023" HPOS="131" VPOS="329" WIDTH="40" HEIGHT="31" CONTENT="he" WC="0.62" CC="70"/>
						<SP ID="P235_SP00019" HPOS="171" VPOS="360" WIDTH="37"/>
						<String ID="P235_ST00024" HPOS="208" VPOS="342" WIDTH="71" HEIGHT="29" CONTENT="says" WC="0.82" CC="4002"/>
						<SP ID="P235_SP00020" HPOS="279" VPOS="371" WIDTH="36"/>
						<String ID="P235_ST00025" HPOS="315" VPOS="334" WIDTH="7" HEIGHT="11" CONTENT="'" WC="0.73" CC="2"/>
						<SP ID="P235_SP00021" HPOS="322" VPOS="371" WIDTH="14"/>
						<String ID="P235_ST00026" HPOS="336" VPOS="331" WIDTH="88" HEIGHT="31" CONTENT="Good" WC="0.80" CC="7000"/>
						<SP ID="P235_SP00022" HPOS="424" VPOS="371" WIDTH="37"/>
						<String ID="P235_ST00027" HPOS="461" VPOS="333" WIDTH="151" HEIGHT="41" CONTENT="morning," WC="0.60" CC="00670294"/>
						<SP ID="P235_SP00023" HPOS="612" VPOS="374" WIDTH="39"/>
						<String ID="P235_ST00028" HPOS="651" VPOS="331" WIDTH="152" HEIGHT="38" CONTENT="mamma,'" WC="0.75" CC="0000934"/>
						<SP ID="P235_SP00024" HPOS="803" VPOS="374" WIDTH="30"/>
						<String ID="P235_ST00029" HPOS="833" VPOS="331" WIDTH="63" HEIGHT="30" CONTENT="like" WC="1.00" CC="0000"/>
						<SP ID="P235_SP00025" HPOS="896" VPOS="374" WIDTH="37"/>
						<String ID="P235_ST00030" HPOS="933" VPOS="342" WIDTH="16" HEIGHT="19" CONTENT="a" WC="1.00" CC="0"/>
					</TextLine>
					<TextLine ID="P235_TL00006" HPOS="133" VPOS="391" WIDTH="816" HEIGHT="43">
						<String ID="P235_ST00031" HPOS="133" VPOS="391" WIDTH="156" HEIGHT="31" CONTENT="Christian" WC="0.62" CC="673055006"/>
						<String ID="P235_ST00032" HPOS="301" VPOS="404" WIDTH="6" HEIGHT="24" CONTENT=";" WC="1.00" CC="0"/>
						<SP ID="P235_SP00026" HPOS="307" VPOS="428" WIDTH="24"/>
						<String ID="P235_ST00033" HPOS="331" VPOS="392" WIDTH="26" HEIGHT="31" CONTENT="it" WC="0.52" CC="44"/>
						<SP ID="P235_SP00027" HPOS="357" VPOS="428" WIDTH="26"/>
						<String ID="P235_ST00034" HPOS="383" VPOS="392" WIDTH="55" HEIGHT="31" CONTENT="has" WC="0.75" CC="700"/>
						<SP ID="P235_SP00028" HPOS="438" VPOS="428" WIDTH="23"/>
						<String ID="P235_ST00035" HPOS="461" VPOS="397" WIDTH="55" HEIGHT="26" CONTENT="not" WC="0.60" CC="605"/>
						<SP ID="P235_SP00029" HPOS="516" VPOS="428" WIDTH="26"/>
						<String ID="P235_ST00036" HPOS="542" VPOS="393" WIDTH="95" HEIGHT="31" CONTENT="taken" WC="0.78" CC="50005"/>
						<SP ID="P235_SP00030" HPOS="637" VPOS="428" WIDTH="24"/>
						<String ID="P235_ST00037" HPOS="661" VPOS="393" WIDTH="85" HEIGHT="41" CONTENT="quite" WC="0.79" CC="05050"/>
						<SP ID="P235_SP00031" HPOS="746" VPOS="434" WIDTH="24"/>
						<String ID="P235_ST00038" HPOS="770" VPOS="404" WIDTH="18" HEIGHT="19" CONTENT="a" WC="0.26" CC="7"/>
						<SP ID="P235_SP00032" HPOS="788" VPOS="434" WIDTH="20"/>
						<String ID="P235_ST00039" HPOS="808" VPOS="392" WIDTH="84" HEIGHT="31" CONTENT="Aveek" WC="1.00" CC="00000"/>
						<SP ID="P235_SP00033" HPOS="892" VPOS="434" WIDTH="26"/>
						<String ID="P235_ST00040" HPOS="918" VPOS="396" WIDTH="31" HEIGHT="27" CONTENT="to" WC="0.84" CC="30"/>
					</TextLine>
					<TextLine ID="P235_TL00007" HPOS="132" VPOS="453" WIDTH="199" HEIGHT="29">
						<String ID="P235_ST00041" HPOS="132" VPOS="453" WIDTH="91" HEIGHT="29" CONTENT="teach" WC="0.73" CC="50007"/>
						<SP ID="P235_SP00034" HPOS="223" VPOS="482" WIDTH="15"/>
						<String ID="P235_ST00042" HPOS="238" VPOS="453" WIDTH="93" HEIGHT="29" CONTENT='him."' WC="0.85" CC="70000"/>
					</TextLine>
				</TextBlock>
				<TextBlock ID="P235_TB00004" HPOS="129" VPOS="513" WIDTH="821" HEIGHT="213" STYLEREFS="TXT_1 PAR_LEFT">
					<TextLine ID="P235_TL00008" HPOS="176" VPOS="513" WIDTH="774" HEIGHT="43">
						<String ID="P235_ST00043" HPOS="176" VPOS="513" WIDTH="144" HEIGHT="32" CONTENT="Madame" WC="0.98" CC="000000"/>
						<SP ID="P235_SP00035" HPOS="320" VPOS="545" WIDTH="16"/>
						<String ID="P235_ST00044" HPOS="336" VPOS="514" WIDTH="38" HEIGHT="31" CONTENT="de" WC="0.96" CC="00"/>
						<SP ID="P235_SP00036" HPOS="374" VPOS="545" WIDTH="16"/>
						<String ID="P235_ST00045" HPOS="390" VPOS="514" WIDTH="154" HEIGHT="31" CONTENT="ClaATeuil" WC="0.74" CC="600040605"/>
						<SP ID="P235_SP00037" HPOS="544" VPOS="545" WIDTH="18"/>
						<String ID="P235_ST00046" HPOS="562" VPOS="514" WIDTH="140" HEIGHT="42" CONTENT="laughed." WC="0.83" CC="00607000"/>
						<SP ID="P235_SP00038" HPOS="702" VPOS="556" WIDTH="51"/>
						<String ID="P235_ST00047" HPOS="753" VPOS="518" WIDTH="16" HEIGHT="11" CONTENT='"' WC="0.63" CC="3"/>
						<SP ID="P235_SP00039" HPOS="769" VPOS="556" WIDTH="14"/>
						<String ID="P235_ST00048" HPOS="783" VPOS="514" WIDTH="92" HEIGHT="41" CONTENT="Upon" WC="0.77" CC="0036"/>
						<SP ID="P235_SP00040" HPOS="875" VPOS="556" WIDTH="22"/>
						<String ID="P235_ST00049" HPOS="897" VPOS="525" WIDTH="53" HEIGHT="30" CONTENT="my" WC="1.00" CC="00"/>
					</TextLine>
					<TextLine ID="P235_TL00009" HPOS="133" VPOS="574" WIDTH="817" HEIGHT="42">
						<String ID="P235_ST00050" HPOS="133" VPOS="575" WIDTH="94" HEIGHT="37" CONTENT="Avord," WC="0.55" CC="992004"/>
						<SP ID="P235_SP00041" HPOS="227" VPOS="612" WIDTH="22"/>
						<String ID="P235_ST00051" HPOS="249" VPOS="574" WIDTH="131" HEIGHT="39" CONTENT='Victor,"' WC="0.71" CC="75050310"/>
						<SP ID="P235_SP00042" HPOS="380" VPOS="613" WIDTH="23"/>
						<String ID="P235_ST00052" HPOS="403" VPOS="575" WIDTH="67" HEIGHT="31" CONTENT="said" WC="0.84" CC="5000"/>
						<SP ID="P235_SP00043" HPOS="470" VPOS="613" WIDTH="21"/>
						<String ID="P235_ST00053" HPOS="491" VPOS="575" WIDTH="61" HEIGHT="37" CONTENT="she," WC="0.56" CC="6703"/>
						<SP ID="P235_SP00044" HPOS="552" VPOS="613" WIDTH="28"/>
						<String ID="P235_ST00054" HPOS="580" VPOS="578" WIDTH="90" HEIGHT="38" CONTENT='"you' WC="0.66" CC="4017"/>
						<SP ID="P235_SP00045" HPOS="670" VPOS="616" WIDTH="23"/>
						<String ID="P235_ST00055" HPOS="693" VPOS="575" WIDTH="78" HEIGHT="30" CONTENT="have" WC="0.73" CC="7030"/>
						<SP ID="P235_SP00046" HPOS="771" VPOS="616" WIDTH="27"/>
						<String ID="P235_ST00056" HPOS="798" VPOS="575" WIDTH="152" HEIGHT="31" CONTENT="mistaken" WC="0.76" CC="00560007"/>
					</TextLine>
					<TextLine ID="P235_TL00010" HPOS="131" VPOS="636" WIDTH="819" HEIGHT="42">
						<String ID="P235_ST00057" HPOS="131" VPOS="647" WIDTH="79" HEIGHT="30" CONTENT="your" WC="0.60" CC="0455"/>
						<SP ID="P235_SP00047" HPOS="210" VPOS="677" WIDTH="22"/>
						<String ID="P235_ST00058" HPOS="232" VPOS="637" WIDTH="142" HEIGHT="30" CONTENT="vocation" WC="0.83" CC="01000415"/>
						<String ID="P235_ST00059" HPOS="386" VPOS="648" WIDTH="8" HEIGHT="25" CONTENT=";" WC="1.00" CC="0"/>
						<SP ID="P235_SP00048" HPOS="394" VPOS="677" WIDTH="23"/>
						<String ID="P235_ST00060" HPOS="417" VPOS="648" WIDTH="62" HEIGHT="30" CONTENT="you" WC="0.98" CC="000"/>
						<SP ID="P235_SP00049" HPOS="479" VPOS="678" WIDTH="16"/>
						<String ID="P235_ST00061" HPOS="495" VPOS="647" WIDTH="78" HEIGHT="20" CONTENT="were" WC="0.85" CC="0050"/>
						<SP ID="P235_SP00050" HPOS="573" VPOS="678" WIDTH="22"/>
						<String ID="P235_ST00062" HPOS="595" VPOS="637" WIDTH="77" HEIGHT="30" CONTENT="born" WC="0.47" CC="7066"/>
						<String ID="P235_ST00063" HPOS="682" VPOS="641" WIDTH="4" HEIGHT="5" CONTENT="'" WC="1.00" CC="0"/>
						<SP ID="P235_SP00051" HPOS="686" VPOS="678" WIDTH="8"/>
						<String ID="P235_ST00064" HPOS="694" VPOS="641" WIDTH="32" HEIGHT="26" CONTENT="to" WC="0.80" CC="30"/>
						<SP ID="P235_SP00052" HPOS="726" VPOS="678" WIDTH="22"/>
						<String ID="P235_ST00065" HPOS="748" VPOS="636" WIDTH="36" HEIGHT="31" CONTENT="be" WC="0.88" CC="20"/>
						<SP ID="P235_SP00053" HPOS="784" VPOS="678" WIDTH="23"/>
						<String ID="P235_ST00066" HPOS="807" VPOS="648" WIDTH="19" HEIGHT="19" CONTENT="a" WC="1.00" CC="0"/>
						<SP ID="P235_SP00054" HPOS="826" VPOS="678" WIDTH="21"/>
						<String ID="P235_ST00067" HPOS="847" VPOS="647" WIDTH="103" HEIGHT="20" CONTENT="nurse" SUBS_TYPE="HypPart1" SUBS_CONTENT='nursemaid."' WC="0.71" CC="670300"/>
						<HYP CONTENT="-"/>
					</TextLine>
					<TextLine ID="P235_TL00011" HPOS="130" VPOS="696" WIDTH="112" HEIGHT="30">
						<String ID="P235_ST00068" HPOS="130" VPOS="696" WIDTH="112" HEIGHT="30" CONTENT='maid."' SUBS_TYPE="HypPart2" SUBS_CONTENT='nursemaid."' WC="0.94" CC="000003"/>
					</TextLine>
				</TextBlock>
				<TextBlock ID="P235_TB00005" HPOS="128" VPOS="757" WIDTH="827" HEIGHT="285" STYLEREFS="TXT_1 PAR_LEFT">
					<TextLine ID="P235_TL00012" HPOS="177" VPOS="758" WIDTH="775" HEIGHT="41">
						<String ID="P235_ST00069" HPOS="177" VPOS="762" WIDTH="18" HEIGHT="11" CONTENT='"' WC="0.55" CC="4"/>
						<SP ID="P235_SP00055" HPOS="195" VPOS="773" WIDTH="12"/>
						<String ID="P235_ST00070" HPOS="207" VPOS="758" WIDTH="54" HEIGHT="31" CONTENT="All" WC="0.92" CC="002"/>
						<SP ID="P235_SP00056" HPOS="261" VPOS="789" WIDTH="23"/>
						<String ID="P235_ST00071" HPOS="284" VPOS="759" WIDTH="126" HEIGHT="30" CONTENT="soldiers" WC="0.82" CC="31200042"/>
						<SP ID="P235_SP00057" HPOS="410" VPOS="789" WIDTH="16"/>
						<String ID="P235_ST00072" HPOS="426" VPOS="758" WIDTH="77" HEIGHT="37" CONTENT='are,"' WC="0.95" CC="00020"/>
						<SP ID="P235_SP00058" HPOS="503" VPOS="795" WIDTH="15"/>
						<String ID="P235_ST00073" HPOS="518" VPOS="758" WIDTH="38" HEIGHT="31" CONTENT="he" WC="0.67" CC="60"/>
						<SP ID="P235_SP00059" HPOS="556" VPOS="795" WIDTH="23"/>
						<String ID="P235_ST00074" HPOS="579" VPOS="758" WIDTH="124" HEIGHT="41" CONTENT="replied." WC="0.83" CC="00047000"/>
						<SP ID="P235_SP00060" HPOS="703" VPOS="799" WIDTH="50"/>
						<String ID="P235_ST00075" HPOS="753" VPOS="761" WIDTH="17" HEIGHT="12" CONTENT='"' WC="0.39" CC="6"/>
						<SP ID="P235_SP00061" HPOS="770" VPOS="799" WIDTH="13"/>
						<String ID="P235_ST00076" HPOS="783" VPOS="758" WIDTH="15" HEIGHT="31" CONTENT="I" WC="0.68" CC="3"/>
						<SP ID="P235_SP00062" HPOS="798" VPOS="799" WIDTH="16"/>
						<String ID="P235_ST00077" HPOS="814" VPOS="758" WIDTH="63" HEIGHT="31" CONTENT="Avdl" WC="0.56" CC="0970"/>
						<SP ID="P235_SP00063" HPOS="877" VPOS="799" WIDTH="22"/>
						<String ID="P235_ST00078" HPOS="899" VPOS="758" WIDTH="53" HEIGHT="31" CONTENT="bet" WC="0.61" CC="406"/>
					</TextLine>
					<TextLine ID="P235_TL00013" HPOS="130" VPOS="819" WIDTH="819" HEIGHT="42">
						<String ID="P235_ST00079" HPOS="130" VPOS="821" WIDTH="71" HEIGHT="29" CONTENT="that" WC="0.65" CC="0706"/>
						<SP ID="P235_SP00064" HPOS="201" VPOS="850" WIDTH="15"/>
						<String ID="P235_ST00080" HPOS="216" VPOS="831" WIDTH="61" HEIGHT="30" CONTENT="any" WC="0.75" CC="070"/>
						<SP ID="P235_SP00065" HPOS="277" VPOS="861" WIDTH="12"/>
						<String ID="P235_ST00081" HPOS="289" VPOS="832" WIDTH="73" HEIGHT="18" CONTENT="man" WC="0.75" CC="007"/>
						<SP ID="P235_SP00066" HPOS="362" VPOS="861" WIDTH="15"/>
						<String ID="P235_ST00082" HPOS="377" VPOS="821" WIDTH="34" HEIGHT="29" CONTENT="in" WC="0.44" CC="37"/>
						<SP ID="P235_SP00067" HPOS="411" VPOS="861" WIDTH="14"/>
						<String ID="P235_ST00083" HPOS="425" VPOS="831" WIDTH="54" HEIGHT="30" CONTENT="my" WC="1.00" CC="00"/>
						<SP ID="P235_SP00068" HPOS="479" VPOS="861" WIDTH="10"/>
						<String ID="P235_ST00084" HPOS="489" VPOS="821" WIDTH="150" HEIGHT="40" CONTENT="regiment" WC="0.79" CC="40000065"/>
						<SP ID="P235_SP00069" HPOS="639" VPOS="861" WIDTH="14"/>
						<String ID="P235_ST00085" HPOS="653" VPOS="820" WIDTH="53" HEIGHT="41" CONTENT="(let" WC="0.77" CC="4005"/>
						<SP ID="P235_SP00070" HPOS="706" VPOS="861" WIDTH="16"/>
						<String ID="P235_ST00086" HPOS="722" VPOS="820" WIDTH="87" HEIGHT="30" CONTENT="alone" WC="0.80" CC="00360"/>
						<SP ID="P235_SP00071" HPOS="809" VPOS="861" WIDTH="14"/>
						<String ID="P235_ST00087" HPOS="823" VPOS="819" WIDTH="126" HEIGHT="42" CONTENT="myself)" WC="0.88" CC="0010510"/>
					</TextLine>
					<TextLine ID="P235_TL00014" HPOS="132" VPOS="880" WIDTH="823" HEIGHT="42">
						<String ID="P235_ST00088" HPOS="132" VPOS="882" WIDTH="65" HEIGHT="29" CONTENT="Avill" WC="0.51" CC="09067"/>
						<SP ID="P235_SP00072" HPOS="197" VPOS="911" WIDTH="25"/>
						<String ID="P235_ST00089" HPOS="222" VPOS="882" WIDTH="40" HEIGHT="29" CONTENT="do" WC="0.91" CC="01"/>
						<SP ID="P235_SP00073" HPOS="262" VPOS="911" WIDTH="24"/>
						<String ID="P235_ST00090" HPOS="286" VPOS="893" WIDTH="83" HEIGHT="18" CONTENT="more" WC="0.89" CC="0040"/>
						<SP ID="P235_SP00074" HPOS="369" VPOS="911" WIDTH="27"/>
						<String ID="P235_ST00091" HPOS="396" VPOS="881" WIDTH="77" HEIGHT="30" CONTENT="with" WC="0.55" CC="0547"/>
						<SP ID="P235_SP00075" HPOS="473" VPOS="911" WIDTH="27"/>
						<String ID="P235_ST00092" HPOS="500" VPOS="892" WIDTH="17" HEIGHT="19" CONTENT="a" WC="1.00" CC="0"/>
						<SP ID="P235_SP00076" HPOS="517" VPOS="911" WIDTH="26"/>
						<String ID="P235_ST00093" HPOS="543" VPOS="881" WIDTH="83" HEIGHT="41" CONTENT="baby" WC="0.45" CC="7770"/>
						<SP ID="P235_SP00077" HPOS="626" VPOS="922" WIDTH="26"/>
						<String ID="P235_ST00094" HPOS="652" VPOS="881" WIDTH="76" HEIGHT="30" CONTENT="than" WC="0.43" CC="2766"/>
						<SP ID="P235_SP00078" HPOS="728" VPOS="922" WIDTH="27"/>
						<String ID="P235_ST00095" HPOS="755" VPOS="892" WIDTH="18" HEIGHT="19" CONTENT="a" WC="1.00" CC="0"/>
						<SP ID="P235_SP00079" HPOS="773" VPOS="922" WIDTH="25"/>
						<String ID="P235_ST00096" HPOS="798" VPOS="880" WIDTH="101" HEIGHT="42" CONTENT="legion" WC="0.89" CC="000006"/>
						<SP ID="P235_SP00080" HPOS="899" VPOS="922" WIDTH="23"/>
						<String ID="P235_ST00097" HPOS="922" VPOS="880" WIDTH="33" HEIGHT="31" CONTENT="of" WC="0.85" CC="20"/>
					</TextLine>
					<TextLine ID="P235_TL00015" HPOS="130" VPOS="941" WIDTH="820" HEIGHT="32">
						<String ID="P235_ST00098" HPOS="130" VPOS="943" WIDTH="115" HEIGHT="30" CONTENT="bonnes" WC="0.54" CC="205737"/>
						<SP ID="P235_SP00081" HPOS="245" VPOS="973" WIDTH="22"/>
						<String ID="P235_ST00099" HPOS="267" VPOS="943" WIDTH="70" HEIGHT="29" CONTENT="Avill." WC="1.00" CC="000000"/>
						<SP ID="P235_SP00082" HPOS="337" VPOS="973" WIDTH="49"/>
						<String ID="P235_ST00100" HPOS="386" VPOS="942" WIDTH="59" HEIGHT="30" CONTENT="We" WC="1.00" CC="00"/>
						<SP ID="P235_SP00083" HPOS="445" VPOS="973" WIDTH="15"/>
						<String ID="P235_ST00101" HPOS="460" VPOS="942" WIDTH="92" HEIGHT="30" CONTENT="knoAv" WC="0.80" CC="27000"/>
						<SP ID="P235_SP00084" HPOS="552" VPOS="973" WIDTH="15"/>
						<String ID="P235_ST00102" HPOS="567" VPOS="941" WIDTH="85" HEIGHT="31" CONTENT="what" WC="0.63" CC="0707"/>
						<SP ID="P235_SP00085" HPOS="652" VPOS="973" WIDTH="22"/>
						<String ID="P235_ST00103" HPOS="674" VPOS="952" WIDTH="46" HEIGHT="19" CONTENT="Ave" WC="0.67" CC="090"/>
						<SP ID="P235_SP00086" HPOS="720" VPOS="973" WIDTH="22"/>
						<String ID="P235_ST00104" HPOS="742" VPOS="946" WIDTH="84" HEIGHT="26" CONTENT="want" WC="0.66" CC="0066"/>
						<SP ID="P235_SP00087" HPOS="826" VPOS="973" WIDTH="19"/>
						<String ID="P235_ST00105" HPOS="845" VPOS="941" WIDTH="33" HEIGHT="31" CONTENT="of" WC="0.69" CC="05"/>
						<SP ID="P235_SP00088" HPOS="878" VPOS="973" WIDTH="19"/>
						<String ID="P235_ST00106" HPOS="897" VPOS="941" WIDTH="53" HEIGHT="30" CONTENT="the" WC="0.64" CC="370"/>
					</TextLine>
					<TextLine ID="P235_TL00016" HPOS="132" VPOS="1001" WIDTH="631" HEIGHT="41">
						<String ID="P235_ST00107" HPOS="132" VPOS="1004" WIDTH="93" HEIGHT="37" CONTENT="child," WC="0.66" CC="074403"/>
						<SP ID="P235_SP00089" HPOS="225" VPOS="1041" WIDTH="18"/>
						<String ID="P235_ST00108" HPOS="243" VPOS="1003" WIDTH="62" HEIGHT="30" CONTENT="and" WC="0.79" CC="060"/>
						<SP ID="P235_SP00090" HPOS="305" VPOS="1041" WIDTH="14"/>
						<String ID="P235_ST00109" HPOS="319" VPOS="1002" WIDTH="94" HEIGHT="30" CONTENT="Ave've" WC="0.89" CC="000060"/>
						<SP ID="P235_SP00091" HPOS="413" VPOS="1041" WIDTH="15"/>
						<String ID="P235_ST00110" HPOS="428" VPOS="1003" WIDTH="109" HEIGHT="39" CONTENT="plenty" WC="0.78" CC="020730"/>
						<SP ID="P235_SP00092" HPOS="537" VPOS="1042" WIDTH="15"/>
						<String ID="P235_ST00111" HPOS="552" VPOS="1002" WIDTH="34" HEIGHT="30" CONTENT="of" WC="1.00" CC="00"/>
						<SP ID="P235_SP00093" HPOS="586" VPOS="1042" WIDTH="12"/>
						<String ID="P235_ST00112" HPOS="598" VPOS="1001" WIDTH="165" HEIGHT="41" CONTENT='patience."' WC="0.77" CC="0770060000"/>
					</TextLine>
				</TextBlock>
				<TextBlock ID="P235_TB00006" HPOS="128" VPOS="1062" WIDTH="820" HEIGHT="165" STYLEREFS="TXT_1 PAR_LEFT">
					<TextLine ID="P235_TL00017" HPOS="178" VPOS="1063" WIDTH="770" HEIGHT="41">
						<String ID="P235_ST00113" HPOS="178" VPOS="1067" WIDTH="17" HEIGHT="12" CONTENT='"' WC="0.43" CC="5"/>
						<SP ID="P235_SP00094" HPOS="195" VPOS="1079" WIDTH="12"/>
						<String ID="P235_ST00114" HPOS="207" VPOS="1064" WIDTH="114" HEIGHT="30" CONTENT="Whilst" WC="0.72" CC="070062"/>
						<SP ID="P235_SP00095" HPOS="321" VPOS="1094" WIDTH="24"/>
						<String ID="P235_ST00115" HPOS="345" VPOS="1075" WIDTH="62" HEIGHT="29" CONTENT="you" WC="0.51" CC="905"/>
						<SP ID="P235_SP00096" HPOS="407" VPOS="1104" WIDTH="24"/>
						<String ID="P235_ST00116" HPOS="431" VPOS="1063" WIDTH="155" HEIGHT="41" CONTENT="naturally" WC="0.63" CC="705390600"/>
						<SP ID="P235_SP00097" HPOS="586" VPOS="1104" WIDTH="22"/>
						<String ID="P235_ST00117" HPOS="608" VPOS="1063" WIDTH="92" HEIGHT="30" CONTENT="think" WC="0.62" CC="37070"/>
						<SP ID="P235_SP00098" HPOS="700" VPOS="1104" WIDTH="27"/>
						<String ID="P235_ST00118" HPOS="727" VPOS="1074" WIDTH="119" HEIGHT="19" CONTENT="Avomen" WC="0.80" CC="005006"/>
						<SP ID="P235_SP00099" HPOS="846" VPOS="1104" WIDTH="26"/>
						<String ID="P235_ST00119" HPOS="872" VPOS="1063" WIDTH="76" HEIGHT="30" CONTENT="have" WC="0.42" CC="7960"/>
					</TextLine>
					<TextLine ID="P235_TL00018" HPOS="131" VPOS="1123" WIDTH="817" HEIGHT="42">
						<String ID="P235_ST00120" HPOS="131" VPOS="1137" WIDTH="90" HEIGHT="26" CONTENT="none," WC="0.67" CC="70603"/>
						<SP ID="P235_SP00100" HPOS="221" VPOS="1163" WIDTH="18"/>
						<String ID="P235_ST00121" HPOS="239" VPOS="1125" WIDTH="62" HEIGHT="30" CONTENT="and" WC="0.78" CC="060"/>
						<SP ID="P235_SP00101" HPOS="301" VPOS="1163" WIDTH="22"/>
						<String ID="P235_ST00122" HPOS="323" VPOS="1135" WIDTH="94" HEIGHT="19" CONTENT="never" WC="0.72" CC="70006"/>
						<SP ID="P235_SP00102" HPOS="417" VPOS="1163" WIDTH="22"/>
						<String ID="P235_ST00123" HPOS="439" VPOS="1124" WIDTH="92" HEIGHT="30" CONTENT="know" WC="0.83" CC="0600"/>
						<SP ID="P235_SP00103" HPOS="531" VPOS="1163" WIDTH="14"/>
						<String ID="P235_ST00124" HPOS="545" VPOS="1123" WIDTH="84" HEIGHT="31" CONTENT="Avhat" WC="0.54" CC="00786"/>
						<SP ID="P235_SP00104" HPOS="629" VPOS="1163" WIDTH="22"/>
						<String ID="P235_ST00125" HPOS="651" VPOS="1124" WIDTH="26" HEIGHT="30" CONTENT="it" WC="0.43" CC="37"/>
						<SP ID="P235_SP00105" HPOS="677" VPOS="1163" WIDTH="23"/>
						<String ID="P235_ST00126" HPOS="700" VPOS="1124" WIDTH="25" HEIGHT="30" CONTENT="is" WC="0.67" CC="05"/>
						<SP ID="P235_SP00106" HPOS="725" VPOS="1163" WIDTH="23"/>
						<String ID="P235_ST00127" HPOS="748" VPOS="1124" WIDTH="74" HEIGHT="41" CONTENT="they" WC="0.67" CC="5700"/>
						<SP ID="P235_SP00107" HPOS="822" VPOS="1165" WIDTH="16"/>
						<String ID="P235_ST00128" HPOS="838" VPOS="1124" WIDTH="110" HEIGHT="37" CONTENT='want,"' WC="0.58" CC="905630"/>
					</TextLine>
					<TextLine ID="P235_TL00019" HPOS="130" VPOS="1186" WIDTH="287" HEIGHT="41">
						<String ID="P235_ST00129" HPOS="130" VPOS="1186" WIDTH="166" HEIGHT="41" CONTENT="suggested" WC="0.71" CC="555206000"/>
						<SP ID="P235_SP00108" HPOS="296" VPOS="1227" WIDTH="17"/>
						<String ID="P235_ST00130" HPOS="313" VPOS="1186" WIDTH="104" HEIGHT="30" CONTENT="Claire." WC="0.65" CC="7170700"/>
					</TextLine>
				</TextBlock>
				<TextBlock ID="P235_TB00007" HPOS="130" VPOS="1245" WIDTH="819" HEIGHT="217" STYLEREFS="TXT_1 PAR_LEFT">
					<TextLine ID="P235_TL00020" HPOS="178" VPOS="1246" WIDTH="771" HEIGHT="42">
						<String ID="P235_ST00131" HPOS="178" VPOS="1251" WIDTH="17" HEIGHT="12" CONTENT='"' WC="0.71" CC="2"/>
						<SP ID="P235_SP00109" HPOS="195" VPOS="1263" WIDTH="12"/>
						<String ID="P235_ST00132" HPOS="207" VPOS="1248" WIDTH="133" HEIGHT="30" CONTENT="Women" WC="0.83" CC="00008"/>
						<SP ID="P235_SP00110" HPOS="340" VPOS="1278" WIDTH="15"/>
						<String ID="P235_ST00133" HPOS="355" VPOS="1258" WIDTH="76" HEIGHT="29" CONTENT="very" WC="0.82" CC="0070"/>
						<SP ID="P235_SP00111" HPOS="431" VPOS="1287" WIDTH="14"/>
						<String ID="P235_ST00134" HPOS="445" VPOS="1246" WIDTH="84" HEIGHT="31" CONTENT="often" WC="0.59" CC="35505"/>
						<SP ID="P235_SP00112" HPOS="529" VPOS="1287" WIDTH="16"/>
						<String ID="P235_ST00135" HPOS="545" VPOS="1247" WIDTH="38" HEIGHT="30" CONTENT="do" WC="0.77" CC="04"/>
						<SP ID="P235_SP00113" HPOS="583" VPOS="1287" WIDTH="16"/>
						<String ID="P235_ST00136" HPOS="599" VPOS="1252" WIDTH="55" HEIGHT="25" CONTENT="not" WC="0.56" CC="607"/>
						<SP ID="P235_SP00114" HPOS="654" VPOS="1287" WIDTH="16"/>
						<String ID="P235_ST00137" HPOS="670" VPOS="1247" WIDTH="92" HEIGHT="30" CONTENT="knoAv" WC="0.81" CC="27000"/>
						<SP ID="P235_SP00115" HPOS="762" VPOS="1287" WIDTH="15"/>
						<String ID="P235_ST00138" HPOS="777" VPOS="1247" WIDTH="83" HEIGHT="30" CONTENT="Avhat" WC="0.58" CC="09703"/>
						<SP ID="P235_SP00116" HPOS="860" VPOS="1287" WIDTH="15"/>
						<String ID="P235_ST00139" HPOS="875" VPOS="1247" WIDTH="74" HEIGHT="41" CONTENT="they" WC="0.69" CC="5700"/>
					</TextLine>
					<TextLine ID="P235_TL00021" HPOS="132" VPOS="1308" WIDTH="816" HEIGHT="40">
						<String ID="P235_ST00140" HPOS="132" VPOS="1314" WIDTH="93" HEIGHT="32" CONTENT="want," WC="0.77" CC="00703"/>
						<SP ID="P235_SP00117" HPOS="225" VPOS="1346" WIDTH="21"/>
						<String ID="P235_ST00141" HPOS="246" VPOS="1320" WIDTH="55" HEIGHT="28" CONTENT="my" WC="0.50" CC="09"/>
						<SP ID="P235_SP00118" HPOS="301" VPOS="1348" WIDTH="24"/>
						<String ID="P235_ST00142" HPOS="325" VPOS="1308" WIDTH="73" HEIGHT="29" CONTENT="dear" WC="0.90" CC="0004"/>
						<SP ID="P235_SP00119" HPOS="398" VPOS="1348" WIDTH="24"/>
						<String ID="P235_ST00143" HPOS="422" VPOS="1308" WIDTH="131" HEIGHT="37" CONTENT='cousin,"' WC="0.74" CC="00612530"/>
						<SP ID="P235_SP00120" HPOS="553" VPOS="1348" WIDTH="19"/>
						<String ID="P235_ST00144" HPOS="572" VPOS="1308" WIDTH="38" HEIGHT="29" CONTENT="he" WC="0.64" CC="70"/>
						<SP ID="P235_SP00121" HPOS="610" VPOS="1348" WIDTH="26"/>
						<String ID="P235_ST00145" HPOS="636" VPOS="1308" WIDTH="151" HEIGHT="40" CONTENT="repeated," WC="0.85" CC="400005003"/>
						<SP ID="P235_SP00122" HPOS="787" VPOS="1348" WIDTH="23"/>
						<String ID="P235_ST00146" HPOS="810" VPOS="1308" WIDTH="138" HEIGHT="40" CONTENT="quietly;" WC="0.73" CC="07305500"/>
					</TextLine>
					<TextLine ID="P235_TL00022" HPOS="132" VPOS="1369" WIDTH="817" HEIGHT="38">
						<String ID="P235_ST00147" HPOS="132" VPOS="1372" WIDTH="55" HEIGHT="30" CONTENT='"it' WC="0.65" CC="406"/>
						<SP ID="P235_SP00123" HPOS="187" VPOS="1402" WIDTH="26"/>
						<String ID="P235_ST00148" HPOS="213" VPOS="1371" WIDTH="26" HEIGHT="30" CONTENT="is" WC="0.72" CC="13"/>
						<SP ID="P235_SP00124" HPOS="239" VPOS="1402" WIDTH="23"/>
						<String ID="P235_ST00149" HPOS="262" VPOS="1375" WIDTH="55" HEIGHT="25" CONTENT="not" WC="0.47" CC="635"/>
						<SP ID="P235_SP00125" HPOS="317" VPOS="1402" WIDTH="23"/>
						<String ID="P235_ST00150" HPOS="340" VPOS="1369" WIDTH="82" HEIGHT="31" CONTENT="then*" WC="0.49" CC="26087"/>
						<SP ID="P235_SP00126" HPOS="422" VPOS="1402" WIDTH="24"/>
						<String ID="P235_ST00151" HPOS="446" VPOS="1369" WIDTH="87" HEIGHT="38" CONTENT="fault," WC="0.74" CC="007034"/>
						<SP ID="P235_SP00127" HPOS="533" VPOS="1407" WIDTH="26"/>
						<String ID="P235_ST00152" HPOS="559" VPOS="1369" WIDTH="56" HEIGHT="31" CONTENT="but" WC="0.64" CC="073"/>
						<SP ID="P235_SP00128" HPOS="615" VPOS="1407" WIDTH="22"/>
						<String ID="P235_ST00153" HPOS="637" VPOS="1369" WIDTH="52" HEIGHT="31" CONTENT="the" WC="0.47" CC="473"/>
						<SP ID="P235_SP00129" HPOS="689" VPOS="1407" WIDTH="23"/>
						<String ID="P235_ST00154" HPOS="712" VPOS="1369" WIDTH="79" HEIGHT="31" CONTENT="fault" WC="0.72" CC="00706"/>
						<SP ID="P235_SP00130" HPOS="791" VPOS="1407" WIDTH="23"/>
						<String ID="P235_ST00155" HPOS="814" VPOS="1369" WIDTH="33" HEIGHT="30" CONTENT="of" WC="1.00" CC="00"/>
						<SP ID="P235_SP00131" HPOS="847" VPOS="1407" WIDTH="23"/>
						<String ID="P235_ST00156" HPOS="870" VPOS="1369" WIDTH="79" HEIGHT="31" CONTENT="their" WC="0.58" CC="46018"/>
					</TextLine>
					<TextLine ID="P235_TL00023" HPOS="131" VPOS="1430" WIDTH="193" HEIGHT="32">
						<String ID="P235_ST00157" HPOS="131" VPOS="1430" WIDTH="193" HEIGHT="32" CONTENT='education."' WC="0.78" CC="50700600400"/>
					</TextLine>
				</TextBlock>
				<TextBlock ID="P235_TB00008" HPOS="129" VPOS="1491" WIDTH="820" HEIGHT="104" STYLEREFS="TXT_1 PAR_LEFT">
					<TextLine ID="P235_TL00024" HPOS="177" VPOS="1492" WIDTH="772" HEIGHT="37">
						<String ID="P235_ST00158" HPOS="177" VPOS="1496" WIDTH="18" HEIGHT="13" CONTENT='"' WC="0.58" CC="4"/>
						<SP ID="P235_SP00132" HPOS="195" VPOS="1509" WIDTH="12"/>
						<String ID="P235_ST00159" HPOS="207" VPOS="1493" WIDTH="91" HEIGHT="36" CONTENT="Well," WC="0.74" CC="00353"/>
						<SP ID="P235_SP00133" HPOS="298" VPOS="1529" WIDTH="19"/>
						<String ID="P235_ST00160" HPOS="317" VPOS="1492" WIDTH="15" HEIGHT="31" CONTENT="I" WC="0.60" CC="3"/>
						<SP ID="P235_SP00134" HPOS="332" VPOS="1529" WIDTH="24"/>
						<String ID="P235_ST00161" HPOS="356" VPOS="1492" WIDTH="93" HEIGHT="31" CONTENT="knoAv" WC="0.82" CC="35000"/>
						<SP ID="P235_SP00135" HPOS="449" VPOS="1529" WIDTH="14"/>
						<String ID="P235_ST00162" HPOS="463" VPOS="1492" WIDTH="69" HEIGHT="31" CONTENT="that" WC="0.39" CC="4757"/>
						<SP ID="P235_SP00136" HPOS="532" VPOS="1529" WIDTH="16"/>
						<String ID="P235_ST00163" HPOS="548" VPOS="1492" WIDTH="14" HEIGHT="31" CONTENT="I" WC="1.00" CC="0"/>
						<SP ID="P235_SP00137" HPOS="562" VPOS="1529" WIDTH="23"/>
						<String ID="P235_ST00164" HPOS="585" VPOS="1493" WIDTH="47" HEIGHT="31" CONTENT="for" WC="0.72" CC="340"/>
						<SP ID="P235_SP00138" HPOS="632" VPOS="1529" WIDTH="14"/>
						<String ID="P235_ST00165" HPOS="646" VPOS="1503" WIDTH="57" HEIGHT="20" CONTENT="one" WC="0.75" CC="060"/>
						<SP ID="P235_SP00139" HPOS="703" VPOS="1529" WIDTH="16"/>
						<String ID="P235_ST00166" HPOS="719" VPOS="1492" WIDTH="62" HEIGHT="31" CONTENT="like" WC="0.85" CC="5000"/>
						<SP ID="P235_SP00140" HPOS="781" VPOS="1529" WIDTH="15"/>
						<String ID="P235_ST00167" HPOS="796" VPOS="1492" WIDTH="100" HEIGHT="32" CONTENT="better" WC="0.69" CC="706004"/>
						<SP ID="P235_SP00141" HPOS="896" VPOS="1529" WIDTH="21"/>
						<String ID="P235_ST00168" HPOS="917" VPOS="1498" WIDTH="32" HEIGHT="26" CONTENT="to" WC="0.56" CC="71"/>
					</TextLine>
					<TextLine ID="P235_TL00025" HPOS="130" VPOS="1554" WIDTH="819" HEIGHT="41">
						<String ID="P235_ST00169" HPOS="130" VPOS="1557" WIDTH="74" HEIGHT="29" CONTENT="hear" WC="0.44" CC="7536"/>
						<SP ID="P235_SP00142" HPOS="204" VPOS="1586" WIDTH="27"/>
						<String ID="P235_ST00170" HPOS="231" VPOS="1567" WIDTH="18" HEIGHT="18" CONTENT="a" WC="1.00" CC="0"/>
						<SP ID="P235_SP00143" HPOS="249" VPOS="1586" WIDTH="24"/>
						<String ID="P235_ST00171" HPOS="273" VPOS="1555" WIDTH="83" HEIGHT="40" CONTENT="baby" WC="0.63" CC="7070"/>
						<SP ID="P235_SP00144" HPOS="356" VPOS="1595" WIDTH="21"/>
						<String ID="P235_ST00172" HPOS="377" VPOS="1554" WIDTH="93" HEIGHT="41" CONTENT="speak" WC="0.67" CC="60090"/>
						<SP ID="P235_SP00145" HPOS="470" VPOS="1595" WIDTH="27"/>
						<String ID="P235_ST00173" HPOS="497" VPOS="1555" WIDTH="39" HEIGHT="30" CONTENT="its" WC="0.90" CC="003"/>
						<SP ID="P235_SP00146" HPOS="536" VPOS="1595" WIDTH="21"/>
						<String ID="P235_ST00174" HPOS="557" VPOS="1554" WIDTH="81" HEIGHT="41" CONTENT="baby" WC="0.83" CC="6000"/>
						<SP ID="P235_SP00147" HPOS="638" VPOS="1595" WIDTH="20"/>
						<String ID="P235_ST00175" HPOS="658" VPOS="1559" WIDTH="113" HEIGHT="36" CONTENT="tongue" WC="0.74" CC="034070"/>
						<SP ID="P235_SP00148" HPOS="771" VPOS="1595" WIDTH="27"/>
						<String ID="P235_ST00176" HPOS="798" VPOS="1555" WIDTH="76" HEIGHT="30" CONTENT="than" WC="0.61" CC="0707"/>
						<SP ID="P235_SP00149" HPOS="874" VPOS="1595" WIDTH="23"/>
						<String ID="P235_ST00177" HPOS="897" VPOS="1555" WIDTH="52" HEIGHT="30" CONTENT="the" WC="0.71" CC="170"/>
					</TextLine>
				</TextBlock>
				<TextBlock ID="P235_TB00009" HPOS="187" VPOS="1621" WIDTH="89" HEIGHT="15" STYLEREFS="TXT_2 PAR_LEFT">
					<TextLine ID="P235_TL00026" HPOS="187" VPOS="1623" WIDTH="89" HEIGHT="13">
						<String ID="P235_ST00178" HPOS="187" VPOS="1623" WIDTH="51" HEIGHT="13" CONTENT="VOL." WC="0.81" CC="6100"/>
						<SP ID="P235_SP00150" HPOS="238" VPOS="1636" WIDTH="17"/>
						<String ID="P235_ST00179" HPOS="255" VPOS="1623" WIDTH="21" HEIGHT="13" CONTENT="II." WC="0.95" CC="100"/>
					</TextLine>
				</TextBlock>
				<TextBlock ID="P235_TB00010" HPOS="852" VPOS="1622" WIDTH="13" HEIGHT="16" STYLEREFS="TXT_1 PAR_RIGHT">
					<TextLine ID="P235_TL00027" HPOS="853" VPOS="1622" WIDTH="12" HEIGHT="16">
						<String ID="P235_ST00180" HPOS="853" VPOS="1622" WIDTH="12" HEIGHT="16" CONTENT="Q" WC="0.08" CC="9"/>
					</TextLine>
				</TextBlock>
			</PrintSpace>
		</Page>
	</Layout>
</alto>
