1132 1747
182 110 34 25 38

415 116 81 21 LOVE
520 115 64 21 THE
607 113 160 22 AVENGER.

181 193 100 31 where
302 205 70 19 noAv
387 193 157 37 breathed,
569 191 139 38 blushed,
734 189 61 32 and
814 187 122 45 gloAved
954 185 53 31 the

181 254 195 38 soft-fleshed,
393 255 100 41 living
507 265 130 19 woman.

223 316 64 31 But
313 316 52 31 the
392 315 187 42 Pygmalion
591 315 11 30 ?
634 314 101 30 where
760 324 63 19 was
845 312 39 31 he
899 313 11 29 ?
956 310 49 31 No

179 387 57 21 one
260 376 95 31 asked
381 376 126 30 himself
529 376 63 30 this
619 375 161 41 question;
805 372 122 31 neither
952 371 53 31 the

179 438 146 41 Marquis,
351 449 57 19 nor
430 437 69 31 that
518 437 171 42 lynx-eyed
704 436 130 41 Aspasie
857 433 148 42 Mourjon

181 498 131 42 (women
328 498 115 32 seldom
458 499 156 42 recognise
629 498 54 32 the
698 498 171 40 testimony
885 497 35 30 of
934 496 71 31 that

177 560 148 31 infallible
349 560 133 37 Avitness,
507 560 51 31 the
581 558 100 43 voice)
696 561 5 29 !
749 559 63 32 But
835 558 54 32 the
915 558 90 31 effect

177 621 156 42 produced
350 633 63 19 was
436 626 96 37 great,
549 622 63 30 and
630 621 54 31 the
705 621 147 42 applause
867 631 72 21 won
960 620 44 42 by

178 684 150 30 Claudine
344 696 64 18 was
424 685 208 29 enthusiastic.

220 746 64 30 The
299 757 106 30 young
419 746 177 42 gentleman
612 746 70 30 Avho
701 745 220 41 accompanied
937 745 63 38 her,

177 818 18 19 a
210 807 153 30 beardless
380 807 137 41 aspirant
535 812 33 25 to
590 807 108 41 lyrical
713 818 135 26 renoAvn,
864 818 64 20 Avas
943 818 57 20 un-

176 867 190 41 fortunately
397 879 17 19 a
445 867 189 42 Avorshipper
664 868 34 30 of
726 868 136 31 classical
893 869 107 37 music,

177 928 62 30 and
264 939 94 20 swore
382 928 42 42 by
444 928 54 32 the
520 934 69 26 true
609 929 84 42 gods,
721 929 79 31 from
827 930 173 31 Palestrina

177 990 92 31 down
283 995 33 26 to
333 990 143 43 Wagner,
491 991 62 31 and
568 991 62 31 had
645 992 53 30 the
715 992 162 41 absurdity
892 997 32 26 to
940 993 60 43 beg

178 1052 150 31 Claudine
343 1057 32 26 to
392 1054 69 40 sing
477 1054 174 41 something
671 1053 34 31 of
726 1054 152 37 Mozart's,
896 1055 104 31 Avhich

177 1116 53 30 she
257 1115 61 30 did.
378 1116 82 30 Here
487 1116 53 30 she
562 1126 63 21 was
656 1120 32 26 at
715 1127 75 19 once
815 1117 123 37 second,
966 1129 34 19 or

177 1176 120 38 indeed,
314 1176 83 30 third
418 1181 73 32 rate,
513 1177 125 42 singing
654 1188 18 20 a
687 1178 99 42 string
809 1177 34 31 of
863 1183 88 27 notes
967 1191 33 19 as

177 1237 54 31 her
246 1242 113 26 master
374 1237 62 31 had
451 1237 114 42 taught
587 1238 62 38 her,
667 1238 61 31 and
746 1239 114 42 totally
874 1240 126 43 lacking

177 1298 53 31 the
253 1298 137 41 superior
415 1298 194 42 intelligence
633 1299 143 41 required
796 1304 32 27 to
852 1301 71 41 give
946 1302 54 31 the

178 1359 108 42 higher
310 1359 76 38 idea,
414 1364 33 26 to
480 1359 147 32 translate
659 1360 51 32 the
740 1362 131 31 musical
902 1375 95 21 sense.

179 1420 73 31 This
267 1431 63 20 was
356 1431 18 19 a
397 1419 115 39 failure,
540 1420 62 32 and
627 1421 53 32 the
706 1423 117 41 weight
845 1423 35 30 of
899 1425 26 30 it
947 1425 53 32 fell

178 1481 130 42 entirely
323 1492 40 20 on
378 1481 52 31 the
446 1481 159 32 shoulders
621 1482 34 31 of
667 1483 53 31 the
735 1485 99 39 youth
850 1486 71 31 who
937 1486 62 33 had

176 1542 74 31 been
268 1553 32 20 so
319 1542 176 32 ill-adAdsed
518 1555 33 19 as
573 1548 33 27 to
628 1545 133 41 petition
783 1546 49 31 for
847 1558 18 20 a
880 1550 119 40 sample
