1132 1747
180 99 52 25 250

420 105 81 21 LOVE
525 105 64 21 THE
612 103 161 22 AVENGER.

182 183 250 42 EnglishAvomen
448 202 44 3 —
507 183 35 31 of
583 183 88 30 those
714 181 182 35 boisterous,
936 177 78 42 hoy-

180 245 109 32 denish
312 258 126 30 persons
463 246 34 31 of
524 245 103 31 whom
655 244 53 31 she
732 243 64 30 had
826 240 98 32 heard
951 239 63 32 and

180 309 81 37 read,
288 309 57 30 but
375 309 34 30 of
435 309 103 30 Avhom
565 308 53 29 she
645 304 142 33 thanked
810 304 121 31 heaven
958 303 55 30 she

180 370 61 30 had
263 381 94 19 never
379 370 132 30 counted
533 381 57 19 one
611 369 34 30 in
666 368 55 30 her
742 378 70 20 oavii
836 364 178 33 individual

181 432 227 40 acquaintance.

223 493 96 31 There
344 505 62 19 Avas
430 505 18 19 a
472 493 166 41 buoyancy
665 502 71 19 noAV
756 491 33 29 in
815 490 101 30 Claire
941 488 72 31 that

180 555 102 31 added
306 567 17 19 a
338 555 80 31 fresh
436 555 62 31 and
517 554 173 37 altogether
710 564 18 20 a
744 553 145 30 different
906 552 106 30 charm

179 622 33 26 to
227 617 52 30 the
297 618 120 30 charms
432 617 47 30 for
495 616 101 32 which
617 616 54 30 she
692 615 63 31 had
778 614 137 32 hitherto
931 613 81 31 been

179 679 198 30 remarkable.
426 678 30 30 It
471 689 63 19 Avas
550 678 47 30 for
614 678 53 30 the
683 681 82 26 most
781 681 71 37 part
867 687 19 20 a
900 675 114 42 purely

179 740 140 41 physical
345 740 211 30 modification
582 740 52 30 she
649 750 64 20 Avas
736 738 196 42 undergoing
947 750 6 24 ;
986 736 26 32 it

180 813 62 20 was
257 802 53 31 the
327 802 119 31 sudden
462 802 62 30 and
539 801 129 42 healthy
685 801 149 31 assertion
849 801 35 30 of
897 812 17 18 a
930 800 83 30 force

180 875 33 20 as
228 869 54 36 yet
297 864 214 41 undeveloped
527 863 112 32 within
654 864 55 30 her
720 876 6 24 ;
750 863 59 31 but
824 863 53 31 the
893 862 120 31 mental

180 926 122 41 portion
328 925 34 31 of
384 926 26 30 it
435 925 120 31 existed
572 930 62 32 too,
660 925 62 31 and
744 924 64 32 this
831 924 51 31 led
905 924 56 31 her
980 928 34 26 to

180 987 59 31 feel
265 987 69 30 that
360 987 47 30 for
433 988 53 29 the
517 987 66 30 first
604 988 77 29 time
706 987 53 30 she
783 986 64 31 had
873 986 99 30 found
995 997 17 19 a

180 1050 132 42 genuine
336 1050 188 30 distraction.
574 1049 61 31 She
658 1049 93 31 kneAV
766 1060 72 19 uoav
854 1048 34 31 of
909 1060 17 18 a
949 1048 64 31 real

180 1110 127 41 remedy
329 1110 47 31 for
399 1110 268 43 discouragement
692 1110 62 32 and
782 1110 229 42 despondency,

180 1173 91 31 kneAV
298 1173 70 31 that
391 1173 87 31 there
506 1184 63 19 Avas
594 1184 17 19 a
636 1184 107 20 means
767 1173 43 42 by
831 1173 103 31 Avhich
958 1172 54 31 she

180 1235 92 30 could
294 1235 218 41 momentarily
528 1246 107 30 escape
651 1235 80 30 from
751 1235 54 31 the
824 1246 139 30 pressure
982 1235 34 30 of

182 1297 54 30 sad
252 1297 149 41 thoughts
415 1309 7 25 ;
447 1296 62 31 and
525 1297 53 30 she
594 1297 137 30 resorted
743 1302 33 26 to
793 1298 26 30 it
835 1297 129 41 eagerly.

225 1359 98 31 There
347 1359 107 31 awoke
481 1359 33 30 in
539 1359 99 31 Claire
664 1359 39 31 de
730 1359 188 31 Beauvoisin
942 1359 69 31 that

182 1421 101 32 Avhich
309 1421 56 31 lies
390 1421 144 31 dormant
559 1422 33 30 in
620 1432 94 31 every
737 1422 275 31 Avell-constituted

180 1484 129 40 healthy
324 1484 117 29 human
465 1488 146 33 creature,
629 1484 134 40 namely,
782 1484 52 30 the
859 1484 91 30 thirst
965 1483 47 30 for

180 1546 61 30 life.
290 1545 61 31 She
376 1545 113 41 longed
512 1550 33 26 to
568 1545 72 38 live,
657 1550 33 25 to
710 1545 67 38 feel,
798 1551 33 25 to
856 1545 101 41 enjoy,
977 1550 35 25 to
