1132 1747
196 101 52 26 100

433 108 82 21 LOVE
539 108 64 21 THE
626 106 162 22 AVENGER.

195 186 153 44 DoAvager
373 186 62 32 had
460 186 108 31 shown
595 186 70 31 that
689 185 76 41 lady
789 181 139 33 satisfied
950 180 78 32 with

194 248 85 32 Avhat
305 249 62 31 had
394 248 79 32 been
498 246 156 33 achieved.
705 246 62 31 She
792 245 63 31 had
883 243 97 32 heard
996 243 34 31 of

192 311 53 31 the
272 310 170 31 attentions
468 309 74 42 paid
567 308 43 42 by
626 308 43 31 M.
700 308 39 31 de
765 307 119 31 Nesves
910 310 34 27 to
971 305 55 32 the

193 372 130 42 Sphinx,
340 372 47 31 for
402 372 92 31 Avhile
508 371 56 30 her
579 370 126 31 brother
725 368 160 44 imagined
901 368 129 31 himself

191 438 33 27 to
239 434 38 30 be
292 434 54 30 the
362 433 73 41 only
445 432 177 31 individual
637 432 33 30 in
685 431 54 31 the
756 430 99 32 Avorld
870 430 34 31 in
920 430 104 31 Avhose

191 495 89 31 mind
303 506 17 20 a
343 495 94 31 shade
460 494 35 31 of
513 494 157 41 suspicion
693 493 63 31 had
779 493 77 31 been
882 492 140 38 aroused,

191 557 62 31 and
269 556 91 32 while
376 556 41 32 all
440 556 47 31 his
511 556 105 31 efforts
630 567 81 20 were
730 556 140 31 directed
886 555 137 31 toAvards

190 619 184 42 preventing
390 630 62 30 any
468 629 57 20 one
542 618 59 31 else
617 617 80 32 from
720 617 147 43 guessing
886 622 33 26 at
934 617 87 31 these

189 690 100 31 vague
305 679 170 42 suspicions
491 678 34 31 of
544 678 56 38 his,
616 679 54 31 the
689 679 99 31 entire
805 679 104 31 crowd
925 678 35 32 of
972 679 49 31 his

189 742 140 30 habitual
358 741 163 31 associates
552 752 80 19 Avere
670 741 172 36 beginning
880 746 33 26 to
952 741 69 31 talk

188 803 139 30 betAveen
342 803 193 37 themselves,
553 802 63 30 and
642 807 32 26 to
699 803 130 31 chuckle
845 803 63 31 and
924 803 97 42 laugh

189 875 73 20 over
276 865 53 30 the
344 864 146 41 probable
518 864 62 30 fate
608 864 35 30 of
666 865 52 30 the
742 865 112 42 kingly
877 865 144 42 Marquis

189 926 37 30 de
237 926 172 42 Moranges,
423 926 69 31 Avho
503 926 88 31 alone
601 937 64 20 was
676 927 186 42 completely
873 928 148 42 ignorant

189 987 34 30 of
235 986 84 32 Avhat
334 998 63 20 Avas
412 987 127 41 passing
554 992 55 27 out
625 988 34 31 of
672 988 98 31 doors.

308 1049 26 30 is
349 1049 169 41 extremely
534 1049 96 42 lucky
645 1050 71 30 that
739 1050 26 30 it
780 1050 56 31 has
852 1050 96 32 fallen
964 1057 53 26 out

188 1119 32 20 as
236 1109 26 31 it
276 1109 54 31 has
469 1110 62 31 had
554 1110 149 31 observed
728 1111 52 30 the
805 1111 163 44 DoAvager,
986 1119 31 26 at

188 1170 52 31 the
267 1170 78 32 close
369 1171 35 31 of
426 1172 53 30 the
507 1173 162 30 interview
690 1173 98 31 above
813 1174 127 32 alluded
964 1180 32 27 to
1010 1189 6 24 ;

219 1232 131 41 nothing
365 1232 91 30 could
471 1233 79 30 have
565 1233 78 31 been
658 1245 85 20 more

231 1293 88 38 Noav,
336 1293 85 31 these
436 1295 110 37 wrords,
563 1295 96 41 lucky
672 1296 62 31 and
750 1302 183 36 opportune,
951 1298 62 31 had

187 1365 39 19 an
257 1354 183 41 unpleasant
466 1356 108 38 sound,
601 1357 62 30 and
695 1359 159 41 conveyed
884 1370 41 19 an
956 1372 57 19 un-

186 1417 139 41 pleasant
340 1428 84 20 sense
447 1422 32 26 to
503 1417 82 32 Mile.
606 1418 154 42 Aspasie's
787 1431 75 28 ears,
880 1421 63 31 and
959 1422 54 32 she

186 1478 141 39 rebelled,
355 1478 62 32 and
443 1478 162 43 distinctly
629 1481 100 30 stated
752 1482 70 31 that
844 1483 88 32 there
948 1495 65 21 was

186 1545 54 27 not
266 1552 39 20 an
337 1545 84 27 atom
445 1540 34 32 of
505 1541 73 31 luck
606 1553 34 20 or
666 1544 205 41 opportunity
897 1546 33 31 in
957 1547 55 32 the
