1132 1747
181 92 51 25 120

409 98 82 20 LOVE
515 98 63 20 THE
601 95 160 23 AVENGER.

178 176 53 31 the
247 177 115 42 empire
378 177 26 31 is
423 177 91 31 made
535 177 48 30 for
606 175 54 31 the
685 183 140 32 emperor
849 171 77 38 first,
944 168 64 32 and

178 244 84 34 next,
279 240 48 31 for
342 251 18 20 a
375 244 47 27 set
444 239 34 31 of
497 238 109 42 people
621 237 78 31 with
715 236 104 31 Avhom
840 244 63 32 you
926 233 82 31 have

178 303 133 40 nothing
326 303 33 29 in
376 312 149 20 common.
571 299 87 32 Then
674 309 63 31 you
757 297 96 41 fancy
867 296 72 31 that
953 295 55 31 the

178 364 145 31 so-called
339 374 113 20 masses
466 366 85 27 must
566 361 39 31 be
620 359 146 33 charmed
786 364 34 26 to
842 370 49 20 see
906 358 102 32 them-

177 425 97 30 selves
294 424 196 41 represented
516 423 44 41 by
575 422 53 31 the
654 421 171 32 illustrious
851 430 108 21 names
974 418 34 32 of

177 486 123 31 ancient
323 486 136 37 France;
483 485 144 37 Avhereas,
653 484 76 41 they
754 493 51 20 are
830 480 177 41 absolutely

175 548 144 42 ignorant
345 547 34 31 of
407 547 125 30 ancient
555 545 118 31 France
687 558 6 24 ;
726 544 63 30 and
820 543 102 31 Avhere
949 546 58 27 not

176 610 152 40 ignorant,

251 671 102 30 AIIoav
377 681 49 20 me
453 674 32 27 to
511 669 89 31 differ
624 668 113 42 totally
752 668 80 31 from
859 679 73 30 you,
949 678 56 30 my

176 733 73 30 dear
423 731 170 31 exclaimed
618 731 53 31 the
696 734 122 38 notary,
847 730 71 31 Avho
941 729 64 32 had

176 794 64 30 still
256 794 48 30 his
318 793 57 31 left
390 794 85 29 hand
492 794 33 29 in
548 793 49 30 his
612 792 170 38 Avaistcoat,
800 791 64 32 and
879 791 126 32 wanted

174 860 33 25 to
223 855 37 30 be
277 855 156 30 delivered
450 854 33 31 of
503 855 49 30 his
575 854 132 31 address.
786 854 104 30 AIIoav
905 865 51 19 me
971 858 34 26 to

175 915 89 31 differ
279 916 112 41 totally
406 916 80 30 from
501 927 70 30 you.
620 915 65 31 The
700 915 111 41 people
830 915 34 31 of
885 914 120 32 France

174 977 78 31 have
267 977 78 32 been
360 977 136 39 blinded,
514 977 34 31 ill
571 977 121 42 taught,
709 977 58 31 but
790 977 77 42 they
883 977 55 31 ask
961 988 41 20 no

174 1039 100 31 better
302 1038 77 31 than
410 1044 32 26 to
473 1039 38 31 be
541 1039 51 31 led
624 1039 80 31 back
735 1039 67 31 into
833 1039 54 31 the
919 1039 86 42 right

247 1160 109 31 WheAv
368 1162 5 29 !
427 1161 144 31 wdiistled
600 1161 54 32 the
679 1162 171 31 irreverent
874 1163 109 31 doctor
994 1176 7 25 ;

204 1222 69 31 that
283 1222 64 31 will
362 1222 73 31 take
451 1233 17 20 a
484 1222 69 31 deal
568 1223 108 41 longer
687 1224 76 30 time
775 1224 78 31 than
863 1236 46 20 Ave
921 1225 80 31 have

174 1288 33 26 to
231 1284 71 41 give
326 1287 33 27 to
384 1283 54 31 the
463 1283 130 31 election
617 1283 103 31 before
743 1296 44 19 us.
836 1285 165 40 However,

174 1350 52 35 try

475 1406 194 41 interrupted
684 1407 53 31 the
749 1408 163 43 DoAvager,
930 1410 71 31 who

174 1468 189 41 thoroughly
378 1467 70 31 Avell
464 1467 92 30 knew
572 1468 52 30 old
645 1468 186 33 Robichon's
847 1470 154 32 influence

174 1529 190 42 throughout
389 1529 53 31 the
467 1529 98 31 entire
594 1529 208 42 department,
866 1543 135 30 suppose
