1132 1747
365 124 93 22 CROSS
481 125 164 21 PURPOSES.

862 121 50 25 107

94 199 53 32 the
169 200 60 32 loss
260 201 34 31 of
317 201 70 31 that
410 212 122 20 woman
548 201 105 31 Avould
678 201 38 31 be
746 213 18 19 a
790 202 125 30 terrible

94 261 61 31 loss
170 266 33 27 to
225 274 59 26 me,
302 274 18 19 a
343 262 182 31 dislocation
549 263 34 30 of
597 275 55 29 my
674 262 169 31 household
869 263 47 30 in-

96 322 78 31 deed
185 335 8 24 ;
216 323 58 31 but
295 323 27 31 if
341 335 63 30 you
432 335 88 31 agree
542 324 77 31 Avith
642 335 49 20 me
713 325 33 29 in
768 324 148 41 thinking-

95 383 87 31 there
208 395 74 31 may
311 385 38 30 be
374 385 124 42 danger,
523 385 15 30 I
561 385 64 30 will
647 385 76 31 send
745 385 54 30 her
829 395 87 31 away

172 507 66 30 Not
252 507 47 30 for
314 507 120 37 worlds,
446 507 138 30 Maurice
597 509 5 28 !
625 511 56 26 not
696 507 48 30 for
758 507 112 30 Avorlds
882 508 4 28 !

95 568 137 30 retorted
260 568 48 29 his
339 568 88 29 sister
469 568 215 40 expressively.
777 568 15 29 I
822 567 94 30 know

95 630 85 29 what
194 629 54 30 the
263 629 91 30 value
370 629 33 30 of
421 629 70 30 that
513 629 79 29 kind
608 628 33 30 of
655 640 111 29 person
780 633 84 25 must
879 628 37 30 be

94 695 34 26 to
142 702 63 30 you
206 710 43 2 —
250 691 33 29 in
299 702 78 29 your
392 690 135 41 peculiar
543 690 235 30 circumstances
779 708 42 3 —
855 689 61 30 and

96 752 54 31 she
178 752 113 31 looked
321 751 160 42 demurely
507 751 91 31 doAvn
613 764 6 25 ;
684 751 61 30 and
772 751 15 30 I
813 751 103 30 would

95 818 55 26 not
181 813 126 41 deprive
333 824 63 30 you
423 812 34 31 of
483 813 55 31 her
564 812 98 32 under
692 823 62 30 any
781 812 135 30 conside-

171 937 183 31 Remember
366 938 5 29 !
397 937 14 30 I
421 937 79 30 have
510 937 125 30 warned
752 935 164 32 continued

97 1000 54 30 the
167 999 148 40 Marquis.
393 998 62 30 But
470 998 27 30 if
509 1009 62 30 you
587 1009 50 19 are
653 1008 68 20 sure
736 997 86 30 there
836 997 26 30 is
877 1007 39 20 no

98 1061 116 40 danger
215 1079 43 3 —

141 1121 64 31 The
221 1121 151 41 Dowager
387 1121 115 30 smiled.

171 1183 89 30 None
275 1184 4 29 !
327 1182 52 30 she
393 1182 143 40 rejoined.

173 1243 116 32 Olivier
313 1243 26 30 is
362 1247 56 26 not
579 1242 113 41 opined
714 1242 54 30 her
783 1241 131 38 brother,

97 1306 133 40 shaking
245 1305 49 30 his
308 1303 85 32 head.

168 1366 50 31 No
233 1368 5 29 !
289 1364 136 32 retorted
449 1364 52 31 she
515 1377 8 25 ;
574 1364 62 31 and
662 1364 68 31 that
756 1364 64 30 will
846 1375 70 19 save

95 1429 72 30 him.
217 1428 32 30 It
263 1428 26 30 is
306 1426 115 43 always
437 1437 78 31 your
531 1425 263 42 over-intelligent
809 1425 107 42 imagi-

95 1491 105 31 native
216 1500 72 19 men
299 1488 71 31 who
385 1492 53 38 get
450 1487 151 32 ensnared
613 1486 62 32 and
687 1486 116 31 carried
818 1497 94 31 away.

95 1552 16 30 I
126 1552 79 30 have
221 1550 96 31 taken
333 1549 81 42 good
437 1560 67 20 care
521 1549 118 31 Olivier
657 1547 111 32 should
783 1547 78 32 have
876 1558 40 21 no
