1132 1747
384 113 146 22 KINDRED
554 114 108 21 MINDS.

894 111 32 26 11

107 199 61 30 you
184 200 79 21 were
286 201 84 21 more
394 190 169 42 charming,
587 191 132 41 lovelier,
738 192 113 41 dearer,
870 193 59 31 and

108 260 34 21 so
165 250 81 41 glad,
265 262 35 20 so
315 251 104 42 happy
435 256 33 28 to
485 263 50 21 see
551 263 58 30 me,
628 252 100 33 Claire
740 254 6 31 !
772 253 59 31 and
845 253 83 41 then,

108 322 57 21 one
196 312 61 32 fine
290 312 68 42 day,
391 312 88 33 when
510 313 15 32 I
556 314 144 32 returned
732 314 89 32 home
851 314 78 32 from

106 371 138 42 Algeria,
268 372 15 32 I
304 372 63 33 find
391 385 61 30 you
476 385 80 31 gone
557 394 44 3 —
601 386 80 30 gone
704 379 32 27 to
760 373 78 44 Italy
855 374 74 31 with

107 444 77 31 your
214 433 143 33 husband
358 455 43 2 —
401 435 131 31 married
557 440 32 27 to
615 435 117 33 Olivier
764 436 36 31 de
831 436 98 31 Beau-

182 557 71 31 You
277 556 70 41 will,
377 557 14 31 I
419 568 150 31 presume,
595 558 136 41 scarcely
753 558 87 31 deem
864 557 24 31 it
911 569 17 20 a

106 617 92 42 proof
218 617 34 31 of
269 617 169 42 friendship
455 622 32 27 to
504 619 94 40 speak
614 619 31 30 ill
669 619 34 31 of
722 631 52 29 my
790 619 138 31 husband

263 678 160 32 remarked
438 679 53 31 the
507 679 165 40 Marquise.

148 740 43 32 M.
217 740 37 32 de
282 740 144 31 Lancour
453 752 79 28 rose,
550 741 73 31 took
646 753 19 19 a
684 741 60 31 few
766 745 83 38 steps
873 741 58 31 for-

106 802 109 40 wards,
241 802 60 31 and
325 802 75 31 then
424 801 189 41 backwards,
645 801 61 32 and
731 802 143 40 standing
900 801 31 31 in

105 863 82 31 front
203 862 34 32 of
249 863 47 31 his
313 862 116 40 cousin,
628 863 66 31 said
709 863 47 39 he,
769 863 95 41 sadly,
908 863 23 31 it

105 923 25 32 is
158 924 123 31 evident
302 924 67 31 that
391 935 61 30 you
468 923 80 32 have
568 923 78 32 been
667 924 111 40 taught
793 928 32 26 to
840 923 89 31 think

107 996 33 22 so
164 985 32 32 ill
221 985 35 32 of
278 996 49 21 me
354 985 69 32 that
449 996 60 31 you
531 989 114 27 cannot
668 985 188 31 understand
882 996 49 20 me

105 1059 61 30 any
191 1058 94 21 more.
333 1046 16 32 I
372 1046 61 32 will
459 1051 54 27 not
540 1046 173 42 importune
737 1057 62 30 you
815 1046 115 41 longer,

104 1108 56 32 but
182 1108 16 32 I
220 1108 80 32 have
328 1107 66 33 said
415 1112 53 28 too
490 1107 94 32 much
607 1112 55 27 not
689 1112 32 27 to
752 1119 54 30 say
837 1119 93 21 more.

104 1171 105 31 When
234 1170 15 31 I
272 1169 60 32 lost
355 1181 71 31 you,
446 1169 110 40 Claire,
579 1169 16 32 I
616 1169 60 32 lost
699 1169 52 32 the
779 1173 150 36 sweetest,

104 1233 68 31 best
190 1231 91 41 thing
302 1243 17 20 a
339 1243 73 19 man
430 1242 57 20 can
503 1230 79 31 have
599 1230 30 31 in
652 1230 50 32 life
708 1250 39 3 —
749 1242 17 19 a
786 1235 68 27 true
871 1230 60 32 and

104 1294 106 41 loving
229 1293 101 32 sister.
376 1293 82 31 That
486 1292 97 42 ought
606 1297 56 27 not
687 1297 31 27 to
743 1292 79 32 have
842 1293 87 31 been.

104 1355 66 32 The
209 1366 72 21 man
319 1366 61 30 you
419 1354 108 31 should
557 1353 78 32 have
662 1354 140 40 married,
835 1354 96 40 ought

103 1421 33 28 to
162 1416 82 33 have
270 1416 79 32 been
365 1427 54 30 my
441 1415 126 32 brother
588 1414 46 32 for
652 1414 53 32 the
730 1414 70 32 love
822 1415 14 30 I
858 1415 73 31 bore

104 1492 69 31 you,
206 1479 60 32 and
289 1483 32 27 to
352 1489 70 31 you,
455 1489 53 30 my
538 1477 132 31 married
695 1476 95 41 sister,
820 1477 109 40 Claire,

103 1543 16 31 I
150 1541 97 41 ought
278 1545 32 26 to
348 1539 80 32 have
463 1539 77 31 been
581 1538 69 32 able
683 1543 33 27 to
746 1549 86 21 come
871 1538 59 32 and
