1132 1747
165 105 34 27 40

398 112 82 20 LOVE
503 112 65 20 THE
590 110 160 22 AVENGER.

166 201 50 20 am
242 195 55 26 not
320 190 33 31 in
381 190 54 31 the
458 189 88 31 habit
572 188 35 31 of
633 186 215 42 intimidating
872 195 72 32 you,
974 182 14 31 I

166 252 77 42 hope
256 253 11 31 ?
339 252 73 31 This
428 262 63 21 was
506 250 102 32 added
624 250 77 30 with
724 260 83 20 more
823 248 78 31 than
917 256 71 21 con-

165 313 183 31 descension.

243 376 15 30 I
274 375 110 31 should
398 374 63 31 like
487 378 33 27 to
544 383 39 32 go
607 383 39 20 on
662 372 53 31 the
859 369 130 33 faltered

170 437 157 37 Claudine,
344 435 166 42 hurriedly,
526 434 63 32 and
615 434 161 42 fluttering
801 444 33 20 as
861 433 26 31 it
909 443 80 20 were

169 498 99 31 under
282 498 52 31 the
349 498 71 30 beat
447 497 34 31 of
500 497 54 30 her
577 507 69 20 OAvn
670 495 132 31 blushes.
881 494 49 32 Oh
942 496 6 29 !
975 493 14 31 I

168 560 110 30 should
308 571 32 19 so
370 560 62 29 like
464 559 25 30 it
501 560 6 29 !
562 558 53 31 she
645 557 111 39 added,
784 557 125 42 joining
935 556 54 31 her

167 620 107 37 hands,
290 620 62 31 and
375 620 127 41 looking
528 630 85 20 more
635 618 152 31 beautiful
813 618 77 31 Avith
915 617 74 31 each

166 681 126 30 instant.

210 742 43 32 M.
282 742 37 31 de
344 742 163 42 Moranges
534 742 54 30 did
618 746 55 26 not
703 753 119 19 answer
851 746 33 26 at
913 741 76 31 first.

169 803 49 31 He
248 814 62 20 was
347 803 148 31 absorbed
531 803 33 30 in
601 803 48 31 his
687 803 245 41 contemplation
960 803 33 31 of

170 863 156 32 Claudine.
387 863 45 32 At
461 863 68 39 last,
560 863 77 32 Avith
668 875 39 20 an
746 865 175 41 expression
960 864 33 31 of

169 926 139 40 paternal
331 925 146 31 fondness
481 944 39 3 —
521 924 85 39 fond,
630 925 56 31 but
709 926 141 41 paternal
851 946 44 2 —
926 926 65 31 The

171 991 84 38 stage
271 988 5 29 !
319 986 38 31 he
381 986 152 42 repeated,
554 986 133 43 smiling,
716 987 62 31 and
804 988 116 42 raising
943 988 49 31 his

171 1048 155 41 eyebroAvs
351 1047 77 31 Avith
454 1059 18 19 a
498 1051 63 27 sort
591 1047 34 31 of
652 1049 243 40 compassionate
925 1061 67 19 sur-

171 1108 89 41 prise,
305 1107 109 31 foolish
438 1107 83 31 child
535 1109 5 29 !
563 1107 53 31 the
640 1112 84 38 stage
735 1109 11 30 ?
773 1109 70 30 that
865 1110 26 30 is
914 1110 79 31 hard

171 1169 85 30 Avork
283 1168 47 31 for
345 1179 17 20 a
377 1173 104 37 pretty
497 1180 121 20 Avoman
630 1171 5 29 !
659 1170 26 30 it
712 1170 93 41 spoils
829 1171 54 30 the
910 1183 82 19 com-

171 1230 132 42 plexion.
350 1229 48 31 No
414 1230 116 41 beauty
545 1230 106 31 stands
666 1231 25 30 it

216 1290 149 32 Claudine
390 1290 92 32 knew
508 1291 54 31 her
588 1292 76 30 Avish
690 1303 61 19 Avas
779 1293 122 39 denied,
931 1295 61 32 and

173 1352 114 31 shrank
302 1352 78 30 back
395 1353 66 30 into
476 1352 54 30 her
545 1353 52 30 old
612 1353 224 42 subserviency.

248 1414 14 30 I
279 1413 74 42 only
368 1413 66 31 said
450 1413 14 30 I
481 1414 110 30 should
614 1414 64 31 like
768 1415 54 31 she
845 1416 148 42 rejoined,

174 1475 207 41 crouchingly.
460 1474 15 31 I
491 1475 78 41 hope
585 1487 62 29 you
663 1476 65 30 will
743 1482 57 25 not
814 1477 37 31 be

252 1536 157 41 Certainly
535 1548 62 19 was
618 1537 53 31 the
695 1538 139 41 gracious
858 1551 119 23 answer
988 1556 5 23 ;
