1132 1747
187 110 52 26 154

426 118 83 21 LOVE
533 118 63 20 THE
619 116 162 22 AVENGER.

187 194 87 31 them
288 207 7 25 ;
334 194 75 43 they
439 195 92 31 think
565 194 127 42 nobody
721 194 110 30 knows
865 191 156 42 anything

187 256 96 31 about
315 256 81 32 their
434 255 143 43 quarrels,
609 255 58 31 but
694 254 180 42 everybody
909 253 111 30 knows

186 317 42 31 all
254 317 95 31 about
373 318 25 30 it
400 336 42 3 —
443 317 49 31 it's
508 316 135 32 Punch's
666 321 97 26 secret
777 317 6 30 !
831 315 188 32 Beauvoisin

186 379 121 41 against
337 378 153 31 Vivienne
502 391 8 24 ;
549 390 18 19 a
600 378 80 42 fight
717 378 101 31 inside
849 377 54 32 the
933 387 86 21 same

186 452 98 30 camp,
312 441 53 30 the
392 441 53 31 old
471 446 86 36 story
584 453 73 19 over
681 442 92 41 again
788 442 5 30 !
841 440 99 31 There
967 451 52 19 are

186 503 69 30 four
283 503 107 31 letters
419 503 48 31 for
498 503 164 37 Clavreuil,
694 503 62 30 and
782 514 17 19 a
826 503 109 31 Revue
962 501 58 32 des

186 564 96 32 Deux
307 564 137 32 Mondes
473 564 48 31 for
550 564 193 38 Breuvieres,
772 564 63 32 and
859 564 114 32 there's
1000 575 19 20 a

186 626 166 31 Moniteur
368 626 47 31 for
437 638 72 31 you,
696 626 64 31 and
775 627 40 30 he
833 626 114 43 jerked
962 626 55 31 the

185 700 95 30 paper
307 689 135 30 toAvards
468 690 49 29 his
552 690 220 37 sister-in-laAv,
802 701 85 29 upon
914 689 104 31 whose

186 751 94 29 skirts
296 751 26 29 it
337 751 60 29 fell.

230 811 60 31 She
310 812 63 30 had
396 812 171 41 seemingly
583 817 56 26 not
661 812 94 31 much
777 813 129 31 interest
926 813 34 31 in
980 813 35 38 it,

185 873 46 31 for
247 873 53 31 she
315 873 43 31 let
374 873 26 30 it
415 873 40 31 lie
471 873 102 31 where
589 874 26 31 it
630 874 62 31 had
709 874 147 40 dropped.

258 934 75 31 And
347 934 53 31 the
415 945 76 31 very
503 935 120 31 instant
639 936 26 30 it
679 946 64 21 Avas
764 947 72 20 seen
850 936 71 31 Avho
937 947 79 20 were

185 996 98 42 likely
297 1000 33 27 to
352 996 38 31 be
412 996 53 31 the
487 996 190 39 candidates,
694 997 85 31 Avhat
799 997 55 31 did
875 998 54 31 the
944 999 72 30 sub-

185 1056 116 41 prefect
331 1056 71 32 here
433 1057 39 31 do
485 1058 10 30 ?
529 1058 83 41 Avhy,
637 1063 53 37 get
716 1064 55 25 out
794 1059 34 30 of
848 1060 55 30 the
926 1072 72 30 Avay
1010 1066 6 29 !

186 1117 50 32 He
259 1118 76 31 used
359 1123 32 26 to
416 1119 38 30 be
480 1120 125 40 mighty
622 1120 74 30 civil
723 1125 32 26 to
781 1132 58 27 me,
866 1121 64 32 and
953 1132 63 21 was

186 1179 177 42 constantly
379 1180 123 41 coming
524 1180 33 30 in
581 1185 33 26 to
634 1181 81 31 have
733 1193 18 20 a
775 1182 80 39 chat,
876 1183 45 42 (so
945 1194 71 21 con-

186 1242 186 42 descending
386 1242 18 41 !)
434 1242 57 32 but
517 1243 78 30 after
620 1243 205 42 Carpentier's
852 1246 94 31 death
977 1246 39 30 he

186 1314 62 19 was
271 1308 69 26 sent
354 1303 47 30 for
423 1304 43 41 by
480 1304 54 30 the
549 1304 125 41 prefect,
693 1305 62 32 and
771 1306 166 32 Avhenever
952 1307 64 31 I've

186 1369 65 26 met
279 1364 66 31 him
374 1365 83 31 since
489 1365 76 31 then
594 1366 63 31 he's
682 1368 134 31 skulked
840 1380 88 31 away
953 1370 63 31 and

186 1425 131 32 avoided
354 1426 102 42 seeing
496 1438 58 26 me,
594 1428 63 30 and
694 1429 53 30 the
785 1435 140 26 moment
963 1431 53 31 the

186 1487 153 32 Vivienne
362 1487 200 32 candidature
578 1500 85 20 came
681 1494 33 27 to
737 1491 38 30 be
790 1491 108 31 talked
920 1491 96 33 about

188 1549 157 41 seriously,
370 1549 44 31 off
429 1549 38 31 he
492 1555 93 34 Avent,
611 1551 131 32 Heaven
762 1552 110 33 knoAvs
895 1554 103 32 where
1010 1557 6 28 !
