1132 1747
179 124 33 25 52

410 128 83 21 LOVE
517 127 64 21 THE
604 126 160 22 AVENGER.

180 207 175 37 inanimate,
383 205 52 31 she
459 216 63 20 Avas
546 204 128 42 quickly
698 203 62 32 and
784 199 121 44 quietly
930 208 70 21 con-

179 269 99 41 veyed
296 273 32 26 to
348 268 55 30 her
423 278 69 19 OAvn
511 266 143 42 carriage,
671 264 62 32 and
754 260 197 44 transported
968 264 32 27 to

179 330 52 31 the
255 330 96 30 Hotel
374 329 38 30 de
443 328 173 41 Moranges,
642 326 99 32 under
770 325 54 31 the
851 319 149 37 watchful

180 390 150 40 Aspasie's
346 400 74 20 care.

223 452 63 29 The
305 451 96 30 entire
419 461 87 20 scene
524 449 120 42 passed,
660 449 151 36 however,
828 446 101 31 under
948 445 52 31 the

180 523 70 30 eyes
266 512 33 30 of
318 512 53 31 the
385 517 63 26 tAvo
463 523 72 19 men
550 512 104 30 Avhom
669 511 25 29 it
710 513 81 27 most
806 508 108 42 nearly
931 518 69 20 con-

181 573 117 39 cerned,
316 573 62 32 and
393 573 69 31 who
478 573 110 31 stirred
603 577 56 27 not
674 584 58 20 one
747 577 74 35 step.

224 634 40 32 M.
299 635 37 31 de
367 634 172 43 Moranges'
569 634 155 32 attention
754 645 63 19 Avas
847 632 154 41 suddenly

181 695 133 30 arrested
340 694 43 42 by
408 695 53 30 the
488 699 177 26 movement
688 694 129 41 Aspasie
848 693 90 30 made
969 697 32 25 to

180 760 129 38 prevent
325 755 147 31 Claudine
491 755 80 31 from
591 755 118 42 falling,
726 755 57 31 but
804 755 38 30 he
863 755 62 30 had
947 758 54 26 not

181 817 114 41 caught
313 816 52 31 the
387 816 174 41 expression
583 816 33 31 of
637 817 119 30 intense
778 816 128 41 anxiety
925 816 76 30 Avith

180 879 100 32 which
311 880 127 41 Aspasie
468 879 62 31 had
559 879 77 30 been
667 877 182 42 questioned
878 877 44 42 by
947 877 54 31 the

181 940 126 42 Sphinx.
356 941 116 31 Olivier
494 940 38 31 de
556 939 186 32 Beauvoisin
763 938 71 38 had,
859 938 62 31 and
944 949 57 21 un-

180 1003 142 31 derstood
343 1004 52 30 the
418 1003 99 30 whole
541 1003 33 29 in
597 1013 40 19 an
660 1001 127 37 instant,
809 1001 121 42 though
953 1001 48 30 his

180 1065 114 29 mental
308 1065 148 36 faculties,
474 1075 32 19 as
522 1075 46 19 Ave
584 1063 102 37 know,
698 1074 79 19 were
793 1068 55 25 not
865 1063 136 31 remark-

180 1124 66 30 able
261 1125 47 29 for
322 1125 179 40 brightness.

223 1186 62 30 But
308 1186 76 30 both
407 1196 73 19 men
504 1189 48 26 sat
576 1185 72 37 still,
666 1185 33 30 in
723 1185 53 31 the
800 1185 67 31 face
895 1186 34 30 of
948 1186 53 30 the

180 1247 133 31 stricken
329 1247 153 38 Traviata,
499 1247 128 31 because
645 1247 85 38 both,
748 1248 157 31 Avhatever
920 1248 81 32 their

181 1309 86 30 other
295 1308 102 39 faults,
428 1320 80 20 Avere
539 1309 150 42 perfectly
719 1310 70 31 Avell
822 1310 85 39 bred,
940 1313 61 29 and

181 1370 91 31 knew
287 1369 70 32 how
371 1374 33 27 to
419 1370 70 38 live,
507 1381 32 20 as
555 1371 52 30 the
623 1371 120 30 French
758 1371 110 40 phrase
883 1384 82 20 runs.

225 1431 64 31 The
303 1431 89 31 uncle
414 1431 55 31 did
489 1436 55 26 not
566 1431 72 31 look
663 1436 32 26 at
720 1432 49 31 his
788 1434 140 40 nepheAV,
945 1446 56 20 nor

182 1493 52 30 the
264 1493 128 41 nephew
423 1497 32 26 at
483 1493 48 30 his
561 1493 98 38 uncle,
687 1493 46 31 for
759 1506 76 30 very
857 1495 144 33 different

183 1565 120 20 reasons
316 1567 7 24 ;
345 1554 119 31 neither
486 1554 55 31 did
566 1554 75 42 they
661 1566 82 19 seem
769 1560 33 26 to
826 1556 79 33 have
931 1569 70 29 eyes
