1132 1747
881 124 52 25 239

385 130 176 19 EVERYDAY
584 130 78 19 LIFE.

115 205 72 37 and,
205 216 32 20 as
253 205 39 31 he
308 217 62 19 was
385 207 114 41 totally
513 207 63 30 free
591 207 79 30 from
689 207 41 30 all
753 206 180 30 embarrass-

115 271 96 32 ment,
232 267 63 30 and
315 268 42 29 all
380 268 217 40 complication
621 268 33 30 of
673 268 143 41 thought,
833 279 33 18 as
886 267 47 30 far

115 339 33 19 as
165 328 99 31 Claire
280 340 63 19 was
359 329 178 38 concerned,
554 330 38 29 he
612 330 112 41 sought
744 330 55 29 her
819 330 114 39 society

115 402 83 18 more
215 391 62 29 and
292 402 84 19 more
391 391 90 30 Avhen
498 391 103 30 others
616 402 78 20 Avere
704 391 118 31 around
837 391 95 36 them,

116 447 62 31 and
202 447 59 31 less
280 447 91 31 when
394 448 85 30 there
501 459 62 19 Avas
584 459 62 30 any
671 448 112 31 chance
801 448 34 31 of
855 448 78 31 their

115 509 94 42 being
233 509 97 37 alone,
357 509 114 41 simply
485 509 129 31 because
629 509 38 31 he
689 510 162 40 perceived
866 509 67 31 that

115 571 49 30 his
180 571 106 30 cousin
301 582 62 19 was
379 576 55 25 not
452 571 115 41 always
583 571 129 30 amiable
728 571 76 30 with
820 571 65 30 him
901 571 32 30 in

115 633 53 29 the
183 632 93 30 latter
291 643 76 26 case,
385 632 61 30 and
458 643 63 19 was
535 632 175 40 invariably
726 632 159 41 charming
900 634 33 28 in

115 694 53 28 the
183 694 121 28 former.

160 755 31 30 It
205 766 63 19 was
284 755 117 30 seldom
413 766 71 19 noAv
495 755 69 30 that
579 766 18 18 a
613 755 61 40 day
684 755 109 40 passed
803 755 131 30 Avithout

115 816 54 30 the
184 816 142 30 Vicomte
352 815 89 41 (Avith
463 827 34 18 or
518 815 134 30 Avithout
673 827 56 18 one
749 827 33 18 or
801 827 84 19 more
904 816 32 30 of

114 877 48 29 his
186 877 125 30 brother
335 875 128 40 officers)
480 877 123 40 coming
626 887 72 19 over
715 881 32 25 to
772 876 160 31 ClaATeuil.

116 938 65 30 The
211 938 152 41 regiment
393 949 62 18 Avas
485 938 69 29 Avell
590 938 169 39 composed,
791 938 61 29 and
882 938 53 30 the

116 1010 88 30 corps
220 999 35 30 of
276 998 115 31 officers
408 998 153 30 consisted
575 998 185 41 principally
775 998 33 31 of
829 1010 106 30 young-

115 1073 72 19 men
218 1060 34 31 of
279 1060 84 31 birth
390 1059 60 31 and
480 1059 132 38 fortune,
637 1059 79 38 Avho,
743 1059 112 42 during
881 1060 52 30 the

115 1124 144 30 Crimean
290 1122 84 36 War,
406 1121 62 31 had
505 1120 134 41 adopted
676 1132 95 30 many
805 1121 127 42 English

115 1185 107 30 modes
238 1183 33 31 of
292 1182 62 38 life,
372 1182 62 31 and
448 1192 79 21 were
541 1181 94 31 noted
650 1181 48 31 for
717 1182 81 31 their
813 1182 120 42 elegant

117 1247 62 30 and
195 1245 164 40 expensive
374 1244 109 30 habits.

161 1307 107 30 Victor
298 1304 185 31 established
507 1304 99 41 relays
636 1303 34 31 of
697 1304 103 31 horses
829 1309 32 26 at
887 1304 46 31 his

117 1368 122 38 uncle's,
258 1379 32 19 so
310 1367 70 30 that
400 1366 46 30 for
468 1365 54 31 the
545 1376 70 20 men
631 1365 69 31 A\dio
715 1365 62 31 had
800 1366 84 30 three
901 1378 32 18 or

116 1430 71 31 four
210 1429 104 31 horses
338 1432 32 25 at
402 1425 169 37 command,
599 1425 52 31 the
678 1425 96 31 dozen
804 1426 129 42 leagues'

115 1492 66 31 ride
219 1490 79 31 from
334 1489 97 30 Tours
468 1498 63 19 was
556 1486 34 31 of
623 1497 41 20 no
704 1497 204 30 consequence
927 1501 6 23 ;

115 1554 63 29 and
209 1564 16 19 a
256 1550 89 33 small
375 1549 197 31 detachment
602 1547 34 32 of
661 1548 52 30 the
746 1567 43 2 —
791 1548 33 30 th
856 1548 76 31 Dra-
