1132 1747
167 106 33 25 14

398 113 83 19 LOVE
505 112 63 20 THE
591 110 164 22 AVENGER.

371 190 25 32 is
629 185 156 34 muttered
817 184 109 40 Claire,
960 193 33 21 as

164 251 117 41 though
298 251 148 41 speaking
461 256 31 26 to
509 249 121 32 herself.

207 312 91 32 Their
314 323 72 30 eyes
402 316 70 35 met,
490 311 60 32 and
565 310 75 32 both
657 309 111 32 looked
784 307 104 33 blank.

238 373 71 33 And
335 385 61 30 you
423 373 65 32 told
513 384 49 20 me
589 384 61 29 you
680 370 91 32 loved
800 370 65 31 him
877 371 6 31 !
938 380 52 20 ex-

162 434 129 33 claimed
307 434 106 33 Victor
425 433 193 41 mournfully.

205 497 87 42 They
309 496 50 32 did
375 500 53 27 not
449 495 96 43 speak
563 495 73 41 long
655 493 145 43 together
816 492 79 33 after
911 492 77 41 that,

161 558 55 31 but
241 557 90 32 when
358 556 38 32 he
427 568 63 20 was
520 567 80 31 gone
632 555 102 33 Claire
762 559 83 27 Avent
872 558 33 28 to
933 554 55 32 her

161 618 106 31 child's
294 618 109 40 cradle,
431 617 87 32 knelt
548 616 91 33 down
669 616 42 42 by
735 616 32 41 it,
786 616 63 32 and
880 616 108 42 hiding

161 680 54 31 her
241 680 65 31 face
332 680 32 30 in
390 679 51 31 the
467 678 173 42 coverings,
663 678 117 43 prayed
805 677 62 33 and
894 682 92 39 Avept.

161 741 104 40 Every
291 740 84 31 word
403 740 33 31 of
454 739 134 32 Victor's
615 751 64 19 was
706 739 52 32 the
782 739 156 32 reflection
955 739 35 32 of

161 801 82 31 Avhat
265 801 53 32 she
344 801 52 32 felt
421 801 31 31 in
477 801 54 31 her
552 812 69 20 own
640 800 96 41 heart,
766 801 61 31 and
853 801 85 32 what
961 802 24 31 it

160 862 124 31 seemed
309 874 69 19 now
403 867 51 27 too
479 862 62 32 late
566 867 33 27 to
618 862 68 41 feel,
703 862 61 32 and
789 862 53 32 the
864 863 119 32 lessons

160 923 38 31 he
214 923 77 31 tried
307 928 31 26 to
354 923 88 32 teach
458 923 54 32 her
524 935 80 21 Avere
620 935 39 20 no
676 924 108 41 longer
800 924 181 42 applicable,

160 982 45 31 for
220 983 51 31 the
288 995 65 29 one,
372 983 71 42 only
459 995 57 21 one
532 984 46 32 for
594 984 101 32 whom
712 985 55 32 she
783 986 103 32 Avould
902 986 80 33 have

160 1044 102 31 risked
287 1044 61 31 and
375 1045 155 32 sacrificed
557 1046 188 41 everything,
764 1058 64 21 was
849 1047 133 34 devoted

160 1109 31 27 to
222 1105 125 31 another
376 1118 128 28 Avoman,
537 1107 59 30 and
624 1107 163 42 imploring
810 1108 55 32 her
888 1114 30 27 to
943 1110 39 32 do

160 1165 54 31 her
229 1170 115 27 utmost
364 1171 32 27 to
412 1167 68 32 love
499 1168 128 32 another
646 1180 81 21 man.
807 1170 29 32 It
860 1183 63 21 Avas
948 1185 34 21 so

160 1225 99 32 hard?
305 1226 131 41 thought
452 1228 111 33 Claire.
