1132 1747
414 113 111 20 RISING
547 113 118 20 WAVES.

917 110 32 25 31

130 187 62 30 and
208 198 79 19 even
303 188 111 30 should
429 200 72 29 you,
518 189 43 40 by
577 200 61 30 any
648 189 162 31 untoward
826 190 128 30 circum-

130 252 114 34 stance,
273 260 117 19 swerve
420 249 80 30 from
530 250 53 30 the
620 250 131 41 straight
780 250 70 37 line,
881 261 72 29 you,

130 310 94 42 being
238 310 64 31 like
318 311 53 30 the
382 311 116 30 British
514 311 119 38 soldier,
647 311 69 31 who
731 311 117 31 doesn't
862 311 93 30 know

131 371 93 31 when
238 371 39 31 he
301 371 26 31 is
349 371 120 39 beaten,
487 372 64 31 will
574 383 38 32 go
636 383 40 20 on
691 372 186 42 unheeding,
895 372 60 31 and

132 438 116 25 esteem
263 432 139 42 yourself
414 433 174 31 victorious.
636 433 63 31 But
722 433 149 31 Claudine
893 444 62 20 was

133 493 139 41 horribly
288 493 32 30 in
336 493 53 31 the
406 493 86 38 dark,
510 493 62 31 and
591 493 115 42 groped
729 493 94 31 about
845 504 110 31 among

133 555 56 30 her
203 554 145 31 instincts
363 554 63 30 and
440 554 55 30 her
511 554 100 30 duties
634 554 33 30 in
691 565 18 19 a
731 559 80 26 most
826 554 129 31 unsatis-

134 615 121 41 factory
270 615 129 31 fashion.

179 677 97 31 What
299 676 102 43 might
424 681 33 26 to
487 687 72 30 you,
586 687 33 20 or
643 681 32 26 to
702 688 62 30 any
791 676 167 41 ordinarily

135 738 153 31 educated
318 748 120 31 person,
470 748 83 20 seem
583 737 187 37 anomalous,
796 738 159 41 presented

135 800 87 30 itself
241 811 33 19 as
300 798 184 42 compatible
510 803 33 26 to
566 798 54 31 the
647 798 145 31 confused
815 798 88 31 mind
928 798 34 31 of

135 862 63 30 this
221 861 66 42 girl.
337 860 66 30 Her
426 860 157 41 gratitude
606 864 33 26 to
666 859 42 31 M.
735 859 38 31 de
796 859 163 41 Moranges

135 934 65 19 was
229 927 56 25 not
315 922 33 29 in
373 922 55 29 the
462 921 142 41 slightest
633 921 110 41 degree
774 919 186 32 diminished

138 980 85 42 (that
246 980 53 31 she
326 979 105 31 would
455 979 78 30 have
558 979 149 41 regarded
733 990 32 18 as
792 990 18 18 a
833 976 104 41 crime)
953 990 6 23 ;

136 1041 59 32 but
222 1041 52 31 she
300 1052 63 19 saw
383 1051 40 20 no
445 1051 107 19 reason
566 1039 75 41 why
655 1039 155 42 gratitude
831 1043 32 25 to
884 1038 74 36 him,

138 1104 64 31 and
217 1115 18 19 a
255 1114 77 30 very
347 1102 143 31 different
511 1101 113 41 feeling
646 1100 47 30 for
709 1100 123 37 OliAder,
851 1099 110 30 should

137 1171 57 26 not
210 1165 130 31 co-exist
362 1175 33 19 so
418 1164 74 41 long
515 1174 32 19 as
566 1161 210 32 concealment
790 1171 63 20 was
875 1171 86 30 prac-

136 1227 89 33 tised.
289 1226 45 31 As
363 1230 33 26 to
427 1229 82 26 most
538 1223 157 42 primitive
725 1227 133 32 natures,
891 1232 70 19 con-

138 1291 153 31 cealment
321 1288 152 42 appeared
503 1291 32 26 to
566 1285 150 32 Claudine
751 1296 17 19 a
798 1283 100 30 virtue
899 1301 43 3 —
943 1293 16 19 a

137 1352 148 31 kindness
309 1350 80 31 done
415 1354 32 26 to
472 1349 52 30 the
550 1346 166 36 deceived;
751 1344 62 31 and
838 1343 71 30 here
935 1343 27 29 is

138 1426 58 21 one
213 1414 34 31 of
265 1414 54 30 the
339 1412 85 31 main
443 1410 104 43 points
566 1409 33 30 in
618 1408 101 30 which
738 1407 53 30 the
812 1404 149 32 educated

138 1488 49 21 err
201 1476 92 31 when
307 1475 77 40 they
401 1472 98 42 judge
514 1471 53 31 the
588 1467 195 34 uneducated
784 1485 43 4 —
827 1465 133 41 namely,

138 1539 89 30 those
253 1542 33 25 to
317 1535 103 30 whom
450 1544 39 20 no
520 1537 68 26 true
616 1529 182 40 knowledge
825 1527 33 32 of
880 1526 82 42 right
