<?xml version="1.0" encoding="UTF-8"?>
<alto xmlns:xsi="http://www.w3.org/2001/XMLSchema-instance" xsi:noNamespaceSchemaLocation="http://www.bl.uk/schemas/alto/alto-1-4.xsd" xmlns:xlink="http://www.w3.org/1999/xlink">
	<Description>
		<MeasurementUnit>mm10</MeasurementUnit>
		<sourceImageInformation>
			<fileName>//head1/IN/2007-46/A0010888503.2/009461.jp2</fileName>
		</sourceImageInformation>
		<OCRProcessing ID="OCRPROCESSING_1">
			<preProcessingStep>
				<processingSoftware>
					<softwareCreator>CCS Content Conversion Specialists GmbH, Germany</softwareCreator>
					<softwareName>CCS docWORKS</softwareName>
					<softwareVersion>6.1-0.61</softwareVersion>
				</processingSoftware>
			</preProcessingStep>
			<ocrProcessingStep>
				<processingSoftware>
					<softwareCreator>ABBYY (BIT Software), Russia</softwareCreator>
					<softwareName>Finereader</softwareName>
				</processingSoftware>
			</ocrProcessingStep>
		</OCRProcessing>
	</Description>
	<Styles>
		<TextStyle ID="TXT_0" FONTSIZE="11" FONTFAMILY="Courier New"/>
		<TextStyle ID="TXT_1" FONTSIZE="9" FONTFAMILY="Courier New"/>
		<ParagraphStyle ID="PAR_RIGHT" ALIGN="Right"/>
		<ParagraphStyle ID="PAR_LEFT" ALIGN="Left"/>
		<ParagraphStyle ID="PAR_CENTER" ALIGN="Center"/>
	</Styles>
	<Layout>
		<Page ID="P253" PHYSICAL_IMG_NR="253" HEIGHT="1747" WIDTH="1132" PRINTED_IMG_NR="243" POSITION="Right" ACCURACY="70.79">
			<TopMargin ID="P253_TM00001" HPOS="0" VPOS="0" WIDTH="1131" HEIGHT="150">
				<TextBlock ID="P253_TB00001" HPOS="874" VPOS="124" WIDTH="51" HEIGHT="25" STYLEREFS="TXT_0 PAR_RIGHT">
					<TextLine ID="P253_TL00001" HPOS="874" VPOS="124" WIDTH="51" HEIGHT="25">
						<String ID="P253_ST00001" HPOS="874" VPOS="124" WIDTH="51" HEIGHT="25" CONTENT="243" WC="1.00" CC="000"/>
					</TextLine>
				</TextBlock>
				<TextBlock ID="P253_TB00002" HPOS="375" VPOS="127" WIDTH="278" HEIGHT="22" STYLEREFS="TXT_1 PAR_LEFT">
					<TextLine ID="P253_TL00002" HPOS="377" VPOS="128" WIDTH="276" HEIGHT="21">
						<String ID="P253_ST00002" HPOS="377" VPOS="128" WIDTH="175" HEIGHT="21" CONTENT="EVERYDAY" WC="0.69" CC="16600702"/>
						<SP ID="P253_SP00001" HPOS="552" VPOS="149" WIDTH="23"/>
						<String ID="P253_ST00003" HPOS="575" VPOS="129" WIDTH="78" HEIGHT="20" CONTENT="LIFE." WC="0.62" CC="80440"/>
					</TextLine>
				</TextBlock>
			</TopMargin>
			<LeftMargin ID="P253_LM00001" HPOS="0" VPOS="150" WIDTH="103" HEIGHT="1488"/>
			<RightMargin ID="P253_RM00001" HPOS="929" VPOS="150" WIDTH="202" HEIGHT="1488"/>
			<BottomMargin ID="P253_BM00001" HPOS="0" VPOS="1638" WIDTH="1131" HEIGHT="108"/>
			<PrintSpace ID="P253_PS00001" HPOS="103" VPOS="150" WIDTH="826" HEIGHT="1488">
				<TextBlock ID="P253_TB00003" HPOS="104" VPOS="204" WIDTH="822" HEIGHT="223" STYLEREFS="TXT_1 PAR_LEFT">
					<TextLine ID="P253_TL00003" HPOS="149" VPOS="204" WIDTH="777" HEIGHT="33">
						<String ID="P253_ST00004" HPOS="149" VPOS="204" WIDTH="44" HEIGHT="32" CONTENT="M." WC="1.00" CC="00"/>
						<SP ID="P253_SP00002" HPOS="193" VPOS="236" WIDTH="28"/>
						<String ID="P253_ST00005" HPOS="221" VPOS="205" WIDTH="38" HEIGHT="31" CONTENT="de" WC="0.96" CC="00"/>
						<String ID="P253_ST00006" HPOS="271" VPOS="233" WIDTH="3" HEIGHT="3" CONTENT="." WC="1.00" CC="0"/>
						<SP ID="P253_SP00003" HPOS="274" VPOS="236" WIDTH="10"/>
						<String ID="P253_ST00007" HPOS="284" VPOS="205" WIDTH="143" HEIGHT="31" CONTENT="Lancour" WC="0.70" CC="0070066"/>
						<SP ID="P253_SP00004" HPOS="427" VPOS="236" WIDTH="24"/>
						<String ID="P253_ST00008" HPOS="451" VPOS="206" WIDTH="62" HEIGHT="30" CONTENT="and" WC="0.77" CC="060"/>
						<SP ID="P253_SP00005" HPOS="513" VPOS="236" WIDTH="24"/>
						<String ID="P253_ST00009" HPOS="537" VPOS="207" WIDTH="48" HEIGHT="30" CONTENT="his" WC="0.51" CC="707"/>
						<SP ID="P253_SP00006" HPOS="585" VPOS="237" WIDTH="26"/>
						<String ID="P253_ST00010" HPOS="611" VPOS="208" WIDTH="106" HEIGHT="29" CONTENT="cousin" WC="0.67" CC="007407"/>
						<SP ID="P253_SP00007" HPOS="717" VPOS="237" WIDTH="24"/>
						<String ID="P253_ST00011" HPOS="741" VPOS="207" WIDTH="122" HEIGHT="30" CONTENT="ambled" WC="0.82" CC="007300"/>
						<SP ID="P253_SP00008" HPOS="863" VPOS="237" WIDTH="25"/>
						<String ID="P253_ST00012" HPOS="888" VPOS="218" WIDTH="38" HEIGHT="19" CONTENT="on" WC="0.57" CC="17"/>
					</TextLine>
					<TextLine ID="P253_TL00004" HPOS="105" VPOS="267" WIDTH="821" HEIGHT="43">
						<String ID="P253_ST00013" HPOS="105" VPOS="267" WIDTH="130" HEIGHT="41" CONTENT="quietly," WC="0.73" CC="07406003"/>
						<SP ID="P253_SP00009" HPOS="235" VPOS="308" WIDTH="22"/>
						<String ID="P253_ST00014" HPOS="257" VPOS="267" WIDTH="144" HEIGHT="42" CONTENT="keeping," WC="0.81" CC="00004603"/>
						<SP ID="P253_SP00010" HPOS="401" VPOS="309" WIDTH="23"/>
						<String ID="P253_ST00015" HPOS="424" VPOS="279" WIDTH="33" HEIGHT="19" CONTENT="as" WC="0.73" CC="05"/>
						<SP ID="P253_SP00011" HPOS="457" VPOS="309" WIDTH="23"/>
						<String ID="P253_ST00016" HPOS="480" VPOS="268" WIDTH="76" HEIGHT="40" CONTENT="they" WC="0.71" CC="4700"/>
						<SP ID="P253_SP00012" HPOS="556" VPOS="309" WIDTH="22"/>
						<String ID="P253_ST00017" HPOS="578" VPOS="268" WIDTH="143" HEIGHT="42" CONTENT="thought," WC="0.46" CC="37079752"/>
						<SP ID="P253_SP00013" HPOS="721" VPOS="310" WIDTH="26"/>
						<String ID="P253_ST00018" HPOS="747" VPOS="274" WIDTH="32" HEIGHT="25" CONTENT="to" WC="0.57" CC="43"/>
						<SP ID="P253_SP00014" HPOS="779" VPOS="310" WIDTH="24"/>
						<String ID="P253_ST00019" HPOS="803" VPOS="269" WIDTH="53" HEIGHT="30" CONTENT="the" WC="0.63" CC="370"/>
						<SP ID="P253_SP00015" HPOS="856" VPOS="310" WIDTH="24"/>
						<String ID="P253_ST00020" HPOS="880" VPOS="269" WIDTH="46" HEIGHT="29" CONTENT="in" SUBS_TYPE="HypPart1" SUBS_CONTENT="instructions" WC="0.82" CC="014"/>
						<HYP CONTENT="-"/>
					</TextLine>
					<TextLine ID="P253_TL00005" HPOS="106" VPOS="329" WIDTH="820" HEIGHT="41">
						<String ID="P253_ST00021" HPOS="106" VPOS="329" WIDTH="168" HEIGHT="30" CONTENT="structions" SUBS_TYPE="HypPart2" SUBS_CONTENT="instructions" WC="0.69" CC="3207030066"/>
						<SP ID="P253_SP00016" HPOS="274" VPOS="359" WIDTH="22"/>
						<String ID="P253_ST00022" HPOS="296" VPOS="329" WIDTH="93" HEIGHT="41" CONTENT="given" WC="0.66" CC="71007"/>
						<SP ID="P253_SP00017" HPOS="389" VPOS="370" WIDTH="23"/>
						<String ID="P253_ST00023" HPOS="412" VPOS="334" WIDTH="33" HEIGHT="25" CONTENT="to" WC="0.61" CC="61"/>
						<SP ID="P253_SP00018" HPOS="445" VPOS="370" WIDTH="22"/>
						<String ID="P253_ST00024" HPOS="467" VPOS="329" WIDTH="86" HEIGHT="30" CONTENT="them" WC="0.66" CC="5700"/>
						<SP ID="P253_SP00019" HPOS="553" VPOS="370" WIDTH="22"/>
						<String ID="P253_ST00025" HPOS="575" VPOS="330" WIDTH="43" HEIGHT="40" CONTENT="by" WC="0.63" CC="70"/>
						<SP ID="P253_SP00020" HPOS="618" VPOS="370" WIDTH="22"/>
						<String ID="P253_ST00026" HPOS="640" VPOS="330" WIDTH="53" HEIGHT="30" CONTENT="the" WC="0.64" CC="370"/>
						<SP ID="P253_SP00021" HPOS="693" VPOS="370" WIDTH="25"/>
						<String ID="P253_ST00027" HPOS="718" VPOS="330" WIDTH="101" HEIGHT="30" CONTENT="Count" WC="0.36" CC="64767"/>
						<String ID="P253_ST00028" HPOS="833" VPOS="342" WIDTH="6" HEIGHT="24" CONTENT=";" WC="1.00" CC="0"/>
						<SP ID="P253_SP00022" HPOS="839" VPOS="370" WIDTH="32"/>
						<String ID="P253_ST00029" HPOS="871" VPOS="330" WIDTH="55" HEIGHT="29" CONTENT="but" WC="0.23" CC="669"/>
					</TextLine>
					<TextLine ID="P253_TL00006" HPOS="105" VPOS="390" WIDTH="507" HEIGHT="37">
						<String ID="P253_ST00030" HPOS="105" VPOS="394" WIDTH="34" HEIGHT="25" CONTENT="at" WC="0.36" CC="57"/>
						<SP ID="P253_SP00023" HPOS="139" VPOS="419" WIDTH="15"/>
						<String ID="P253_ST00031" HPOS="154" VPOS="390" WIDTH="54" HEIGHT="30" CONTENT="the" WC="0.57" CC="570"/>
						<SP ID="P253_SP00024" HPOS="208" VPOS="420" WIDTH="16"/>
						<String ID="P253_ST00032" HPOS="224" VPOS="390" WIDTH="61" HEIGHT="30" CONTENT="end" WC="0.69" CC="260"/>
						<SP ID="P253_SP00025" HPOS="285" VPOS="420" WIDTH="15"/>
						<String ID="P253_ST00033" HPOS="300" VPOS="390" WIDTH="35" HEIGHT="30" CONTENT="of" WC="0.91" CC="01"/>
						<SP ID="P253_SP00026" HPOS="335" VPOS="420" WIDTH="13"/>
						<String ID="P253_ST00034" HPOS="348" VPOS="390" WIDTH="218" HEIGHT="37" CONTENT="half-an-hour," WC="0.68" CC="7700024030634"/>
						<String ID="P253_ST00035" HPOS="569" VPOS="409" WIDTH="43" HEIGHT="3" CONTENT="—" WC="0.20" CC="8"/>
					</TextLine>
				</TextBlock>
				<TextBlock ID="P253_TB00004" HPOS="103" VPOS="450" WIDTH="826" HEIGHT="274" STYLEREFS="TXT_1 PAR_LEFT">
					<TextLine ID="P253_TL00007" HPOS="153" VPOS="451" WIDTH="775" HEIGHT="42">
						<String ID="P253_ST00036" HPOS="153" VPOS="453" WIDTH="15" HEIGHT="12" CONTENT='"' WC="1.00" CC="0"/>
						<SP ID="P253_SP00027" HPOS="168" VPOS="465" WIDTH="13"/>
						<String ID="P253_ST00037" HPOS="181" VPOS="451" WIDTH="57" HEIGHT="30" CONTENT="We" WC="0.99" CC="00"/>
						<SP ID="P253_SP00028" HPOS="238" VPOS="481" WIDTH="21"/>
						<String ID="P253_ST00038" HPOS="259" VPOS="456" WIDTH="85" HEIGHT="25" CONTENT="must" WC="0.58" CC="0627"/>
						<SP ID="P253_SP00029" HPOS="344" VPOS="481" WIDTH="21"/>
						<String ID="P253_ST00039" HPOS="365" VPOS="452" WIDTH="79" HEIGHT="29" CONTENT="have" WC="0.68" CC="7050"/>
						<SP ID="P253_SP00030" HPOS="444" VPOS="481" WIDTH="23"/>
						<String ID="P253_ST00040" HPOS="467" VPOS="452" WIDTH="96" HEIGHT="30" CONTENT="taken" WC="0.76" CC="50006"/>
						<SP ID="P253_SP00031" HPOS="563" VPOS="482" WIDTH="16"/>
						<String ID="P253_ST00041" HPOS="579" VPOS="463" WIDTH="17" HEIGHT="19" CONTENT="a" WC="1.00" CC="0"/>
						<SP ID="P253_SP00032" HPOS="596" VPOS="482" WIDTH="16"/>
						<String ID="P253_ST00042" HPOS="612" VPOS="463" WIDTH="106" HEIGHT="30" CONTENT="Avrong" WC="0.54" CC="097270"/>
						<SP ID="P253_SP00033" HPOS="718" VPOS="493" WIDTH="20"/>
						<String ID="P253_ST00043" HPOS="738" VPOS="452" WIDTH="101" HEIGHT="38" CONTENT='road,"' WC="0.81" CC="400043"/>
						<SP ID="P253_SP00034" HPOS="839" VPOS="493" WIDTH="23"/>
						<String ID="P253_ST00044" HPOS="862" VPOS="452" WIDTH="66" HEIGHT="30" CONTENT="said" WC="0.88" CC="4000"/>
					</TextLine>
					<TextLine ID="P253_TL00008" HPOS="106" VPOS="512" WIDTH="823" HEIGHT="37">
						<String ID="P253_ST00045" HPOS="106" VPOS="512" WIDTH="101" HEIGHT="31" CONTENT="Claire" WC="0.74" CC="700070"/>
						<SP ID="P253_SP00035" HPOS="207" VPOS="543" WIDTH="12"/>
						<String ID="P253_ST00046" HPOS="219" VPOS="524" WIDTH="7" HEIGHT="25" CONTENT=";" WC="0.58" CC="4"/>
						<SP ID="P253_SP00036" HPOS="226" VPOS="549" WIDTH="26"/>
						<String ID="P253_ST00047" HPOS="252" VPOS="514" WIDTH="17" HEIGHT="15" CONTENT='"' WC="0.65" CC="3"/>
						<SP ID="P253_SP00037" HPOS="269" VPOS="549" WIDTH="11"/>
						<String ID="P253_ST00048" HPOS="280" VPOS="512" WIDTH="46" HEIGHT="31" CONTENT="for" WC="0.51" CC="454"/>
						<SP ID="P253_SP00038" HPOS="326" VPOS="549" WIDTH="15"/>
						<String ID="P253_ST00049" HPOS="341" VPOS="512" WIDTH="86" HEIGHT="31" CONTENT="there" WC="0.61" CC="57060"/>
						<SP ID="P253_SP00039" HPOS="427" VPOS="549" WIDTH="15"/>
						<String ID="P253_ST00050" HPOS="442" VPOS="517" WIDTH="33" HEIGHT="26" CONTENT="to" WC="0.58" CC="25"/>
						<SP ID="P253_SP00040" HPOS="475" VPOS="549" WIDTH="16"/>
						<String ID="P253_ST00051" HPOS="491" VPOS="512" WIDTH="53" HEIGHT="31" CONTENT="the" WC="0.75" CC="070"/>
						<SP ID="P253_SP00041" HPOS="544" VPOS="549" WIDTH="23"/>
						<String ID="P253_ST00052" HPOS="567" VPOS="513" WIDTH="57" HEIGHT="31" CONTENT="left" WC="0.94" CC="2000"/>
						<SP ID="P253_SP00042" HPOS="624" VPOS="549" WIDTH="22"/>
						<String ID="P253_ST00053" HPOS="646" VPOS="513" WIDTH="26" HEIGHT="30" CONTENT="is" WC="0.69" CC="06"/>
						<SP ID="P253_SP00043" HPOS="672" VPOS="549" WIDTH="18"/>
						<String ID="P253_ST00054" HPOS="690" VPOS="513" WIDTH="54" HEIGHT="31" CONTENT="the" WC="0.58" CC="570"/>
						<SP ID="P253_SP00044" HPOS="744" VPOS="549" WIDTH="23"/>
						<String ID="P253_ST00055" HPOS="767" VPOS="514" WIDTH="113" HEIGHT="30" CONTENT="church" WC="0.57" CC="076407"/>
						<SP ID="P253_SP00045" HPOS="880" VPOS="549" WIDTH="17"/>
						<String ID="P253_ST00056" HPOS="897" VPOS="513" WIDTH="32" HEIGHT="30" CONTENT="of" WC="0.91" CC="10"/>
					</TextLine>
					<TextLine ID="P253_TL00009" HPOS="106" VPOS="573" WIDTH="820" HEIGHT="41">
						<String ID="P253_ST00057" HPOS="106" VPOS="573" WIDTH="109" HEIGHT="41" CONTENT="Belloy" WC="0.77" CC="603300"/>
						<SP ID="P253_SP00046" HPOS="215" VPOS="614" WIDTH="15"/>
						<String ID="P253_ST00058" HPOS="230" VPOS="573" WIDTH="77" HEIGHT="30" CONTENT="Avith" WC="0.82" CC="00107"/>
						<SP ID="P253_SP00047" HPOS="307" VPOS="614" WIDTH="15"/>
						<String ID="P253_ST00059" HPOS="322" VPOS="573" WIDTH="41" HEIGHT="30" CONTENT="its" WC="0.55" CC="156"/>
						<SP ID="P253_SP00048" HPOS="363" VPOS="614" WIDTH="16"/>
						<String ID="P253_ST00060" HPOS="379" VPOS="573" WIDTH="112" HEIGHT="30" CONTENT="double" WC="0.78" CC="005700"/>
						<SP ID="P253_SP00049" HPOS="491" VPOS="614" WIDTH="22"/>
						<String ID="P253_ST00061" HPOS="513" VPOS="573" WIDTH="128" HEIGHT="41" CONTENT="steeples" WC="0.79" CC="04000056"/>
						<String ID="P253_ST00062" HPOS="643" VPOS="592" WIDTH="42" HEIGHT="3" CONTENT="—" WC="0.20" CC="8"/>
						<String ID="P253_ST00063" HPOS="685" VPOS="574" WIDTH="26" HEIGHT="30" CONTENT="it" WC="0.62" CC="43"/>
						<SP ID="P253_SP00050" HPOS="711" VPOS="614" WIDTH="22"/>
						<String ID="P253_ST00064" HPOS="733" VPOS="574" WIDTH="55" HEIGHT="30" CONTENT="lies" WC="0.70" CC="0407"/>
						<SP ID="P253_SP00051" HPOS="788" VPOS="614" WIDTH="23"/>
						<String ID="P253_ST00065" HPOS="811" VPOS="585" WIDTH="39" HEIGHT="19" CONTENT="on" WC="0.58" CC="17"/>
						<SP ID="P253_SP00052" HPOS="850" VPOS="614" WIDTH="22"/>
						<String ID="P253_ST00066" HPOS="872" VPOS="574" WIDTH="54" HEIGHT="30" CONTENT="the" WC="0.75" CC="070"/>
					</TextLine>
					<TextLine ID="P253_TL00010" HPOS="105" VPOS="634" WIDTH="821" HEIGHT="42">
						<String ID="P253_ST00067" HPOS="105" VPOS="634" WIDTH="76" HEIGHT="31" CONTENT="road" WC="0.94" CC="2000"/>
						<SP ID="P253_SP00053" HPOS="181" VPOS="665" WIDTH="22"/>
						<String ID="P253_ST00068" HPOS="203" VPOS="639" WIDTH="33" HEIGHT="25" CONTENT="to" WC="0.43" CC="55"/>
						<SP ID="P253_SP00054" HPOS="236" VPOS="665" WIDTH="23"/>
						<String ID="P253_ST00069" HPOS="259" VPOS="634" WIDTH="92" HEIGHT="37" CONTENT="Blois," WC="0.75" CC="600062"/>
						<SP ID="P253_SP00055" HPOS="351" VPOS="671" WIDTH="26"/>
						<String ID="P253_ST00070" HPOS="377" VPOS="634" WIDTH="62" HEIGHT="30" CONTENT="and" WC="0.81" CC="050"/>
						<SP ID="P253_SP00056" HPOS="439" VPOS="671" WIDTH="23"/>
						<String ID="P253_ST00071" HPOS="462" VPOS="645" WIDTH="55" HEIGHT="19" CONTENT="our" WC="0.73" CC="070"/>
						<SP ID="P253_SP00057" HPOS="517" VPOS="671" WIDTH="18"/>
						<String ID="P253_ST00072" HPOS="535" VPOS="645" WIDTH="70" HEIGHT="30" CONTENT="way" WC="1.00" CC="000"/>
						<SP ID="P253_SP00058" HPOS="605" VPOS="675" WIDTH="19"/>
						<String ID="P253_ST00073" HPOS="624" VPOS="645" WIDTH="72" HEIGHT="31" CONTENT="goes" WC="0.67" CC="7005"/>
						<SP ID="P253_SP00059" HPOS="696" VPOS="676" WIDTH="21"/>
						<String ID="P253_ST00074" HPOS="717" VPOS="635" WIDTH="135" HEIGHT="30" CONTENT="towards" WC="0.78" CC="0008600"/>
						<SP ID="P253_SP00060" HPOS="852" VPOS="676" WIDTH="21"/>
						<String ID="P253_ST00075" HPOS="873" VPOS="635" WIDTH="53" HEIGHT="30" CONTENT="the" WC="0.64" CC="370"/>
					</TextLine>
					<TextLine ID="P253_TL00011" HPOS="105" VPOS="695" WIDTH="309" HEIGHT="29">
						<String ID="P253_ST00076" HPOS="105" VPOS="696" WIDTH="75" HEIGHT="28" CONTENT="road" WC="0.78" CC="0080"/>
						<SP ID="P253_SP00061" HPOS="180" VPOS="724" WIDTH="14"/>
						<String ID="P253_ST00077" HPOS="194" VPOS="700" WIDTH="33" HEIGHT="24" CONTENT="to" WC="0.32" CC="76"/>
						<SP ID="P253_SP00062" HPOS="227" VPOS="724" WIDTH="17"/>
						<String ID="P253_ST00078" HPOS="244" VPOS="695" WIDTH="170" HEIGHT="29" CONTENT='Chartres."' WC="0.58" CC="6771160107"/>
					</TextLine>
				</TextBlock>
				<TextBlock ID="P253_TB00005" HPOS="104" VPOS="756" WIDTH="823" HEIGHT="771" STYLEREFS="TXT_1 PAR_LEFT">
					<TextLine ID="P253_TL00012" HPOS="149" VPOS="756" WIDTH="775" HEIGHT="38">
						<String ID="P253_ST00079" HPOS="149" VPOS="756" WIDTH="44" HEIGHT="31" CONTENT="As" WC="0.89" CC="02"/>
						<SP ID="P253_SP00063" HPOS="193" VPOS="787" WIDTH="23"/>
						<String ID="P253_ST00080" HPOS="216" VPOS="768" WIDTH="40" HEIGHT="19" CONTENT="an" WC="0.67" CC="06"/>
						<SP ID="P253_SP00064" HPOS="256" VPOS="787" WIDTH="24"/>
						<String ID="P253_ST00081" HPOS="280" VPOS="768" WIDTH="109" HEIGHT="20" CONTENT="excuse" WC="0.87" CC="000070"/>
						<SP ID="P253_SP00065" HPOS="389" VPOS="788" WIDTH="15"/>
						<String ID="P253_ST00082" HPOS="404" VPOS="757" WIDTH="49" HEIGHT="31" CONTENT="for" WC="0.80" CC="410"/>
						<SP ID="P253_SP00066" HPOS="453" VPOS="788" WIDTH="15"/>
						<String ID="P253_ST00083" HPOS="468" VPOS="756" WIDTH="98" HEIGHT="32" CONTENT="Claire" WC="0.79" CC="500060"/>
						<SP ID="P253_SP00067" HPOS="566" VPOS="788" WIDTH="15"/>
						<String ID="P253_ST00084" HPOS="581" VPOS="757" WIDTH="44" HEIGHT="31" CONTENT="let" WC="0.85" CC="004"/>
						<SP ID="P253_SP00068" HPOS="625" VPOS="788" WIDTH="23"/>
						<String ID="P253_ST00085" HPOS="648" VPOS="757" WIDTH="26" HEIGHT="31" CONTENT="it" WC="0.66" CC="33"/>
						<SP ID="P253_SP00069" HPOS="674" VPOS="788" WIDTH="24"/>
						<String ID="P253_ST00086" HPOS="698" VPOS="757" WIDTH="37" HEIGHT="31" CONTENT="be" WC="0.66" CC="60"/>
						<SP ID="P253_SP00070" HPOS="735" VPOS="788" WIDTH="24"/>
						<String ID="P253_ST00087" HPOS="759" VPOS="757" WIDTH="65" HEIGHT="31" CONTENT="said" WC="0.84" CC="6000"/>
						<SP ID="P253_SP00071" HPOS="824" VPOS="788" WIDTH="22"/>
						<String ID="P253_ST00088" HPOS="846" VPOS="757" WIDTH="78" HEIGHT="37" CONTENT="that," WC="0.57" CC="47063"/>
					</TextLine>
					<TextLine ID="P253_TL00013" HPOS="105" VPOS="818" WIDTH="822" HEIGHT="42">
						<String ID="P253_ST00089" HPOS="105" VPOS="818" WIDTH="166" HEIGHT="42" CONTENT="according" WC="0.82" CC="030050060"/>
						<SP ID="P253_SP00072" HPOS="271" VPOS="860" WIDTH="22"/>
						<String ID="P253_ST00090" HPOS="293" VPOS="823" WIDTH="33" HEIGHT="26" CONTENT="to" WC="0.94" CC="10"/>
						<SP ID="P253_SP00073" HPOS="326" VPOS="860" WIDTH="22"/>
						<String ID="P253_ST00091" HPOS="348" VPOS="818" WIDTH="53" HEIGHT="31" CONTENT="the" WC="0.58" CC="470"/>
						<SP ID="P253_SP00074" HPOS="401" VPOS="860" WIDTH="15"/>
						<String ID="P253_ST00092" HPOS="416" VPOS="818" WIDTH="103" HEIGHT="31" CONTENT="habits" WC="0.54" CC="707057"/>
						<SP ID="P253_SP00075" HPOS="519" VPOS="860" WIDTH="16"/>
						<String ID="P253_ST00093" HPOS="535" VPOS="818" WIDTH="33" HEIGHT="30" CONTENT="of" WC="0.83" CC="30"/>
						<SP ID="P253_SP00076" HPOS="568" VPOS="860" WIDTH="19"/>
						<String ID="P253_ST00094" HPOS="587" VPOS="818" WIDTH="54" HEIGHT="31" CONTENT="her" WC="0.53" CC="706"/>
						<SP ID="P253_SP00077" HPOS="641" VPOS="860" WIDTH="22"/>
						<String ID="P253_ST00095" HPOS="663" VPOS="818" WIDTH="88" HEIGHT="37" CONTENT="kind," WC="0.78" CC="50500"/>
						<SP ID="P253_SP00078" HPOS="751" VPOS="860" WIDTH="18"/>
						<String ID="P253_ST00096" HPOS="769" VPOS="819" WIDTH="52" HEIGHT="30" CONTENT="she" WC="0.58" CC="570"/>
						<SP ID="P253_SP00079" HPOS="821" VPOS="860" WIDTH="15"/>
						<String ID="P253_ST00097" HPOS="836" VPOS="818" WIDTH="91" HEIGHT="31" CONTENT="knew" WC="0.81" CC="0700"/>
					</TextLine>
					<TextLine ID="P253_TL00014" HPOS="105" VPOS="879" WIDTH="822" HEIGHT="42">
						<String ID="P253_ST00098" HPOS="105" VPOS="891" WIDTH="41" HEIGHT="19" CONTENT="no" WC="0.63" CC="70"/>
						<SP ID="P253_SP00080" HPOS="146" VPOS="910" WIDTH="15"/>
						<String ID="P253_ST00099" HPOS="161" VPOS="891" WIDTH="85" HEIGHT="19" CONTENT="more" WC="0.92" CC="0030"/>
						<SP ID="P253_SP00081" HPOS="246" VPOS="910" WIDTH="17"/>
						<String ID="P253_ST00100" HPOS="263" VPOS="879" WIDTH="34" HEIGHT="31" CONTENT="of" WC="0.85" CC="20"/>
						<SP ID="P253_SP00082" HPOS="297" VPOS="910" WIDTH="17"/>
						<String ID="P253_ST00101" HPOS="314" VPOS="880" WIDTH="53" HEIGHT="30" CONTENT="the" WC="0.59" CC="371"/>
						<SP ID="P253_SP00083" HPOS="367" VPOS="910" WIDTH="17"/>
						<String ID="P253_ST00102" HPOS="384" VPOS="884" WIDTH="132" HEIGHT="36" CONTENT="country" WC="0.55" CC="0287670"/>
						<SP ID="P253_SP00084" HPOS="516" VPOS="920" WIDTH="14"/>
						<String ID="P253_ST00103" HPOS="530" VPOS="880" WIDTH="88" HEIGHT="41" CONTENT="lying" WC="0.51" CC="20579"/>
						<SP ID="P253_SP00085" HPOS="618" VPOS="921" WIDTH="22"/>
						<String ID="P253_ST00104" HPOS="640" VPOS="879" WIDTH="124" HEIGHT="42" CONTENT="beyond" WC="0.75" CC="700070"/>
						<SP ID="P253_SP00086" HPOS="764" VPOS="921" WIDTH="18"/>
						<String ID="P253_ST00105" HPOS="782" VPOS="880" WIDTH="52" HEIGHT="30" CONTENT="the" WC="0.75" CC="070"/>
						<SP ID="P253_SP00087" HPOS="834" VPOS="921" WIDTH="16"/>
						<String ID="P253_ST00106" HPOS="850" VPOS="880" WIDTH="77" HEIGHT="41" CONTENT="park" WC="0.68" CC="0750"/>
					</TextLine>
					<TextLine ID="P253_TL00015" HPOS="105" VPOS="941" WIDTH="822" HEIGHT="42">
						<String ID="P253_ST00107" HPOS="105" VPOS="942" WIDTH="154" HEIGHT="41" CONTENT="precincts" WC="0.68" CC="050527042"/>
						<SP ID="P253_SP00088" HPOS="259" VPOS="983" WIDTH="16"/>
						<String ID="P253_ST00108" HPOS="275" VPOS="941" WIDTH="34" HEIGHT="30" CONTENT="of" WC="1.00" CC="00"/>
						<SP ID="P253_SP00089" HPOS="309" VPOS="983" WIDTH="17"/>
						<String ID="P253_ST00109" HPOS="326" VPOS="941" WIDTH="154" HEIGHT="30" CONTENT="ClaArreuil" WC="0.67" CC="6000970700"/>
						<SP ID="P253_SP00090" HPOS="480" VPOS="983" WIDTH="22"/>
						<String ID="P253_ST00110" HPOS="502" VPOS="941" WIDTH="78" HEIGHT="30" CONTENT="than" WC="0.46" CC="7707"/>
						<SP ID="P253_SP00091" HPOS="580" VPOS="983" WIDTH="16"/>
						<String ID="P253_ST00111" HPOS="596" VPOS="941" WIDTH="27" HEIGHT="30" CONTENT="if" WC="1.00" CC="00"/>
						<SP ID="P253_SP00092" HPOS="623" VPOS="983" WIDTH="19"/>
						<String ID="P253_ST00112" HPOS="642" VPOS="941" WIDTH="53" HEIGHT="30" CONTENT="she" WC="0.61" CC="470"/>
						<SP ID="P253_SP00093" HPOS="695" VPOS="983" WIDTH="15"/>
						<String ID="P253_ST00113" HPOS="710" VPOS="941" WIDTH="62" HEIGHT="30" CONTENT="had" WC="0.74" CC="700"/>
						<SP ID="P253_SP00094" HPOS="772" VPOS="983" WIDTH="22"/>
						<String ID="P253_ST00114" HPOS="794" VPOS="942" WIDTH="77" HEIGHT="29" CONTENT="been" WC="0.59" CC="6206"/>
						<SP ID="P253_SP00095" HPOS="871" VPOS="983" WIDTH="23"/>
						<String ID="P253_ST00115" HPOS="894" VPOS="942" WIDTH="33" HEIGHT="30" CONTENT="in" WC="0.61" CC="07"/>
					</TextLine>
					<TextLine ID="P253_TL00016" HPOS="107" VPOS="1002" WIDTH="820" HEIGHT="37">
						<String ID="P253_ST00116" HPOS="107" VPOS="1003" WIDTH="126" HEIGHT="31" CONTENT="Central" WC="0.52" CC="6065490"/>
						<SP ID="P253_SP00096" HPOS="233" VPOS="1034" WIDTH="15"/>
						<String ID="P253_ST00117" HPOS="248" VPOS="1003" WIDTH="107" HEIGHT="30" CONTENT="Africa" WC="0.85" CC="004400"/>
						<String ID="P253_ST00118" HPOS="367" VPOS="1015" WIDTH="8" HEIGHT="24" CONTENT=";" WC="0.58" CC="4"/>
						<SP ID="P253_SP00097" HPOS="375" VPOS="1039" WIDTH="22"/>
						<String ID="P253_ST00119" HPOS="397" VPOS="1002" WIDTH="62" HEIGHT="30" CONTENT="and" WC="0.79" CC="060"/>
						<SP ID="P253_SP00098" HPOS="459" VPOS="1039" WIDTH="20"/>
						<String ID="P253_ST00120" HPOS="479" VPOS="1003" WIDTH="44" HEIGHT="29" CONTENT="let" WC="0.77" CC="006"/>
						<SP ID="P253_SP00099" HPOS="523" VPOS="1039" WIDTH="20"/>
						<String ID="P253_ST00121" HPOS="543" VPOS="1003" WIDTH="26" HEIGHT="29" CONTENT="it" WC="0.65" CC="07"/>
						<SP ID="P253_SP00100" HPOS="569" VPOS="1039" WIDTH="21"/>
						<String ID="P253_ST00122" HPOS="590" VPOS="1003" WIDTH="61" HEIGHT="29" CONTENT="also" WC="1.00" CC="0000"/>
						<SP ID="P253_SP00101" HPOS="651" VPOS="1039" WIDTH="16"/>
						<String ID="P253_ST00123" HPOS="667" VPOS="1003" WIDTH="37" HEIGHT="30" CONTENT="be" WC="0.63" CC="70"/>
						<SP ID="P253_SP00102" HPOS="704" VPOS="1039" WIDTH="16"/>
						<String ID="P253_ST00124" HPOS="720" VPOS="1004" WIDTH="207" HEIGHT="29" CONTENT="remembered" WC="0.80" CC="5000070700"/>
					</TextLine>
					<TextLine ID="P253_TL00017" HPOS="106" VPOS="1064" WIDTH="821" HEIGHT="42">
						<String ID="P253_ST00125" HPOS="106" VPOS="1066" WIDTH="72" HEIGHT="30" CONTENT="how" WC="0.57" CC="750"/>
						<SP ID="P253_SP00103" HPOS="178" VPOS="1096" WIDTH="31"/>
						<String ID="P253_ST00126" HPOS="209" VPOS="1065" WIDTH="133" HEIGHT="29" CONTENT="difficult" WC="0.76" CC="000007707"/>
						<SP ID="P253_SP00104" HPOS="342" VPOS="1096" WIDTH="29"/>
						<String ID="P253_ST00127" HPOS="371" VPOS="1065" WIDTH="26" HEIGHT="29" CONTENT="it" WC="0.45" CC="46"/>
						<SP ID="P253_SP00105" HPOS="397" VPOS="1096" WIDTH="30"/>
						<String ID="P253_ST00128" HPOS="427" VPOS="1065" WIDTH="26" HEIGHT="29" CONTENT="is" WC="0.58" CC="25"/>
						<SP ID="P253_SP00106" HPOS="453" VPOS="1096" WIDTH="29"/>
						<String ID="P253_ST00129" HPOS="482" VPOS="1069" WIDTH="32" HEIGHT="25" CONTENT="to" WC="0.52" CC="72"/>
						<SP ID="P253_SP00107" HPOS="514" VPOS="1096" WIDTH="32"/>
						<String ID="P253_ST00130" HPOS="546" VPOS="1064" WIDTH="66" HEIGHT="30" CONTENT="find" WC="0.81" CC="0070"/>
						<SP ID="P253_SP00108" HPOS="612" VPOS="1096" WIDTH="29"/>
						<String ID="P253_ST00131" HPOS="641" VPOS="1076" WIDTH="77" HEIGHT="29" CONTENT="your" WC="0.63" CC="0077"/>
						<SP ID="P253_SP00109" HPOS="718" VPOS="1105" WIDTH="30"/>
						<String ID="P253_ST00132" HPOS="748" VPOS="1076" WIDTH="69" HEIGHT="30" CONTENT="way" WC="1.00" CC="000"/>
						<SP ID="P253_SP00110" HPOS="817" VPOS="1106" WIDTH="29"/>
						<String ID="P253_ST00133" HPOS="846" VPOS="1065" WIDTH="33" HEIGHT="30" CONTENT="in" WC="0.46" CC="37"/>
						<SP ID="P253_SP00111" HPOS="879" VPOS="1106" WIDTH="32"/>
						<String ID="P253_ST00134" HPOS="911" VPOS="1076" WIDTH="16" HEIGHT="19" CONTENT="a" WC="0.01" CC="9"/>
					</TextLine>
					<TextLine ID="P253_TL00018" HPOS="106" VPOS="1125" WIDTH="820" HEIGHT="42">
						<String ID="P253_ST00135" HPOS="106" VPOS="1127" WIDTH="76" HEIGHT="31" CONTENT="land" WC="0.84" CC="0060"/>
						<SP ID="P253_SP00112" HPOS="182" VPOS="1158" WIDTH="31"/>
						<String ID="P253_ST00136" HPOS="213" VPOS="1126" WIDTH="41" HEIGHT="31" CONTENT="all" WC="0.70" CC="350"/>
						<SP ID="P253_SP00113" HPOS="254" VPOS="1158" WIDTH="30"/>
						<String ID="P253_ST00137" HPOS="284" VPOS="1126" WIDTH="95" HEIGHT="41" CONTENT="plain," WC="0.88" CC="000070"/>
						<SP ID="P253_SP00114" HPOS="379" VPOS="1167" WIDTH="28"/>
						<String ID="P253_ST00138" HPOS="407" VPOS="1125" WIDTH="101" HEIGHT="31" CONTENT="wdiere" WC="0.73" CC="082030"/>
						<SP ID="P253_SP00115" HPOS="508" VPOS="1167" WIDTH="26"/>
						<String ID="P253_ST00139" HPOS="534" VPOS="1126" WIDTH="138" HEIGHT="31" CONTENT="between" WC="0.86" CC="0020007"/>
						<SP ID="P253_SP00116" HPOS="672" VPOS="1167" WIDTH="25"/>
						<String ID="P253_ST00140" HPOS="697" VPOS="1137" WIDTH="62" HEIGHT="30" CONTENT="you" WC="0.76" CC="007"/>
						<SP ID="P253_SP00117" HPOS="759" VPOS="1167" WIDTH="28"/>
						<String ID="P253_ST00141" HPOS="787" VPOS="1126" WIDTH="61" HEIGHT="30" CONTENT="and" WC="0.78" CC="060"/>
						<SP ID="P253_SP00118" HPOS="848" VPOS="1167" WIDTH="26"/>
						<String ID="P253_ST00142" HPOS="874" VPOS="1126" WIDTH="52" HEIGHT="31" CONTENT="the" WC="0.56" CC="570"/>
					</TextLine>
					<TextLine ID="P253_TL00019" HPOS="105" VPOS="1187" WIDTH="822" HEIGHT="41">
						<String ID="P253_ST00143" HPOS="105" VPOS="1190" WIDTH="49" HEIGHT="30" CONTENT="far" WC="0.90" CC="002"/>
						<SP ID="P253_SP00119" HPOS="154" VPOS="1220" WIDTH="28"/>
						<String ID="P253_ST00144" HPOS="182" VPOS="1188" WIDTH="127" HEIGHT="31" CONTENT="horizon" WC="0.73" CC="6050006"/>
						<SP ID="P253_SP00120" HPOS="309" VPOS="1220" WIDTH="30"/>
						<String ID="P253_ST00145" HPOS="339" VPOS="1188" WIDTH="41" HEIGHT="30" CONTENT="lie" WC="0.93" CC="002"/>
						<SP ID="P253_SP00121" HPOS="380" VPOS="1220" WIDTH="30"/>
						<String ID="P253_ST00146" HPOS="410" VPOS="1187" WIDTH="75" HEIGHT="41" CONTENT="only" WC="0.68" CC="5700"/>
						<SP ID="P253_SP00122" HPOS="485" VPOS="1228" WIDTH="30"/>
						<String ID="P253_ST00147" HPOS="515" VPOS="1187" WIDTH="53" HEIGHT="31" CONTENT="the" WC="0.49" CC="770"/>
						<SP ID="P253_SP00123" HPOS="568" VPOS="1228" WIDTH="31"/>
						<String ID="P253_ST00148" HPOS="599" VPOS="1199" WIDTH="81" HEIGHT="19" CONTENT="same" WC="0.80" CC="5002"/>
						<SP ID="P253_SP00124" HPOS="680" VPOS="1228" WIDTH="43"/>
						<String ID="P253_ST00149" HPOS="723" VPOS="1193" WIDTH="204" HEIGHT="26" CONTENT="monotonous" WC="0.67" CC="0370407072"/>
					</TextLine>
					<TextLine ID="P253_TL00020" HPOS="105" VPOS="1248" WIDTH="821" HEIGHT="43">
						<String ID="P253_ST00150" HPOS="105" VPOS="1249" WIDTH="149" HEIGHT="32" CONTENT="breadths" WC="0.56" CC="75000677"/>
						<SP ID="P253_SP00125" HPOS="254" VPOS="1281" WIDTH="22"/>
						<String ID="P253_ST00151" HPOS="276" VPOS="1248" WIDTH="35" HEIGHT="31" CONTENT="of" WC="0.53" CC="45"/>
						<SP ID="P253_SP00126" HPOS="311" VPOS="1281" WIDTH="17"/>
						<String ID="P253_ST00152" HPOS="328" VPOS="1248" WIDTH="54" HEIGHT="30" CONTENT="flat" WC="0.68" CC="1108"/>
						<SP ID="P253_SP00127" HPOS="382" VPOS="1281" WIDTH="23"/>
						<String ID="P253_ST00153" HPOS="405" VPOS="1258" WIDTH="34" HEIGHT="20" CONTENT="or" WC="0.38" CC="56"/>
						<SP ID="P253_SP00128" HPOS="439" VPOS="1281" WIDTH="19"/>
						<String ID="P253_ST00154" HPOS="458" VPOS="1248" WIDTH="109" HEIGHT="41" CONTENT="gently" WC="0.77" CC="805000"/>
						<SP ID="P253_SP00129" HPOS="567" VPOS="1289" WIDTH="22"/>
						<String ID="P253_ST00155" HPOS="589" VPOS="1248" WIDTH="186" HEIGHT="43" CONTENT="undulating" WC="0.65" CC="7605006270"/>
						<SP ID="P253_SP00130" HPOS="775" VPOS="1291" WIDTH="21"/>
						<String ID="P253_ST00156" HPOS="796" VPOS="1250" WIDTH="130" HEIGHT="41" CONTENT="ground," WC="0.55" CC="8605604"/>
					</TextLine>
					<TextLine ID="P253_TL00021" HPOS="106" VPOS="1308" WIDTH="821" HEIGHT="43">
						<String ID="P253_ST00157" HPOS="106" VPOS="1312" WIDTH="109" HEIGHT="30" CONTENT="broAvn" WC="0.31" CC="760997"/>
						<SP ID="P253_SP00131" HPOS="215" VPOS="1342" WIDTH="28"/>
						<String ID="P253_ST00158" HPOS="243" VPOS="1321" WIDTH="33" HEIGHT="19" CONTENT="or" WC="0.73" CC="04"/>
						<SP ID="P253_SP00132" HPOS="276" VPOS="1342" WIDTH="27"/>
						<String ID="P253_ST00159" HPOS="303" VPOS="1319" WIDTH="93" HEIGHT="32" CONTENT="green" WC="0.69" CC="07007"/>
						<SP ID="P253_SP00133" HPOS="396" VPOS="1351" WIDTH="27"/>
						<String ID="P253_ST00160" HPOS="423" VPOS="1319" WIDTH="32" HEIGHT="20" CONTENT="as" WC="1.00" CC="00"/>
						<SP ID="P253_SP00134" HPOS="455" VPOS="1351" WIDTH="25"/>
						<String ID="P253_ST00161" HPOS="480" VPOS="1308" WIDTH="54" HEIGHT="30" CONTENT="the" WC="0.50" CC="770"/>
						<SP ID="P253_SP00135" HPOS="534" VPOS="1351" WIDTH="27"/>
						<String ID="P253_ST00162" HPOS="561" VPOS="1319" WIDTH="66" HEIGHT="20" CONTENT="case" WC="0.83" CC="0060"/>
						<SP ID="P253_SP00136" HPOS="627" VPOS="1351" WIDTH="26"/>
						<String ID="P253_ST00163" HPOS="653" VPOS="1320" WIDTH="74" HEIGHT="30" CONTENT="may" WC="1.00" CC="000"/>
						<SP ID="P253_SP00137" HPOS="727" VPOS="1351" WIDTH="29"/>
						<String ID="P253_ST00164" HPOS="756" VPOS="1309" WIDTH="45" HEIGHT="37" CONTENT="be," WC="0.68" CC="503"/>
						<SP ID="P253_SP00138" HPOS="801" VPOS="1351" WIDTH="33"/>
						<String ID="P253_ST00165" HPOS="834" VPOS="1310" WIDTH="93" HEIGHT="31" CONTENT="inter" SUBS_TYPE="HypPart1" SUBS_CONTENT="intersected" WC="0.69" CC="065050"/>
						<HYP CONTENT="-"/>
					</TextLine>
					<TextLine ID="P253_TL00022" HPOS="108" VPOS="1369" WIDTH="819" HEIGHT="43">
						<String ID="P253_ST00166" HPOS="108" VPOS="1372" WIDTH="104" HEIGHT="32" CONTENT="sected" SUBS_TYPE="HypPart2" SUBS_CONTENT="intersected" WC="0.81" CC="600500"/>
						<SP ID="P253_SP00139" HPOS="212" VPOS="1404" WIDTH="23"/>
						<String ID="P253_ST00167" HPOS="235" VPOS="1371" WIDTH="43" HEIGHT="41" CONTENT="by" WC="0.96" CC="00"/>
						<SP ID="P253_SP00140" HPOS="278" VPOS="1412" WIDTH="25"/>
						<String ID="P253_ST00168" HPOS="303" VPOS="1370" WIDTH="88" HEIGHT="31" CONTENT="small" WC="0.77" CC="70004"/>
						<SP ID="P253_SP00141" HPOS="391" VPOS="1412" WIDTH="27"/>
						<String ID="P253_ST00169" HPOS="418" VPOS="1370" WIDTH="77" HEIGHT="30" CONTENT="lines" WC="0.57" CC="47601"/>
						<SP ID="P253_SP00142" HPOS="495" VPOS="1412" WIDTH="27"/>
						<String ID="P253_ST00170" HPOS="522" VPOS="1369" WIDTH="34" HEIGHT="31" CONTENT="of" WC="0.85" CC="20"/>
						<SP ID="P253_SP00143" HPOS="556" VPOS="1412" WIDTH="23"/>
						<String ID="P253_ST00171" HPOS="579" VPOS="1370" WIDTH="82" HEIGHT="37" CONTENT="road," WC="0.94" CC="00003"/>
						<SP ID="P253_SP00144" HPOS="661" VPOS="1412" WIDTH="29"/>
						<String ID="P253_ST00172" HPOS="690" VPOS="1370" WIDTH="41" HEIGHT="31" CONTENT="all" WC="0.88" CC="002"/>
						<SP ID="P253_SP00145" HPOS="731" VPOS="1412" WIDTH="25"/>
						<String ID="P253_ST00173" HPOS="756" VPOS="1371" WIDTH="171" HEIGHT="41" CONTENT="hopelessly" WC="0.80" CC="7100006400"/>
					</TextLine>
					<TextLine ID="P253_TL00023" HPOS="107" VPOS="1431" WIDTH="820" HEIGHT="42">
						<String ID="P253_ST00174" HPOS="107" VPOS="1434" WIDTH="91" HEIGHT="36" CONTENT="alike," WC="0.80" CC="025003"/>
						<SP ID="P253_SP00146" HPOS="198" VPOS="1470" WIDTH="17"/>
						<String ID="P253_ST00175" HPOS="215" VPOS="1432" WIDTH="62" HEIGHT="31" CONTENT="and" WC="0.78" CC="060"/>
						<SP ID="P253_SP00147" HPOS="277" VPOS="1470" WIDTH="16"/>
						<String ID="P253_ST00176" HPOS="293" VPOS="1432" WIDTH="77" HEIGHT="30" CONTENT="with" WC="0.81" CC="0007"/>
						<SP ID="P253_SP00148" HPOS="370" VPOS="1470" WIDTH="16"/>
						<String ID="P253_ST00177" HPOS="386" VPOS="1442" WIDTH="40" HEIGHT="20" CONTENT="no" WC="0.66" CC="60"/>
						<SP ID="P253_SP00149" HPOS="426" VPOS="1470" WIDTH="19"/>
						<String ID="P253_ST00178" HPOS="445" VPOS="1431" WIDTH="110" HEIGHT="31" CONTENT="salient" WC="0.74" CC="7000073"/>
						<SP ID="P253_SP00150" HPOS="555" VPOS="1470" WIDTH="15"/>
						<String ID="P253_ST00179" HPOS="570" VPOS="1431" WIDTH="115" HEIGHT="41" CONTENT="objects" WC="0.64" CC="4700076"/>
						<SP ID="P253_SP00151" HPOS="685" VPOS="1472" WIDTH="18"/>
						<String ID="P253_ST00180" HPOS="703" VPOS="1436" WIDTH="33" HEIGHT="26" CONTENT="to" WC="0.71" CC="05"/>
						<SP ID="P253_SP00152" HPOS="736" VPOS="1472" WIDTH="20"/>
						<String ID="P253_ST00181" HPOS="756" VPOS="1431" WIDTH="92" HEIGHT="42" CONTENT="guide" WC="0.63" CC="96100"/>
						<SP ID="P253_SP00153" HPOS="848" VPOS="1473" WIDTH="19"/>
						<String ID="P253_ST00182" HPOS="867" VPOS="1443" WIDTH="60" HEIGHT="30" CONTENT="you" WC="0.73" CC="007"/>
					</TextLine>
					<TextLine ID="P253_TL00024" HPOS="105" VPOS="1495" WIDTH="239" HEIGHT="32">
						<String ID="P253_ST00183" HPOS="105" VPOS="1509" WIDTH="36" HEIGHT="18" CONTENT="as" WC="0.20" CC="96"/>
						<SP ID="P253_SP00154" HPOS="141" VPOS="1527" WIDTH="15"/>
						<String ID="P253_ST00184" HPOS="156" VPOS="1495" WIDTH="188" HEIGHT="32" CONTENT="landmarks." WC="0.85" CC="0050003050"/>
					</TextLine>
				</TextBlock>
				<TextBlock ID="P253_TB00006" HPOS="151" VPOS="1556" WIDTH="776" HEIGHT="42" STYLEREFS="TXT_1 PAR_CENTER">
					<TextLine ID="P253_TL00025" HPOS="152" VPOS="1556" WIDTH="775" HEIGHT="42">
						<String ID="P253_ST00185" HPOS="152" VPOS="1559" WIDTH="88" HEIGHT="39" CONTENT="They" WC="0.81" CC="0700"/>
						<SP ID="P253_SP00155" HPOS="240" VPOS="1598" WIDTH="14"/>
						<String ID="P253_ST00186" HPOS="254" VPOS="1558" WIDTH="64" HEIGHT="31" CONTENT="had" WC="0.75" CC="700"/>
						<SP ID="P253_SP00156" HPOS="318" VPOS="1598" WIDTH="20"/>
						<String ID="P253_ST00187" HPOS="338" VPOS="1557" WIDTH="60" HEIGHT="31" CONTENT="lost" WC="0.75" CC="0170"/>
						<SP ID="P253_SP00157" HPOS="398" VPOS="1598" WIDTH="22"/>
						<String ID="P253_ST00188" HPOS="420" VPOS="1556" WIDTH="81" HEIGHT="31" CONTENT="their" WC="0.64" CC="77200"/>
						<SP ID="P253_SP00158" HPOS="501" VPOS="1598" WIDTH="15"/>
						<String ID="P253_ST00189" HPOS="516" VPOS="1568" WIDTH="69" HEIGHT="30" CONTENT="Avay" WC="1.00" CC="0000"/>
						<String ID="P253_ST00190" HPOS="596" VPOS="1569" WIDTH="7" HEIGHT="25" CONTENT=";" WC="0.85" CC="1"/>
						<SP ID="P253_SP00159" HPOS="603" VPOS="1598" WIDTH="23"/>
						<String ID="P253_ST00191" HPOS="626" VPOS="1556" WIDTH="70" HEIGHT="31" CONTENT="that" WC="0.73" CC="3700"/>
						<SP ID="P253_SP00160" HPOS="696" VPOS="1598" WIDTH="15"/>
						<String ID="P253_ST00192" HPOS="711" VPOS="1567" WIDTH="73" HEIGHT="20" CONTENT="soon" WC="0.70" CC="4006"/>
						<SP ID="P253_SP00161" HPOS="784" VPOS="1598" WIDTH="22"/>
						<String ID="P253_ST00193" HPOS="806" VPOS="1556" WIDTH="121" HEIGHT="33" CONTENT="became" WC="0.98" CC="000001"/>
					</TextLine>
				</TextBlock>
				<TextBlock ID="P253_TB00007" HPOS="804" VPOS="1618" WIDTH="41" HEIGHT="20" STYLEREFS="TXT_1 PAR_RIGHT">
					<TextLine ID="P253_TL00026" HPOS="806" VPOS="1619" WIDTH="39" HEIGHT="19">
						<String ID="P253_ST00194" HPOS="806" VPOS="1624" WIDTH="14" HEIGHT="14" CONTENT="R" WC="1.00" CC="0"/>
						<SP ID="P253_SP00162" HPOS="820" VPOS="1638" WIDTH="15"/>
						<String ID="P253_ST00195" HPOS="835" VPOS="1619" WIDTH="10" HEIGHT="19" CONTENT="2" WC="1.00" CC="0"/>
					</TextLine>
				</TextBlock>
			</PrintSpace>
		</Page>
	</Layout>
</alto>
