1132 1747
158 113 51 27 156

395 121 83 20 LOVE
502 121 64 20 THE
589 120 161 21 AVENGER.

231 200 81 29 Who
328 200 55 29 has
400 227 6 2 .

234 263 93 40 Why,
344 261 178 42 Thdophile,
539 265 33 27 to
594 260 39 32 be
654 271 68 20 sure
737 261 5 30 !
794 258 119 42 replied
936 257 52 31 old

158 324 193 29 Mardonnet.

230 385 65 31 The
312 396 80 20 cross
406 386 6 29 !
456 384 116 31 echoed
591 384 148 31 Madame
756 382 122 37 Picard,
927 381 61 32 and

158 446 45 30 for
219 444 93 36 what,
330 445 15 30 I
362 444 112 31 should
490 444 64 31 like
570 448 32 27 to
618 444 96 30 knoAv
729 444 11 30 ?

234 507 79 31 That
329 507 38 31 he
384 507 119 32 doesn't
616 506 159 32 ansAvered
783 506 56 31 her
850 505 138 31 brother-

158 569 115 39 in-law,
290 570 127 42 looking
433 569 130 42 puzzled
577 582 7 24 ;
641 569 58 32 but
719 569 71 31 here
806 568 26 31 is
848 568 86 31 Avhat
949 568 39 31 he

158 634 72 31 does
246 645 55 29 say
315 646 5 19 :
323 653 43 3 —

231 756 59 31 My
306 756 96 31 Dear
418 756 145 35 Father,

320 819 15 30 I
358 831 50 18 am
431 819 107 41 happy
557 823 33 26 to
614 818 56 31 tell
692 830 63 30 you
778 818 72 31 that
870 818 15 31 I
906 818 80 31 have

157 882 62 30 had
234 881 52 30 the
301 881 121 30 honour
437 880 35 31 of
490 881 159 41 receiving
663 881 54 30 the
737 880 178 31 decoration
932 881 54 30 the

158 942 62 40 day
235 941 101 31 before
361 941 175 41 yesterday,
561 942 105 41 OAving
693 946 33 26 to
749 941 55 30 the
830 942 156 30 interven-

158 1004 66 29 tion
264 1002 33 31 of
330 1014 56 19 our
422 1003 116 36 cousin,
577 1003 54 30 the
662 1003 150 30 minister.
861 1003 15 30 I
909 1003 77 31 send

157 1064 53 30 the
240 1064 175 37 Moniteur,
445 1065 181 41 containing
653 1065 55 29 the
733 1070 253 26 announcement

158 1125 120 31 thereof
290 1130 32 26 to
338 1136 54 29 my
409 1131 86 31 aunt,
514 1125 63 31 and
593 1136 51 20 am
660 1136 79 29 your

535 1186 85 40 Very
635 1187 136 32 devoted
787 1199 63 26 son,

495 1247 189 33 Theophile

234 1368 121 31 There's
384 1368 49 30 his
614 1370 68 31 said
716 1370 55 31 the
800 1375 186 37 postmaster

159 1430 91 31 Avhen
265 1430 38 31 he
327 1429 62 32 had
411 1429 73 32 read
506 1430 70 31 that
599 1432 117 41 epistle,
765 1433 62 30 and
848 1433 138 38 Heloise,

159 1492 109 31 there's
284 1492 53 31 the
349 1491 167 32 Moniteur
531 1503 41 20 on
587 1504 79 30 your

204 1554 144 31 Madame
364 1553 112 31 Picard
491 1554 128 41 stooped
634 1565 80 27 uoav,
732 1556 62 30 and
812 1556 114 41 picked
942 1569 41 29 up
