1132 1747
847 122 52 26 113

368 128 64 21 THE
455 128 162 21 CIRCULAR.

269 216 18 19 a
484 206 38 31 he
537 206 168 37 muttered;
799 206 100 31 which

84 276 18 19 a
131 265 202 32 shoemaker's
364 267 177 41 apprentice
576 278 56 20 can
664 267 123 32 become
817 267 83 31 Avhat

83 338 56 30 my
153 327 122 32 father's
298 328 90 32 uncle
403 340 62 20 was
479 328 100 42 proud
593 334 33 26 to
752 328 43 41 (A
810 328 88 31 Clav-

83 388 79 30 reuil
176 389 62 30 had
253 389 78 31 been
346 389 192 41 Archbishop
552 389 33 31 of
598 389 103 41 Lyons
715 389 102 31 before
826 388 72 41 '89.)

157 450 74 30 And
246 450 33 31 in
295 450 101 32 which
411 451 53 31 the
480 462 55 20 son
550 450 34 32 of
599 462 18 19 a
632 450 143 31 Corsican
790 455 110 36 notary

83 521 58 20 can
164 511 42 31 sit
225 522 40 20 on
283 511 53 32 the
358 512 108 31 throne
490 512 34 31 of
543 511 43 32 St.
606 511 93 31 Louis
713 513 6 30 !
765 511 134 31 retorted

85 572 98 31 Henri
209 572 138 42 Dupont,
373 573 33 31 in
430 573 52 31 the
506 584 82 20 same
614 573 68 41 key,
699 572 57 32 but
779 573 77 31 Avith
882 584 18 20 a

82 633 72 31 look
170 633 34 31 of
223 634 48 41 sly
282 634 167 41 jubilation
464 634 126 42 lurking
612 638 32 26 at
666 634 54 30 the
742 644 105 21 corner
869 633 32 32 of

80 694 49 31 his
144 705 78 29 eyes.

158 756 65 30 Not
237 756 53 30 the
311 767 82 19 same
568 756 75 38 said,
659 756 123 41 hastily,
799 756 42 31 M.
861 756 36 31 de

80 816 154 31 ClaATeuil
245 829 8 24 ;
300 817 149 40 certainly
465 822 55 25 not

160 877 159 42 Certainly
348 882 63 32 not,
443 877 42 31 M.
522 877 29 31 le
743 878 154 30 answered

80 938 140 42 Dupont,
259 938 77 31 with
377 938 90 31 mock
504 939 123 41 gravity
644 951 8 24 ;
725 939 172 41 something

80 1000 88 40 quite
184 999 143 30 different
340 1011 5 18 :
368 1010 40 19 an
432 999 140 30 inverted
591 999 99 38 drum,
706 999 28 30 if
747 1010 62 30 you
824 999 71 37 like,

80 1061 131 30 covered
226 1072 73 19 over
312 1061 77 30 Avith
410 1060 103 31 velvet
534 1065 70 26 torn
626 1060 78 31 from
726 1061 53 30 the
801 1061 95 41 hang-

80 1123 71 41 ings
176 1122 33 30 of
232 1121 161 31 Versailles
406 1133 9 25 ;
445 1121 57 30 but
531 1122 172 41 answering
731 1121 54 31 the
814 1133 82 19 same

78 1194 141 29 purpose,
236 1183 41 29 all
291 1183 53 30 the

124 1245 73 30 This
212 1255 63 20 was
301 1255 18 19 a
341 1244 188 41 parenthesis
552 1244 32 29 in
607 1244 52 30 the
681 1244 123 42 general
824 1255 69 20 con-

78 1305 162 30 versation.

155 1366 139 42 Suppose
305 1366 116 31 Olivier
433 1377 77 20 were
525 1371 32 26 to
572 1366 73 31 read
654 1377 36 20 us
706 1366 52 30 the
770 1366 125 30 circular

76 1429 38 31 he
138 1439 107 21 means
266 1432 34 27 to
322 1427 76 32 send
527 1428 163 43 suggested
712 1427 52 32 the
791 1439 104 31 young-

76 1491 166 41 Marquise,
259 1491 69 30 Avho
352 1501 63 20 was
437 1490 104 31 seated
560 1495 33 26 at
609 1502 17 19 a
642 1490 142 37 window,
800 1490 95 31 bend-

74 1554 55 40 ing
145 1564 72 19 over
233 1564 40 19 an
289 1552 308 41 embroidery-frame.

130 1620 52 14 VOL.
202 1619 24 15 II.

803 1617 7 14 I
