1132 1747
190 106 52 26 264

428 113 83 20 LOVE
534 113 65 20 THE
622 110 162 22 AVENGER.

189 191 90 31 make
303 202 56 21 one
383 191 99 43 forget
498 190 119 32 oneself
637 189 183 42 altogether,
841 185 62 33 and
920 185 101 31 what-

188 264 107 21 soever
309 265 57 20 one
383 254 107 31 knoAvs
507 265 33 20 or
556 252 74 32 does
646 257 56 26 not
715 251 94 30 knoAv
821 262 7 26 ;
831 268 43 3 —
875 248 144 42 perhaps,

188 315 92 31 Avhile
306 316 128 42 looking
461 320 32 27 at
516 327 72 30 you,
612 315 16 30 I
653 313 124 32 fancied
806 312 14 31 I
847 311 113 32 should
981 310 38 31 be

188 378 136 41 inspired
351 378 41 30 all
422 383 33 25 at
485 389 83 25 once,
597 377 64 31 and
686 381 74 26 turn
792 378 56 27 out
873 385 18 19 a
920 373 101 41 prize-

188 439 125 31 Avaltzer
325 440 6 30 !
403 439 74 31 And
493 439 63 31 this
568 450 64 20 was
648 437 68 32 said
732 435 78 33 with
828 447 41 20 an
886 434 135 32 admira-

188 500 67 31 tion
285 500 63 31 and
378 512 17 19 a
425 500 184 41 familiarity
638 499 57 31 felt
726 503 33 26 to
790 497 37 31 be
859 495 162 32 alloAvable

187 561 140 32 betAveen
342 566 63 27 tAvo
420 562 109 42 people
545 561 136 43 brought
698 572 42 30 up
757 572 33 19 as
806 559 127 32 brother
956 558 64 31 and

188 624 95 30 sister.
333 623 95 31 There
444 635 65 19 Avas
524 624 135 40 nothing
674 633 91 21 more.

230 686 31 29 A
283 686 81 30 little
379 685 78 31 later
479 685 43 31 M.
541 685 39 30 de
596 685 144 30 Lancour
763 683 107 32 seated
892 682 126 32 himself

188 747 103 30 beside
322 747 53 30 the
405 746 158 31 Duchesse
590 747 38 30 de
653 747 171 41 Varignan,
852 745 71 31 who
954 745 63 31 had

188 819 85 19 come
289 819 72 19 over
375 808 77 30 with
469 808 53 30 the
537 813 93 36 party
645 808 81 30 from
742 807 105 30 Mont-
850 807 168 36 Vivienne,

187 870 100 30 Avhere
312 870 54 30 she
389 881 64 19 Avas
483 870 133 41 staying.
675 869 62 31 She
760 869 103 41 rarely
887 869 131 38 danced,

185 931 48 31 for
248 931 53 31 she
317 931 136 41 thought
469 942 57 19 one
542 931 35 30 of
595 931 56 30 her
666 936 88 37 great
770 931 122 31 charms
915 931 54 41 lay
984 931 34 30 in

186 992 54 31 the
257 991 117 32 fulness
393 992 62 31 and
478 992 172 31 roundness
667 992 35 31 of
720 992 56 31 her
792 993 144 38 outlines,
955 993 63 31 and

186 1053 71 31 that
279 1058 52 26 too
356 1053 94 42 quick
477 1058 194 27 movements
697 1054 55 31 did
775 1059 56 26 not
853 1055 87 30 show
962 1055 56 31 her

187 1114 45 31 off
251 1119 33 26 to
310 1114 182 42 advantage.
542 1114 61 32 She
624 1115 123 31 seemed
771 1120 33 26 to
824 1115 38 31 be
886 1116 132 42 making

186 1176 115 31 herself
321 1176 102 42 vastly
439 1176 158 42 agreeable
621 1182 33 25 to
676 1177 43 30 M.
738 1178 39 30 de
801 1178 153 39 Lancour,
970 1179 48 30 for

185 1239 39 30 he
240 1238 156 31 remained
411 1239 50 29 till
480 1240 204 39 supper-time
700 1240 43 41 by
759 1240 55 31 her
837 1240 76 38 side,
931 1241 86 31 chat-

186 1301 70 41 ting
293 1300 63 30 and
392 1300 152 41 laughing
580 1302 205 42 unceasingly
798 1315 5 24 ;
844 1303 63 31 and
938 1303 80 31 after

186 1373 121 31 supper,
334 1362 91 30 while
452 1362 53 31 the
533 1363 127 31 cotillon
684 1375 64 19 Avas
773 1369 33 26 at
832 1365 43 31 its
897 1365 119 42 height,

190 1423 100 31 Claire
314 1435 64 19 saAv
401 1423 55 31 her
483 1424 105 30 cousin
614 1424 109 31 Victor
748 1437 83 20 cross
853 1427 55 31 the
939 1427 78 31 ball-

185 1495 94 28 room,
306 1485 108 42 giving
443 1484 49 31 his
519 1496 66 20 arm
609 1490 33 26 to
673 1487 54 30 the
759 1488 168 39 Duchesse,
953 1489 63 31 and

184 1546 94 40 guide
304 1547 55 30 her
382 1547 134 30 towards
541 1547 52 30 the
621 1552 127 34 terrace,
775 1549 111 37 Avhere,
915 1551 103 31 under
