1132 1747
162 110 35 25 46

396 115 82 21 LOVE
502 115 63 21 THE
588 112 162 23 AVENGER.

162 194 250 30 shoulder-knots
439 193 34 31 of
493 192 125 31 ribbons
620 210 42 3 —
664 189 196 43 everywhere
887 187 100 32 defor-

162 256 80 41 mity
272 255 33 31 of
339 260 128 26 contour
504 254 62 31 and
609 252 197 32 discordance
847 250 33 32 of
914 250 71 37 hue,

161 317 193 42 everywhere
381 316 162 31 distortion
570 314 63 31 and
659 314 119 30 tumult
802 313 76 31 such
905 312 80 37 that,

161 377 161 42 according
344 382 33 26 to
402 375 147 42 Shelley's
565 376 110 41 theory
691 375 34 30 of
745 375 54 30 the
851 374 134 42 interpe-

161 439 154 31 netration
338 438 34 31 of
541 449 52 19 ear
615 437 61 31 and
697 448 56 30 eye
777 436 113 31 should
906 436 79 30 have

160 500 123 41 equally
299 500 95 31 ached
410 504 31 27 at
456 499 53 31 the
526 499 167 31 confusion.

202 562 30 30 A
261 562 72 30 loud
364 561 62 31 and
455 560 169 43 prolonged
653 561 89 30 burst
773 559 34 32 of
835 559 148 42 applause

159 623 141 30 awarded
315 628 32 25 to
363 623 133 30 Theresa
519 622 217 42 extinguished
758 621 54 31 the
836 621 99 31 sound
952 621 34 31 of

159 686 99 29 minor
282 685 233 30 conversations.
562 683 102 31 When
691 684 25 30 it
740 683 62 31 had
825 683 155 37 subsided,

157 746 53 30 the
226 745 143 31 evidence
386 745 33 30 of
438 756 18 19 a
471 745 103 30 rather
593 745 97 41 lively
705 745 172 30 discussion
894 757 85 19 came

157 807 78 29 from
261 807 51 29 the
336 806 82 30 table
434 806 101 31 Avhere
559 811 48 25 sat
632 806 54 31 the
713 807 84 41 large
824 818 99 31 group
947 807 35 31 of

156 868 185 30 fashionable
356 868 95 30 ladies
474 868 62 30 and
558 868 175 41 gentlemen
756 873 33 26 to
805 868 103 31 Avhom
924 869 53 31 the

156 929 153 30 Parisians
324 929 77 30 have
417 929 93 41 given
524 929 53 30 the
593 940 105 20 names
710 929 35 31 of
758 930 141 32 cocodets
915 931 62 31 and

156 990 177 29 cocodettes.

334 1051 38 30 de
609 1063 71 30 says
706 1051 100 32 Henri
832 1052 142 43 Dupont,

184 1122 61 19 was
272 1122 17 18 a
312 1122 76 29 very
414 1111 167 31 handsome
607 1112 109 42 highly
740 1113 151 31 educated
915 1116 59 41 girl

153 1171 131 30 Avithout
310 1183 18 18 a
351 1172 145 41 farthing,
523 1172 103 31 whom
653 1173 149 43 VouArray
803 1194 42 2 —
846 1175 63 31 like
934 1188 40 19 an

153 1232 76 30 idiot
230 1251 42 3 —
272 1236 83 26 Avent
377 1233 61 29 and
460 1233 141 38 married,
620 1233 70 32 God
709 1234 120 43 forgive
852 1248 57 26 me,
925 1238 49 31 for

152 1292 68 30 love
234 1294 5 29 !
286 1292 58 31 She
360 1304 62 19 was
446 1293 162 41 penniless,
633 1295 62 31 and
717 1295 39 31 he
783 1307 78 31 gave
884 1298 55 31 her
954 1310 18 19 a

151 1353 140 31 hundred
314 1354 62 30 and
399 1354 71 41 fifty
485 1355 155 31 thousand
663 1356 102 31 francs
786 1369 18 19 a
826 1370 75 29 year
901 1379 43 3 —
945 1361 26 31 is

151 1414 69 30 that
235 1426 17 18 a
267 1415 63 30 fact
340 1415 10 30 ?
395 1415 62 31 Yes
472 1427 34 19 or

222 1476 89 38 Well,
426 1477 100 43 began
548 1478 53 31 the
625 1480 89 30 small
730 1492 107 32 young
852 1485 117 40 gentle-

150 1548 79 26 man,
253 1537 76 33 with
351 1538 54 32 the
427 1539 138 41 squeaky
590 1541 83 31 voice
685 1554 7 24 ;
747 1542 16 31 I
779 1543 79 33 have
874 1545 95 34 heard
