1132 1747
414 115 108 22 RISING
544 115 115 22 WAVES.

916 113 32 25 37

134 188 61 32 end
217 190 34 30 of
270 190 53 31 the
345 203 95 27 room,
461 192 61 31 and
545 192 158 39 Claudine,
734 205 33 20 as
789 194 55 31 has
874 195 75 30 been

133 250 111 38 stated,
270 251 119 32 formed
413 253 54 31 the
493 258 102 27 centre
619 254 34 31 of
676 265 18 20 a
720 266 98 31 group
843 259 32 27 at
897 256 52 30 the

133 311 141 31 windoAv.

178 372 63 31 The
266 374 147 42 Marquis,
439 386 33 20 as
494 375 44 32 M.
566 376 38 31 de
628 376 202 31 Sauveterre's
853 377 99 30 words

133 433 55 31 fell
218 435 172 42 pleasantly
421 448 39 19 on
490 437 48 31 his
567 449 60 26 ear,
660 438 135 31 directed
825 450 17 19 a
866 439 82 41 long,

134 496 201 42 scrutinising
363 497 71 31 look
463 502 32 26 to
527 497 149 32 Claudine
691 511 7 24 ;
736 510 18 19 a
782 499 71 30 look
882 498 70 31 that

133 557 123 31 seemed
271 562 32 26 to
320 569 55 30 say
388 569 6 19 :
502 558 84 31 there
609 559 37 31 be
662 570 18 19 a
693 559 70 31 flaw
779 559 170 42 anywhere,

135 618 16 30 I
166 618 63 30 Avill
244 618 67 31 find
327 619 33 37 it,
377 619 62 30 and
454 619 90 31 Avhen
559 619 105 38 found,
678 620 187 41 impartially
881 631 68 30 pass

129 679 168 43 judgment
323 691 39 20 on
484 680 31 31 It
537 692 62 19 was
624 693 17 18 a
665 681 84 38 hard,
776 682 175 41 appraising

133 741 70 31 look
217 754 7 24 ;
247 742 57 30 but
323 742 88 30 when
434 742 27 30 it
478 753 62 19 was
555 743 193 37 withdrawn,
769 743 25 29 it
812 754 62 19 was
893 743 58 30 full

132 803 35 30 of
179 803 190 31 satisfaction
380 815 9 25 ;
412 803 34 30 of
467 814 17 19 a
503 804 85 41 quiet
609 804 210 41 self-sufficing
837 809 63 26 sort
919 805 33 30 of

130 864 95 40 pride.

176 924 91 31 Some
294 936 57 19 one
378 925 95 30 asked
500 924 150 31 Claudine
672 929 33 26 to
728 925 75 41 sing,
820 925 61 30 and
903 925 43 30 M.

130 985 40 31 de
200 985 164 42 Moranges
394 985 128 41 echoing
553 985 52 30 the
634 990 128 36 request,
788 985 53 30 she
867 990 82 25 Avent

130 1047 136 30 towards
291 1046 54 30 the
370 1046 102 41 piano,
500 1046 62 30 and
584 1046 175 41 obediently
775 1045 117 42 opened
914 1046 33 30 it.

131 1108 64 30 But
210 1108 77 29 with
302 1107 70 30 that
392 1111 50 26 act
461 1107 55 30 her
535 1107 163 30 obedience
721 1107 61 29 and
799 1107 150 40 passiAdty

131 1169 115 32 ceased.
297 1168 101 31 When
421 1168 53 30 she
492 1168 100 41 began
607 1172 32 26 to
655 1168 69 41 sing
739 1168 52 29 she
807 1179 62 18 was
884 1167 65 30 her-

131 1230 66 39 self,
214 1230 55 30 her
290 1240 67 19 new
386 1229 63 30 and
472 1233 103 26 recent
601 1228 64 37 self,
682 1228 61 30 and
763 1228 26 30 if
813 1227 136 31 self-love

132 1292 63 31 had
217 1296 56 26 not
294 1290 167 31 thickened
483 1290 53 30 the
558 1289 61 31 fine
642 1290 100 30 subtle
759 1290 190 40 perceptions

132 1353 35 31 of
179 1352 43 31 M.
241 1352 38 31 de
295 1352 172 40 Moranges,
479 1350 38 31 he
528 1350 104 31 Avould
647 1350 101 40 surely
763 1350 78 30 have
857 1349 92 30 asked

130 1414 127 32 himself
269 1413 126 31 whence
411 1423 84 21 came
517 1412 54 31 the
591 1412 206 41 impassioned
815 1416 88 25 tones
917 1415 32 26 to

132 1476 102 31 which
257 1475 39 31 he
320 1473 153 33 listened?
520 1473 30 30 It
576 1484 62 19 was
665 1472 40 30 all
732 1483 31 19 so
791 1470 158 37 different;

131 1539 54 31 the
216 1541 101 27 statue
347 1536 63 31 had
439 1546 74 20 once
543 1534 77 31 been
649 1545 33 19 so
709 1533 118 40 plainly
856 1533 93 37 there,
