1132 1747
182 101 52 25 252

422 109 82 19 L0ArE
528 108 63 20 THE
615 107 161 21 AVENGER.

181 186 83 30 rable
294 186 65 31 ride
390 186 32 32 in
452 186 54 31 the
536 186 77 38 rain,
640 185 117 31 Olivier
788 182 132 38 arrived,
953 181 60 32 and

179 248 121 42 though
320 248 49 31 his
392 248 116 31 adArent
529 258 63 20 Avas
614 246 150 43 palpably
780 244 180 32 indifferent
982 249 31 25 to

179 308 48 32 his
246 310 79 38 Avife,
348 315 62 36 yet,
429 309 198 31 Avoman-like
651 307 27 43 (I
700 307 95 32 Avon's
824 311 136 36 attempt
982 311 31 25 to

179 370 84 42 deny
290 371 47 41 it),
363 372 51 30 she
446 371 74 30 took
552 370 175 42 advantage
752 369 35 31 of
813 369 49 31 his
888 368 125 42 coming

178 437 33 26 to
235 438 52 37 get
303 434 55 30 her
376 445 69 19 neAV
460 433 181 41 enjoyment
662 431 191 37 sanctioned,
872 431 63 31 and
958 430 53 32 she

178 506 63 19 Avas
266 500 126 26 content
416 495 70 31 that
510 495 55 31 her
589 494 144 31 husband
757 493 114 31 should
891 493 38 31 be
953 504 57 19 one

175 555 37 31 of
238 556 54 30 her
322 561 142 26 constant
496 556 188 37 attendants,
717 556 139 37 because,
889 566 34 19 as
955 555 55 30 her

176 618 150 38 husband,
344 619 48 30 his
414 630 143 31 presence
574 618 179 31 authorised
773 629 64 31 any
853 628 105 21 excess
977 617 36 32 of

176 680 234 40 equestrianism
426 680 53 30 she
495 680 102 40 might
613 680 110 30 choose
738 685 32 25 to
788 680 134 30 commit.

220 741 73 30 This
320 742 92 41 again
436 753 64 18 Avas
524 753 18 18 a
568 742 81 30 little
673 742 47 30 bit
745 742 34 30 of
803 743 204 30 unconscious

176 803 181 41 dishonesty
372 814 41 19 on
429 802 123 31 Claire's
574 808 79 35 part,
671 804 70 30 Avho
757 815 64 19 Avas
844 804 163 32 otherAvise

175 864 53 30 the
258 869 81 25 most
368 864 92 40 loyal,
486 864 120 37 honest,
640 865 225 30 conscientious
895 877 111 30 person

175 926 163 41 breathing
353 937 6 19 :
384 926 52 30 she
452 926 93 30 knew
559 926 70 30 that
650 926 55 30 her
725 926 120 31 sudden
866 931 78 27 taste
960 928 47 31 for

175 987 87 31 horse
293 987 132 31 exercise
455 987 105 31 would
596 987 102 43 please
734 988 118 31 Olivier
882 989 124 42 beyond

172 1049 198 41 description,
397 1049 63 31 and
487 1049 54 31 she
568 1054 105 26 meant
701 1054 32 26 to
760 1050 94 41 profit
878 1051 43 41 by
943 1052 62 31 this

172 1109 184 42 disposition
386 1110 34 31 of
453 1111 57 37 his,
542 1111 135 31 Avithout
707 1112 33 30 in
778 1113 53 30 the
862 1113 143 43 slightest

172 1170 109 43 degree
306 1172 174 42 rewarding
510 1173 66 29 him
601 1173 46 30 for
673 1174 33 29 it.
755 1174 98 32 These
878 1186 49 21 are
950 1176 53 31 the

173 1233 90 29 small
281 1234 97 29 moral
393 1234 107 30 frauds
515 1235 184 31 committed
722 1235 43 42 by
780 1236 53 31 the
849 1236 68 32 best
941 1238 61 31 and

173 1300 81 25 most
284 1296 178 41 exemplary
492 1307 131 27 Avomen,
656 1297 62 31 and
748 1297 47 32 for
826 1299 111 39 Avhich,
970 1312 32 19 as

171 1356 166 32 education
358 1357 62 31 and
438 1358 117 42 society
571 1370 50 19 are
638 1364 33 26 at
689 1366 124 35 present
829 1362 170 41 organised,

171 1428 40 20 no
227 1428 58 22 one
300 1418 56 32 has
370 1419 54 31 the
439 1420 78 31 least
532 1421 85 40 right
632 1427 32 25 to
680 1422 103 31 blame
798 1423 94 32 them.

214 1483 63 32 But
295 1484 52 32 life
368 1485 174 31 blossomed
560 1486 84 31 forth
669 1488 33 30 in
729 1488 99 31 Claire
846 1500 83 31 upon
957 1490 40 32 all

170 1545 103 41 points
292 1552 33 25 at
348 1558 81 20 once.
478 1547 61 32 She
555 1550 163 41 expressed
740 1561 84 21 more
840 1553 157 40 promptly
