1132 1747
445 102 36 19 IN
504 101 61 20 FOR
587 102 37 19 IT.

913 97 33 25 27

124 185 82 20 mass
231 175 48 30 for
302 187 55 30 my
550 177 53 31 she
628 177 166 38 ansAvered,
814 178 132 41 naively.

198 236 40 31 do
263 248 39 31 go
332 238 185 38 sometimes,
545 239 63 31 and
633 239 77 31 then
734 239 15 31 I
773 250 39 31 go
843 238 87 31 alone
942 251 7 25 ;

125 298 129 42 Aspasie
271 299 75 42 only
362 311 100 20 comes
478 311 41 20 on
535 300 143 42 Sundays
695 301 61 30 and
771 305 86 37 great
872 300 77 31 feast

201 423 89 37 Well,
317 435 62 29 you
406 429 84 25 must
513 425 91 29 make
627 425 87 30 haste
743 425 80 30 back

127 485 149 31 observed
293 485 125 38 Olivier,
468 496 34 20 or
517 496 46 20 Ave
578 486 79 30 shall
673 486 41 30 all
734 486 37 31 be
787 487 34 29 in
837 486 114 42 danger

127 547 35 30 of
175 547 156 31 detection
346 559 5 19 :
375 548 33 30 in
432 552 54 26 ten
502 547 136 31 minutes
652 547 54 31 the
721 547 230 32 breakfast-bell

127 607 64 30 Avill
215 607 78 42 ring,
310 607 63 31 and
396 619 55 31 my
471 608 121 31 mother
616 608 170 31 breakfasts
811 608 71 31 here
907 613 44 26 to-

128 668 69 42 day.
244 669 103 32 When
372 670 53 31 she
449 671 26 30 is
500 671 33 30 in
559 670 53 31 the
637 670 103 38 house,
758 671 15 30 I
793 682 50 19 am
858 681 93 20 neA'er

127 729 73 38 safe,
218 730 46 31 for
279 731 54 30 she
348 732 102 40 might
466 743 85 19 come
567 743 42 29 up

202 790 16 31 I
244 791 65 31 Avill
339 803 39 30 go
592 791 173 42 responded
793 791 158 37 Claudine,

161 853 63 30 and
235 853 39 30 do
290 853 159 31 Avhatever
462 865 64 30 you
535 854 56 30 bid
601 864 58 26 me,
670 864 32 19 so
712 853 70 30 that
793 853 16 30 I
819 864 51 19 am
885 864 66 19 sure

127 914 36 30 of
174 925 70 30 you.
280 914 64 31 But
358 926 65 29 you
439 915 64 30 will
517 919 56 26 not
589 919 70 37 stay
671 926 88 29 away
774 925 61 30 any
846 925 83 19 more
942 915 9 29 ?

128 976 71 30 You
215 976 64 30 will
296 987 86 19 come
398 987 33 19 as
446 987 64 29 you
524 976 77 30 used
620 981 31 25 to
668 976 48 36 do,
735 987 92 29 every
843 975 62 40 day
917 976 10 29 ?

203 1038 71 37 Yes,
408 1049 63 19 was
494 1038 53 30 the
573 1038 154 40 rejoinder
750 1038 34 30 of
804 1038 54 30 the
878 1048 73 20 van-

128 1099 132 40 quished
274 1098 92 31 lover.

170 1159 54 32 All
238 1159 54 31 the
307 1170 127 20 menace
450 1159 63 31 and
528 1159 42 31 all
593 1159 53 31 the
662 1159 159 30 fierceness
837 1158 34 30 of
892 1158 60 30 dis-

126 1220 171 43 appointed
323 1221 124 41 passion
471 1220 62 31 had
560 1220 127 42 expired
716 1220 33 30 in
775 1220 52 30 the
854 1219 98 30 whole

126 1283 95 42 being
251 1282 34 31 of
311 1283 53 31 the
396 1282 130 43 Sphinx.
574 1281 61 32 She
661 1281 65 31 laid
751 1281 53 30 the
829 1280 123 31 scented

126 1357 103 20 Avaves
256 1346 34 30 of
312 1346 54 30 her
395 1346 60 30 fair
484 1346 68 30 hair
578 1345 99 30 under
705 1342 141 32 Olivier's
870 1341 81 36 chin,

126 1407 116 31 wound
266 1407 55 31 her
344 1419 66 19 arm
434 1407 94 31 about
552 1407 49 30 his
623 1405 87 36 neck,
727 1404 62 31 and
804 1414 79 30 spun
898 1402 54 31 her

125 1469 150 42 Dejanira
297 1469 68 31 web
389 1468 118 31 around
531 1468 66 30 him
622 1466 165 41 naturally,
810 1463 61 32 and
897 1468 55 27 not

125 1532 149 38 meaning
290 1541 62 29 any
367 1530 96 31 harm.
