1132 1747
414 107 109 21 RISING
545 107 117 21 WAVES.

912 105 33 25 39

131 180 34 31 of
177 181 53 31 the
246 182 60 30 Old
319 182 139 32 Masters.
505 184 180 41 Decidedly,
699 184 135 32 classical
849 186 96 31 music

131 253 62 20 was
209 254 18 19 a
242 243 79 31 bore.
370 244 168 31 Offenbach
556 256 62 21 was
640 245 100 32 better
760 246 77 31 than
859 247 68 31 that
939 259 6 25 ;

129 304 58 31 but
212 305 68 30 best
307 306 34 30 of
370 306 41 30 all
434 317 79 20 were
540 306 52 32 the
616 307 196 31 sentimental
835 308 110 31 strains

129 365 35 31 in
189 366 103 31 which
320 366 54 32 the
398 367 100 31 words
532 379 50 20 are
613 369 187 42 everything,
828 369 61 30 and
914 370 31 30 in

130 427 102 30 which
246 427 53 31 the
315 428 175 40 expression
514 428 93 42 given
622 433 33 27 to
670 429 86 31 them
771 441 108 30 proves
894 430 51 30 the

131 487 91 30 value
238 487 34 30 of
284 487 53 30 the
353 487 110 41 singer.

174 549 42 31 M.
236 549 38 30 de
289 549 164 41 Moranges
463 560 62 19 was
536 560 40 19 no
593 549 194 31 connoisseur
801 550 33 29 in
850 550 94 31 music

131 609 84 41 (men
245 609 35 31 of
309 609 48 32 his
386 614 101 36 stamp
517 620 93 20 never
640 609 71 42 are).
767 610 63 31 But
859 611 85 30 truth

130 671 133 41 compels
292 670 115 42 always
418 682 7 25 ;
464 670 70 38 and,
567 681 32 20 as
628 671 34 30 in
698 670 53 32 the
788 671 73 31 false
899 677 45 26 art

129 732 150 32 Claudine
302 731 162 42 practised,
491 732 53 31 the
569 732 123 41 passion
717 743 62 20 was
808 737 77 33 true,
913 743 31 20 so

128 794 70 31 that
223 794 123 41 passion
370 792 169 42 compelled
563 792 75 38 him,
662 793 62 31 and
745 793 39 32 he
806 794 138 37 listened,

129 856 62 30 and
216 866 63 19 was
304 853 176 42 impressed,
506 853 116 31 carried
651 864 96 31 away,
778 853 101 31 before
907 853 37 32 he

129 916 127 30 avowed
270 920 34 26 to
319 915 126 31 himself
456 915 48 31 his
519 916 139 39 surprise.

172 976 102 31 When
289 976 48 31 his
352 980 104 38 guests
472 987 78 20 were
574 976 40 31 all
634 987 78 31 gone
734 976 52 31 the
808 976 137 41 Marquis

128 1036 193 43 approached
348 1036 158 38 Claudine,
535 1037 62 31 and
622 1037 94 41 spoke
741 1041 32 27 to
797 1037 63 37 her,
884 1037 61 31 and

128 1098 123 42 praised
274 1097 54 31 her
351 1098 34 30 in
408 1109 19 19 a
453 1108 128 20 manner
602 1098 38 30 he
656 1108 62 20 was
740 1102 55 26 not
817 1097 74 31 used
913 1102 32 26 to

128 1158 97 31 affect.
274 1157 60 31 She
357 1157 57 31 felt
436 1157 56 31 her
518 1157 117 37 favour,
652 1157 61 31 and
732 1158 77 30 with
828 1169 17 19 a
867 1158 77 31 diffi-

128 1218 76 31 dent
219 1218 53 37 air,
290 1217 62 31 and
368 1218 116 42 raising
506 1218 55 31 her
576 1228 70 31 eyes
660 1218 134 41 timidly,
812 1219 66 30 said
893 1219 51 31 she

127 1279 117 32 wished
259 1279 54 31 she
328 1279 102 41 might
444 1278 95 42 speak
553 1278 131 42 frankly.

204 1341 102 41 Speak
321 1340 77 31 Avith
425 1341 97 30 entire
755 1340 115 41 replied
893 1341 51 30 the

127 1404 149 40 Marquis,
293 1403 77 30 Avith
397 1414 40 19 an
461 1407 107 26 accent
591 1402 52 31 she
665 1402 63 30 had
742 1406 55 26 not
812 1402 132 31 hitherto

126 1468 94 31 heard
244 1467 76 42 (and
344 1467 185 42 apparently
550 1467 168 42 forgetting
740 1467 52 31 the
817 1466 127 43 dangers

127 1529 169 32 connected
320 1529 78 30 Avith
425 1529 52 30 the
502 1528 125 41 Barony
642 1528 34 31 of
697 1527 155 42 Savaray).
929 1528 15 31 I
