1132 1747
913 115 51 27 167

334 118 61 21 TEN
418 118 39 22 TO
479 119 63 21 ONE
566 119 41 22 ON
629 120 64 20 THE
716 120 69 21 RED.

223 194 119 32 What's
357 196 70 31 that
441 207 63 31 nag
515 198 11 29 ?
567 197 67 31 said
650 197 125 37 Olivier,
793 197 127 42 looking
935 203 31 25 at

148 255 53 32 the
231 256 171 43 big-boned
435 259 116 30 animal
584 259 69 30 that
687 270 85 19 came
805 259 161 41 slouching

148 316 127 39 behind,
292 318 138 43 dragged
452 320 44 41 by
509 320 54 31 the
584 321 67 30 rein
672 331 85 31 upon
778 320 102 31 Count
902 320 64 30 Du-

148 379 103 40 pont's
266 391 73 19 arm.

225 441 105 31 That's
361 442 53 31 the
445 443 172 36 Avar-steed,
650 454 33 19 or
712 443 118 30 winner
856 442 33 31 of
915 443 52 30 the

149 501 117 43 Derby,
291 514 34 20 or
347 504 154 42 anything
523 503 60 32 else
606 515 62 30 you
691 504 117 38 choose,
830 509 34 26 to
886 504 81 30 mine

149 562 71 32 host
243 564 35 30 of
296 564 53 30 the
373 564 95 31 Black
491 564 96 42 Eagle
598 576 8 25 ;
628 564 40 31 he
690 564 93 41 keeps
805 564 26 30 it
853 564 46 31 for
921 564 46 31 his

149 636 71 19 OAvn
234 625 121 41 private
371 636 63 27 use,
451 625 57 31 but
531 625 14 30 I
568 625 172 41 persuaded
762 625 65 31 him
848 630 33 26 to
895 625 72 31 lend

148 686 25 30 it
199 697 59 26 me,
286 687 173 42 promising
487 691 34 27 to
545 686 37 31 be
608 691 82 27 most
716 686 113 31 careful
855 686 34 31 of
915 686 52 31 the

147 746 140 41 precious

227 808 103 32 When
375 809 55 31 did
474 820 62 31 you
581 809 98 31 arrive
697 810 12 30 ?
788 809 179 42 questioned

149 870 125 30 Olivier.

225 932 75 30 Two
315 932 93 30 hours
424 943 57 30 ago
493 944 8 24 ;
524 931 16 31 I
562 932 75 30 took
659 932 52 30 the
727 932 90 41 night
839 932 82 30 train
936 936 31 26 to

150 994 153 38 Chartres,
328 998 54 37 got
403 994 87 30 there
512 998 33 25 at
566 993 157 41 midnight
735 1005 7 25 ;
768 1004 83 19 came
874 1004 40 18 on
936 997 31 26 to

148 1056 154 40 Malleray
317 1055 34 29 in
366 1055 52 29 the
435 1054 160 41 diligence,
608 1054 33 29 in
656 1054 52 30 the
723 1053 137 37 rotonde,
876 1053 91 30 think

149 1117 34 31 of
200 1117 70 32 that
281 1118 7 29 !
312 1116 147 42 pounded
479 1127 55 30 my
549 1116 94 30 bones
657 1116 47 30 for
718 1115 60 31 five
794 1116 100 36 hours,
915 1121 52 36 got

148 1183 33 27 to
205 1177 162 42 Malleray,
384 1177 77 31 with
483 1177 85 30 what
583 1188 63 19 was
668 1176 56 31 left
747 1176 34 30 of
799 1188 58 26 me,
882 1188 84 19 rave-

148 1251 79 20 nous
241 1252 7 24 ;
286 1238 204 38 breakfasted,
518 1238 144 31 obtained
691 1238 63 30 this
777 1238 90 41 jewel
893 1238 35 30 of
950 1249 17 19 a

148 1305 113 27 mount
284 1300 70 32 that
376 1310 63 31 you
462 1299 119 38 behold,
606 1299 61 31 and
691 1298 74 32 rode
788 1310 39 19 on
845 1298 71 31 here
934 1303 33 26 to

148 1363 134 41 surprise
305 1372 64 31 you
369 1380 44 2 —
413 1361 33 30 in
461 1360 101 32 which
578 1360 107 42 design
702 1360 15 31 I
737 1360 79 30 have
835 1359 132 42 signally

226 1485 59 31 I'm
306 1489 57 26 not
385 1495 33 19 so
441 1494 69 20 sure
526 1482 33 32 of
697 1481 147 31 observed
860 1480 105 39 Claire,

148 1547 158 42 laughing.
