1132 1747
186 99 51 27 136

423 106 83 21 LOVE
529 106 64 21 THE
616 104 160 23 AVENGER.

185 183 86 33 these
294 185 52 31 the
368 185 143 42 haughty
527 183 189 33 churchman
741 179 172 42 scornfully
929 189 87 21 over-

184 246 118 31 looked.

228 309 73 30 And
324 320 71 19 noAV
419 308 38 30 he
483 307 139 31 resolved
652 311 33 26 to
714 304 128 33 embark
865 315 85 30 upon
975 314 39 19 an

185 370 166 41 enterprise
378 370 168 31 somewThat
572 380 85 19 more
682 367 133 31 difficult
839 366 78 32 than
943 365 71 32 that

184 431 34 32 of
244 431 187 42 persuading
460 431 53 31 the
540 431 71 30 Due
638 430 39 30 de
704 429 155 31 Vivienne
890 433 33 26 to
953 432 60 38 put

183 493 82 31 forth
280 493 49 30 his
345 492 201 31 candidature
563 492 48 30 for
626 491 54 31 the
696 491 187 41 deputation
895 502 6 24 ;
926 501 86 30 upon

183 551 69 30 that
268 551 124 41 namely
408 550 34 31 of
454 551 151 41 inducing
619 549 53 31 the
688 549 155 42 DoAvager
859 549 34 31 of
912 548 100 32 Beau-

182 613 100 29 voisin
297 618 32 24 to
345 613 164 29 AvithdraAV
524 612 76 30 hers.

225 674 29 30 A
269 674 60 30 few
345 674 77 41 days
445 673 78 31 after
541 674 53 30 the
611 674 138 41 meeting
771 673 49 30 for
834 673 53 30 the
911 672 99 31 drawl-

182 735 54 41 ing
262 746 43 29 up
328 734 34 30 of
382 734 118 31 Olivier
501 733 22 31 's
547 734 138 38 circular,
710 734 54 30 the
787 745 73 19 cure
887 733 34 30 of
941 733 69 30 Bel-

183 796 99 41 espoir
303 796 91 30 made
418 807 18 18 a
456 796 74 30 visit
555 800 33 26 to
611 795 194 31 Beauvoisin.
856 795 31 30 It
907 806 65 19 Avas
993 806 17 19 a

180 857 152 31 beautiful
355 857 62 41 day
429 868 7 25 ;
470 856 157 32 breakfast
649 868 65 20 Avas
741 856 68 43 just
840 868 82 27 over,
947 856 63 32 and

180 920 33 30 in
229 918 52 32 the
294 918 250 43 drawing-room,
555 919 67 31 into
638 919 102 31 Avhich
757 919 54 31 the
825 920 185 30 ecclesiastic

180 992 63 19 Avas
279 981 140 37 ushered,
456 981 54 30 the
547 986 63 26 two
648 981 245 32 Marchionesses
931 994 79 19 Avere

181 1042 112 37 seated,
310 1041 105 32 whilst
439 1041 116 31 Olivier
570 1043 90 30 made
677 1044 119 31 believe
812 1049 33 26 to
860 1044 74 31 read
957 1044 53 32 the

181 1114 192 29 neAvspapers
393 1102 67 41 just
475 1103 136 42 brought
626 1105 33 30 in
682 1105 42 41 by
741 1105 53 31 the
817 1111 78 36 post.
945 1106 64 32 The

180 1164 152 41 DoAvager
357 1175 64 19 was
443 1164 80 41 busy
550 1165 78 31 with
650 1166 54 31 the
727 1168 163 40 perpetual
914 1169 96 31 Avhite

180 1224 101 37 wools,
300 1223 98 31 Claire
421 1236 63 19 Avas
506 1225 130 42 playing
651 1226 77 31 with
752 1227 55 32 her
826 1229 94 38 child,
937 1230 72 31 who

178 1285 53 41 lay
245 1285 113 41 rolling
373 1296 40 19 on
436 1297 17 18 a
476 1286 125 42 Turkey
622 1293 104 36 carpet
749 1290 112 41 spread
884 1296 56 26 out
962 1292 48 30 for

179 1346 66 30 him
275 1358 39 18 on
351 1346 54 30 the
434 1346 85 38 floor,
551 1348 105 33 whilst
690 1360 18 20 a
738 1351 66 38 tall,
837 1352 172 32 handsome

180 1419 121 19 Avoman
328 1408 140 30 watched
493 1413 33 26 at
552 1420 19 19 a
597 1409 80 33 little
700 1411 149 41 distance,
875 1420 135 37 respect-

179 1469 86 41 fully,
296 1469 54 31 the
379 1469 103 31 infant
511 1469 155 42 pleasures
697 1473 35 30 of
766 1474 56 30 her
853 1476 152 43 nursling.

180 1531 63 31 The
267 1542 57 20 sun
348 1542 84 20 came
455 1531 41 39 in,
522 1531 139 33 softened
684 1534 136 42 through
843 1536 54 32 the
920 1538 89 32 thick
