1132 1747
167 99 49 27 200

403 105 82 21 LOVE
508 105 64 21 THE
595 102 161 22 AVENGER.

165 179 78 31 from
268 190 96 31 many
380 183 139 38 quarters
543 183 33 26 at
601 188 85 27 once,
712 177 81 30 from
818 173 90 32 Paris
934 173 62 32 and

165 241 78 30 from
262 241 53 31 the
339 241 171 41 provinces,
528 240 86 31 there
640 250 86 20 came
750 238 106 31 letters
880 241 33 26 to
939 236 54 31 the

166 314 106 30 young
294 302 167 41 Marquise,
480 301 62 31 and
566 305 33 27 to
620 301 54 31 the
690 300 163 42 Dowager,
871 310 33 20 as
928 298 68 31 well

166 376 33 19 as
229 370 32 25 to
290 364 103 31 Count
418 364 140 41 Dupont,
585 363 57 30 full
668 362 34 31 of
729 361 267 43 congratulations

167 426 62 31 and
253 426 216 42 compliments
493 437 86 30 upon
602 426 53 30 the
679 425 154 31 excellent
856 423 140 42 example

167 493 46 26 set
239 488 43 43 by
308 488 53 31 the
387 488 214 42 independent
628 487 129 32 electors
782 487 35 31 of
839 486 157 32 Savre-et-

167 550 104 31 Merle.
320 550 100 31 Claire
443 561 64 19 was
529 561 79 30 very
623 549 101 42 proud
746 549 35 31 of
801 548 53 32 the
871 548 125 43 general

166 612 104 41 public
293 617 114 26 esteem
430 612 102 30 which
558 610 154 42 (whether
735 611 120 32 Olivier
871 622 125 30 person-

166 674 64 41 ally
246 674 196 31 contributed
469 679 32 26 to
529 674 63 31 Avin
616 674 26 31 it
666 685 35 19 or
724 672 67 42 not)
810 674 106 30 Avould
931 685 65 19 sur-

166 736 100 31 round
282 736 53 31 the
359 747 91 20 name
467 735 126 38 Olivier,
612 746 32 20 as
660 735 55 31 her
734 735 154 38 husband,
905 735 91 31 made

166 798 54 31 her
246 808 89 27 Avear,
362 797 62 32 and
447 797 102 32 Avhich
567 808 64 21 was
653 801 34 28 to
709 796 39 33 be
772 797 158 32 inherited
952 796 44 43 by

170 859 54 30 her
239 869 62 20 son.

212 919 64 31 The
300 920 63 41 day
393 919 79 31 after
498 918 43 32 M.
576 919 38 31 de
646 918 212 32 Beauvoisin's
889 923 107 27 return

169 981 79 30 from
266 981 95 37 Paris,
380 980 102 31 Count
507 980 139 42 Dupont,
665 980 70 31 who
758 980 64 31 had
845 980 77 31 been
945 980 54 31 the

171 1041 99 31 Avhole
285 1042 93 41 night
394 1052 41 20 on
449 1041 54 31 the
522 1041 86 38 road,
626 1042 126 41 driving
768 1041 79 31 from
864 1053 57 19 one
938 1042 61 31 end

170 1103 34 29 of
216 1103 53 30 the
282 1103 197 40 department
490 1107 33 26 to
539 1103 53 30 the
609 1103 97 38 other,
718 1104 64 30 and
797 1104 202 43 marshalling

171 1163 47 30 his
233 1163 96 31 forces
352 1164 78 30 Avith
453 1169 213 25 consummate
689 1165 205 41 generalship,
911 1166 88 31 burst

171 1225 66 30 into
252 1224 52 31 the
320 1225 117 41 library
453 1229 33 27 at
502 1225 195 39 Beauvoisin,
716 1226 102 31 where
831 1227 53 31 the
901 1238 98 21 mem-

171 1285 67 30 bers
269 1285 34 30 of
329 1286 52 30 the
412 1290 62 26 tAvo
503 1285 132 31 families
663 1287 33 30 of
725 1287 188 32 BeauA^oisin
937 1289 62 31 and

171 1346 155 31 ClaATeuil
353 1358 78 19 Avere
453 1347 104 30 seated
580 1347 97 38 alone,
694 1348 72 38 and,
784 1348 78 31 with
885 1360 41 20 an
947 1361 52 20 ex-

172 1408 158 41 explosion
346 1408 35 30 of
392 1408 196 41 triumphant
603 1408 75 42 glee,
680 1429 44 2 —

247 1469 48 41 By
325 1469 52 30 the
409 1468 82 31 Lord
505 1470 6 29 !
574 1469 172 32 exclaimed
783 1470 48 38 he,
871 1482 125 21 uncere-

173 1530 182 40 moniously,
373 1530 62 30 and
459 1530 134 40 shaking
616 1530 101 32 hands
740 1531 77 32 with
841 1533 76 30 each
940 1546 56 20 one
