1132 1747
904 108 14 24 5

372 112 145 20 KINDRED
541 112 108 20 MINDS.

177 185 117 33 Olivier
308 198 64 20 was
390 191 54 28 out
459 187 34 32 of
511 192 92 36 town,
621 187 72 32 then
705 188 14 32 ?
773 187 147 32 observed

97 246 112 32 Claire.

176 308 117 32 Olivier
308 309 25 32 is
350 314 32 27 at
399 309 44 33 St.
461 309 157 41 Germain,
637 314 32 28 at
683 309 52 33 the
756 314 87 37 great
858 309 61 33 fete

96 367 94 42 given
206 368 42 41 by
263 369 47 33 his
326 370 88 32 uncle

174 430 49 42 By
238 431 43 32 M.
300 431 37 32 de
351 432 165 40 Moranges
528 434 15 30 ?

179 495 64 32 Yes
255 509 6 27 ;
287 496 116 32 Olivier
422 497 56 31 has
499 497 126 32 become
642 497 82 42 quite
737 509 18 20 a
770 497 147 33 favourite

96 556 76 32 with
188 557 46 31 his

136 618 144 32 Madame
302 618 37 32 de
361 618 185 33 Beauvoisin
566 618 110 33 looked
692 624 32 27 at
738 619 55 32 her
809 618 105 33 cousin

93 679 110 32 Victor
220 679 75 32 Avith
311 690 19 21 a
346 684 124 37 strange
494 679 177 42 expression
693 679 34 32 of
745 679 174 41 something

93 740 133 41 verging
242 751 40 20 on
298 744 163 37 contempt.
571 740 51 31 did
637 745 56 27 not
853 740 66 32 said

91 800 65 39 she,
206 800 69 32 that
292 800 117 33 Olivier
424 811 64 21 was
505 811 38 21 an
560 800 122 32 habitue

167 862 139 42 Perhaps
329 863 15 31 I
368 862 79 32 have
472 862 77 32 done
565 873 116 30 wrong,
700 861 82 41 then,
807 866 32 27 to
862 861 54 33 tell

197 923 136 43 rejoined
349 923 42 32 M.
411 923 36 32 de
464 923 142 32 Lancour
620 936 6 27 ;
681 922 56 32 but
752 922 16 32 I
783 922 133 42 thought

87 997 64 30 you
175 986 92 31 knew
289 985 33 32 it.
368 985 73 31 You
465 988 83 28 must
571 988 55 28 not
649 983 100 42 forget
770 983 65 32 that
855 994 61 31 you

85 1046 143 42 yourself
254 1058 51 19 are
337 1058 38 19 on
402 1057 75 30 very
505 1045 81 42 good
612 1050 94 27 terms
734 1044 75 32 with
838 1056 78 30 your

90 1109 89 31 uncle

165 1170 16 31 I
203 1174 83 27 meet
307 1181 54 29 my
383 1169 88 32 uncle
494 1169 164 40 Moranges
850 1166 64 32 said

88 1231 113 40 Claire,
250 1230 109 41 chiefly
375 1235 31 26 at
430 1233 75 28 aunt
521 1228 227 40 Clementine's,
766 1227 62 32 and
843 1227 15 32 I
875 1227 39 32 do

87 1293 60 32 like
163 1292 119 41 talking
296 1291 73 32 Avith
384 1291 65 31 him
465 1290 167 41 extremely
643 1303 5 28 ;
673 1289 41 32 he
730 1289 26 31 is
773 1300 32 20 so
821 1287 92 33 much

87 1366 85 20 more
195 1353 161 42 agreeable
380 1352 61 32 and
464 1352 101 31 better
590 1350 150 32 informed
763 1349 74 32 than
860 1349 53 32 the

86 1426 140 32 younger
240 1426 73 20 men
330 1414 33 31 of
376 1425 55 20 our
446 1413 105 32 world.
589 1413 62 31 But
666 1411 75 32 with
756 1423 53 29 my
824 1410 88 32 uncle

85 1478 32 31 in
133 1477 47 32 his
197 1488 70 20 own
289 1476 91 32 home
404 1475 14 32 I
442 1474 79 33 have
543 1474 132 41 nothing
694 1478 31 27 to
747 1473 46 40 do,
816 1472 61 31 and
893 1472 15 31 I

85 1538 38 32 do
140 1537 87 32 think
243 1536 68 32 that
327 1536 76 40 they
417 1535 70 32 who
504 1546 39 30 go
560 1535 86 32 there
664 1535 38 31 do
