1132 1747
409 125 63 21 THE
496 126 59 21 OLD
579 126 97 21 HOME.

898 121 51 26 229

129 198 63 39 her,
211 200 63 31 had
298 201 78 32 been
400 203 130 42 thereby
550 205 135 31 entafled
704 216 84 30 upon
813 205 41 30 all
878 216 68 19 con-

128 262 113 30 nected
255 263 77 30 with
348 263 72 30 him.

172 322 44 32 M.
241 323 37 31 de
306 325 141 31 Lancour
470 326 132 30 listened
621 326 191 41 attentively.
892 326 56 40 My

130 383 121 34 dearest
423 388 67 29 said
512 388 47 37 he,
576 388 90 30 when
690 388 51 30 she
763 388 63 30 had
850 388 98 30 ended

129 446 56 31 her
210 453 94 37 story,
359 449 138 42 disgrace
520 450 27 29 is
572 454 52 26 too
651 454 106 37 strong
780 461 18 19 a
827 454 79 26 term
906 468 42 3 —

128 508 139 42 disgrace
293 510 27 30 is
345 515 56 26 not
425 510 139 31 inflicted
587 521 85 30 upon
696 521 39 20 an
761 510 186 31 honourable

127 581 91 20 name
235 571 62 30 and
311 571 111 41 family
437 571 43 41 by
494 571 53 30 the
562 582 82 19 mere
666 571 63 30 fact
746 571 33 30 of
796 582 56 20 one
875 582 72 20 man

127 636 56 26 not
203 632 151 41 precisely
373 632 149 42 knowing
542 632 48 31 his
611 643 69 19 OAvn
702 633 95 30 mind.
845 632 101 32 When

125 703 63 30 you
209 704 79 20 were
314 694 89 30 made
430 698 33 26 to
487 704 104 30 marry
615 693 124 38 Olivier,
762 694 89 31 those
876 694 70 30 who

127 754 89 31 chose
232 754 64 31 him
313 754 47 31 for
379 766 63 30 you
465 755 101 41 might
588 755 79 30 have
682 755 114 30 knoAvn
817 755 69 30 that
908 756 38 29 he

126 826 63 19 was
216 819 55 27 not
292 826 18 20 a
330 816 108 41 genius
465 826 33 20 or
517 827 18 19 a
553 826 74 20 man
652 815 225 42 distinguished
900 815 47 31 for

126 876 142 41 strength
284 875 34 31 of
331 875 156 31 character
499 887 8 25 ;
530 876 57 30 but
602 876 26 30 it
644 876 26 30 is
685 880 51 26 too
751 876 62 30 late
829 887 69 19 now
913 881 33 26 to

125 937 95 30 mend
244 941 128 27 matters
373 957 42 2 —
416 948 63 31 you
503 941 84 27 must
610 937 73 31 take
701 937 66 30 him
790 948 33 20 as
846 937 39 31 he
909 938 36 37 is,

124 998 64 30 and
203 999 90 29 make
308 999 53 29 the
376 999 68 30 best
459 998 34 30 of
505 998 65 30 him
584 1011 7 23 ;
614 1010 18 18 a
647 1010 71 18 man
734 1009 73 30 may
822 998 123 31 become

124 1070 19 19 a
157 1059 81 41 good
261 1059 110 30 honest
386 1059 101 30 father
503 1059 61 30 and
580 1058 79 31 head
674 1058 34 31 of
725 1070 19 19 a
758 1058 117 42 family,
892 1064 53 36 yet

123 1120 80 30 have
219 1131 40 19 no
276 1120 140 41 capacity
432 1119 156 31 whatever
602 1119 48 31 for
664 1120 93 41 being
772 1131 18 19 a
805 1121 140 29 minister

124 1193 34 18 or
173 1193 18 18 a
205 1181 242 39 parliamentary

198 1243 63 29 But
276 1242 48 29 his
338 1241 209 31 faithlessness
562 1245 32 26 to
610 1241 47 30 his
674 1246 225 36 engagements,
910 1246 31 26 to

122 1304 49 30 his
187 1302 117 30 friends
318 1303 11 29 ?
371 1303 176 40 interposed
564 1303 98 30 Claire
678 1316 5 23 ;
737 1303 26 30 it
778 1314 62 19 was
862 1303 79 40 posi-

122 1365 100 39 tively
238 1364 236 30 dishonourable
490 1369 32 25 to

203 1425 92 30 Hush
314 1426 5 28 !
354 1424 79 30 hush
448 1426 5 28 !
486 1424 72 30 dear
742 1424 118 41 replied
889 1425 52 29 the

121 1487 153 37 Vicomte,
337 1485 169 30 dishonour
536 1485 116 40 applies
682 1490 33 25 to
748 1496 96 19 worse
882 1485 59 30 and

121 1553 117 26 sterner
276 1546 93 30 deeds
398 1546 77 30 than
512 1546 85 30 these
599 1564 42 4 —
641 1546 129 37 besides,
801 1546 72 30 look
911 1551 30 26 at
