1132 1747
260 118 63 22 THE
346 119 204 23 POSTMASTER
573 121 38 21 OF
626 122 181 22 MALLERAY.

900 117 52 26 155

132 203 19 21 a
172 194 82 41 good
276 195 111 38 friend,
403 197 86 41 truly
503 199 5 30 !
553 198 59 31 Mr.
630 198 119 31 Marius
772 199 121 30 Daudel
906 201 5 28 !
936 211 18 18 a

133 259 97 27 tower
244 256 35 30 of
298 258 142 43 strength
454 261 6 29 !
485 270 18 20 a
518 259 60 31 fine
601 265 154 36 protector
768 262 5 29 !
798 271 32 19 as
856 260 98 31 Thdo-

133 317 83 41 phile
242 318 135 43 thought
400 320 84 31 him!
513 321 67 41 just
600 333 19 19 a
641 321 149 31 blusterer
812 321 90 31 made
924 321 33 30 of

133 378 216 33 India-rubber
364 383 5 28 !
370 400 44 3 —
414 382 72 30 well
500 384 5 28 !
549 383 15 29 I
601 394 95 19 never
732 394 63 19 saw
831 395 18 18 a
886 383 67 30 Red

133 440 191 42 Republican
348 442 69 31 who
442 454 62 19 was
528 448 55 26 not
608 455 38 19 so.
671 469 5 5 .
702 469 5 5 .
732 445 66 29 Pah
812 446 6 28 !
843 444 14 30 I
882 444 72 30 hate

132 502 54 31 the
200 502 99 31 whole
315 503 45 31 lot
376 504 33 30 of

208 564 15 31 I
240 565 86 30 don't
352 566 118 30 believe
492 566 117 41 they're
632 566 68 31 half
720 577 32 20 as
772 566 59 31 bad
848 577 33 20 as
896 566 58 31 Re-

134 626 161 41 publicans
319 627 113 30 turned
652 627 135 31 retorted
811 627 145 31 Madame

134 688 125 38 Picard;
507 690 53 31 she
576 689 110 38 added,
703 689 189 43 sneeringly;

134 750 88 42 bully
237 755 33 26 to
286 751 88 30 those
388 751 71 30 who
477 751 71 30 look
566 763 52 29 up,
635 751 62 31 and
713 763 18 18 a
746 751 210 30 boot-blacker

133 817 33 25 to
197 812 88 31 those
315 813 70 29 who
414 813 72 30 look
517 813 92 30 doAvn
638 824 84 29 upon
753 813 65 30 'em.
879 812 77 30 Like

276 874 55 30 she
358 874 109 37 added,
495 874 47 30 for
564 874 55 30 the
642 874 113 30 second
779 874 84 36 time,
895 873 61 30 and

137 935 79 30 Avith
232 935 185 39 apparently
433 935 206 30 considerable
655 935 196 30 satisfaction.

213 996 85 30 Bless
314 1007 55 29 my
384 996 80 30 soul!
483 996 108 30 what's
606 996 62 30 this
729 995 171 42 ejaculated
915 995 40 30 all

137 1062 33 26 at
185 1068 75 20 once
276 1058 52 30 old
352 1057 187 31 Mardonnet
552 1069 5 19 :
611 1057 105 31 Here's
735 1069 18 18 a
773 1057 91 30 letter
878 1056 77 30 from

370 1118 62 30 and
465 1118 38 31 he
537 1118 143 41 adjusted
709 1118 48 31 his
783 1118 172 41 spectacles,

138 1179 119 41 opened
271 1179 54 31 the
341 1179 154 41 envelope,
513 1179 62 31 and
590 1179 79 31 read.

181 1242 64 30 The
268 1241 125 31 missive
416 1252 62 20 was
494 1252 18 20 a
526 1241 86 31 short
634 1252 66 26 one,
724 1241 86 31 three
833 1252 33 19 or
889 1240 67 31 four

136 1304 79 30 lines
235 1303 93 41 only;
351 1302 58 31 but
430 1302 53 31 the
514 1302 153 31 Avrinkled
689 1302 64 31 face
777 1301 34 32 of
829 1302 53 30 the
905 1301 51 31 old

135 1369 187 38 postmaster
358 1364 156 30 reddened
553 1364 77 30 with
671 1364 137 41 pleasure
850 1374 32 19 as
918 1362 38 31 he

136 1427 136 31 scanned
303 1425 92 31 them.
595 1429 32 26 to
658 1425 38 30 be
728 1435 78 26 sure,
838 1423 62 31 this
931 1423 25 30 is

136 1500 85 20 news
236 1490 5 29 !
298 1488 39 30 he
361 1486 83 31 cried
469 1491 61 26 out.
608 1486 73 31 He's
707 1490 55 38 got
784 1485 53 31 the
868 1496 88 26 cross,

136 1550 135 38 Hdloise,
288 1549 95 40 fancy
398 1549 69 30 that
480 1549 5 29 !
