1132 1747
152 110 35 25 44

385 116 83 21 LOVE
491 116 64 21 THE
578 114 160 23 AVENGER.

151 205 90 20 more.
290 194 113 31 Round
427 205 58 20 one
512 194 92 38 table,
621 193 59 30 full
703 193 34 30 in
764 191 53 31 the
840 190 84 43 glare
948 188 34 32 of

151 255 54 32 the
228 255 98 43 lamps
353 256 69 30 that
447 255 120 42 lighted
595 254 53 31 the
675 259 180 36 temporary
881 257 97 37 stage,

152 328 80 20 Avere
255 318 106 30 drawn
383 316 142 43 together
548 326 83 21 some
653 321 56 26 ten
731 326 33 20 or
780 326 18 20 a
813 315 99 31 dozen
932 314 47 30 in-

151 378 155 31 dividuals
333 377 233 32 Avorse-dressed
593 377 60 31 and
681 377 114 31 noisier
819 377 79 31 than
924 376 55 31 the

150 445 70 32 rest,
246 440 62 30 and
335 440 70 30 Avho
432 439 101 42 might
559 439 79 31 have
665 439 77 31 been
767 438 157 43 supposed
945 442 34 27 to

151 501 111 42 belong
284 506 32 25 to
339 501 85 30 Avhat
450 501 27 30 is
504 501 102 41 styled
631 501 55 30 the
709 501 110 30 lowest
841 504 56 34 set,
914 500 64 30 had

151 564 85 30 there
251 567 55 27 not
322 563 77 30 been
415 563 177 41 something
608 563 155 30 excessive
779 563 95 30 about
890 563 86 30 them

151 624 100 30 Avhich
278 624 147 41 betrayed
452 624 185 38 affectation,
653 624 55 31 the
731 624 193 41 assumption
946 622 35 31 of

150 696 39 19 an
226 696 188 30 appearance
443 690 57 26 not
534 685 33 30 in
597 685 186 31 accordance
813 685 78 30 Avith
922 684 54 31 the

150 746 116 40 reality.

195 807 37 31 In
255 807 61 31 this
340 812 92 37 party
433 827 42 2 —
477 818 82 20 some
584 808 34 31 of
642 808 103 31 Avhom
772 819 50 20 are
849 807 128 43 already

150 869 115 31 knoAvn
280 873 33 26 to
329 879 37 20 us
368 887 41 2 —
410 869 86 31 there
511 880 79 20 Avere
606 869 86 31 three
709 881 33 19 or
757 869 70 31 four
842 881 132 26 Avomen,

151 930 136 42 painted,
305 929 90 42 dyed,
412 930 62 31 and
489 930 87 42 hung
593 931 94 30 about
703 931 77 30 Avith
797 937 180 26 ornaments

151 991 61 31 and
228 991 123 37 clothes,
369 991 93 31 much
489 991 78 31 after
593 992 52 30 the
671 992 122 30 fashion
816 993 33 29 in
873 993 103 32 which

151 1051 150 42 probably
316 1062 17 19 a
350 1051 66 31 Red
432 1051 111 32 Indian
565 1052 110 31 female
692 1053 104 31 Avould
813 1054 79 31 deck
908 1055 69 31 her-

151 1112 60 31 self
223 1117 55 26 out
294 1123 78 20 were
388 1112 53 31 she
457 1113 153 41 suddenly
626 1114 43 30 let
691 1115 83 31 loose
792 1127 115 31 among
921 1117 55 31 the

151 1172 156 31 Avardrobe
334 1177 150 27 treasures
511 1173 35 31 of
565 1185 17 19 a
609 1174 87 30 Paris
722 1180 138 27 costume
886 1177 86 41 shop.

151 1234 64 31 The
245 1233 61 31 fact
338 1233 101 31 Avhich
470 1234 111 42 chiefly
610 1235 73 31 bore
709 1237 127 31 Avitness
862 1243 34 26 to
922 1239 55 31 the

152 1300 98 26 status
267 1295 33 31 of
314 1295 85 31 these
415 1295 95 31 ladies
526 1296 32 30 in
573 1296 85 31 Avhat
673 1298 25 29 is
714 1298 121 31 termed
851 1299 126 43 Society

153 1368 63 19 was
239 1356 52 30 the
314 1367 70 30 Avay
399 1356 33 30 in
448 1356 101 31 which
570 1357 76 42 they
666 1358 63 31 had
752 1361 168 32 succeeded
943 1363 34 31 in

154 1418 127 41 making
296 1417 185 31 themselves
497 1418 57 31 less
570 1419 222 44 good-looking
808 1422 77 32 than
901 1425 76 41 they

153 1490 87 26 were,
257 1478 102 30 which
374 1478 25 30 is
415 1489 17 19 a
448 1478 79 31 fault
548 1480 101 42 rarely
664 1483 183 31 committed
865 1485 43 41 by
923 1486 54 33 the

154 1538 207 42 professional,
379 1539 52 31 she
457 1540 102 31 Avhose
583 1552 119 21 success
724 1543 34 31 in
780 1544 197 45 beautifyino-
