1132 1747
454 106 36 21 IN
513 106 61 21 FOR
597 107 39 20 IT.

921 104 32 24 25

132 177 118 43 glance,
269 191 99 21 aware
392 182 35 30 of
447 182 53 31 the
523 184 121 30 sudden
667 185 162 30 alteration
851 186 33 29 in
904 185 51 31 the

133 239 129 43 Sphinx.
311 242 64 31 The
399 254 123 22 woman
546 256 40 20 no
609 246 107 41 longer
740 247 53 40 lay
816 246 139 30 dormant

131 302 34 30 in
192 303 160 33 Claudine.
400 304 74 32 Was
500 306 63 31 this
588 307 144 41 anyone's
754 308 98 37 fault;
878 308 77 37 hers,

133 375 34 19 or
190 364 57 39 his,
264 376 34 20 or
320 366 103 31 whose
435 366 11 31 ?
492 367 81 31 That
588 380 62 19 was
671 374 51 25 too
746 370 92 30 much
863 369 34 30 of
917 381 38 18 an

133 426 125 43 enigma
282 427 48 31 for
357 428 139 31 Olivier's
519 429 161 38 faculties;
704 431 57 30 but
784 431 53 30 the
858 431 97 31 whole

133 488 97 38 affair,
269 501 34 19 as
339 490 39 30 he
409 491 152 41 mentally
595 491 101 42 styled
727 492 34 38 it,
800 503 63 20 Avas
899 503 56 19 un-

131 549 150 41 pleasant.

176 609 97 32 What
295 622 64 19 was
381 611 39 31 he
442 617 33 25 to
500 612 39 30 do
552 613 10 30 ?
607 613 93 41 Why,
722 613 33 30 of
775 624 112 27 course,
904 618 51 38 get

132 670 152 32 Claudine
308 677 33 25 to
365 684 39 30 go
430 684 88 30 away
539 685 33 19 as
590 674 60 31 fast
673 685 33 19 as
726 674 130 41 possible
868 685 8 26 ;
899 674 56 31 but

131 733 71 30 how
214 734 11 30 ?
270 734 50 30 He
341 735 136 40 scarcely
491 735 92 31 knew
604 735 85 31 what
710 740 33 26 to
766 747 55 30 say
835 740 32 26 to
890 736 63 37 her,

131 806 33 19 as
188 795 54 31 she
269 795 89 31 stood
383 796 113 42 gazing
520 801 32 26 at
576 796 66 31 him
657 797 76 30 with
757 797 55 30 her
832 797 122 30 terrible

131 867 79 31 eyes,
228 857 63 31 and
312 857 63 31 still
396 857 130 42 holding
545 858 48 31 his
612 869 65 19 arm
693 858 76 30 with
788 858 54 30 her
860 858 94 31 burn-

130 919 56 41 ing
200 918 123 42 fingers.

204 980 67 30 Tell
296 990 49 20 me
362 980 73 41 why
450 991 62 30 you
537 981 79 29 have
639 991 93 19 never
754 991 84 19 come
851 981 10 29 ?
901 980 51 30 she

129 1040 232 31 recommenced
377 1052 7 25 ;
434 1040 73 42 why
523 1041 55 30 did
599 1052 62 30 you
684 1040 93 31 break
793 1052 78 30 your
885 1051 67 31 pro-

128 1114 77 19 mise
220 1112 8 21 i

202 1165 59 41 My
280 1165 74 30 dear
559 1164 185 30 stammered
766 1164 125 37 Olivier,
938 1165 12 30 I

127 1231 86 27 must
232 1226 74 31 take
328 1237 67 20 care
423 1226 34 30 of
457 1245 39 2 —
498 1226 34 30 of
552 1237 79 29 your
650 1226 177 40 reputation
839 1238 7 24 ;
890 1226 60 30 and

126 1289 94 31 Avhen
242 1289 54 31 she
316 1288 64 31 had
396 1287 136 31 released
552 1287 47 30 his
615 1298 74 27 arm,
707 1286 62 31 and
783 1298 63 19 was
866 1287 84 30 look-

126 1352 55 41 ing
205 1351 66 30 him
297 1349 136 42 through
464 1349 63 31 and
552 1348 143 42 through,
724 1348 38 31 he
788 1348 67 31 first
883 1359 67 31 per-

126 1412 108 32 ceived
250 1412 86 30 what
358 1423 18 18 a
399 1410 112 31 foolish
528 1409 117 42 speech,
663 1409 33 30 in
719 1408 47 31 his
783 1408 166 38 confusion,

126 1475 38 30 he
180 1474 63 31 had
258 1473 100 30 made.

198 1535 58 40 My
280 1534 177 41 reputation
473 1534 10 30 ?
530 1532 53 31 she
604 1531 152 42 repeated,
782 1531 32 30 in
838 1542 17 19 a
877 1535 70 27 tone
