1132 1747
189 115 53 25 304

421 118 83 21 LOVE
528 117 64 21 THE
615 115 162 23 AVENGER.

187 202 140 27 moment
349 202 33 26 to
401 198 72 37 lose,
490 195 147 31 Madame
660 194 30 31 la
711 193 169 41 Marquise,
904 202 34 20 or
960 201 63 32 you

187 260 65 31 Avill
270 260 38 31 be
330 259 131 32 crushed
481 259 44 41 by
540 258 54 30 the
614 256 103 32 crowd
731 269 7 24 ;
762 256 44 31 let
828 266 52 20 me
901 258 122 28 entreat

187 322 34 31 of
233 333 63 30 you
312 326 32 27 to
361 326 107 36 accept
483 331 55 31 my
553 331 67 20 arm
621 338 43 3 —
665 330 79 30 pray
760 318 91 31 allow
866 328 51 20 me

231 383 64 31 But
326 382 99 32 Claire
452 381 63 31 had
540 381 174 42 bethought
744 380 56 30 her
829 379 35 31 of
891 391 19 19 a
940 390 83 20 com-

186 444 133 42 promise
335 455 6 20 :
373 443 52 31 she
450 442 90 32 could
563 447 57 27 not
643 442 93 31 avoid
758 442 128 42 placing
908 441 116 31 herself

187 507 33 29 in
250 505 54 31 the
336 504 110 31 official
476 504 102 38 stand,
610 504 57 31 but
699 504 53 31 she
779 503 107 32 Avould
916 503 41 32 do
988 514 34 21 so

187 564 128 43 quietly,
333 564 63 32 and
418 564 183 42 preserving
630 574 33 20 as
689 564 28 31 it
741 575 81 20 Avere
846 575 19 20 a
888 563 79 31 kind
989 562 35 32 of

187 627 165 41 incognito.
417 626 38 31 In
493 626 89 42 spite,
618 625 161 39 therefore,
816 625 35 32 of
887 625 42 32 all
966 625 55 31 the

187 689 191 31 endeavours
408 688 34 30 of
476 688 53 30 the
563 688 197 41 sub-prefect,
792 688 63 30 and
894 687 41 31 all
966 687 55 31 the

188 762 154 20 murmurs
374 751 34 29 of
442 751 54 30 the
523 751 240 41 Languedocian
794 751 140 36 relative,
966 749 55 31 she

188 812 148 32 achieved
354 812 84 31 what
463 812 53 30 she
543 812 130 38 desired,
691 812 136 42 namely,
845 823 18 20 a
890 816 66 27 seat
981 823 42 19 on

187 873 54 32 the
257 872 112 33 second
389 884 64 20 row
469 872 34 32 of
523 872 53 32 the
592 872 133 32 benches
745 873 34 30 in
794 873 55 31 the
864 873 57 31 left
937 873 86 31 hand

188 936 85 41 Aving
288 934 35 32 of
342 934 54 31 the
412 934 100 31 stand.
559 934 97 32 There
673 935 53 31 she
742 935 57 31 felt
814 935 118 31 herself
944 947 78 30 very

189 996 204 41 comfortably
424 995 143 38 situated,
600 996 62 31 and
695 996 142 31 thanked
864 997 54 31 the
949 998 74 30 sub-

188 1058 118 41 prefect
326 1058 34 30 of
380 1057 128 42 Brunoy
523 1057 48 31 for
585 1057 49 31 his
657 1059 165 38 attention,
840 1071 33 19 as
891 1060 40 30 he
946 1060 76 31 took

189 1121 48 30 his
267 1120 87 30 leaAre
391 1124 33 26 to
455 1131 39 30 go
524 1120 64 30 and
618 1120 45 30 fill
700 1121 50 31 his
780 1132 86 21 more
896 1122 125 32 exalted

189 1181 136 40 position
340 1181 33 29 in
389 1180 52 31 the
457 1181 105 30 velvet
579 1181 162 40 draperied
757 1187 112 27 centre.

234 1242 63 30 The
322 1242 123 31 tribune
469 1253 64 20 Avas
557 1243 168 42 unusually
750 1244 86 42 high,
870 1246 63 30 and
967 1246 54 31 the

191 1308 89 32 seats,
296 1303 91 31 when
402 1303 140 38 reached,
559 1303 110 42 placed
691 1316 64 31 you
770 1318 86 29 upon
872 1307 55 31 the
942 1308 81 31 level

191 1364 34 31 of
246 1375 62 31 any
323 1364 80 42 lofty
418 1364 157 32 first-floor
597 1366 34 30 in
654 1377 18 20 a
692 1366 90 33 Paris
804 1369 104 32 house.
957 1370 64 32 The

192 1425 89 32 stairs
311 1426 42 41 by
378 1426 101 30 Avhich
504 1437 63 31 you
597 1428 140 31 attained
767 1434 33 26 to
831 1431 87 31 them
943 1444 80 19 Avere

191 1486 134 43 roughly
348 1491 58 37 put
427 1487 148 42 together,
601 1489 62 31 and
691 1490 136 32 denoted
849 1492 96 32 haste.
992 1496 30 29 A

192 1548 59 31 feAv
275 1553 152 26 moments
449 1549 79 30 after
551 1549 99 32 Claire
674 1551 63 32 had
760 1553 95 32 taken
879 1554 55 31 her
957 1562 66 25 seat
