1132 1747
889 115 49 26 187

339 118 64 21 THE
426 119 73 22 NEW
521 120 188 21 CANDIDATE.

122 192 172 32 confirmed
316 194 123 33 Liberal
439 215 43 3 —
483 208 39 19 an
548 198 158 30 advanced
732 209 57 19 one
790 216 43 4 —
834 202 55 26 not
911 197 32 31 of

124 255 85 30 Avhat
224 255 26 31 is
265 258 120 30 termed
400 269 55 19 oui
470 263 46 25 set

166 316 117 32 Marius
298 317 123 32 Daudel
435 330 63 20 was
514 320 138 41 enraged.

200 377 82 32 Well
349 380 38 30 he
410 381 143 30 retorted.
632 381 62 40 Say
724 380 175 41 everybody
900 398 41 4 —

122 437 43 32 all
180 439 53 31 the
249 451 166 30 possessors
432 442 33 29 of
476 442 53 30 the
545 442 56 30 sod
613 443 5 29 !
663 442 70 29 You
749 442 96 40 really
859 446 83 25 must

123 504 55 27 not
200 500 38 31 be
260 502 155 40 surprised
441 502 27 29 if
488 503 53 29 the
567 502 139 40 imperial
730 507 210 36 government,

123 561 101 31 Avhich
239 562 27 30 is
281 573 117 30 sprung
418 563 79 30 from
511 563 53 30 the
579 564 107 39 people
702 563 61 30 and
779 564 101 40 reigns
895 563 47 30 for

122 622 52 30 the
196 623 118 40 people,
338 634 63 19 sees
423 624 34 29 in
486 624 75 29 such
582 624 123 41 leagues
728 635 32 19 as
781 624 86 30 these
889 624 52 30 the

120 683 194 31 determined
335 685 174 39 opposition
529 685 34 29 of
585 696 18 18 a
625 689 91 33 caste,
737 685 34 29 of
791 696 19 18 a
832 685 108 40 clique,

122 748 32 25 to
170 743 52 31 the
245 744 143 30 interests
408 744 62 30 and
492 744 113 30 desires
620 744 34 30 of
673 744 51 30 the
741 755 94 30 many
836 762 42 4 —
879 755 61 30 you

120 809 85 26 must
231 809 57 26 not
309 805 38 30 be
370 805 155 41 surprised
555 805 26 30 if
599 816 47 19 Ave
671 805 147 36 retaliate,
841 804 28 31 if
895 815 45 20 Ave

121 865 79 30 have
230 877 138 19 recourse
398 871 33 25 to
462 866 41 29 all
532 877 105 19 means
667 866 33 29 in
730 866 52 29 the
811 876 70 30 Avay
910 865 33 30 of

120 927 173 30 resistance.
341 926 71 30 You
442 926 85 30 drive
557 925 53 31 the
640 929 211 38 government,
878 936 62 30 you

118 988 90 30 drive
223 999 47 26 us,
286 988 41 29 its
343 992 116 35 agents,
476 992 33 25 to
525 991 133 26 extreme

196 1049 15 30 I
241 1053 82 26 trust
352 1060 46 18 we
428 1048 77 30 shall
535 1048 93 30 knoAv
657 1047 70 31 how
756 1051 32 27 to
818 1046 120 32 combat

119 1109 97 36 them,
343 1108 67 30 said
439 1108 53 30 the
522 1107 69 31 Due
618 1107 38 31 de
678 1107 161 37 Vivienne,
862 1105 76 32 with

117 1171 135 41 dignity.

162 1232 51 31 He
228 1232 63 30 had
306 1231 135 41 scarcely
456 1231 117 40 spoken
587 1230 144 37 hitherto,
748 1230 124 41 leaving
886 1229 52 31 the

117 1305 73 20 cure
206 1298 33 26 to
254 1293 85 40 repel
354 1293 53 30 the
422 1291 219 41 functionary's
658 1290 126 31 attacks.

193 1358 30 30 It
238 1358 27 30 is
284 1361 56 26 not
360 1367 55 20 our
429 1359 85 27 wont
531 1359 33 27 to
578 1354 44 42 fly
636 1354 79 31 from
736 1354 124 41 danger,
877 1353 61 30 and

117 1431 33 20 as
181 1430 63 31 you
274 1429 52 19 are
355 1416 82 43 good
466 1415 121 43 enough
616 1420 33 26 to
673 1414 92 31 think
789 1414 68 30 that
884 1425 54 19 our

119 1481 97 32 forces
246 1492 51 19 are
322 1491 33 19 so
385 1478 107 41 nearly
518 1476 151 38 matched,
697 1476 82 40 why,
803 1486 46 20 we
874 1475 64 31 will

116 1543 118 41 loyally
252 1547 53 37 try
323 1546 33 26 to
378 1551 88 30 carry
485 1539 45 30 off
548 1538 52 31 the
623 1538 129 41 victory,
777 1537 62 31 and
861 1537 77 41 hope
