1132 1747
180 103 53 25 208

420 110 82 19 LOVE
526 109 63 20 THE
612 107 160 22 AVENGER.

401 188 68 31 said
500 188 63 37 she,
611 198 50 19 are
693 186 55 31 the
778 185 92 30 fruits
897 184 34 31 of
958 183 55 32 the

180 251 165 31 education
368 262 62 31 you
453 250 80 31 have
553 249 94 43 given
664 248 66 31 him
745 259 8 26 ;
795 247 72 38 and,
884 246 129 42 looking

180 313 77 30 Avith
283 313 144 41 haughty
452 315 161 38 contempt
636 315 33 27 at
691 309 54 32 the
772 309 161 43 Dowager,
958 309 54 30 she

179 375 57 28 left
252 375 53 28 the
320 386 94 17 room.

224 436 77 32 Late
316 436 34 31 in
365 436 53 31 the
434 436 70 42 day,
522 435 103 32 Count
647 435 133 41 Dupont
795 433 117 43 caught
926 433 85 42 sight

180 498 35 32 of
243 498 117 32 Olivier
383 499 33 30 in
441 510 18 19 a
484 508 129 32 passage
644 497 127 43 leading
799 502 34 26 to
864 497 48 31 his
939 508 71 19 own

180 565 182 37 apartment.
412 560 66 31 One
497 560 109 42 glance
629 559 128 32 sufficed
780 564 33 27 to
836 559 87 31 shoAV
943 559 66 30 him

180 623 83 42 signs
283 622 34 31 of
333 622 153 41 dejection
511 622 33 29 in
564 621 41 30 M.
630 620 38 31 de
690 620 195 37 Beauvoisin,
905 619 103 38 which

180 684 34 31 ill
245 684 175 31 contrasted
450 682 78 34 with
559 683 52 30 the
638 687 124 37 strange
793 682 162 31 fierceness
976 682 35 30 of

180 756 128 19 manner
323 745 38 30 he
377 745 62 30 had
456 756 32 19 so
504 745 139 40 recently
655 744 136 31 affected.
834 744 49 31 He
896 745 111 30 darted

180 806 157 38 forwards,
370 806 70 37 and,
469 806 102 31 before
594 806 49 30 his
671 817 145 30 presence
846 817 63 20 Avas
940 817 68 31 per-

181 867 115 37 ceived,
321 867 38 31 he
382 878 63 20 Avas
476 867 148 43 standing
650 867 79 31 close
755 872 33 26 to
818 867 49 32 his
896 867 111 38 friend,

180 929 63 31 and
272 929 73 31 held
374 940 57 20 one
462 929 34 31 of
522 929 54 31 the
605 929 117 31 latter's
752 929 101 31 hands
890 930 33 30 in
960 931 49 29 his

182 1004 77 17 o\vn.

412 1053 38 31 he
467 1054 75 37 said,
560 1054 77 30 AAdth
655 1054 195 31 affectionate
875 1060 133 26 earnest-

180 1127 71 20 ness
268 1115 59 41 (for
341 1115 54 31 the
412 1120 211 26 countenance
638 1115 39 31 he
693 1115 113 32 looked
821 1128 85 30 upon
930 1128 78 31 gave

180 1177 66 31 him
262 1187 40 20 no
326 1176 97 30 desire
439 1181 33 25 to
488 1176 40 30 do
550 1176 99 42 aught
665 1187 72 21 save
753 1182 52 37 try
820 1182 33 26 to
877 1177 130 43 soothe),

289 1237 79 37 dear,
392 1237 89 42 good,
506 1237 52 31 old
588 1237 111 38 felloAv,
722 1249 47 21 we
799 1250 51 20 are
881 1239 47 31 far
957 1244 51 27 too

181 1298 71 31 firm
280 1298 115 30 friends
425 1297 47 31 for
500 1309 62 30 any
593 1298 171 32 discussion
795 1300 158 31 Avhatever
975 1306 33 26 to

182 1371 86 21 sever
283 1371 43 20 us.
375 1358 31 32 Is
421 1359 26 31 it
462 1358 131 42 possible
616 1371 63 31 you
703 1372 57 19 can
776 1361 37 31 be
836 1363 116 30 serious
975 1364 33 30 in

182 1422 86 30 what
282 1431 63 30 you
361 1419 66 32 said
441 1419 63 32 this
520 1421 144 40 morning
677 1422 10 30 ?

227 1481 138 32 Olivier's
402 1481 65 31 face
505 1493 63 20 Avas
605 1483 130 42 terribly
768 1484 139 42 haggard
945 1487 63 31 and

183 1545 113 30 drawn.
345 1543 50 31 He
420 1543 157 31 answered
603 1544 140 40 nothing,
769 1545 57 32 but
849 1547 104 32 stared
976 1554 32 26 at
