1132 1747
169 111 33 27 32

402 118 82 20 LOVE
508 117 63 21 THE
595 115 160 22 AVENGER.

166 195 62 31 and
243 207 115 31 wrong,
375 207 40 19 no
430 195 134 42 genuine
584 194 109 30 notion
716 191 35 32 of
770 190 153 43 integrity
938 188 55 31 has

165 258 78 31 been
258 258 100 40 given.

210 320 149 30 Claudine
371 318 70 38 had,
460 318 81 31 since
557 317 54 31 the
628 317 62 41 day
701 316 34 31 of
746 316 54 30 the
816 314 63 31 fete
897 317 32 28 at
945 312 45 33 St.

165 381 156 38 Germain,
347 391 116 31 sprung
485 378 155 42 suddenly
655 389 43 31 up
721 383 33 26 to
777 378 53 30 the
854 379 138 38 topmost

164 443 84 40 pitch
276 442 34 30 of
332 442 86 30 what
442 452 63 20 Avas
530 439 142 33 destined
698 444 33 26 to
755 439 37 31 be
820 439 55 30 her
897 438 91 30 fame.

164 505 62 30 The
248 504 193 34 Hungarian,
465 508 32 25 to
519 503 103 30 Avhom
645 502 71 30 that
740 501 61 31 fete
824 500 65 32 had
911 500 79 31 been

163 566 100 42 given,
281 566 61 30 had
358 566 117 41 spoken
491 565 34 30 of
544 565 55 30 her
613 564 117 41 beauty
745 564 33 29 in
795 563 76 31 such
887 567 101 26 extra-

162 630 117 29 vagant
294 629 93 25 terms
403 624 69 31 that
488 624 53 30 the
553 635 82 19 mass
651 623 34 31 of
698 634 72 20 men
780 622 103 31 Avhose
900 621 88 32 office

161 686 26 30 it
201 686 25 30 is
242 691 32 25 to
290 686 36 30 be
342 685 52 30 the
411 685 157 30 collective
585 684 87 31 Paris
688 684 34 31 of
734 684 76 31 such
826 683 117 31 Helens
945 702 43 2 —

161 747 52 30 the
237 747 188 40 frequenters
450 746 35 30 of
512 746 94 37 clubs,
635 745 153 38 coulisses,
817 745 62 30 and
903 756 84 19 race-

162 818 119 19 courses
281 826 43 2 —
325 807 61 30 had
402 807 217 40 momentarily
635 806 158 42 adjudged
808 811 33 26 to
856 807 56 30 her
932 807 54 30 the

160 869 90 40 prize,
269 869 61 29 and
346 869 52 29 she
414 879 62 19 Avas
491 868 47 30 for
553 880 18 18 a
586 868 82 30 brief
688 880 90 29 space
801 880 19 19 a
842 869 144 41 reigning

161 942 104 29 queen.

203 993 72 30 This
287 992 118 41 mainly
419 991 111 42 helped
553 991 55 31 her
623 992 33 31 in
671 992 55 31 her
748 992 86 31 work
858 992 35 31 of
913 1004 71 20 con-

160 1054 159 36 cealment,
340 1053 46 30 for
408 1053 90 31 Avhen
522 1064 63 30 any
600 1064 131 27 Avoman,
756 1054 33 30 in
806 1065 40 20 no
869 1059 115 26 matter

160 1115 83 30 what
270 1115 115 41 sphere,
413 1115 139 30 becomes
576 1115 53 30 the
653 1115 130 38 fashion,
808 1117 25 29 it
856 1117 27 29 is
905 1117 79 31 hard

160 1177 32 29 in
207 1176 52 30 the
276 1176 55 30 stir
351 1175 62 31 and
432 1186 127 20 rumour
577 1177 119 29 around
719 1177 55 30 her
789 1181 32 25 to
837 1177 45 30 fix
898 1189 85 29 upon

160 1248 61 30 any
237 1248 56 19 one
318 1236 166 42 particular
503 1237 176 30 individual
698 1249 32 18 as
754 1238 151 30 favoured
931 1238 52 32 be-

160 1298 83 41 yond
268 1298 48 30 his
341 1309 160 30 compeers.
551 1297 150 31 Claudine
727 1299 62 30 had
820 1299 47 30 far
897 1311 84 21 more

160 1360 54 30 her
228 1370 70 19 OAvn
313 1370 70 30 Avay
397 1359 77 30 than
497 1358 110 38 before,
632 1359 47 31 for
698 1359 42 32 M.
761 1360 37 31 de
815 1361 166 43 Moranges

160 1432 61 19 Avas
236 1420 140 31 flattered
392 1421 33 29 in
440 1421 47 30 his
502 1421 249 42 proprietorship,
769 1422 63 31 and
851 1422 56 33 felt
922 1424 59 31 full

160 1482 33 30 of
221 1493 88 30 grace
338 1481 63 31 and
430 1481 162 42 benignity
618 1482 135 31 towards
777 1482 53 32 the
856 1495 124 22 woman

159 1543 78 37 AAdio,
261 1542 92 42 being
376 1542 112 41 openly
512 1542 56 38 his,
595 1554 63 19 Avas
679 1543 242 42 acknoAvledged
948 1560 33 19 as
