1132 1747
380 438 198 31 CHAPTER
605 439 53 30 IX.

379 535 92 21 CROSS
494 535 162 21 PURPOSES.

153 610 102 33 Mlle.
278 621 41 21 de
335 611 256 32 Mourjonville
611 612 56 31 felt
687 612 113 31 herself
822 613 103 30 armed

108 676 33 27 at
159 672 42 31 all
220 673 113 41 points,
351 684 72 20 save
439 684 65 20 one.
552 673 60 32 She
639 674 61 30 had
722 686 17 18 a
763 674 73 30 hold
854 686 71 19 over

108 733 148 32 Claudine
286 735 100 31 Avhich
417 736 53 31 she
501 736 92 31 kneAv
622 741 32 26 to
681 737 37 30 be
739 737 182 31 irresistible.

106 795 60 31 She
181 796 62 30 had
258 808 18 19 a
292 796 73 31 hold
380 808 73 20 over
468 797 117 31 Olivier
600 798 102 30 which
722 798 52 31 she
789 798 133 35 thought

103 857 40 31 he
171 858 105 31 would
304 864 56 25 not
389 858 97 39 resist,
515 859 69 38 and,
611 859 120 38 indeed,
763 859 81 31 since
870 859 53 32 the

104 925 138 25 moment
258 919 90 32 when
366 920 53 31 she
441 920 152 31 informed
617 920 66 31 him
709 920 34 32 of
766 920 54 32 her
844 921 77 31 close

103 981 183 31 connection
314 981 78 32 with
430 982 53 31 the
515 993 88 20 cause
634 982 33 31 of
699 982 48 31 his
777 983 144 41 youthful

99 1044 110 38 follies,
225 1044 53 31 she
304 1044 62 31 had
390 1044 61 31 had
475 1055 40 20 no
539 1044 167 41 complaint
729 1049 33 25 to
783 1045 89 30 make
888 1045 35 30 of

99 1105 44 31 M.
181 1106 38 30 de
252 1106 192 30 Beauvoisin.
501 1105 50 31 He
581 1117 63 19 was
674 1106 98 30 docile
802 1107 33 30 in
864 1107 52 30 the

98 1172 145 34 extreme,
275 1168 120 41 though
424 1167 38 31 he
492 1167 127 31 evinced
652 1179 18 19 a
704 1168 116 31 certain
855 1168 61 32 dis-

98 1229 146 42 quietude
260 1229 34 31 of
311 1240 127 20 manner
452 1229 162 32 whenever
634 1228 38 32 he
698 1229 164 42 happened
883 1235 33 27 to

94 1293 38 31 be
156 1292 57 31 left
238 1292 87 31 alone
352 1292 77 30 Avith
452 1291 61 32 her.
562 1291 87 31 With
673 1292 53 30 the
753 1292 161 41 Dowager,

93 1355 54 31 the
172 1354 146 42 practical
342 1354 129 41 Aspasie
496 1354 56 31 felt
575 1358 81 27 most
684 1354 33 30 of
739 1354 40 30 all
805 1358 33 25 at
860 1354 56 30 her

93 1428 77 26 ease,
195 1416 63 32 and
281 1416 95 31 relied
402 1427 84 30 upon
509 1416 55 31 her
590 1427 70 19 OAvn
689 1425 153 20 resources
868 1414 48 31 for

92 1478 109 43 giAdng
215 1483 33 26 to
264 1478 69 31 that
348 1477 129 32 alliance
492 1488 40 20 an
547 1476 198 31 indissoluble
765 1475 145 31 firmness.

92 1540 30 31 It
152 1552 63 19 was
246 1540 77 31 with
352 1540 55 31 her
437 1550 70 20 own
540 1538 177 31 immediate
748 1537 163 40 employer,
