1132 1747
886 115 51 28 207

367 122 111 21 BELOW
500 121 63 22 THE
585 122 101 21 MARK.

192 196 117 32 Olivier
321 199 6 29 !
366 198 89 31 burst
469 199 83 30 forth
568 200 33 29 in
617 198 122 31 Claire's
754 209 76 30 pure
842 202 93 33 tones,

116 258 34 30 in
166 264 108 36 strong
289 260 270 40 reproachfulness.

195 321 15 30 I
231 321 65 31 Avill
318 327 56 26 not
396 321 38 32 be
454 322 118 31 bullied
592 333 33 19 or
807 321 38 31 he
868 332 69 20 con-

117 382 118 31 tinued.
315 383 15 31 I
347 383 63 31 will
433 387 56 27 not
503 383 37 31 be
564 383 119 31 treated
702 383 61 31 like
784 394 18 20 a
825 383 112 41 cypher

117 443 35 30 in
174 454 55 31 my
245 455 70 19 own
336 444 101 31 house.
485 443 16 31 I
522 444 63 30 will
607 444 79 31 have
707 455 55 31 my
777 455 71 20 OAvn
869 455 68 31 way

117 504 64 31 like
197 505 88 31 other
304 516 81 26 men,
404 505 63 30 and
485 504 38 31 do
545 504 69 31 that
628 504 101 32 which
750 505 116 41 pleases
881 517 56 19 me.

117 565 15 32 I
148 566 80 31 have
248 578 55 29 my
318 577 70 20 own
410 570 96 27 tastes
527 566 63 30 and
606 577 55 30 my
677 576 69 20 own
764 566 152 41 pleasures
929 579 8 24 ;

118 628 62 30 and
194 628 123 41 politics
340 627 78 31 have
433 627 133 42 nothing
585 631 33 26 to
634 626 39 31 do
689 626 77 31 Avith
781 626 93 32 them.
922 627 15 30 I

115 689 56 30 tell
187 700 62 30 you
265 688 15 31 I
297 700 50 19 am
362 687 66 32 sick
443 692 32 27 to
492 687 93 32 death
601 687 34 31 of
654 687 53 31 the
722 687 99 31 whole
836 687 100 43 thing,

116 750 65 31 and
205 751 26 29 it
255 750 27 30 is
307 749 15 31 I
346 749 69 30 who
440 749 91 30 retire
555 749 79 30 from
660 749 52 30 the
739 753 126 26 contest.
922 749 15 30 I

115 813 81 29 have
211 812 126 29 Avritten
352 815 33 26 to
400 811 53 30 the
463 810 116 41 prefect
595 814 32 26 to
642 810 55 30 tell
712 810 65 30 him
793 821 34 19 so
838 822 6 24 ;
865 810 70 37 and,

117 884 34 19 as
166 873 15 30 I
198 872 75 41 defy
287 883 63 30 you
365 876 33 26 to
413 871 91 30 make
520 883 19 18 a
562 871 118 41 deputy
695 871 33 30 of
740 882 50 19 me
805 871 132 30 without

117 945 55 30 my
197 938 137 32 consent,
357 933 15 29 I
398 932 85 30 wash
506 943 55 30 my
580 932 99 30 hands
703 932 35 30 of
759 932 53 30 the
838 932 99 30 AAdiole

117 995 148 31 business.
314 994 15 30 I
356 994 64 29 A\ill
446 993 73 30 hear
545 1004 40 19 no
611 1004 83 19 more
721 992 34 30 of
777 993 26 29 it
816 994 6 29 !
864 993 70 37 and,

117 1056 78 31 AAdth
210 1056 86 30 these
312 1054 109 36 words,
438 1054 38 30 he
493 1053 202 41 overstepped
712 1053 53 30 the
780 1053 157 30 threshold

116 1118 36 31 of
163 1117 54 31 the
232 1116 135 31 Avindow
383 1115 62 30 and
460 1126 62 18 was
537 1126 86 29 gone.

162 1176 236 32 Consternation
419 1186 62 19 was
505 1175 245 41 many-tongued
771 1186 83 30 upon
874 1176 60 30 this

117 1238 235 39 extraordinary
388 1236 169 30 behaviour
593 1235 34 31 of
665 1235 146 31 Olivier's.
872 1236 62 30 The

117 1301 154 41 Dowager
308 1298 67 31 said
412 1298 37 30 he
479 1302 85 26 must
600 1298 37 30 be
667 1298 106 29 insane
788 1310 7 24 ;
820 1297 42 31 M.
897 1298 36 30 de

117 1360 157 33 ClaArreuil
288 1371 64 20 was
366 1359 47 31 for
428 1365 106 36 strong
556 1370 160 27 measures,
733 1359 62 30 and
816 1359 118 42 forcing

115 1425 63 31 him
206 1429 32 25 to
264 1423 39 30 do
327 1422 48 31 his
406 1421 79 42 duty
496 1434 7 24 ;
534 1421 99 31 Henri
661 1420 131 41 Dupont
821 1431 113 20 recom-

115 1486 134 32 mended
264 1496 19 19 a
297 1484 61 30 few
369 1482 99 32 hours'
483 1483 140 41 patience
634 1494 6 25 ;
665 1482 62 31 and
743 1481 107 38 Claire,
865 1493 69 20 con-

115 1547 176 40 centrating
306 1546 55 30 her
373 1544 196 42 indignation
584 1544 66 31 into
666 1554 56 20 one
739 1547 150 34 sentence,
892 1562 42 3 —
