1132 1747
200 115 52 24 262

440 120 83 21 LOVE
546 120 64 20 THE
633 119 162 21 AVENGER.

200 204 123 34 present
346 210 63 19 Avas
432 197 177 43 impressed.
659 197 101 30 Henri
784 196 134 41 Dupont
937 193 96 32 raved

200 260 108 42 loudly
329 260 94 32 about
448 260 64 38 her,
540 259 119 31 Gaston
685 259 38 30 de
746 258 158 30 Vivienne
929 255 104 43 (Avhen

200 321 48 32 his
269 320 118 43 future
411 332 64 21 Avas
499 326 56 26 not
580 320 113 31 Avithin
724 318 135 42 earshot)
888 317 145 32 declared

199 384 69 30 that
284 384 53 30 she
353 395 63 19 was
431 384 53 31 the
499 384 142 30 loveliest
656 393 124 21 woman
796 382 34 31 in
841 381 42 32 all
899 381 120 30 France
1028 392 5 27 ;

200 445 62 30 and
287 456 78 19 even
388 445 55 31 her
463 457 70 19 own
554 456 54 20 sex
624 455 80 20 were
730 443 114 43 agreed
868 454 87 31 upon
979 442 54 31 her

200 512 136 26 extreme
365 508 173 38 loveliness,
565 508 76 41 only
670 507 78 41 they
778 507 68 30 said
877 506 72 31 that
979 505 54 31 she

200 569 89 31 kneAV
313 569 26 31 it
365 568 116 44 (which
509 569 116 43 always
653 580 98 20 seems
775 574 33 26 to
834 568 38 31 be
901 580 17 18 a
945 571 88 38 great

200 631 93 30 crime
321 631 33 30 in
381 631 83 31 their
488 630 94 43 eyes),
610 631 63 31 and
703 630 71 32 that
804 630 56 31 her
886 640 147 20 manners

200 703 78 20 were
294 697 56 26 not
366 692 88 42 quiet
470 693 133 41 enough,
620 693 104 30 Avhich
745 692 123 31 seemed
885 697 33 26 to
934 691 99 32 afford

200 753 85 31 them
301 753 198 31 consolation.

244 816 117 30 Olivier
379 815 63 30 had
462 815 47 30 for
524 815 53 30 the
597 815 61 31 last
680 815 79 31 hour
780 816 78 30 been
874 815 159 43 watching

200 878 50 29 his
272 877 154 31 beautiful
448 876 70 31 wife
540 877 79 30 from
643 889 18 18 a
686 882 66 26 seat
776 878 34 30 in
838 889 58 20 one
922 878 34 30 of
979 878 54 31 the

201 938 156 31 AvindoAvs.
417 938 147 30 Between
601 949 18 19 a
649 938 95 41 polka
774 939 71 30 that
875 939 64 31 had
965 939 68 42 just

202 999 141 39 finished,
360 999 63 31 and
447 1010 18 20 a
485 999 91 31 Avaltz
600 999 70 31 that
686 1011 63 20 Avas
774 1000 97 32 about
893 1005 33 27 to
951 1012 82 20 com-

201 1074 116 26 mence,
349 1063 48 37 he,
430 1062 79 31 after
537 1062 95 31 much
664 1068 152 36 apparent
853 1064 178 39 hesitation,

203 1136 84 19 came
303 1135 42 29 up
361 1128 33 26 to
410 1124 61 30 her.

279 1185 76 41 May
375 1185 14 30 I
408 1185 72 30 take
505 1197 58 19 one
589 1190 72 27 tour
685 1187 38 31 de
746 1187 85 32 valse
855 1188 77 32 with
959 1200 72 31 you,

205 1247 99 30 Claire
317 1247 11 30 ?
370 1247 39 30 he
425 1247 76 38 said,
519 1248 134 41 timidly.

248 1309 61 30 She
324 1320 64 19 Avas
403 1309 148 42 standing
567 1310 33 30 in
616 1310 53 32 the
686 1312 99 31 midst
801 1313 34 30 of
855 1325 18 19 a
888 1325 100 31 group
1005 1314 33 31 of

204 1370 156 38 admirers,
392 1371 102 42 biting
525 1371 135 42 daintily
691 1374 77 30 Avith
807 1375 55 30 her
892 1375 143 44 dazzling

203 1431 84 32 teeth
317 1431 62 31 and
410 1432 79 42 ruby
520 1433 60 41 lips
611 1438 32 26 at
674 1435 53 30 the
758 1436 120 32 floAvers
909 1438 34 30 in
977 1437 56 32 her

205 1492 136 42 bouquet
371 1493 34 31 of
431 1499 154 27 tea-roses.
643 1495 103 32 When
778 1497 38 32 he
847 1499 106 41 spoke,
979 1500 55 32 she

205 1554 131 31 lowered
360 1554 53 31 the
436 1555 85 31 hand
543 1556 70 31 that
634 1557 73 31 held
728 1558 53 31 the
805 1570 146 31 nosegay,
970 1563 64 30 and
