1132 1747
431 447 200 30 CHAPTER
662 446 57 30 III.

442 544 111 19 RISING
576 543 120 20 WAVES.

205 624 71 30 The
292 624 61 40 day
368 623 62 30 had
455 633 85 20 come
564 622 91 30 when
679 620 151 31 Claudine
846 620 63 31 had
925 621 62 30 dis-

162 685 127 32 covered
315 685 69 30 that
409 684 102 31 which
535 695 64 19 was
621 683 136 30 hitherto
773 683 217 30 undreamt-of

160 748 33 30 in
215 747 55 31 her
291 746 184 42 philosophy
487 758 6 25 ;
518 756 17 20 a
561 745 54 30 fire
641 745 64 30 had
730 745 78 30 been
829 745 156 41 suddenly

160 809 127 41 lighted,
305 808 61 31 and
378 807 63 31 had
455 806 91 31 made
561 806 109 31 Adsible
686 817 96 30 many
798 806 117 42 objects
927 818 57 20 un-

160 869 129 42 guessed
315 873 32 27 at
373 868 109 31 before.
542 867 107 42 Many,
678 867 56 31 but
764 872 56 26 not
850 868 41 31 all
892 888 44 2 —
937 868 49 32 for

161 930 173 32 Claudine's
351 929 175 31 conscience
542 939 63 20 was
627 928 57 31 full
706 928 34 31 of
759 928 77 31 dark
861 941 123 20 corners

160 992 62 30 and
237 991 106 37 nooks,
360 990 100 31 where
476 1001 40 20 no
531 990 80 41 light
626 990 62 31 had
703 1001 72 20 ever
789 993 190 39 penetrated.

160 1052 31 30 It
213 1063 63 19 was
299 1055 56 27 not
378 1062 33 19 as
435 1050 27 31 if
480 1061 71 30 you,
576 1050 47 31 for
646 1051 148 38 instance,
818 1053 63 30 had
904 1054 79 31 been

160 1112 160 31 illumined
335 1112 42 41 by
392 1111 52 31 the
460 1110 90 32 flame
571 1110 34 32 of
624 1122 18 20 a
657 1111 164 32 forbidden
836 1115 124 39 passion
975 1128 8 25 ;

159 1185 63 29 you
237 1173 111 37 would,
374 1172 34 31 of
427 1183 114 27 course,
559 1172 79 31 have
654 1184 70 19 seen
740 1179 33 25 at
789 1186 57 19 one
861 1176 121 41 glance,

160 1236 121 40 clearly,
309 1235 52 30 the
385 1234 98 31 whole
508 1235 85 29 mesh
620 1235 34 29 of
681 1247 78 29 your
789 1236 103 33 duties
919 1240 64 30 and

160 1297 138 41 dangers,
310 1296 62 30 and
383 1296 104 30 would
497 1296 79 31 have
588 1297 213 43 immediately
813 1299 79 31 done
904 1312 81 30 your

160 1358 79 40 duty
254 1357 62 31 and
336 1357 152 40 trampled
512 1357 48 30 sin
579 1358 100 30 under
701 1369 79 30 your
795 1359 76 32 heel.
919 1362 64 31 But

160 1419 75 31 then
249 1430 63 30 you
327 1430 49 19 are
392 1418 76 31 born
482 1419 186 40 respectable
690 1420 62 31 and
774 1421 161 42 incapable
952 1424 36 31 of

160 1491 124 31 wrong;
307 1491 62 31 you
395 1490 50 20 are
469 1480 173 31 Avarranted
666 1485 32 27 to
723 1493 39 31 go
787 1485 134 41 straight
941 1487 42 31 all

160 1542 53 31 the
229 1541 76 42 days
321 1541 34 31 of
366 1552 78 30 your
452 1540 62 39 life,
527 1541 61 31 and
603 1546 56 27 not
674 1546 32 27 to
716 1544 91 31 make
823 1546 158 40 mistakes,
