1132 1747
235 108 63 21 THE
322 108 146 22 MEETING
492 109 38 21 OF
552 109 64 21 THE
639 110 136 21 WATERS.

878 105 34 26 43

94 183 94 32 forest
203 184 120 42 depths,
340 196 34 20 or
395 186 113 42 letting
529 186 82 31 their
632 197 70 31 rays
724 187 130 30 tremble
876 198 38 19 on

94 245 54 31 the
164 250 93 27 crests
281 246 33 31 of
332 247 70 31 lone
425 247 82 42 lofty
521 248 80 37 hills,
623 248 291 37 chamois-haunted,

96 306 63 31 and
170 318 77 20 even
263 308 34 31 in
313 320 134 20 summer
469 321 87 19 snoAV
576 310 145 30 swathed.
768 309 64 30 The
847 309 67 30 self-

95 378 83 21 same
194 373 77 26 stars
283 371 6 28 !

139 429 187 33 Immutable
341 433 6 29 !
370 443 63 30 yes,
461 432 85 41 truly
557 444 8 24 ;
593 432 102 31 whilst
719 432 41 30 all
784 432 131 30 beneath

95 491 87 31 them
198 503 63 20 Avas
286 493 163 40 composed
472 493 34 30 of
525 497 99 26 atoms
646 493 47 30 for
716 504 70 19 ever
804 493 111 42 chang-

94 553 56 41 ing
162 565 8 24 ;
205 565 80 30 gone
312 554 102 31 before
444 565 63 30 you
533 554 91 31 could
655 554 152 31 chronicle
837 554 78 31 their

94 615 99 41 being.

138 677 64 31 But
228 677 34 31 in
292 677 80 42 spite
403 677 33 31 of
463 677 80 31 their
573 676 252 32 short-livedness
855 676 60 31 and

93 738 82 31 their
190 739 248 41 short-comings,
456 740 86 30 these
561 739 172 41 ephemeral
756 743 159 32 creatures,

93 800 103 30 AAdiich
211 800 121 30 furnish
356 800 54 30 the
437 804 164 38 aggregate
616 812 68 18 sum
708 800 33 30 of
765 800 150 30 existence

93 862 34 30 in
143 873 18 19 a
176 866 88 38 great
279 862 73 40 city,
364 862 136 30 wherein
515 862 25 30 it
555 862 26 30 is
596 861 132 41 possible
743 862 85 29 there
844 872 71 30 may

93 927 56 26 not
179 923 38 30 be
248 934 59 19 one
336 923 97 40 really
457 923 100 41 grand
585 923 117 30 human
729 923 75 37 soul,
831 922 84 30 these

94 989 100 26 atoms
210 995 51 19 are
277 995 33 19 as
330 984 184 42 interesting
534 995 33 19 as
589 984 53 30 the
665 988 85 34 stars,
772 984 48 30 for
841 984 74 40 they

94 1044 99 31 suffer.
242 1044 53 30 All
320 1044 80 30 have
422 1045 81 29 their
523 1045 130 40 passion,
678 1044 62 30 and
755 1055 46 19 we
822 1044 93 30 know

93 1106 35 38 it,
145 1117 47 20 we
208 1106 70 30 who
294 1105 79 31 have
387 1106 110 39 passed
512 1105 134 40 through
662 1106 26 29 it
703 1106 33 29 in
752 1116 55 19 our
821 1105 84 30 time.

137 1167 99 30 There
259 1167 77 40 they
359 1177 88 26 Avere,
474 1166 33 30 in
531 1166 118 30 crowds
675 1165 69 30 that
774 1165 140 41 evening,

93 1228 100 32 round
209 1228 53 31 the
281 1228 198 30 illuminated
501 1227 145 41 platform
662 1227 99 30 where
784 1227 130 30 Theresa

93 1302 63 20 was
187 1290 126 42 singing
323 1301 7 26 ;
365 1289 87 31 there
474 1289 76 42 they
575 1300 88 27 were,
689 1288 42 30 all
743 1300 7 25 ;
752 1307 43 4 —
795 1299 119 20 women

93 1352 63 30 and
170 1363 82 26 men,
269 1351 53 31 the
337 1350 117 32 leaders
477 1350 34 31 of
529 1350 53 31 the
605 1354 86 38 great
706 1349 206 41 masquerade,

92 1413 34 31 of
159 1413 55 30 the
248 1412 98 42 noisy,
378 1411 114 42 gaudy,
523 1410 84 43 ugly,
639 1410 199 41 barbarously
866 1410 48 30 ill-

93 1475 123 31 dressed
247 1474 99 31 world
376 1473 34 31 of
440 1472 50 32 La
522 1471 220 33 Cocodetterie.
802 1471 112 32 Round

92 1548 93 30 every
214 1536 84 31 table
328 1539 48 27 sat
405 1546 113 31 groups
549 1535 34 30 of
612 1539 86 32 twos,
728 1533 92 39 fours,
852 1534 61 31 and
