1132 1747
319 125 63 20 TEN
405 125 38 20 TO
467 125 63 20 ONE
553 125 42 20 ON
618 125 63 20 THE
704 126 70 19 RED.

896 119 53 26 165

173 199 65 32 The
255 201 99 30 sound
381 201 34 30 of
429 201 53 30 the
504 200 112 32 horse's
637 201 87 31 hoofs
748 201 114 36 ceased,
889 202 60 29 and

129 261 77 31 then
221 273 80 20 were
323 262 98 31 heard
447 263 104 38 closer,
579 263 57 30 but
659 263 77 30 with
756 275 18 18 a
792 262 157 31 deadened

129 323 110 29 sound.

206 384 83 31 How
313 384 198 42 abominably
535 385 35 30 ill
592 397 57 19 one
671 386 26 29 is
724 385 106 30 served
842 386 5 29 !
899 396 50 19 ex-

131 445 134 31 claimed
279 446 54 30 the
349 447 140 40 Marquis
502 458 7 24 ;
562 447 93 30 that's
671 458 83 19 some
773 458 56 18 one
845 447 103 41 riding-

129 507 101 30 inside
254 518 55 19 our
329 507 105 31 woods
435 526 43 3 —
479 507 129 41 making
632 518 18 19 a
675 507 218 42 thoroughfare
918 507 34 31 of

130 567 188 31 Beauvoisin
319 586 43 3 —
362 568 53 30 the
450 568 125 31 fellow's
613 573 54 36 got
704 579 40 19 on
781 568 53 31 the
864 568 86 41 turfy

129 629 102 39 paths,
255 634 61 35 yet,
345 629 70 30 God
439 629 117 37 knows,
575 629 63 31 I've
659 629 126 41 keepers
809 629 121 42 enough
943 631 5 29 !

128 690 77 40 only
219 690 77 40 they
311 690 39 31 do

172 751 64 31 The
263 752 115 30 sounds
403 762 78 20 Avere
509 751 127 31 distinct
666 762 79 27 noAv,
772 752 62 31 and
865 763 83 20 came

128 824 108 20 nearer
251 824 93 29 eveiy
360 814 126 30 instant.

204 874 97 31 There
332 875 26 30 is
383 874 54 31 the
665 874 147 31 observed
842 875 107 37 Claire,

128 936 146 41 pointing
289 935 76 31 with
382 935 54 31 her
454 935 121 41 parasol
599 939 33 27 at
651 947 18 19 a
686 936 165 30 horseman
866 937 83 40 pick-

128 999 55 40 ing
199 998 48 29 his
262 1008 70 30 way
347 997 135 41 through
497 997 53 30 the
565 1001 81 26 trees
660 998 134 30 towards
809 999 53 30 the
873 1010 76 30 very

128 1059 77 40 path
222 1059 92 29 doAvn
330 1058 92 41 along
437 1058 102 29 which
554 1058 76 40 they
644 1070 78 18 were
738 1059 143 40 walking.

310 1130 84 30 upon
410 1131 55 29 my
475 1119 61 37 life,
552 1119 94 31 that's
778 1120 170 41 ejaculated

128 1181 124 42 angrily
275 1181 43 29 M.
346 1181 38 29 de
409 1181 186 29 Beauvoisin
608 1193 6 24 ;
669 1181 47 30 I'll
742 1181 55 30 tell
822 1181 65 31 him
917 1187 31 26 at

128 1254 77 18 once
220 1243 71 29 that

338 1303 52 31 old
420 1302 102 31 felloAV
541 1305 5 29 !
585 1303 26 31 is
647 1303 69 31 that
753 1315 63 30 you
835 1304 11 30 ?
879 1303 68 31 Avell

127 1371 65 25 met
205 1368 5 28 !

204 1427 82 30 Hoav
302 1424 166 41 delightful
481 1426 5 29 !
510 1424 49 31 it's
578 1424 158 31 Monsieur
752 1424 129 41 Dupont
892 1425 7 30 !

171 1489 96 30 These
279 1498 80 20 were
374 1486 53 31 the
438 1490 63 27 two
517 1485 218 32 exclamations
747 1485 102 31 which
864 1485 86 32 burst

127 1548 256 40 simultaneously
404 1547 78 31 from
505 1547 54 31 the
581 1557 107 31 young
709 1545 157 42 Marquise
889 1546 61 32 and
