1132 1747
326 118 82 22 LOVE
435 119 121 22 STRONG
579 121 36 20 IN
637 122 115 21 DEATH.

902 118 53 25 309

181 191 65 33 The
280 201 179 26 movement
496 208 62 20 was
592 200 218 40 accompanied
846 200 42 41 by
918 212 39 18 an

138 252 64 32 odd
239 257 146 43 cracking
423 261 107 30 sound.
592 261 85 41 Very
710 261 101 42 slight.
873 262 84 30 Then

137 314 55 31 the
214 315 62 32 bell
298 329 78 32 rang
397 319 48 32 for
460 322 132 42 starting
608 334 5 19 :
614 340 42 4 —
657 322 76 31 then
747 323 5 30 !
755 341 40 3 —
797 323 85 30 what
896 334 61 19 was

137 375 98 32 that?

182 437 75 32 Was
283 440 25 30 it
336 452 17 20 a
377 453 54 30 cry
445 444 11 29 ?
479 455 17 18 a
522 455 68 19 roar
601 445 10 29 ?
635 456 18 19 a
676 445 85 30 crash
776 445 11 30 ?
810 445 39 30 all
871 445 70 30 that
952 457 7 25 ;

136 504 56 36 yet
217 501 133 43 nothing
372 504 34 29 0f
424 504 69 31 that
494 523 43 3 —
538 505 86 31 other
645 505 77 32 than
744 506 69 31 that
828 519 5 18 :
857 518 18 19 a
895 506 64 31 dim

140 572 87 20 sense
243 563 35 30 of
297 565 176 42 something
495 566 131 31 horrible
637 578 7 25 ;
668 578 18 19 a
700 567 108 37 Aision,
825 578 18 19 a
857 567 102 41 night-

139 634 93 26 mare,
261 635 18 19 a
305 627 181 30 convulsion
500 638 7 25 ;
530 627 141 42 perhaps,
688 628 69 31 who
780 628 115 37 knows,
921 639 38 20 an

140 685 190 40 earthquake
345 688 10 29 ?

184 746 97 31 There
308 759 64 19 Avas
402 759 18 20 a
443 748 58 41 jar,
530 760 18 20 a
573 749 133 38 Avrench,
733 761 18 19 a
777 749 102 38 break,
899 750 61 30 and

142 807 169 42 crackings,
328 809 63 30 and
413 809 172 42 upliftings,
603 809 62 31 and
688 810 165 42 splittings,
871 821 32 20 as
928 811 33 30 in

142 880 18 19 a
190 869 195 31 rock-struck
415 870 69 41 ship
496 883 6 25 ;
538 882 17 19 a
581 871 75 31 wild
686 871 53 31 din
766 872 33 30 of
825 872 137 42 mingled

142 931 102 30 voices
257 942 7 25 ;
289 942 18 19 a
321 931 75 31 wfld
408 931 93 42 jostle
517 932 33 30 of
567 932 116 31 human
698 932 104 31 bodies
821 933 142 41 jumbled

142 991 143 43 together
308 992 34 30 in
369 992 94 42 heaps
474 1005 8 25 ;
515 1004 18 20 a
558 998 165 36 pavement
748 993 33 31 of
807 993 155 42 upturned

143 1054 91 37 faces,
263 1053 125 43 ghastly
410 1053 77 31 with
515 1053 94 31 dread
620 1067 8 24 ;
662 1065 18 20 a
701 1054 98 42 giddy
814 1054 96 37 whirl,
931 1065 32 20 as

145 1119 34 32 of
195 1119 54 31 the
271 1119 56 31 fall
344 1119 80 30 from
447 1130 18 19 a
486 1119 124 31 balloon
610 1138 42 2 —
654 1119 117 31 chaotic
795 1119 166 37 confusion,

146 1193 32 19 so
209 1181 69 31 that
308 1192 72 19 men
409 1180 91 31 knew
529 1185 55 26 not
611 1180 136 31 whether
777 1180 40 31 all
847 1180 116 31 around

145 1243 87 29 them
256 1241 111 31 reeled,
389 1252 33 20 or
443 1240 138 31 whether
602 1241 81 30 their
705 1252 68 20 own
795 1241 88 31 brain
902 1252 61 19 was

145 1305 124 39 reefing.

190 1365 65 31 The
273 1369 88 37 great
385 1364 92 30 stand
499 1363 63 31 had
583 1364 93 41 given
698 1374 79 31 way,
802 1363 61 31 and
884 1374 80 20 some

147 1433 63 26 two
223 1439 35 19 or
269 1427 86 30 three
371 1425 142 30 hundred
529 1425 107 41 people
649 1435 79 20 were
742 1424 92 42 being
849 1424 115 37 hurled,

148 1490 81 31 from
247 1500 19 20 a
286 1488 109 42 height
413 1488 34 30 of
462 1487 69 31 four
558 1499 33 18 or
609 1486 269 41 five-and-twenty
896 1486 68 38 feet,

147 1557 34 26 to
196 1551 53 31 the
264 1549 129 42 ground.
