1132 1747
384 448 198 31 CHAPTER
604 449 67 30 XX.

440 545 63 20 THE
527 546 85 19 BALL.

159 620 80 32 This
263 620 102 43 gallop
395 620 134 44 through
556 621 53 31 the
633 622 67 30 rain
727 623 156 41 produced
905 634 32 19 so

113 686 108 37 strong
236 693 40 19 an
291 682 182 41 impression
488 693 84 30 upon
588 682 52 31 the
656 694 105 31 young
782 684 155 41 Marquise

112 741 71 32 that
208 742 48 31 for
277 742 53 32 the
353 747 76 27 next
459 742 60 32 few
543 743 77 42 days
646 744 55 31 her
727 745 98 30 wdiole
847 745 90 30 mode

111 804 36 30 of
173 804 93 37 being
300 805 121 30 seemed
457 805 154 30 modified.
674 805 69 36 She,
775 806 68 30 who
874 818 63 19 was

110 865 177 42 habitually
302 877 33 19 so
353 866 86 41 quiet
460 877 32 19 as
512 870 32 26 to
567 866 37 30 be
623 866 110 30 almost
754 878 102 29 grave,
873 879 63 18 was

110 937 72 20 now
206 927 159 41 possessed
394 927 43 41 by
460 926 53 31 the
543 927 69 30 love
643 927 33 30 of
702 928 99 29 actiA'e
831 939 104 19 move-

109 993 89 25 ment
209 1001 8 24 ;
252 988 63 30 and
339 988 52 30 she
416 988 101 30 whose
547 987 82 31 chief
652 989 196 40 occupations
874 989 60 30 had

109 1050 79 30 been
211 1050 166 40 sedentary
400 1049 62 30 and
488 1049 198 37 intellectual,
707 1061 63 18 was
795 1050 140 42 learning

108 1115 33 26 to
158 1111 60 30 feel
234 1111 40 30 all
289 1110 53 30 the
359 1110 205 40 exhilarating
583 1109 149 31 influence
749 1110 34 30 of
803 1111 130 30 exercise

107 1172 35 30 in
158 1172 53 31 the
228 1183 79 29 open
324 1172 50 29 air.

152 1233 148 31 Madame
315 1233 38 30 de
370 1232 154 31 Clavreuil
539 1244 72 26 was,
628 1233 27 30 if
673 1233 53 31 the
742 1234 87 30 truth
848 1239 84 26 must

106 1296 39 31 be
164 1295 77 37 told,
255 1294 67 42 just
346 1305 16 19 a
384 1294 79 30 trifle
482 1294 134 30 shocked
638 1299 32 26 at
692 1295 52 30 the
765 1295 116 42 change
900 1296 33 30 in

106 1358 125 31 Claire's
255 1368 153 26 manners,
431 1356 62 31 and
517 1357 52 30 she
594 1368 62 20 was
680 1357 128 41 terribly
835 1358 96 30 afraid

103 1421 38 31 of
163 1421 56 30 her
239 1431 33 19 so
298 1418 151 42 perfectly
471 1419 205 29 well-trained
698 1419 151 41 daughter
870 1420 61 30 and

103 1487 125 38 pattern
262 1481 46 30 for
346 1492 105 29 young
488 1480 119 30 French
638 1481 94 29 wives
769 1481 161 42 becoming

103 1543 178 31 inoculated
312 1542 76 30 with
418 1542 53 30 the
509 1542 140 30 dreadful
678 1542 60 30 fast
768 1542 102 31 habits
899 1543 34 31 of
