1132 1747
433 126 63 21 THE
519 126 88 21 BALL.

883 121 51 24 265

115 199 55 31 the
186 199 204 34 flower-filled
406 205 125 41 awning
546 204 70 31 that
630 204 63 30 had
707 204 77 30 been
807 204 129 36 erected,

115 260 78 44 they
224 264 91 30 could
346 265 145 31 continue
518 265 79 31 their
628 265 211 32 conversation
869 277 68 29 pro-

116 321 96 43 bably
226 336 85 20 more
327 332 32 25 at
374 327 82 31 their
471 338 74 20 ease.

161 385 125 33 Claire's
312 388 144 42 gladness
479 400 64 19 was
568 388 42 31 all
635 399 88 31 gone.
771 388 59 32 She
855 399 82 20 won-

117 447 94 31 dered
236 448 72 32 how
332 449 54 31 she
409 461 85 20 came
516 454 34 27 to
569 449 99 32 refuse
692 455 33 26 to
747 449 92 31 waltz
860 448 77 33 with

116 509 55 30 her
194 510 114 30 cousin.
356 510 96 31 What
475 510 91 32 could
587 511 79 30 have
688 510 164 42 prompted
873 510 63 37 her,

117 569 100 33 Claire
247 571 39 31 de
310 571 195 38 Beauvoisin,
532 571 34 31 of
592 572 103 30 whom
724 583 41 19 no
789 583 56 19 one
875 571 62 31 had

115 642 72 20 ever
209 632 119 40 spoken
347 632 124 42 lightly,
488 637 34 26 to
540 632 76 31 such
636 644 18 19 a
668 633 85 40 piece
774 633 35 30 of
825 632 112 31 under-

115 691 76 32 bred
216 692 158 43 flippancy
386 694 11 30 ?
441 693 97 31 What
567 693 139 31 business
729 693 63 31 had
822 694 52 30 she
905 699 32 25 to

115 753 127 43 indulge
263 755 34 29 in
320 754 76 31 such
420 765 18 19 a
459 754 80 41 silly,
559 755 119 41 vnlgar,
698 754 239 42 schoolgirl-like

114 815 141 42 triumph
274 816 10 30 ?
343 815 31 31 A
402 815 140 41 triumph
571 815 70 31 that
659 816 11 30 ?
728 815 97 31 What
854 821 83 25 must

115 876 110 32 Victor
242 877 93 30 think
358 877 33 30 of
407 877 55 30 her
473 878 11 29 ?
529 877 97 30 What
647 878 90 29 could
755 878 26 30 it
800 878 137 40 possibly

115 943 115 25 matter
244 939 140 29 Avhether
397 939 39 29 he
452 938 120 30 danced
586 939 36 29 ill
637 950 33 18 or
685 939 70 29 well
766 939 10 29 ?

160 1000 81 30 Poor
271 1000 98 31 Claire
382 1001 6 29 !
419 1000 55 30 her
502 1000 81 31 little
612 1000 78 31 hour
720 1000 34 30 of
779 1000 159 43 fluttering

115 1068 150 36 coquetry
280 1073 63 20 was
358 1067 79 36 past,
455 1062 62 31 and
533 1062 52 31 she
601 1061 55 32 felt
672 1062 169 42 singularly
855 1063 63 31 sad.
