1132 1747
439 111 35 20 IN
497 112 60 20 FOR
580 112 37 20 IT.

902 110 33 26 17

115 182 125 32 Olivier.
427 197 72 30 you,
529 188 76 31 she's
629 200 32 19 as
682 189 69 31 well
774 189 112 32 known
906 202 31 19 as

113 244 54 31 the
183 245 96 31 Avhite
295 246 75 31 wolf
380 259 7 24 ;
411 252 55 26 not
482 249 74 41 only
567 250 93 30 doAvn
676 250 33 31 in
725 262 56 20 our
797 256 139 37 country,

113 306 58 32 but
187 318 79 20 even
281 308 71 31 here
368 309 34 30 in
417 309 94 32 Paris.
560 311 70 31 You
656 312 66 41 just
742 324 39 31 go
798 313 62 31 and
882 313 55 31 ask

113 369 149 42 anybody
285 371 170 30 connected
478 372 77 30 with
583 372 110 38 affairs,
723 385 33 19 or
782 375 77 29 with
883 375 53 30 the

113 430 125 39 Bourse,
267 443 63 30 any
354 432 77 38 Jew,
467 443 34 20 or
527 444 63 31 any
614 434 119 38 broker,
760 435 94 31 about
883 436 53 31 the

112 493 153 43 Dowager
295 494 157 42 Marquise
484 495 37 31 de
554 496 194 38 Beauvoisin,
788 497 61 29 and
886 508 49 20 see

112 554 84 31 what
212 554 106 43 they'll
334 567 62 30 say.
444 556 149 42 Frighten
609 557 54 30 her
677 559 11 28 %
725 557 50 30 No
791 568 57 19 one
864 569 71 19 ever

111 615 55 32 did
189 616 69 31 that
272 629 7 24 ;
314 617 128 37 besides,
474 617 86 31 what
587 618 130 41 stopped
747 618 186 31 Mardonnet

109 689 72 26 was,
210 678 70 30 that
303 678 38 30 he
367 679 94 30 knew
484 680 27 29 if
534 680 54 30 she
611 692 64 18 was
693 680 124 41 applied
836 684 41 34 to,
894 681 38 30 he

108 739 105 30 would
228 740 62 30 lose
306 740 49 30 his

186 801 82 30 Hoav
295 802 40 29 do
361 813 63 29 you
455 813 90 19 mean
575 802 79 37 that,
681 802 116 30 Olivier
809 802 11 30 ?
880 813 51 19 ex-

107 863 131 31 claimed
267 863 106 30 Henri.
451 863 71 31 You
540 863 86 31 don't
641 863 141 42 imagine,
801 863 39 31 do
858 874 72 30 you,

107 924 70 31 that
200 935 79 30 your
294 924 122 31 mother
430 924 105 31 would
550 924 79 31 have
645 924 121 30 refused
788 928 33 26 to
836 935 94 30 repay

107 985 85 31 what
206 996 64 30 you
285 985 98 41 really
397 985 63 31 had
475 985 161 31 borrowed
650 986 10 30 1

182 1046 59 42 My
256 1047 122 30 mother
392 1047 100 30 refuse
507 1048 5 29 !
557 1046 114 31 echoed
693 1045 53 32 the
766 1045 140 42 Marquis
920 1058 8 25 ;

138 1108 36 31 of
195 1119 104 20 course
325 1108 53 31 she
404 1107 112 32 would.
563 1107 14 31 I
603 1118 62 20 was
691 1118 18 20 a
734 1107 108 37 minor,
868 1106 60 31 and

105 1171 53 30 she
174 1170 93 30 could
282 1174 56 26 not
353 1170 74 41 only
442 1169 79 31 have
539 1168 132 37 refused,
687 1168 57 31 but
766 1168 79 31 have
860 1179 68 30 pro-

103 1232 128 30 secuted
246 1231 190 31 Mardonnet
450 1231 48 30 for
514 1230 188 41 conspiracy,
720 1229 62 31 and
805 1229 15 30 I
844 1228 84 32 don't

102 1293 94 31 know
212 1293 85 31 what

179 1355 64 31 But
268 1354 54 31 the
347 1354 136 41 disgrace
510 1358 33 25 to
569 1364 79 30 your
668 1362 91 20 name
772 1352 11 30 ?
835 1351 91 30 inter-

101 1415 115 43 rupted
230 1415 131 41 Dupont
374 1427 7 24 ;
439 1415 53 31 the
508 1415 113 37 shame,
639 1414 54 30 the
709 1412 124 31 scandal
847 1412 11 31 ?
875 1412 51 31 she

102 1476 106 32 would
223 1476 79 30 have
317 1476 133 30 recoiled
466 1476 102 30 before
585 1476 41 29 all
642 1475 69 30 that
725 1475 10 29 ?

178 1537 65 31 Not
372 1536 138 31 affirmed
536 1536 55 31 her
615 1547 55 20 son
683 1547 8 25 ;
755 1535 62 31 and
843 1534 80 31 Mar-

162 1602 52 15 VOL.
232 1602 24 15 II.

827 1601 12 13 C
