1132 1747
877 125 55 24 205

358 128 111 21 BELOW
491 129 64 20 THE
577 129 100 20 MARK.

107 202 55 31 the
178 204 68 31 said
260 205 124 42 worthy
398 205 118 43 having
536 217 32 20 so
588 207 93 30 much
704 218 33 19 as
756 207 130 42 guessed
901 212 31 25 at

109 264 87 31 Avhat
211 276 63 21 was
290 267 94 41 going

186 326 91 39 Well,
295 328 28 31 if
336 339 64 31 you
416 329 90 30 could
529 340 130 31 manage
675 330 69 30 that
745 348 43 4 —
820 329 111 41 opined

110 387 45 32 M.
174 388 39 31 de
230 388 163 31 Clavreuil.

187 450 81 30 That
292 451 104 30 Avould
422 450 38 31 be
678 452 175 41 interposed
879 452 53 30 the

111 510 162 42 Dowager.

243 572 63 30 this
321 572 76 30 time
413 576 179 26 to-morrow
607 572 25 30 it
649 572 77 30 shall
741 572 38 31 be

109 633 76 38 said,
208 633 93 41 gaily,
322 632 100 31 Henri
446 632 131 42 Dupont
588 646 7 24 ;
645 633 62 30 and
732 644 72 20 now
824 634 46 30 I'll
893 645 40 30 go

109 694 63 30 and
187 698 53 36 get
254 693 49 31 rid
319 694 34 30 of
366 694 40 30 all
421 694 63 30 this

187 754 67 31 One
277 759 147 32 moment,
597 754 141 41 objected
761 754 117 31 Olivier
900 766 33 19 as

108 815 50 30 his
173 815 101 30 friend
287 815 132 41 jumped
434 826 43 29 up
493 814 80 31 from
588 814 49 31 his
653 819 72 32 seat,
772 826 62 30 you
854 815 78 30 have

109 881 57 26 not
191 876 95 31 asked
312 888 55 29 my
394 876 126 40 opinion
534 888 7 24 ;
565 875 62 30 and
627 894 44 3 —
707 876 37 29 he
771 875 161 37 hesitated,

112 938 63 31 and
197 938 139 40 bending
358 936 148 30 forAvards
522 947 39 19 on
577 936 48 30 his
647 936 236 41 rocking-chair,
899 948 34 19 so

110 999 71 31 that
196 1010 40 19 no
252 1009 57 19 one
328 1009 62 19 saw
405 997 48 30 his
476 997 73 36 face,
702 997 38 30 he
756 998 175 37 continued,

140 1060 58 30 I'm
216 1059 65 31 sick
296 1058 35 31 of
347 1058 53 31 the
419 1058 99 30 whole
540 1057 98 42 thing,
655 1057 62 31 and
741 1057 84 31 don't
842 1069 90 20 mean

110 1127 34 27 to
159 1121 39 32 be
214 1132 19 20 a
249 1121 119 39 deputy
384 1125 33 26 at
432 1120 42 30 all
487 1121 5 29 !

155 1183 52 31 He
228 1181 124 32 uttered
367 1181 54 31 the
443 1181 60 31 last
524 1181 110 41 phrase
656 1181 109 41 loudly
780 1181 62 31 and
856 1181 76 31 Avith

111 1249 89 37 great
217 1242 176 42 volubility,
417 1242 70 37 and,
505 1242 124 42 leaving
646 1242 48 31 his
717 1248 72 32 seat,
812 1243 120 31 walked

110 1306 137 32 towards
270 1317 19 19 a
303 1304 142 37 Avindow,
461 1304 129 42 turning
610 1303 48 32 his
678 1303 79 32 back
779 1309 33 26 to
827 1315 105 31 every-

110 1368 86 40 body
211 1368 34 29 in
260 1366 53 31 the
329 1376 93 20 room.

155 1430 31 31 It
208 1430 27 30 is
260 1427 140 36 difficult,
417 1426 33 31 in
473 1425 74 32 such
563 1437 91 26 cases,
671 1431 32 26 to
724 1425 135 32 describe
881 1426 52 32 the

109 1491 185 42 impression
325 1486 166 43 produced,
516 1487 61 31 and
595 1487 102 31 which
721 1487 153 31 embodies
896 1487 37 31 it-

111 1553 61 32 self
192 1551 177 39 differently
385 1550 33 30 in
444 1548 73 31 each
539 1548 175 31 individual
724 1560 8 25 ;
755 1548 65 38 but,
838 1548 95 31 above
