1132 1747
366 109 63 19 THE
454 108 164 20 CIRCULAR.

840 102 52 25 121

75 194 47 20 Ave
137 184 119 41 modify
272 184 53 31 the
340 184 67 31 first
422 185 117 40 phrase,
557 184 62 31 and
634 195 55 30 say
704 195 45 19 we
765 188 129 26 venture

75 250 33 26 to

120 308 43 30 M.
201 308 37 31 de
277 308 156 31 ClaATeuil
469 308 157 41 protested
662 308 43 41 by
735 308 160 30 indistinct

77 369 200 41 grumblings.

152 431 86 31 Read
254 443 49 25 on,
476 430 166 32 continued
656 430 53 31 the
725 430 157 40 DoAvager.

151 511 43 2 —
195 492 64 31 The
289 492 104 31 sacred
416 503 87 19 cause
530 491 35 30 of
728 490 169 42 proceeded

79 552 52 31 the
161 557 119 37 notary,
345 553 26 30 is
408 552 52 31 the
499 562 141 20 common
670 562 88 20 cause
788 551 34 30 of
856 551 41 31 all

77 612 192 32 Frenchmen
282 626 7 24 ;
328 613 61 31 and
426 613 69 31 that
532 623 88 20 cause
649 623 57 20 can
736 623 93 20 never
858 612 38 31 be

78 674 101 42 surely
205 675 124 41 upheld,
355 674 112 43 fought
491 675 54 37 for,
573 674 199 42 victoriously
797 674 99 31 main-

75 736 116 38 tained,
208 747 72 20 save
295 736 43 41 by
352 737 53 30 the
421 736 249 30 time-honoured
683 747 168 30 possessors
867 736 33 30 of

75 797 54 30 the
145 797 71 38 soil,
230 797 43 41 by
288 797 53 30 the
365 797 260 42 long-descended
648 797 132 30 families
794 797 102 30 whose

76 869 106 18 names
198 869 50 18 are
264 858 147 29 identical
427 858 76 29 with

152 920 65 30 The
233 919 83 31 devil
328 921 5 29 !
380 919 82 30 cried
478 924 54 25 out
554 919 53 30 the
623 919 115 38 doctor,
752 919 144 41 jumping

76 992 43 29 up
135 980 82 31 from
234 980 50 30 his
306 984 72 26 seat.
456 979 49 31 Do
530 991 62 29 you
619 980 147 41 seriously
780 980 116 30 believe

75 1041 71 30 that
171 1041 24 37 I,
213 1052 34 19 or
273 1052 62 29 any
350 1041 88 30 other
460 1041 175 30 reasonable
659 1042 100 40 being,
785 1052 56 19 can
857 1041 39 30 do

76 1113 63 29 any
162 1102 82 41 good
266 1102 77 30 with
359 1113 18 18 a
393 1102 128 30 circular
543 1101 34 30 of
598 1102 71 30 that
693 1102 77 30 kind
782 1103 10 29 ?
836 1102 58 37 No,

75 1163 100 30 thank
199 1174 72 29 you,
294 1162 48 30 I'll
366 1173 39 31 go
429 1162 100 38 home,
556 1163 62 30 and
643 1163 71 30 look
739 1163 79 30 after
842 1174 54 29 my

74 1225 146 41 patients,
239 1224 62 31 and
322 1228 56 26 not
392 1224 67 30 mix
485 1224 115 41 myself
620 1235 43 30 up
687 1225 33 30 in
744 1236 62 29 any
821 1225 75 30 such

74 1285 169 30 ineAdtable

118 1347 97 31 Much
230 1351 33 27 to
278 1346 55 31 the
349 1346 122 42 disgust
483 1346 34 31 of
530 1346 41 31 all
582 1351 131 37 present,
726 1346 54 31 the
791 1357 106 31 young-

73 1408 158 42 Marquise
255 1418 63 21 was
343 1407 127 42 leaning
495 1407 78 31 back
597 1407 34 30 in
654 1407 55 30 her
732 1407 92 37 chair,
849 1407 47 30 in-

74 1471 132 41 dulging
220 1470 34 30 in
270 1480 18 20 a
302 1468 38 32 fit
355 1468 35 31 of
410 1468 204 42 irrepressible
637 1468 141 41 laughter
798 1472 32 26 at
846 1467 51 31 old

74 1530 183 34 Robichon's
273 1530 159 38 outbreak,
450 1530 61 31 and
527 1530 33 31 in
581 1529 62 32 this
659 1540 61 21 was
733 1528 107 41 joined
855 1528 42 41 by
