1132 1747
872 116 55 26 233

376 123 176 20 EATERYDAY
575 123 78 20 LIFE.

106 206 69 21 sure
200 198 34 30 of
257 199 84 31 what
363 200 54 30 the
443 201 116 30 hidden
584 204 138 26 currents
749 211 48 19 are
810 212 7 24 ;
845 199 80 30 diffi-

108 257 104 39 dence,
245 272 34 18 or
311 261 97 40 pride,
441 272 33 20 or
503 261 184 37 touchiness,
722 272 32 19 or
784 272 17 19 a
832 271 93 30 queer

107 331 141 30 perverse
279 322 150 42 hostility,
457 334 73 30 may
556 334 33 19 so
612 322 133 42 disguise
767 322 87 30 them
878 321 48 41 (to

107 382 185 32 themselves
319 395 86 27 even,
431 384 62 31 and
517 383 234 42 involuntarily)
779 384 70 30 that
872 383 54 30 the

107 444 183 41 impression
305 446 156 40 produced
476 457 74 30 may
563 446 38 30 be
624 446 53 30 the
701 449 88 27 exact
806 455 120 20 reverse

107 504 35 31 of
164 505 70 31 that
260 507 228 40 contemplated
514 517 34 20 or
572 506 126 31 desired.
746 506 30 30 It
800 506 26 30 is
853 505 73 41 only

107 566 102 31 where
242 567 76 41 they
355 579 49 19 are
439 567 172 41 absolutely
643 567 176 31 indifferent
855 567 71 30 that

107 627 108 42 people
231 639 49 19 are
296 628 150 41 perfectly
461 628 129 36 natural,
609 628 62 31 and
686 628 197 31 indifference
899 628 27 30 is

107 688 77 30 born
201 688 33 31 of
247 688 61 31 and
325 689 168 36 engenders
509 689 139 36 nothing.

149 750 82 30 Now
267 751 34 29 in
336 751 116 40 society
478 750 53 30 the
561 761 106 30 young
700 750 157 41 Marquise
888 750 39 30 de

107 811 187 30 BeauAToisin
306 812 61 29 had
383 823 18 18 a
416 811 105 30 charm
536 811 70 30 that
622 810 184 42 subjugated
818 821 109 31 every-

107 884 64 19 one.
222 872 60 31 She
297 873 62 29 had
382 873 74 29 read
479 884 18 18 a
517 876 86 37 great
626 872 76 37 deal,
720 872 62 30 and
804 872 69 30 that
893 872 34 30 in

106 935 86 29 three
208 935 176 40 languages,
402 934 61 29 and
478 944 62 19 was
556 933 156 41 possessed
733 933 33 30 of
787 944 18 19 a
820 933 107 41 quick-

106 1007 70 19 ness
203 996 33 29 of
253 995 178 41 perception
457 994 63 30 and
542 1006 18 18 a
584 995 154 29 liveliness
763 994 33 30 of
817 995 110 41 imagi-

106 1057 108 30 nation
237 1057 71 30 that
330 1056 91 30 made
443 1056 55 30 her
521 1056 212 30 conversation
755 1056 170 41 singularly

105 1118 174 37 attractive,
297 1117 62 31 and
383 1128 78 31 gaAre
487 1123 33 25 to
544 1117 40 30 all
606 1117 53 31 she
678 1117 67 31 said
764 1128 39 20 an
818 1117 108 31 incon-

105 1180 125 31 testible
260 1178 186 42 originality.
496 1178 59 31 She
584 1189 62 20 was
677 1178 117 31 besides
820 1179 62 31 this
906 1190 18 19 a

104 1241 99 41 really
218 1240 81 41 good
318 1239 160 37 musician,
495 1239 56 31 but
573 1250 84 30 upon
679 1239 54 31 the
755 1239 119 42 subject
893 1239 34 31 of

104 1303 99 31 music
220 1302 53 31 she
288 1301 63 31 had
366 1301 122 30 notions
504 1300 34 31 of
551 1300 53 31 her
620 1312 77 26 oavu,
709 1301 101 30 Avhich
826 1312 97 19 some-

105 1366 86 29 Avhat
207 1363 90 31 stood
312 1363 33 30 in
361 1363 52 30 the
428 1374 71 30 way
514 1362 33 31 of
560 1374 62 30 any
631 1363 122 41 general
768 1363 156 41 apprecia-

103 1428 67 31 tion
194 1426 34 31 of
247 1426 56 30 her
325 1425 114 29 talents
464 1424 43 41 by
532 1424 52 30 the
611 1424 111 41 public.
769 1424 59 30 She
850 1425 73 29 held

103 1489 99 31 music
221 1487 48 31 for
285 1498 17 19 a
318 1487 92 40 thing
428 1486 138 40 precious
590 1486 60 29 and
670 1486 129 30 delicate
818 1487 32 28 in
869 1486 53 30 the

104 1555 143 31 extreme,
264 1548 63 31 and
346 1547 104 30 would
468 1552 56 25 not
544 1551 125 26 consent
691 1551 32 25 to
746 1547 109 40 regard
870 1548 53 29 the
