1132 1747
149 108 34 26 56

381 115 82 20 LOVE
487 115 63 20 THE
573 112 160 23 AVENGER.

146 193 108 41 placed
276 193 33 31 in
331 193 52 31 the
407 193 142 41 carriage,
570 203 63 19 Avas
655 190 118 41 merely
796 187 177 44 struggling

146 255 76 32 Avith
237 255 52 32 the
306 255 176 42 oppression
504 253 61 32 and
588 253 238 31 breathlessness
845 250 70 31 that
938 260 34 21 so

146 316 174 42 frequently
340 316 71 31 folio
414 327 28 19 av
464 315 85 31 these
572 314 79 30 kind
675 313 34 31 of
728 312 130 31 attacks.
906 310 67 32 Her

146 389 138 30 memory
306 388 62 20 aa^is
402 376 64 31 still
496 375 170 32 somewhat
699 375 66 30 dim
797 385 34 19 as
861 378 33 26 to
917 372 54 31 the

146 440 177 30 immediate
347 451 88 19 cause
460 439 34 30 of
521 439 84 30 what
630 438 54 31 she
710 448 65 21 Avas
801 436 148 42 suffering
961 447 9 26 ;

146 501 62 31 and
231 501 53 31 she
306 501 138 42 alighted
475 505 31 26 at
536 500 52 31 the
612 499 97 31 Hotel
731 499 39 31 de
793 499 177 42 Moranges,

146 562 70 38 and,
256 562 166 41 supported
459 562 42 40 by
538 562 84 30 Mile,
664 562 37 30 de
740 560 230 41 Mourjonville,

145 623 133 31 tottered
307 623 66 30 into
399 623 56 30 her
476 634 69 19 OAvn
567 633 95 27 room,
687 622 103 31 before
813 622 52 30 the
890 622 82 30 clear

146 685 61 31 and
240 684 128 31 distinct
399 695 85 20 sense
508 684 35 31 of
572 684 85 31 what
687 684 63 31 had
784 684 111 42 passed
922 695 47 19 re-

146 745 151 42 appeared
311 745 102 31 before
431 745 55 31 her
507 745 117 31 mental
638 745 108 31 Adsion.
795 745 63 31 But
874 745 25 31 it
915 745 55 31 did

146 817 167 30 re-appear,
331 806 61 30 and
415 806 75 30 then
505 806 53 30 the
574 806 123 30 natural
714 817 209 30 consequence
939 806 34 31 of

147 866 41 31 all
212 866 75 31 such
311 866 150 31 emotions
483 866 33 31 in
532 877 121 21 Avomen
676 867 187 32 manifested
886 868 87 31 itself

148 928 31 28 in
196 927 127 29 another
338 927 112 29 attack.

191 988 64 30 The
285 988 157 41 sagacious
472 988 128 42 Aspasie
631 988 62 32 had
731 994 33 26 at
801 1001 75 20 once
908 990 63 31 dis-

148 1049 113 30 missed
282 1049 53 30 the
350 1049 203 41 lady's-maid,
571 1050 110 43 saying
695 1051 69 31 that
813 1051 157 39 Madame,

150 1109 161 31 Avhenever
333 1109 52 32 she
411 1110 63 30 had
496 1110 75 32 such
593 1111 122 31 attacks
737 1123 33 20 as
792 1113 87 31 these
933 1113 39 41 (it

150 1181 62 20 Avas
241 1170 53 30 the
323 1170 66 30 first
419 1170 52 31 she
497 1170 62 32 had
582 1182 71 20 ever
674 1172 63 31 had
759 1174 34 29 in
816 1174 55 30 her
893 1175 79 42 life),

180 1231 85 31 liked
295 1231 66 31 best
391 1236 32 26 to
454 1231 38 31 be
522 1232 88 32 alone
622 1245 7 25 ;
688 1234 71 30 that
788 1235 54 31 she
871 1235 98 41 (Mile.

151 1293 38 31 de
205 1291 228 43 Mourjonville)
450 1304 63 20 Avas
536 1294 76 31 used
632 1299 32 26 to
686 1296 108 30 attend
813 1308 84 29 upon
918 1298 54 32 her

151 1354 33 30 in
207 1353 75 31 such
305 1364 89 27 cases,
419 1354 62 31 and
503 1355 77 38 that,
609 1356 32 29 in
670 1356 73 37 fact,
775 1357 53 31 the
851 1359 121 40 patient

151 1415 104 31 would
277 1414 36 32 be
336 1414 61 32 fast
420 1415 100 42 asleep
542 1416 34 30 in
592 1427 18 19 a
625 1421 125 36 quarter
770 1418 35 30 of
825 1430 40 19 an
886 1419 86 32 hour.

152 1476 128 42 Aspasie
296 1475 66 32 said
377 1476 61 31 this
454 1476 33 31 in
502 1477 75 30 such
592 1489 18 18 a
626 1478 94 40 quiet,
736 1479 141 40 pleasant
891 1492 81 31 way,

152 1538 61 30 and
235 1538 26 30 it
283 1548 62 20 Avas
377 1548 31 20 so
442 1538 199 41 particularly
662 1540 158 39 agreeable
854 1546 33 27 to
919 1543 53 32 the
