1132 1747
315 111 65 20 THE
403 111 73 21 NEW
498 111 189 21 CANDIDATE.

869 109 51 25 175

96 184 78 39 that,
193 190 33 26 at
248 186 69 31 that
339 188 147 31 identical
508 189 155 41 juncture,
682 189 87 31 those
793 189 128 38 exalted,

94 256 39 20 or
153 246 81 42 busy
249 248 33 30 in
306 248 95 41 office,
419 249 62 31 had
496 261 40 20 no
553 250 127 32 definite
703 250 164 31 candidate
889 255 32 26 to

96 318 138 31 propose.
283 309 32 31 It
337 321 63 20 was
423 321 19 20 a
463 322 76 31 very
560 311 56 32 hot
638 323 134 19 summer
785 324 6 24 ;
816 322 105 31 every-

97 369 86 42 body
205 381 64 20 was
292 371 108 32 absent
411 384 8 25 ;
442 372 54 31 the
519 372 101 31 Home
642 373 144 30 Minister
801 384 62 19 Avas
890 377 31 26 at

96 431 54 30 the
178 432 140 38 sea-side,
347 433 62 31 and
439 433 53 31 the
519 433 143 31 Minister
687 434 35 30 of
860 435 61 30 had

97 493 178 37 consented,
307 493 47 31 for
383 494 54 31 the
468 494 84 36 time,
583 499 32 26 to
646 495 72 30 take
747 495 49 30 his
824 496 93 40 place.

96 553 76 31 This
187 565 63 20 was
266 554 53 31 the
334 566 76 30 very
426 566 73 19 man
514 555 53 31 the
583 555 187 42 sub-prefect
782 557 123 32 wanted
912 569 8 25 ;

96 615 55 31 the
177 616 105 30 cousin
308 616 35 30 of
363 616 169 41 Thdophile
558 616 210 31 Mardonnet's
790 617 127 30 mother.

96 677 51 30 He
171 677 104 30 whom
299 677 170 41 Thdophile
489 677 212 30 Mardonnet's
725 682 77 26 aunt
823 678 98 30 called

96 738 85 38 Lolo,
199 739 62 30 and
277 738 94 40 spoke
388 738 34 30 of
435 738 237 40 disparagingly.

139 800 64 30 The
226 804 115 26 matter
358 811 63 19 was
443 800 160 40 promptly
619 800 112 29 settled
746 812 6 24 ;
774 799 53 32 the
851 800 68 30 sub-

94 862 117 42 prefect
234 862 127 31 secured
382 862 49 29 for
453 861 127 31 himself
597 873 18 18 a
630 866 161 36 supporter
814 862 33 30 in
867 862 52 31 the

94 923 104 31 future
228 923 242 42 representative
502 923 34 30 of
570 922 259 39 Savre-et-Merle,
858 923 61 31 and

94 985 54 31 the
177 985 147 31 Minister
348 983 34 32 of
520 983 103 31 added
653 983 129 31 another
805 989 33 25 to
867 983 52 32 the

94 1058 100 31 group
210 1046 34 31 of
265 1046 141 41 deputies
426 1056 86 30 upon
526 1044 104 31 whom
652 1044 39 31 he
714 1044 90 31 could
826 1050 93 26 count

94 1108 33 30 in
151 1108 54 30 the
232 1106 188 43 Legislative
442 1105 160 38 Chamber,
628 1106 63 30 and
713 1106 79 37 who,
814 1117 41 20 on
878 1107 41 30 all

94 1169 166 36 occasions,
282 1167 101 31 where
409 1167 40 31 he
473 1177 63 21 was
562 1166 176 42 personally
764 1166 153 38 attacked,

93 1229 107 31 would
216 1232 72 27 vote
304 1228 49 31 for
366 1228 66 30 him
448 1228 62 31 like
526 1239 57 20 one
603 1239 81 20 man.
732 1228 187 42 Everybody

91 1303 66 19 was
195 1289 147 37 satisfied,
381 1289 62 31 and
480 1293 80 27 most
598 1289 34 31 of
666 1290 49 37 all,
751 1289 167 42 Thdophile

93 1353 199 37 Mardonnet,
318 1351 105 31 whose
448 1351 118 30 dreams
596 1351 35 30 of
653 1351 137 41 political
819 1354 99 38 great-

92 1426 70 20 ness
193 1414 122 31 seemed
345 1424 71 19 now
441 1423 40 19 on
511 1412 53 30 the
595 1423 54 20 eve
680 1412 35 30 of
741 1412 93 41 being
857 1411 60 31 ful-

88 1476 95 30 filled.

137 1538 59 31 His
211 1536 104 33 friend
337 1535 53 32 the
412 1535 187 40 sub-prefect
619 1534 146 32 returned
783 1538 33 28 to
837 1534 77 32 Mai-
