1132 1747
227 115 51 26 128

456 121 82 21 LOVE
560 120 66 21 THE
649 117 166 23 AVENGER.

222 199 124 42 equally
376 204 32 26 to
439 199 152 40 Malleray
618 196 64 31 and
712 195 130 42 Brunoy
873 191 85 33 both.
1006 189 49 32 He

223 260 61 32 had
300 260 76 32 been
390 259 70 32 four
474 270 89 30 years
578 258 87 31 dead.

266 322 60 31 His
340 333 56 20 son
411 320 63 32 had
490 320 80 31 done
594 319 136 42 nothing
749 322 33 27 to
801 320 185 39 perpetuate
1002 315 52 31 the

221 382 140 43 paternal
387 381 161 39 influence,
565 381 56 39 for,
638 381 120 41 having
781 382 92 38 spent
895 377 51 31 his
969 376 85 42 early

220 445 99 41 youth
335 445 32 30 in
383 444 91 31 times
499 443 189 42 subsequent
708 447 34 27 to
758 442 89 31 those
864 439 105 33 which
991 438 63 31 had

219 506 159 42 tempered
408 506 53 30 the
491 505 108 31 mettle
622 504 35 31 of
691 504 49 31 his
770 502 127 33 father's
930 506 122 33 nature,

220 569 63 31 and
312 568 90 31 made
428 568 138 41 political
593 566 87 32 strife
706 566 49 31 his
781 565 144 37 element,
952 563 102 32 Henri

220 630 130 41 Dupont
365 629 112 31 looked
492 634 33 26 at
539 629 87 31 what
641 633 85 26 Avent
746 639 41 20 on
802 628 80 30 from
898 627 75 37 afar,
990 625 63 32 and

220 693 103 30 rather
349 703 84 20 more
459 702 33 21 as
519 702 18 20 a
563 690 199 43 philosopher
788 690 79 31 than
891 700 34 20 as
941 701 19 19 a
974 689 78 41 poli-

219 754 104 31 tician.
369 753 48 31 He
433 752 63 31 had
521 752 78 32 been
615 763 18 20 a
648 756 87 39 great
759 751 156 38 traveller,
932 751 121 42 having

218 816 84 30 lived
325 815 33 30 in
380 815 53 30 the
456 814 77 31 East
556 814 48 31 for
629 814 87 31 three
737 825 90 31 years
847 812 100 44 (eight
962 824 90 31 years

219 877 81 43 ago),
317 878 61 30 and
404 877 114 31 Adsited
545 877 92 30 India
663 888 41 19 on
730 876 50 31 his
805 876 126 31 father's
956 875 96 31 death

220 939 114 41 (Avhich
350 949 63 20 Avas
429 949 18 19 a
462 949 103 20 severe
581 949 114 20 sorrow
709 942 33 26 to
765 936 90 43 him),
873 937 63 31 and
959 941 93 38 spent

218 1011 18 20 a
259 999 223 32 twelvemonth
506 999 34 31 in
566 999 144 31 America
741 1004 32 26 at
806 999 55 31 the
886 999 109 41 period
1019 998 34 32 of

218 1060 44 31 M.
286 1060 38 31 de
351 1060 212 31 Beauvoisin's
593 1060 149 42 marriage
768 1059 63 31 and
854 1060 135 41 journey
1016 1064 32 26 to

218 1121 89 40 Italy.

262 1182 99 31 Henri
388 1181 130 41 Dupont
544 1182 63 31 had
634 1193 72 20 seen
737 1187 53 26 too
814 1183 95 31 much
935 1183 35 31 of
992 1183 54 32 the

218 1242 97 32 Avorld
331 1248 32 26 at
378 1242 83 42 large
477 1247 33 27 to
525 1242 38 31 be
578 1242 69 32 able
669 1248 33 26 to
717 1244 75 31 take
808 1244 121 42 delight
944 1245 33 30 in
992 1245 54 31 the

218 1304 273 42 steeple-interests
514 1304 35 31 of
573 1315 18 20 a
615 1304 208 43 department,
840 1306 136 31 wherein
992 1307 54 31 the

218 1364 66 32 first
299 1364 110 42 booby,
426 1375 34 20 or
474 1364 53 32 the
550 1364 69 32 first
633 1377 95 31 rogue
744 1366 70 31 who
831 1367 79 30 Avins
932 1366 114 32 official

217 1426 117 38 favour,
350 1437 72 31 may
438 1426 67 31 lord
520 1426 26 31 it
561 1437 73 21 over
660 1428 54 30 the
737 1429 147 41 grandest
904 1429 142 31 intellect

218 1488 61 31 and
294 1487 121 32 noblest
430 1487 157 31 character
609 1489 33 30 in
666 1490 54 30 the
736 1490 99 31 whole
851 1491 118 30 nation.
994 1491 51 31 He

218 1550 95 41 really
328 1550 92 31 loved
444 1549 49 31 his
521 1555 140 36 country,
678 1551 142 32 believed
847 1551 33 33 in
903 1552 65 39 her,
993 1552 53 33 ab-
