<?xml version="1.0" encoding="UTF-8"?>
<alto xmlns:xsi="http://www.w3.org/2001/XMLSchema-instance" xsi:noNamespaceSchemaLocation="http://www.bl.uk/schemas/alto/alto-1-4.xsd" xmlns:xlink="http://www.w3.org/1999/xlink">
	<Description>
		<MeasurementUnit>mm10</MeasurementUnit>
		<sourceImageInformation>
			<fileName>//head1/IN/2007-46/A0010888503.2/009487.jp2</fileName>
		</sourceImageInformation>
		<OCRProcessing ID="OCRPROCESSING_1">
			<preProcessingStep>
				<processingSoftware>
					<softwareCreator>CCS Content Conversion Specialists GmbH, Germany</softwareCreator>
					<softwareName>CCS docWORKS</softwareName>
					<softwareVersion>6.1-0.61</softwareVersion>
				</processingSoftware>
			</preProcessingStep>
			<ocrProcessingStep>
				<processingSoftware>
					<softwareCreator>ABBYY (BIT Software), Russia</softwareCreator>
					<softwareName>Finereader</softwareName>
				</processingSoftware>
			</ocrProcessingStep>
		</OCRProcessing>
	</Description>
	<Styles>
		<TextStyle ID="TXT_0" FONTSIZE="10" FONTFAMILY="Courier New"/>
		<TextStyle ID="TXT_1" FONTSIZE="11" FONTFAMILY="Courier New"/>
		<ParagraphStyle ID="PAR_LEFT" ALIGN="Left"/>
		<ParagraphStyle ID="PAR_RIGHT" ALIGN="Right"/>
	</Styles>
	<Layout>
		<Page ID="P279" PHYSICAL_IMG_NR="279" HEIGHT="1747" WIDTH="1132" PRINTED_IMG_NR="269" POSITION="Right" ACCURACY="72.34">
			<TopMargin ID="P279_TM00001" HPOS="0" VPOS="0" WIDTH="1131" HEIGHT="147">
				<TextBlock ID="P279_TB00001" HPOS="369" VPOS="124" WIDTH="332" HEIGHT="23" STYLEREFS="TXT_0 PAR_LEFT">
					<TextLine ID="P279_TL00001" HPOS="370" VPOS="124" WIDTH="331" HEIGHT="23">
						<String ID="P279_ST00001" HPOS="370" VPOS="125" WIDTH="23" HEIGHT="20" CONTENT="A" WC="1.00" CC="0"/>
						<SP ID="P279_SP00001" HPOS="393" VPOS="145" WIDTH="23"/>
						<String ID="P279_ST00002" HPOS="416" VPOS="124" WIDTH="175" HEIGHT="22" CONTENT="STARTLING" WC="0.71" CC="600713006"/>
						<SP ID="P279_SP00002" HPOS="591" VPOS="146" WIDTH="24"/>
						<String ID="P279_ST00003" HPOS="615" VPOS="125" WIDTH="86" HEIGHT="22" CONTENT="FACT." WC="0.80" CC="50004"/>
					</TextLine>
				</TextBlock>
				<TextBlock ID="P279_TB00002" HPOS="892" VPOS="121" WIDTH="52" HEIGHT="24" STYLEREFS="TXT_1 PAR_RIGHT">
					<TextLine ID="P279_TL00002" HPOS="892" VPOS="121" WIDTH="52" HEIGHT="24">
						<String ID="P279_ST00004" HPOS="892" VPOS="121" WIDTH="52" HEIGHT="24" CONTENT="269" WC="1.00" CC="000"/>
					</TextLine>
				</TextBlock>
			</TopMargin>
			<LeftMargin ID="P279_LM00001" HPOS="0" VPOS="147" WIDTH="119" HEIGHT="1449"/>
			<RightMargin ID="P279_RM00001" HPOS="945" VPOS="147" WIDTH="186" HEIGHT="1449"/>
			<BottomMargin ID="P279_BM00001" HPOS="0" VPOS="1596" WIDTH="1131" HEIGHT="150"/>
			<PrintSpace ID="P279_PS00001" HPOS="119" VPOS="147" WIDTH="826" HEIGHT="1449">
				<TextBlock ID="P279_TB00003" HPOS="120" VPOS="200" WIDTH="825" HEIGHT="581" STYLEREFS="TXT_0 PAR_LEFT">
					<TextLine ID="P279_TL00003" HPOS="121" VPOS="200" WIDTH="824" HEIGHT="32">
						<String ID="P279_ST00005" HPOS="121" VPOS="203" WIDTH="191" HEIGHT="27" CONTENT="resentment" WC="0.74" CC="0000670074"/>
						<SP ID="P279_SP00003" HPOS="312" VPOS="230" WIDTH="26"/>
						<String ID="P279_ST00006" HPOS="338" VPOS="200" WIDTH="64" HEIGHT="31" CONTENT="had" WC="0.75" CC="700"/>
						<SP ID="P279_SP00004" HPOS="402" VPOS="231" WIDTH="26"/>
						<String ID="P279_ST00007" HPOS="428" VPOS="212" WIDTH="32" HEIGHT="20" CONTENT="so" WC="0.89" CC="01"/>
						<SP ID="P279_SP00005" HPOS="460" VPOS="232" WIDTH="26"/>
						<String ID="P279_ST00008" HPOS="486" VPOS="201" WIDTH="133" HEIGHT="31" CONTENT="lowered" WC="0.92" CC="0000500"/>
						<SP ID="P279_SP00006" HPOS="619" VPOS="232" WIDTH="30"/>
						<String ID="P279_ST00009" HPOS="649" VPOS="202" WIDTH="66" HEIGHT="30" CONTENT="him" WC="0.75" CC="700"/>
						<SP ID="P279_SP00007" HPOS="715" VPOS="232" WIDTH="27"/>
						<String ID="P279_ST00010" HPOS="742" VPOS="201" WIDTH="32" HEIGHT="31" CONTENT="in" WC="0.63" CC="07"/>
						<SP ID="P279_SP00008" HPOS="774" VPOS="232" WIDTH="27"/>
						<String ID="P279_ST00011" HPOS="801" VPOS="201" WIDTH="49" HEIGHT="31" CONTENT="his" WC="0.63" CC="703"/>
						<SP ID="P279_SP00009" HPOS="850" VPOS="232" WIDTH="26"/>
						<String ID="P279_ST00012" HPOS="876" VPOS="212" WIDTH="69" HEIGHT="20" CONTENT="OAvn" WC="0.92" CC="2000"/>
					</TextLine>
					<TextLine ID="P279_TL00004" HPOS="121" VPOS="260" WIDTH="824" HEIGHT="33">
						<String ID="P279_ST00013" HPOS="121" VPOS="264" WIDTH="123" HEIGHT="27" CONTENT="esteem." WC="0.85" CC="4500000"/>
						<SP ID="P279_SP00010" HPOS="244" VPOS="291" WIDTH="49"/>
						<String ID="P279_ST00014" HPOS="293" VPOS="260" WIDTH="66" HEIGHT="32" CONTENT="Her" WC="0.62" CC="506"/>
						<SP ID="P279_SP00011" HPOS="359" VPOS="292" WIDTH="24"/>
						<String ID="P279_ST00015" HPOS="383" VPOS="262" WIDTH="113" HEIGHT="31" CONTENT="refusal" WC="0.79" CC="4060300"/>
						<SP ID="P279_SP00012" HPOS="496" VPOS="293" WIDTH="22"/>
						<String ID="P279_ST00016" HPOS="518" VPOS="274" WIDTH="71" HEIGHT="19" CONTENT="now" WC="0.80" CC="600"/>
						<SP ID="P279_SP00013" HPOS="589" VPOS="293" WIDTH="23"/>
						<String ID="P279_ST00017" HPOS="612" VPOS="261" WIDTH="154" HEIGHT="32" CONTENT="wounded" WC="0.82" CC="0057000"/>
						<SP ID="P279_SP00014" HPOS="766" VPOS="293" WIDTH="23"/>
						<String ID="P279_ST00018" HPOS="789" VPOS="262" WIDTH="65" HEIGHT="30" CONTENT="him" WC="0.50" CC="770"/>
						<SP ID="P279_SP00015" HPOS="854" VPOS="293" WIDTH="23"/>
						<String ID="P279_ST00019" HPOS="877" VPOS="262" WIDTH="33" HEIGHT="31" CONTENT="in" WC="0.58" CC="44"/>
						<SP ID="P279_SP00016" HPOS="910" VPOS="293" WIDTH="18"/>
						<String ID="P279_ST00020" HPOS="928" VPOS="273" WIDTH="17" HEIGHT="19" CONTENT="a" WC="1.00" CC="0"/>
					</TextLine>
					<TextLine ID="P279_TL00005" HPOS="122" VPOS="322" WIDTH="823" HEIGHT="42">
						<String ID="P279_ST00021" HPOS="122" VPOS="332" WIDTH="77" HEIGHT="31" CONTENT="very" WC="0.62" CC="4450"/>
						<SP ID="P279_SP00017" HPOS="199" VPOS="363" WIDTH="13"/>
						<String ID="P279_ST00022" HPOS="212" VPOS="322" WIDTH="142" HEIGHT="42" CONTENT="complex" WC="1.00" CC="0000000"/>
						<SP ID="P279_SP00018" HPOS="354" VPOS="364" WIDTH="16"/>
						<String ID="P279_ST00023" HPOS="370" VPOS="334" WIDTH="129" HEIGHT="20" CONTENT="manner" WC="0.65" CC="007706"/>
						<SP ID="P279_SP00019" HPOS="499" VPOS="364" WIDTH="12"/>
						<String ID="P279_ST00024" HPOS="511" VPOS="336" WIDTH="7" HEIGHT="24" CONTENT=";" WC="1.00" CC="0"/>
						<SP ID="P279_SP00020" HPOS="518" VPOS="364" WIDTH="22"/>
						<String ID="P279_ST00025" HPOS="540" VPOS="323" WIDTH="61" HEIGHT="31" CONTENT="and" WC="0.76" CC="070"/>
						<SP ID="P279_SP00021" HPOS="601" VPOS="364" WIDTH="17"/>
						<String ID="P279_ST00026" HPOS="618" VPOS="328" WIDTH="31" HEIGHT="26" CONTENT="at" WC="0.77" CC="04"/>
						<SP ID="P279_SP00022" HPOS="649" VPOS="364" WIDTH="15"/>
						<String ID="P279_ST00027" HPOS="664" VPOS="323" WIDTH="53" HEIGHT="31" CONTENT="the" WC="0.60" CC="271"/>
						<SP ID="P279_SP00023" HPOS="717" VPOS="364" WIDTH="17"/>
						<String ID="P279_ST00028" HPOS="734" VPOS="323" WIDTH="59" HEIGHT="31" CONTENT="end" WC="0.75" CC="070"/>
						<SP ID="P279_SP00024" HPOS="793" VPOS="364" WIDTH="16"/>
						<String ID="P279_ST00029" HPOS="809" VPOS="323" WIDTH="34" HEIGHT="31" CONTENT="of" WC="1.00" CC="00"/>
						<SP ID="P279_SP00025" HPOS="843" VPOS="364" WIDTH="12"/>
						<String ID="P279_ST00030" HPOS="855" VPOS="334" WIDTH="18" HEIGHT="20" CONTENT="a" WC="1.00" CC="0"/>
						<SP ID="P279_SP00026" HPOS="873" VPOS="364" WIDTH="15"/>
						<String ID="P279_ST00031" HPOS="888" VPOS="323" WIDTH="57" HEIGHT="31" CONTENT="few" WC="0.70" CC="009"/>
					</TextLine>
					<TextLine ID="P279_TL00006" HPOS="122" VPOS="384" WIDTH="822" HEIGHT="36">
						<String ID="P279_ST00032" HPOS="122" VPOS="388" WIDTH="156" HEIGHT="26" CONTENT="moments" WC="0.68" CC="0003764"/>
						<SP ID="P279_SP00027" HPOS="278" VPOS="414" WIDTH="18"/>
						<String ID="P279_ST00033" HPOS="296" VPOS="384" WIDTH="43" HEIGHT="30" CONTENT="M." WC="1.00" CC="00"/>
						<SP ID="P279_SP00028" HPOS="339" VPOS="414" WIDTH="20"/>
						<String ID="P279_ST00034" HPOS="359" VPOS="384" WIDTH="38" HEIGHT="30" CONTENT="de" WC="1.00" CC="00"/>
						<SP ID="P279_SP00029" HPOS="397" VPOS="414" WIDTH="16"/>
						<String ID="P279_ST00035" HPOS="413" VPOS="384" WIDTH="186" HEIGHT="31" CONTENT="Beauvoisin" WC="0.57" CC="7007425707"/>
						<SP ID="P279_SP00030" HPOS="599" VPOS="415" WIDTH="22"/>
						<String ID="P279_ST00036" HPOS="621" VPOS="384" WIDTH="57" HEIGHT="30" CONTENT="left" WC="0.91" CC="0030"/>
						<SP ID="P279_SP00031" HPOS="678" VPOS="415" WIDTH="22"/>
						<String ID="P279_ST00037" HPOS="700" VPOS="384" WIDTH="53" HEIGHT="31" CONTENT="the" WC="0.55" CC="470"/>
						<SP ID="P279_SP00032" HPOS="753" VPOS="415" WIDTH="21"/>
						<String ID="P279_ST00038" HPOS="774" VPOS="384" WIDTH="170" HEIGHT="36" CONTENT="ball-room," WC="0.78" CC="7044300000"/>
					</TextLine>
					<TextLine ID="P279_TL00007" HPOS="124" VPOS="445" WIDTH="821" HEIGHT="42">
						<String ID="P279_ST00039" HPOS="124" VPOS="445" WIDTH="63" HEIGHT="30" CONTENT="and" WC="0.54" CC="670"/>
						<SP ID="P279_SP00033" HPOS="187" VPOS="475" WIDTH="15"/>
						<String ID="P279_ST00040" HPOS="202" VPOS="445" WIDTH="75" HEIGHT="31" CONTENT="bent" WC="0.60" CC="7160"/>
						<SP ID="P279_SP00034" HPOS="277" VPOS="476" WIDTH="15"/>
						<String ID="P279_ST00041" HPOS="292" VPOS="446" WIDTH="49" HEIGHT="30" CONTENT="his" WC="0.57" CC="705"/>
						<SP ID="P279_SP00035" HPOS="341" VPOS="476" WIDTH="16"/>
						<String ID="P279_ST00042" HPOS="357" VPOS="452" WIDTH="82" HEIGHT="35" CONTENT="steps" WC="0.70" CC="43007"/>
						<SP ID="P279_SP00036" HPOS="439" VPOS="487" WIDTH="12"/>
						<String ID="P279_ST00043" HPOS="451" VPOS="447" WIDTH="134" HEIGHT="30" CONTENT="towards" WC="0.80" CC="2000506"/>
						<SP ID="P279_SP00037" HPOS="585" VPOS="487" WIDTH="16"/>
						<String ID="P279_ST00044" HPOS="601" VPOS="446" WIDTH="52" HEIGHT="31" CONTENT="the" WC="0.58" CC="470"/>
						<SP ID="P279_SP00038" HPOS="653" VPOS="487" WIDTH="16"/>
						<String ID="P279_ST00045" HPOS="669" VPOS="447" WIDTH="142" HEIGHT="29" CONTENT="staircase" WC="0.91" CC="040000030"/>
						<SP ID="P279_SP00039" HPOS="811" VPOS="487" WIDTH="11"/>
						<String ID="P279_ST00046" HPOS="822" VPOS="445" WIDTH="123" HEIGHT="41" CONTENT="leading" WC="0.74" CC="0000079"/>
					</TextLine>
					<TextLine ID="P279_TL00008" HPOS="122" VPOS="506" WIDTH="823" HEIGHT="41">
						<String ID="P279_ST00047" HPOS="122" VPOS="511" WIDTH="33" HEIGHT="25" CONTENT="to" WC="0.72" CC="05"/>
						<SP ID="P279_SP00040" HPOS="155" VPOS="536" WIDTH="27"/>
						<String ID="P279_ST00048" HPOS="182" VPOS="507" WIDTH="55" HEIGHT="30" CONTENT="the" WC="0.60" CC="470"/>
						<SP ID="P279_SP00041" HPOS="237" VPOS="537" WIDTH="30"/>
						<String ID="P279_ST00049" HPOS="267" VPOS="507" WIDTH="67" HEIGHT="31" CONTENT="first" WC="0.63" CC="00746"/>
						<SP ID="P279_SP00042" HPOS="334" VPOS="538" WIDTH="30"/>
						<String ID="P279_ST00050" HPOS="364" VPOS="508" WIDTH="83" HEIGHT="30" CONTENT="floor." WC="0.77" CC="220250"/>
						<SP ID="P279_SP00043" HPOS="447" VPOS="538" WIDTH="60"/>
						<String ID="P279_ST00051" HPOS="507" VPOS="508" WIDTH="45" HEIGHT="29" CONTENT="As" WC="1.00" CC="00"/>
						<SP ID="P279_SP00044" HPOS="552" VPOS="538" WIDTH="25"/>
						<String ID="P279_ST00052" HPOS="577" VPOS="508" WIDTH="39" HEIGHT="29" CONTENT="he" WC="0.63" CC="70"/>
						<SP ID="P279_SP00045" HPOS="616" VPOS="538" WIDTH="24"/>
						<String ID="P279_ST00053" HPOS="640" VPOS="518" WIDTH="62" HEIGHT="19" CONTENT="was" WC="0.54" CC="903"/>
						<SP ID="P279_SP00046" HPOS="702" VPOS="538" WIDTH="28"/>
						<String ID="P279_ST00054" HPOS="730" VPOS="507" WIDTH="135" HEIGHT="40" CONTENT="crossing" WC="0.80" CC="00115060"/>
						<SP ID="P279_SP00047" HPOS="865" VPOS="547" WIDTH="29"/>
						<String ID="P279_ST00055" HPOS="894" VPOS="506" WIDTH="51" HEIGHT="30" CONTENT="the" WC="0.50" CC="374"/>
					</TextLine>
					<TextLine ID="P279_TL00009" HPOS="122" VPOS="567" WIDTH="823" HEIGHT="42">
						<String ID="P279_ST00056" HPOS="122" VPOS="567" WIDTH="234" HEIGHT="39" CONTENT="billiard-room," WC="0.75" CC="60650070030204"/>
						<SP ID="P279_SP00048" HPOS="356" VPOS="606" WIDTH="23"/>
						<String ID="P279_ST00057" HPOS="379" VPOS="569" WIDTH="101" HEIGHT="30" CONTENT="wdiich" WC="0.61" CC="077007"/>
						<SP ID="P279_SP00049" HPOS="480" VPOS="606" WIDTH="24"/>
						<String ID="P279_ST00058" HPOS="504" VPOS="580" WIDTH="64" HEIGHT="19" CONTENT="was" WC="0.93" CC="002"/>
						<SP ID="P279_SP00050" HPOS="568" VPOS="606" WIDTH="24"/>
						<String ID="P279_ST00059" HPOS="592" VPOS="573" WIDTH="115" HEIGHT="36" CONTENT="empty," WC="0.92" CC="000003"/>
						<SP ID="P279_SP00051" HPOS="707" VPOS="609" WIDTH="27"/>
						<String ID="P279_ST00060" HPOS="734" VPOS="569" WIDTH="38" HEIGHT="30" CONTENT="he" WC="0.62" CC="70"/>
						<SP ID="P279_SP00052" HPOS="772" VPOS="609" WIDTH="25"/>
						<String ID="P279_ST00061" HPOS="797" VPOS="580" WIDTH="62" HEIGHT="18" CONTENT="Avas" WC="0.96" CC="0001"/>
						<SP ID="P279_SP00053" HPOS="859" VPOS="609" WIDTH="24"/>
						<String ID="P279_ST00062" HPOS="883" VPOS="574" WIDTH="62" HEIGHT="24" CONTENT="met" WC="0.92" CC="200"/>
					</TextLine>
					<TextLine ID="P279_TL00010" HPOS="122" VPOS="627" WIDTH="823" HEIGHT="44">
						<String ID="P279_ST00063" HPOS="122" VPOS="627" WIDTH="43" HEIGHT="41" CONTENT="by" WC="0.63" CC="70"/>
						<SP ID="P279_SP00054" HPOS="165" VPOS="668" WIDTH="17"/>
						<String ID="P279_ST00064" HPOS="182" VPOS="628" WIDTH="43" HEIGHT="31" CONTENT="M." WC="0.96" CC="00"/>
						<SP ID="P279_SP00055" HPOS="225" VPOS="668" WIDTH="19"/>
						<String ID="P279_ST00065" HPOS="244" VPOS="629" WIDTH="38" HEIGHT="29" CONTENT="de" WC="1.00" CC="00"/>
						<SP ID="P279_SP00056" HPOS="282" VPOS="668" WIDTH="16"/>
						<String ID="P279_ST00066" HPOS="298" VPOS="629" WIDTH="174" HEIGHT="42" CONTENT="Moranges," WC="0.63" CC="006078054"/>
						<SP ID="P279_SP00057" HPOS="472" VPOS="671" WIDTH="17"/>
						<String ID="P279_ST00067" HPOS="489" VPOS="629" WIDTH="70" HEIGHT="31" CONTENT="who" WC="0.76" CC="070"/>
						<SP ID="P279_SP00058" HPOS="559" VPOS="671" WIDTH="20"/>
						<String ID="P279_ST00068" HPOS="579" VPOS="629" WIDTH="62" HEIGHT="30" CONTENT="had" WC="0.75" CC="700"/>
						<SP ID="P279_SP00059" HPOS="641" VPOS="671" WIDTH="21"/>
						<String ID="P279_ST00069" HPOS="662" VPOS="640" WIDTH="84" HEIGHT="19" CONTENT="come" WC="0.93" CC="0200"/>
						<SP ID="P279_SP00060" HPOS="746" VPOS="671" WIDTH="15"/>
						<String ID="P279_ST00070" HPOS="761" VPOS="629" WIDTH="79" HEIGHT="29" CONTENT="from" WC="0.60" CC="4208"/>
						<SP ID="P279_SP00061" HPOS="840" VPOS="671" WIDTH="20"/>
						<String ID="P279_ST00071" HPOS="860" VPOS="629" WIDTH="85" HEIGHT="30" CONTENT="Paris" WC="0.65" CC="60306"/>
					</TextLine>
					<TextLine ID="P279_TL00011" HPOS="121" VPOS="689" WIDTH="824" HEIGHT="42">
						<String ID="P279_ST00072" HPOS="121" VPOS="694" WIDTH="63" HEIGHT="25" CONTENT="two" WC="0.36" CC="395"/>
						<SP ID="P279_SP00062" HPOS="184" VPOS="719" WIDTH="22"/>
						<String ID="P279_ST00073" HPOS="206" VPOS="689" WIDTH="78" HEIGHT="41" CONTENT="days" WC="0.94" CC="0002"/>
						<SP ID="P279_SP00063" HPOS="284" VPOS="730" WIDTH="22"/>
						<String ID="P279_ST00074" HPOS="306" VPOS="690" WIDTH="103" HEIGHT="31" CONTENT="before" WC="0.60" CC="720164"/>
						<SP ID="P279_SP00064" HPOS="409" VPOS="730" WIDTH="25"/>
						<String ID="P279_ST00075" HPOS="434" VPOS="702" WIDTH="40" HEIGHT="18" CONTENT="on" WC="0.64" CC="07"/>
						<SP ID="P279_SP00065" HPOS="474" VPOS="730" WIDTH="23"/>
						<String ID="P279_ST00076" HPOS="497" VPOS="701" WIDTH="132" HEIGHT="30" CONTENT="purpose" WC="0.81" CC="0750000"/>
						<SP ID="P279_SP00066" HPOS="629" VPOS="731" WIDTH="22"/>
						<String ID="P279_ST00077" HPOS="651" VPOS="694" WIDTH="33" HEIGHT="27" CONTENT="to" WC="0.68" CC="05"/>
						<SP ID="P279_SP00067" HPOS="684" VPOS="731" WIDTH="20"/>
						<String ID="P279_ST00078" HPOS="704" VPOS="690" WIDTH="38" HEIGHT="30" CONTENT="be" WC="0.63" CC="70"/>
						<SP ID="P279_SP00068" HPOS="742" VPOS="731" WIDTH="24"/>
						<String ID="P279_ST00079" HPOS="766" VPOS="694" WIDTH="123" HEIGHT="36" CONTENT="present" WC="0.71" CC="0604026"/>
						<SP ID="P279_SP00069" HPOS="889" VPOS="731" WIDTH="24"/>
						<String ID="P279_ST00080" HPOS="913" VPOS="695" WIDTH="32" HEIGHT="25" CONTENT="at" WC="0.60" CC="07"/>
					</TextLine>
					<TextLine ID="P279_TL00012" HPOS="121" VPOS="750" WIDTH="359" HEIGHT="31">
						<String ID="P279_ST00081" HPOS="121" VPOS="750" WIDTH="53" HEIGHT="31" CONTENT="the" WC="0.54" CC="670"/>
						<SP ID="P279_SP00070" HPOS="174" VPOS="781" WIDTH="16"/>
						<String ID="P279_ST00082" HPOS="190" VPOS="751" WIDTH="63" HEIGHT="30" CONTENT="ball" WC="0.81" CC="7000"/>
						<SP ID="P279_SP00071" HPOS="253" VPOS="781" WIDTH="17"/>
						<String ID="P279_ST00083" HPOS="270" VPOS="756" WIDTH="32" HEIGHT="25" CONTENT="at" WC="0.28" CC="85"/>
						<SP ID="P279_SP00072" HPOS="302" VPOS="781" WIDTH="17"/>
						<String ID="P279_ST00084" HPOS="319" VPOS="751" WIDTH="161" HEIGHT="30" CONTENT="Clavreuil" WC="0.48" CC="640770777"/>
					</TextLine>
				</TextBlock>
				<TextBlock ID="P279_TB00004" HPOS="122" VPOS="811" WIDTH="819" HEIGHT="102" STYLEREFS="TXT_0 PAR_LEFT">
					<TextLine ID="P279_TL00013" HPOS="169" VPOS="811" WIDTH="772" HEIGHT="42">
						<String ID="P279_ST00085" HPOS="169" VPOS="814" WIDTH="17" HEIGHT="11" CONTENT='"' WC="1.00" CC="0"/>
						<SP ID="P279_SP00073" HPOS="186" VPOS="825" WIDTH="14"/>
						<String ID="P279_ST00086" HPOS="200" VPOS="811" WIDTH="63" HEIGHT="31" CONTENT="I've" WC="0.78" CC="0224"/>
						<SP ID="P279_SP00074" HPOS="263" VPOS="842" WIDTH="23"/>
						<String ID="P279_ST00087" HPOS="286" VPOS="812" WIDTH="64" HEIGHT="30" CONTENT="had" WC="0.75" CC="700"/>
						<SP ID="P279_SP00075" HPOS="350" VPOS="842" WIDTH="26"/>
						<String ID="P279_ST00088" HPOS="376" VPOS="812" WIDTH="123" HEIGHT="41" CONTENT="enough" WC="0.38" CC="673747"/>
						<SP ID="P279_SP00076" HPOS="499" VPOS="853" WIDTH="25"/>
						<String ID="P279_ST00089" HPOS="524" VPOS="812" WIDTH="34" HEIGHT="29" CONTENT="of" WC="1.00" CC="00"/>
						<SP ID="P279_SP00077" HPOS="558" VPOS="853" WIDTH="24"/>
						<String ID="P279_ST00090" HPOS="582" VPOS="812" WIDTH="25" HEIGHT="30" CONTENT="it" WC="0.71" CC="05"/>
						<SP ID="P279_SP00078" HPOS="607" VPOS="853" WIDTH="27"/>
						<String ID="P279_ST00091" HPOS="634" VPOS="812" WIDTH="67" HEIGHT="37" CONTENT='all,"' WC="0.87" CC="03030"/>
						<SP ID="P279_SP00079" HPOS="701" VPOS="853" WIDTH="28"/>
						<String ID="P279_ST00092" HPOS="729" VPOS="812" WIDTH="65" HEIGHT="30" CONTENT="said" WC="0.86" CC="5000"/>
						<SP ID="P279_SP00080" HPOS="794" VPOS="853" WIDTH="26"/>
						<String ID="P279_ST00093" HPOS="820" VPOS="812" WIDTH="121" HEIGHT="30" CONTENT="Olivier." WC="0.48" CC="56097560"/>
					</TextLine>
					<TextLine ID="P279_TL00014" HPOS="123" VPOS="871" WIDTH="490" HEIGHT="42">
						<String ID="P279_ST00094" HPOS="123" VPOS="875" WIDTH="19" HEIGHT="11" CONTENT='"' WC="0.54" CC="4"/>
						<SP ID="P279_SP00081" HPOS="142" VPOS="886" WIDTH="12"/>
						<String ID="P279_ST00095" HPOS="154" VPOS="872" WIDTH="50" HEIGHT="30" CONTENT="Do" WC="0.92" CC="01"/>
						<SP ID="P279_SP00082" HPOS="204" VPOS="902" WIDTH="16"/>
						<String ID="P279_ST00096" HPOS="220" VPOS="884" WIDTH="62" HEIGHT="29" CONTENT="you" WC="0.75" CC="007"/>
						<SP ID="P279_SP00083" HPOS="282" VPOS="913" WIDTH="16"/>
						<String ID="P279_ST00097" HPOS="298" VPOS="872" WIDTH="66" HEIGHT="30" CONTENT="find" WC="0.58" CC="2670"/>
						<SP ID="P279_SP00084" HPOS="364" VPOS="913" WIDTH="16"/>
						<String ID="P279_ST00098" HPOS="380" VPOS="873" WIDTH="26" HEIGHT="29" CONTENT="it" WC="0.57" CC="08"/>
						<SP ID="P279_SP00085" HPOS="406" VPOS="913" WIDTH="15"/>
						<String ID="P279_ST00099" HPOS="421" VPOS="873" WIDTH="143" HEIGHT="40" CONTENT="amusing" WC="0.75" CC="0075040"/>
						<SP ID="P279_SP00086" HPOS="564" VPOS="913" WIDTH="12"/>
						<String ID="P279_ST00100" HPOS="576" VPOS="873" WIDTH="11" HEIGHT="30" CONTENT="?" WC="1.00" CC="0"/>
						<SP ID="P279_SP00087" HPOS="587" VPOS="913" WIDTH="12"/>
						<String ID="P279_ST00101" HPOS="599" VPOS="871" WIDTH="14" HEIGHT="12" CONTENT='"' WC="1.00" CC="0"/>
					</TextLine>
				</TextBlock>
				<TextBlock ID="P279_TB00005" HPOS="119" VPOS="933" WIDTH="824" HEIGHT="531" STYLEREFS="TXT_0 PAR_LEFT">
					<TextLine ID="P279_TL00015" HPOS="169" VPOS="933" WIDTH="774" HEIGHT="41">
						<String ID="P279_ST00102" HPOS="169" VPOS="936" WIDTH="18" HEIGHT="12" CONTENT='"' WC="0.55" CC="4"/>
						<SP ID="P279_SP00088" HPOS="187" VPOS="948" WIDTH="13"/>
						<String ID="P279_ST00103" HPOS="200" VPOS="934" WIDTH="65" HEIGHT="30" CONTENT="Not" WC="0.68" CC="720"/>
						<SP ID="P279_SP00089" HPOS="265" VPOS="964" WIDTH="23"/>
						<String ID="P279_ST00104" HPOS="288" VPOS="933" WIDTH="43" HEIGHT="37" CONTENT='I,"' WC="0.77" CC="023"/>
						<SP ID="P279_SP00090" HPOS="331" VPOS="970" WIDTH="24"/>
						<String ID="P279_ST00105" HPOS="355" VPOS="934" WIDTH="174" HEIGHT="40" CONTENT="responded" WC="0.79" CC="506006000"/>
						<SP ID="P279_SP00091" HPOS="529" VPOS="974" WIDTH="22"/>
						<String ID="P279_ST00106" HPOS="551" VPOS="934" WIDTH="48" HEIGHT="29" CONTENT="his" WC="0.65" CC="702"/>
						<SP ID="P279_SP00092" HPOS="599" VPOS="974" WIDTH="20"/>
						<String ID="P279_ST00107" HPOS="619" VPOS="934" WIDTH="98" HEIGHT="29" CONTENT="uncle." WC="0.63" CC="777000"/>
						<SP ID="P279_SP00093" HPOS="717" VPOS="974" WIDTH="51"/>
						<String ID="P279_ST00108" HPOS="768" VPOS="936" WIDTH="17" HEIGHT="11" CONTENT='"' WC="0.57" CC="4"/>
						<SP ID="P279_SP00094" HPOS="785" VPOS="974" WIDTH="14"/>
						<String ID="P279_ST00109" HPOS="799" VPOS="933" WIDTH="62" HEIGHT="30" CONTENT="I've" WC="0.83" CC="1130"/>
						<SP ID="P279_SP00095" HPOS="861" VPOS="974" WIDTH="22"/>
						<String ID="P279_ST00110" HPOS="883" VPOS="934" WIDTH="60" HEIGHT="30" CONTENT="had" WC="0.79" CC="600"/>
					</TextLine>
					<TextLine ID="P279_TL00016" HPOS="121" VPOS="994" WIDTH="822" HEIGHT="42">
						<String ID="P279_ST00111" HPOS="121" VPOS="994" WIDTH="133" HEIGHT="42" CONTENT="enough," WC="0.58" CC="5517071"/>
						<SP ID="P279_SP00096" HPOS="254" VPOS="1036" WIDTH="29"/>
						<String ID="P279_ST00112" HPOS="283" VPOS="994" WIDTH="62" HEIGHT="30" CONTENT="like" WC="0.85" CC="0320"/>
						<SP ID="P279_SP00097" HPOS="345" VPOS="1036" WIDTH="26"/>
						<String ID="P279_ST00113" HPOS="371" VPOS="1005" WIDTH="63" HEIGHT="30" CONTENT="you" WC="0.75" CC="007"/>
						<SP ID="P279_SP00098" HPOS="434" VPOS="1036" WIDTH="15"/>
						<String ID="P279_ST00114" HPOS="449" VPOS="1006" WIDTH="7" HEIGHT="24" CONTENT=";" WC="0.58" CC="4"/>
						<SP ID="P279_SP00099" HPOS="456" VPOS="1036" WIDTH="29"/>
						<String ID="P279_ST00115" HPOS="485" VPOS="994" WIDTH="75" HEIGHT="41" CONTENT="only" WC="0.64" CC="0770"/>
						<SP ID="P279_SP00100" HPOS="560" VPOS="1036" WIDTH="24"/>
						<String ID="P279_ST00116" HPOS="584" VPOS="1005" WIDTH="57" HEIGHT="19" CONTENT="one" WC="0.79" CC="060"/>
						<SP ID="P279_SP00101" HPOS="641" VPOS="1036" WIDTH="25"/>
						<String ID="P279_ST00117" HPOS="666" VPOS="994" WIDTH="73" HEIGHT="31" CONTENT="does" WC="0.88" CC="0004"/>
						<SP ID="P279_SP00102" HPOS="739" VPOS="1036" WIDTH="29"/>
						<String ID="P279_ST00118" HPOS="768" VPOS="1000" WIDTH="54" HEIGHT="24" CONTENT="not" WC="0.66" CC="540"/>
						<SP ID="P279_SP00103" HPOS="822" VPOS="1036" WIDTH="30"/>
						<String ID="P279_ST00119" HPOS="852" VPOS="994" WIDTH="91" HEIGHT="30" CONTENT="know" WC="0.82" CC="0600"/>
					</TextLine>
					<TextLine ID="P279_TL00017" HPOS="121" VPOS="1055" WIDTH="822" HEIGHT="42">
						<String ID="P279_ST00120" HPOS="121" VPOS="1055" WIDTH="102" HEIGHT="31" CONTENT="where" WC="0.59" CC="97020"/>
						<SP ID="P279_SP00104" HPOS="223" VPOS="1086" WIDTH="30"/>
						<String ID="P279_ST00121" HPOS="253" VPOS="1061" WIDTH="33" HEIGHT="25" CONTENT="to" WC="0.53" CC="62"/>
						<SP ID="P279_SP00105" HPOS="286" VPOS="1086" WIDTH="32"/>
						<String ID="P279_ST00122" HPOS="318" VPOS="1066" WIDTH="38" HEIGHT="31" CONTENT="go" WC="0.81" CC="03"/>
						<SP ID="P279_SP00106" HPOS="356" VPOS="1097" WIDTH="31"/>
						<String ID="P279_ST00123" HPOS="387" VPOS="1055" WIDTH="33" HEIGHT="30" CONTENT="in" WC="0.58" CC="08"/>
						<SP ID="P279_SP00107" HPOS="420" VPOS="1097" WIDTH="30"/>
						<String ID="P279_ST00124" HPOS="450" VPOS="1055" WIDTH="85" HEIGHT="31" CONTENT="these" WC="0.65" CC="57040"/>
						<SP ID="P279_SP00108" HPOS="535" VPOS="1097" WIDTH="27"/>
						<String ID="P279_ST00125" HPOS="562" VPOS="1066" WIDTH="89" HEIGHT="20" CONTENT="cases." WC="0.86" CC="003040"/>
						<SP ID="P279_SP00109" HPOS="651" VPOS="1097" WIDTH="57"/>
						<String ID="P279_ST00126" HPOS="708" VPOS="1055" WIDTH="102" HEIGHT="30" CONTENT="When" WC="0.34" CC="9906"/>
						<SP ID="P279_SP00110" HPOS="810" VPOS="1097" WIDTH="27"/>
						<String ID="P279_ST00127" HPOS="837" VPOS="1055" WIDTH="106" HEIGHT="41" CONTENT="people" WC="0.75" CC="001067"/>
					</TextLine>
					<TextLine ID="P279_TL00018" HPOS="121" VPOS="1116" WIDTH="822" HEIGHT="38">
						<String ID="P279_ST00128" HPOS="121" VPOS="1118" WIDTH="81" HEIGHT="31" CONTENT="haATe" WC="0.70" CC="70070"/>
						<SP ID="P279_SP00111" HPOS="202" VPOS="1149" WIDTH="16"/>
						<String ID="P279_ST00129" HPOS="218" VPOS="1116" WIDTH="114" HEIGHT="32" CONTENT="turned" WC="0.61" CC="573600"/>
						<SP ID="P279_SP00112" HPOS="332" VPOS="1149" WIDTH="15"/>
						<String ID="P279_ST00130" HPOS="347" VPOS="1116" WIDTH="82" HEIGHT="31" CONTENT="their" WC="0.47" CC="67047"/>
						<SP ID="P279_SP00113" HPOS="429" VPOS="1149" WIDTH="14"/>
						<String ID="P279_ST00131" HPOS="443" VPOS="1116" WIDTH="110" HEIGHT="31" CONTENT="houses" WC="0.58" CC="707504"/>
						<SP ID="P279_SP00114" HPOS="553" VPOS="1149" WIDTH="15"/>
						<String ID="P279_ST00132" HPOS="568" VPOS="1121" WIDTH="55" HEIGHT="26" CONTENT="out" WC="0.58" CC="075"/>
						<SP ID="P279_SP00115" HPOS="623" VPOS="1149" WIDTH="17"/>
						<String ID="P279_ST00133" HPOS="640" VPOS="1121" WIDTH="31" HEIGHT="26" CONTENT="at" WC="0.66" CC="06"/>
						<SP ID="P279_SP00116" HPOS="671" VPOS="1149" WIDTH="15"/>
						<String ID="P279_ST00134" HPOS="686" VPOS="1116" WIDTH="158" HEIGHT="38" CONTENT="Avindows," WC="0.78" CC="002600063"/>
						<SP ID="P279_SP00117" HPOS="844" VPOS="1154" WIDTH="13"/>
						<String ID="P279_ST00135" HPOS="857" VPOS="1116" WIDTH="86" HEIGHT="31" CONTENT="there" WC="0.49" CC="67064"/>
					</TextLine>
					<TextLine ID="P279_TL00019" HPOS="121" VPOS="1177" WIDTH="822" HEIGHT="42">
						<String ID="P279_ST00136" HPOS="121" VPOS="1180" WIDTH="27" HEIGHT="30" CONTENT="is" WC="1.00" CC="00"/>
						<SP ID="P279_SP00118" HPOS="148" VPOS="1210" WIDTH="24"/>
						<String ID="P279_ST00137" HPOS="172" VPOS="1184" WIDTH="53" HEIGHT="26" CONTENT="too" WC="0.84" CC="400"/>
						<SP ID="P279_SP00119" HPOS="225" VPOS="1210" WIDTH="25"/>
						<String ID="P279_ST00138" HPOS="250" VPOS="1177" WIDTH="92" HEIGHT="31" CONTENT="much" WC="0.52" CC="0567"/>
						<SP ID="P279_SP00120" HPOS="342" VPOS="1210" WIDTH="27"/>
						<String ID="P279_ST00139" HPOS="369" VPOS="1178" WIDTH="85" HEIGHT="30" CONTENT="noise" WC="0.76" CC="70040"/>
						<SP ID="P279_SP00121" HPOS="454" VPOS="1210" WIDTH="26"/>
						<String ID="P279_ST00140" HPOS="480" VPOS="1182" WIDTH="33" HEIGHT="25" CONTENT="to" WC="0.66" CC="60"/>
						<SP ID="P279_SP00122" HPOS="513" VPOS="1210" WIDTH="24"/>
						<String ID="P279_ST00141" HPOS="537" VPOS="1177" WIDTH="92" HEIGHT="31" CONTENT="think" WC="0.63" CC="07073"/>
						<SP ID="P279_SP00123" HPOS="629" VPOS="1210" WIDTH="25"/>
						<String ID="P279_ST00142" HPOS="654" VPOS="1177" WIDTH="34" HEIGHT="31" CONTENT="of" WC="0.77" CC="04"/>
						<SP ID="P279_SP00124" HPOS="688" VPOS="1210" WIDTH="23"/>
						<String ID="P279_ST00143" HPOS="711" VPOS="1177" WIDTH="145" HEIGHT="42" CONTENT="sleeping," WC="0.82" CC="320000702"/>
						<SP ID="P279_SP00125" HPOS="856" VPOS="1219" WIDTH="27"/>
						<String ID="P279_ST00144" HPOS="883" VPOS="1178" WIDTH="60" HEIGHT="30" CONTENT="and" WC="0.77" CC="060"/>
					</TextLine>
					<TextLine ID="P279_TL00020" HPOS="121" VPOS="1237" WIDTH="822" HEIGHT="43">
						<String ID="P279_ST00145" HPOS="121" VPOS="1238" WIDTH="129" HEIGHT="41" CONTENT="nobody" WC="0.75" CC="707000"/>
						<SP ID="P279_SP00126" HPOS="250" VPOS="1279" WIDTH="24"/>
						<String ID="P279_ST00146" HPOS="274" VPOS="1238" WIDTH="55" HEIGHT="30" CONTENT="has" WC="0.58" CC="704"/>
						<SP ID="P279_SP00127" HPOS="329" VPOS="1279" WIDTH="25"/>
						<String ID="P279_ST00147" HPOS="354" VPOS="1237" WIDTH="154" HEIGHT="42" CONTENT="anything" WC="0.56" CC="06067059"/>
						<SP ID="P279_SP00128" HPOS="508" VPOS="1279" WIDTH="23"/>
						<String ID="P279_ST00148" HPOS="531" VPOS="1243" WIDTH="33" HEIGHT="25" CONTENT="to" WC="0.48" CC="63"/>
						<SP ID="P279_SP00129" HPOS="564" VPOS="1279" WIDTH="25"/>
						<String ID="P279_ST00149" HPOS="589" VPOS="1248" WIDTH="54" HEIGHT="31" CONTENT="say" WC="0.89" CC="300"/>
						<SP ID="P279_SP00130" HPOS="643" VPOS="1279" WIDTH="24"/>
						<String ID="P279_ST00150" HPOS="667" VPOS="1243" WIDTH="32" HEIGHT="25" CONTENT="to" WC="0.89" CC="20"/>
						<SP ID="P279_SP00131" HPOS="699" VPOS="1279" WIDTH="25"/>
						<String ID="P279_ST00151" HPOS="724" VPOS="1249" WIDTH="57" HEIGHT="19" CONTENT="one" WC="0.78" CC="510"/>
						<SP ID="P279_SP00132" HPOS="781" VPOS="1279" WIDTH="18"/>
						<String ID="P279_ST00152" HPOS="799" VPOS="1251" WIDTH="5" HEIGHT="21" CONTENT=";" WC="0.98" CC="0"/>
						<SP ID="P279_SP00133" HPOS="804" VPOS="1279" WIDTH="29"/>
						<String ID="P279_ST00153" HPOS="833" VPOS="1238" WIDTH="28" HEIGHT="30" CONTENT="if" WC="0.85" CC="02"/>
						<SP ID="P279_SP00134" HPOS="861" VPOS="1279" WIDTH="20"/>
						<String ID="P279_ST00154" HPOS="881" VPOS="1249" WIDTH="62" HEIGHT="31" CONTENT="you" WC="0.61" CC="038"/>
					</TextLine>
					<TextLine ID="P279_TL00021" HPOS="121" VPOS="1298" WIDTH="822" HEIGHT="44">
						<String ID="P279_ST00155" HPOS="121" VPOS="1302" WIDTH="125" HEIGHT="40" CONTENT="happen" WC="0.64" CC="700077"/>
						<SP ID="P279_SP00135" HPOS="246" VPOS="1342" WIDTH="23"/>
						<String ID="P279_ST00156" HPOS="269" VPOS="1304" WIDTH="33" HEIGHT="26" CONTENT="to" WC="0.61" CC="51"/>
						<SP ID="P279_SP00136" HPOS="302" VPOS="1342" WIDTH="23"/>
						<String ID="P279_ST00157" HPOS="325" VPOS="1298" WIDTH="78" HEIGHT="31" CONTENT="have" WC="0.67" CC="7050"/>
						<SP ID="P279_SP00137" HPOS="403" VPOS="1342" WIDTH="25"/>
						<String ID="P279_ST00158" HPOS="428" VPOS="1309" WIDTH="17" HEIGHT="19" CONTENT="a" WC="1.00" CC="0"/>
						<SP ID="P279_SP00138" HPOS="445" VPOS="1342" WIDTH="20"/>
						<String ID="P279_ST00159" HPOS="465" VPOS="1303" WIDTH="80" HEIGHT="25" CONTENT="taste" WC="0.84" CC="00340"/>
						<SP ID="P279_SP00139" HPOS="545" VPOS="1342" WIDTH="15"/>
						<String ID="P279_ST00160" HPOS="560" VPOS="1298" WIDTH="47" HEIGHT="31" CONTENT="for" WC="0.65" CC="054"/>
						<SP ID="P279_SP00140" HPOS="607" VPOS="1342" WIDTH="22"/>
						<String ID="P279_ST00161" HPOS="629" VPOS="1299" WIDTH="142" HEIGHT="42" CONTENT="roaming" WC="0.65" CC="4000279"/>
						<SP ID="P279_SP00141" HPOS="771" VPOS="1342" WIDTH="23"/>
						<String ID="P279_ST00162" HPOS="794" VPOS="1299" WIDTH="94" HEIGHT="31" CONTENT="about" WC="0.64" CC="00178"/>
						<SP ID="P279_SP00142" HPOS="888" VPOS="1342" WIDTH="22"/>
						<String ID="P279_ST00163" HPOS="910" VPOS="1300" WIDTH="33" HEIGHT="30" CONTENT="in" WC="0.51" CC="36"/>
					</TextLine>
					<TextLine ID="P279_TL00022" HPOS="121" VPOS="1359" WIDTH="822" HEIGHT="45">
						<String ID="P279_ST00164" HPOS="121" VPOS="1364" WIDTH="53" HEIGHT="30" CONTENT="the" WC="0.67" CC="270"/>
						<SP ID="P279_SP00143" HPOS="174" VPOS="1394" WIDTH="27"/>
						<String ID="P279_ST00165" HPOS="201" VPOS="1361" WIDTH="141" HEIGHT="43" CONTENT="gardens," WC="0.54" CC="98501703"/>
						<SP ID="P279_SP00144" HPOS="342" VPOS="1404" WIDTH="30"/>
						<String ID="P279_ST00166" HPOS="372" VPOS="1360" WIDTH="62" HEIGHT="30" CONTENT="and" WC="0.86" CC="040"/>
						<SP ID="P279_SP00145" HPOS="434" VPOS="1404" WIDTH="26"/>
						<String ID="P279_ST00167" HPOS="460" VPOS="1359" WIDTH="127" HEIGHT="42" CONTENT="looking" WC="0.78" CC="0130009"/>
						<SP ID="P279_SP00146" HPOS="587" VPOS="1404" WIDTH="30"/>
						<String ID="P279_ST00168" HPOS="617" VPOS="1364" WIDTH="32" HEIGHT="26" CONTENT="at" WC="0.66" CC="06"/>
						<SP ID="P279_SP00147" HPOS="649" VPOS="1404" WIDTH="25"/>
						<String ID="P279_ST00169" HPOS="674" VPOS="1359" WIDTH="54" HEIGHT="31" CONTENT="the" WC="0.65" CC="270"/>
						<SP ID="P279_SP00148" HPOS="728" VPOS="1404" WIDTH="26"/>
						<String ID="P279_ST00170" HPOS="754" VPOS="1370" WIDTH="101" HEIGHT="27" CONTENT="moon," WC="0.79" CC="00450"/>
						<SP ID="P279_SP00149" HPOS="855" VPOS="1404" WIDTH="26"/>
						<String ID="P279_ST00171" HPOS="881" VPOS="1371" WIDTH="62" HEIGHT="30" CONTENT="you" WC="0.79" CC="006"/>
					</TextLine>
					<TextLine ID="P279_TL00023" HPOS="121" VPOS="1420" WIDTH="660" HEIGHT="44">
						<String ID="P279_ST00172" HPOS="121" VPOS="1436" WIDTH="73" HEIGHT="28" CONTENT="may" WC="1.00" CC="000"/>
						<SP ID="P279_SP00150" HPOS="194" VPOS="1464" WIDTH="16"/>
						<String ID="P279_ST00173" HPOS="210" VPOS="1433" WIDTH="105" HEIGHT="31" CONTENT="escape" WC="0.81" CC="441000"/>
						<SP ID="P279_SP00151" HPOS="315" VPOS="1464" WIDTH="17"/>
						<String ID="P279_ST00174" HPOS="332" VPOS="1421" WIDTH="69" HEIGHT="31" CONTENT="that" WC="0.66" CC="3702"/>
						<SP ID="P279_SP00152" HPOS="401" VPOS="1464" WIDTH="15"/>
						<String ID="P279_ST00175" HPOS="416" VPOS="1432" WIDTH="79" HEIGHT="30" CONTENT="way," WC="0.90" CC="0003"/>
						<SP ID="P279_SP00153" HPOS="495" VPOS="1464" WIDTH="18"/>
						<String ID="P279_ST00176" HPOS="513" VPOS="1420" WIDTH="56" HEIGHT="32" CONTENT="but" WC="0.52" CC="167"/>
						<SP ID="P279_SP00154" HPOS="569" VPOS="1464" WIDTH="15"/>
						<String ID="P279_ST00177" HPOS="584" VPOS="1420" WIDTH="28" HEIGHT="31" CONTENT="if" WC="0.93" CC="10"/>
						<SP ID="P279_SP00155" HPOS="612" VPOS="1464" WIDTH="11"/>
						<String ID="P279_ST00178" HPOS="623" VPOS="1425" WIDTH="55" HEIGHT="26" CONTENT="not" WC="0.51" CC="445"/>
						<SP ID="P279_SP00156" HPOS="678" VPOS="1464" WIDTH="89"/>
						<String ID="P279_ST00179" HPOS="767" VPOS="1420" WIDTH="14" HEIGHT="12" CONTENT='"' WC="0.52" CC="4"/>
					</TextLine>
				</TextBlock>
				<TextBlock ID="P279_TB00006" HPOS="121" VPOS="1482" WIDTH="821" HEIGHT="104" STYLEREFS="TXT_0 PAR_LEFT">
					<TextLine ID="P279_TL00024" HPOS="166" VPOS="1482" WIDTH="776" HEIGHT="42">
						<String ID="P279_ST00180" HPOS="166" VPOS="1489" WIDTH="18" HEIGHT="11" CONTENT='"' WC="0.58" CC="4"/>
						<SP ID="P279_SP00157" HPOS="184" VPOS="1500" WIDTH="13"/>
						<String ID="P279_ST00181" HPOS="197" VPOS="1484" WIDTH="108" HEIGHT="38" CONTENT='Well,"' WC="0.69" CC="074230"/>
						<SP ID="P279_SP00158" HPOS="305" VPOS="1522" WIDTH="21"/>
						<String ID="P279_ST00182" HPOS="326" VPOS="1482" WIDTH="178" HEIGHT="42" CONTENT="interposed" WC="0.67" CC="4741603040"/>
						<SP ID="P279_SP00159" HPOS="504" VPOS="1524" WIDTH="20"/>
						<String ID="P279_ST00183" HPOS="524" VPOS="1483" WIDTH="124" HEIGHT="37" CONTENT="Olivier," WC="0.58" CC="74804044"/>
						<SP ID="P279_SP00160" HPOS="648" VPOS="1524" WIDTH="25"/>
						<String ID="P279_ST00184" HPOS="673" VPOS="1485" WIDTH="17" HEIGHT="12" CONTENT='"' WC="0.55" CC="4"/>
						<SP ID="P279_SP00161" HPOS="690" VPOS="1524" WIDTH="14"/>
						<String ID="P279_ST00185" HPOS="704" VPOS="1482" WIDTH="14" HEIGHT="31" CONTENT="I" WC="1.00" CC="0"/>
						<SP ID="P279_SP00162" HPOS="718" VPOS="1524" WIDTH="17"/>
						<String ID="P279_ST00186" HPOS="735" VPOS="1494" WIDTH="62" HEIGHT="19" CONTENT="Avas" WC="0.84" CC="0006"/>
						<SP ID="P279_SP00163" HPOS="797" VPOS="1524" WIDTH="20"/>
						<String ID="P279_ST00187" HPOS="817" VPOS="1483" WIDTH="125" HEIGHT="41" CONTENT="making" WC="0.89" CC="000060"/>
					</TextLine>
					<TextLine ID="P279_TL00025" HPOS="121" VPOS="1544" WIDTH="522" HEIGHT="42">
						<String ID="P279_ST00188" HPOS="121" VPOS="1548" WIDTH="45" HEIGHT="31" CONTENT="off" WC="0.63" CC="433"/>
						<SP ID="P279_SP00164" HPOS="166" VPOS="1579" WIDTH="12"/>
						<String ID="P279_ST00189" HPOS="178" VPOS="1552" WIDTH="33" HEIGHT="27" CONTENT="to" WC="0.80" CC="30"/>
						<SP ID="P279_SP00165" HPOS="211" VPOS="1579" WIDTH="15"/>
						<String ID="P279_ST00190" HPOS="226" VPOS="1547" WIDTH="54" HEIGHT="32" CONTENT="the" WC="0.51" CC="760"/>
						<SP ID="P279_SP00166" HPOS="280" VPOS="1579" WIDTH="17"/>
						<String ID="P279_ST00191" HPOS="297" VPOS="1546" WIDTH="243" HEIGHT="40" CONTENT="smoking-room" WC="0.71" CC="404007906100"/>
						<SP ID="P279_SP00167" HPOS="540" VPOS="1586" WIDTH="89"/>
						<String ID="P279_ST00192" HPOS="629" VPOS="1544" WIDTH="14" HEIGHT="11" CONTENT='"' WC="1.00" CC="0"/>
					</TextLine>
				</TextBlock>
				<TextBlock ID="P279_TB00007" HPOS="916" VPOS="1584" WIDTH="11" HEIGHT="12" STYLEREFS="TXT_0 PAR_RIGHT">
					<TextLine ID="P279_TL00026" HPOS="916" VPOS="1585" WIDTH="11" HEIGHT="11">
						<String ID="P279_ST00193" HPOS="916" VPOS="1585" WIDTH="11" HEIGHT="11" CONTENT="r" WC="0.25" CC="7"/>
					</TextLine>
				</TextBlock>
			</PrintSpace>
		</Page>
	</Layout>
</alto>
