1132 1747
213 108 52 26 288

456 115 82 21 LOVE
561 115 64 21 THE
649 114 161 21 AVENGER.

212 193 64 31 The
300 204 71 31 rays
392 193 34 30 of
453 193 53 30 the
534 204 58 19 sun
619 193 53 40 lay
698 191 106 42 palely
824 189 115 43 golden
961 200 87 31 upon

209 253 54 32 the
286 254 156 31 vine-clad
463 254 98 41 rising
585 253 124 42 ground
732 264 41 19 on
794 252 53 31 the
869 252 90 30 other
978 251 68 31 side

210 315 34 31 of
261 316 54 30 the
330 315 83 32 river
424 328 7 25 ;
454 315 54 31 the
524 315 136 32 heavens
676 326 80 20 were
778 314 41 31 all
835 325 59 20 one
910 314 87 31 sheet
1013 314 35 31 of

209 376 129 32 delicate
357 377 80 37 blue,
454 377 78 31 AAith
552 377 72 31 here
646 376 63 32 and
727 376 88 31 there
842 387 17 20 a
884 375 105 32 streak
1011 375 37 32 of

207 439 188 31 milk-white
413 439 90 30 cloud
515 452 7 25 ;
547 440 40 30 all
603 451 65 19 Avas
683 439 122 30 hushed
821 438 129 39 around,
969 450 74 19 save

205 501 49 30 for
273 501 54 31 the
343 501 80 31 faint
437 502 99 40 ripple
553 501 35 31 of
610 501 53 31 the
680 506 97 26 AATater
793 512 74 20 over
882 502 41 29 its
944 501 97 41 reedy

205 563 60 31 bed
276 575 8 26 ;
308 563 62 31 and
393 563 54 31 the
467 563 74 42 only
559 568 85 27 trace
663 563 34 31 of
718 563 102 31 active
847 563 54 30 life
920 574 64 19 Avas
1005 567 34 26 to

203 625 37 31 be
256 625 98 32 found
370 626 33 30 in
419 625 53 32 the
488 630 104 37 aspect
609 626 34 31 of
657 638 17 19 a
690 630 83 27 team
790 625 34 31 of
837 636 80 21 oxen
933 625 105 42 yoked

202 693 33 25 to
251 700 18 18 a
285 693 74 33 cart,
376 688 63 30 and
460 689 148 41 standing
626 688 181 30 motionless
823 688 34 30 in
881 699 19 19 a
915 688 121 30 distant

201 749 81 39 field,
303 750 81 30 their
408 751 132 29 outlines
565 750 113 41 darkly
699 750 108 30 draAvn
832 751 123 41 against
979 751 55 30 the

200 811 80 31 clear
295 811 134 42 evening
445 811 67 41 sky.
560 811 90 31 Aunt
666 811 195 31 Clementine
882 812 151 31 absorbed

199 872 194 43 delightedly
408 872 53 31 the
481 872 79 31 calm
577 872 35 31 of
633 872 41 31 all
691 873 120 31 around
829 873 56 31 her
901 886 5 19 :
931 873 101 32 Claire

198 934 55 31 did
268 939 61 27 not.
379 934 30 31 It
425 934 104 31 rather
544 934 165 40 oppressed
725 934 62 32 her.

239 996 77 31 Five
332 996 114 31 o'clock
461 1008 63 19 Avas
544 996 107 31 struck
668 997 44 41 by
728 1009 84 19 some
829 998 116 31 church
965 999 62 30 bell

193 1058 49 31 far
265 1058 50 38 off,
342 1059 62 30 and
428 1058 123 38 floated,
577 1070 33 19 as
636 1059 25 30 it
686 1071 89 26 Avere,
801 1060 226 43 A\Thisperingly

194 1131 99 19 across
322 1120 54 30 the
405 1120 109 37 plains.
563 1120 147 31 Madame
740 1121 185 32 Beaudouin
953 1134 73 23 sug-

192 1182 108 41 gested
323 1182 53 30 the
400 1182 160 41 propriety
583 1182 35 30 of
633 1183 163 43 returning
820 1184 205 39 homewards,

189 1242 49 30 for
255 1242 76 41 they
346 1242 63 30 had
431 1253 83 20 more
537 1242 78 31 than
639 1255 38 19 an
699 1244 103 32 hour's
818 1246 83 30 Avalk
920 1246 103 31 before

189 1304 94 31 them.
332 1303 87 42 They
446 1304 173 41 quickened
642 1306 82 30 their
751 1318 84 29 pace,
860 1308 59 30 but
945 1320 78 20 once

190 1365 91 42 again
298 1364 78 43 they
391 1365 95 42 spoke
501 1365 88 32 little.
638 1367 45 30 As
698 1368 77 41 they
790 1370 156 31 recrossed
967 1371 55 32 the

188 1426 72 40 pine
284 1425 62 31 and
364 1425 84 32 larch
470 1427 176 41 plantation
665 1429 64 30 and
750 1430 197 41 approached
966 1432 54 31 the

187 1487 84 37 road,
302 1487 75 42 they
407 1488 96 31 heard
532 1490 104 30 voices
671 1491 63 30 and
771 1491 54 32 the
860 1494 89 30 tread
989 1495 35 29 of

187 1549 111 30 horses'
323 1550 96 31 hoofs.
465 1550 103 31 When
591 1552 77 41 they
695 1554 131 40 stepped
854 1566 85 29 upon
962 1557 56 32 the
