1132 1747
864 114 51 27 271

343 119 23 21 A
388 120 177 20 STARTLING
587 121 84 19 FACT.

95 193 50 32 his
160 195 130 42 nepheAV
301 209 7 24 ;
333 198 62 30 and
416 199 83 37 then,
521 199 181 41 hopelessly,
725 199 61 30 and
805 199 114 30 throAV-

96 255 55 43 ing
175 257 125 31 himself
322 258 79 31 back
425 259 34 30 in
480 259 49 31 his
550 259 92 39 chair,
659 259 62 32 and
742 260 177 41 examining

96 316 55 32 the
177 318 112 42 ceiling
300 331 6 25 ;
400 320 71 41 give
494 332 62 30 you
579 332 54 30 my
657 321 118 31 honour
796 320 14 31 I
834 320 85 32 don't

97 378 94 31 knoAv
215 380 85 30 what
322 386 33 25 to
374 381 90 31 make
482 381 34 31 of
537 382 24 31 it
575 394 7 25 ;
604 382 15 30 I
637 393 55 20 can
707 382 66 31 find
788 382 131 42 nothing

96 444 34 25 to
146 440 40 30 do
203 441 77 30 AAith
295 453 55 28 my

175 502 81 31 That
279 513 74 31 may
377 503 137 41 possibly
537 503 37 31 be
601 504 127 31 because
753 515 63 30 you
840 504 78 31 have

97 563 133 42 nothing
256 569 33 25 to
411 565 163 41 suggested
600 565 53 31 the
676 565 99 37 uncle,
801 565 76 31 Avith
902 577 17 19 a

96 624 105 42 gentle
224 625 91 41 irony
338 625 70 31 that
427 636 64 21 was
511 626 115 41 Avholly
650 626 204 41 unperceived
878 626 41 41 by

96 685 49 31 his
160 686 201 31 interlocutor
371 699 6 24 ;
434 687 57 31 but
506 687 26 31 it
548 691 112 27 cannot
675 687 37 31 be
725 687 111 31 denied
850 687 69 31 that

96 758 64 31 you
184 747 79 31 have
289 747 184 42 everything
496 748 34 30 in
553 748 52 30 life
626 748 109 36 which,
757 748 162 41 according

98 813 33 26 to
146 808 161 42 preachers
323 809 62 30 and
400 809 162 37 moralists,
581 809 96 41 ought
697 814 33 25 to
753 809 88 30 make
857 821 62 29 you

100 870 92 41 enjoy
207 871 26 29 it
245 882 8 24 ;
276 870 14 30 I
312 870 93 30 Avon's
428 870 94 41 speak
545 870 35 30 of
599 871 134 40 position
749 881 33 19 or
797 871 121 37 wealth,

101 930 85 42 (that
217 931 105 30 would
350 931 38 30 be
419 931 102 41 styled
550 930 168 42 wTorldly!)
750 931 56 30 but
836 931 83 30 wdiat

101 1004 17 19 a
145 992 90 30 home
248 994 5 27 !
310 991 129 41 (Olivier
468 1003 56 18 ran
554 996 61 26 two
646 991 112 41 fingers
787 992 132 40 drearily

99 1054 137 41 through
250 1053 49 30 his
315 1053 87 40 curly
416 1053 59 30 fair
490 1052 88 41 hah),
626 1053 83 30 what
725 1064 18 18 a
758 1053 120 30 mother
889 1055 6 28 !

103 1115 131 41 (OliAier
254 1114 144 41 Avinced),
448 1114 61 30 and
529 1114 86 30 what
637 1126 17 18 a
674 1114 70 30 wife
756 1115 6 29 !
785 1114 86 30 there
893 1115 26 29 is

100 1182 57 23 not
173 1176 128 29 another
317 1176 60 29 like
394 1175 54 30 her
460 1176 5 29 !

146 1237 117 32 OliAier
278 1248 66 19 rose
359 1237 80 30 from
455 1237 52 30 the
521 1236 92 38 table,
626 1241 83 25 went
724 1240 32 26 to
771 1236 54 30 the
841 1247 78 29 open

101 1300 144 37 Avindow,
262 1309 78 32 gave
356 1309 18 20 a
389 1303 81 26 stare
486 1302 32 26 at
532 1297 53 31 the
600 1297 131 30 moonlit
745 1297 173 41 landscape,

101 1362 63 31 and
190 1361 131 41 turning
347 1359 109 38 round,
517 1358 97 31 Don't
639 1358 42 31 let
708 1370 36 19 us
770 1358 93 41 speak
889 1358 33 31 of

245 1422 67 31 said
328 1422 47 37 he,
392 1421 138 39 moodily
541 1433 7 25 ;
603 1420 97 32 Claire
715 1420 88 31 hates

144 1485 43 31 M.
207 1485 38 30 de
260 1484 166 40 Moranges
447 1482 55 31 did
516 1486 55 27 not
594 1492 112 31 appear
720 1481 145 31 horrified
888 1492 33 20 or

100 1559 78 20 even
196 1545 130 33 startled
345 1544 43 40 by
403 1544 62 30 this
484 1548 245 26 announcement
742 1555 7 24 ;
771 1543 37 31 he
825 1548 95 36 swept
