1132 1747
371 127 22 20 A
416 127 176 22 STARTLING
614 128 86 21 FACT.

894 121 52 26 273

123 203 71 30 hoAv
211 204 25 31 it
252 206 107 30 stands
374 206 141 32 between
531 207 98 31 Claire
648 206 62 32 and
725 217 56 20 me.
830 206 15 31 I
868 206 76 30 haA^e

123 266 117 42 always
255 266 45 32 let
316 267 55 31 her
385 268 80 32 have
480 268 54 31 her
547 280 69 19 own
627 280 70 30 way
708 268 34 31 in
754 267 190 43 everything,

123 327 63 31 and
201 339 48 20 we
269 329 122 31 seemed
410 334 32 26 to
458 330 37 30 be
515 341 40 19 on
570 330 54 30 the
646 330 68 30 best
736 329 62 31 and
820 329 124 42 politest

122 393 95 27 terms
231 401 7 25 ;
260 390 57 31 but
342 391 162 38 somehoAV,
531 392 33 29 in
587 391 54 30 the
664 392 94 37 main,
782 402 46 19 wTe
852 402 92 19 never

121 450 99 42 really
234 456 55 37 got
305 462 40 20 on
360 452 148 41 together.
554 452 31 30 It
600 452 72 31 isn't
686 452 100 30 worth
797 452 147 41 thinking

122 511 34 31 of
172 523 72 19 now
255 524 8 25 ;
285 512 57 31 but
357 524 83 19 some
455 514 126 29 months
600 525 57 30 ago
674 513 14 30 I
707 513 122 30 fancied
845 513 96 30 Claire

121 573 92 30 could
228 574 97 40 really
340 574 62 30 like
417 585 59 27 me,
494 575 62 29 and
677 574 38 30 he
735 574 129 41 stopped
880 575 61 29 and

119 634 149 31 breathed
286 635 78 30 hard
376 647 8 25 ;
441 635 79 37 well,
537 647 33 18 as
587 635 14 30 I
618 647 63 29 say,
701 635 50 30 it's
769 647 41 18 no
828 639 113 27 matter

118 706 72 20 now
190 714 43 4 —
234 696 95 31 that's
344 697 42 29 all
402 708 80 25 over,
500 697 62 30 and
578 697 53 30 she
647 697 86 30 hates

195 758 75 30 And
293 769 63 30 you
371 758 104 30 would
498 758 70 30 love
582 758 55 30 her
657 758 27 29 if
704 758 54 30 she
772 758 103 30 Avould
897 758 42 31 let

118 830 64 29 you
194 820 11 30 ?
250 819 148 30 observed
413 819 48 30 his
476 819 98 30 uncle.

164 879 126 37 Olivier,
325 879 134 30 Avithout
492 879 151 41 replying,
679 879 116 40 merely
827 879 110 30 looked

118 940 185 41 steadfastly
325 945 33 25 at
382 940 42 30 M.
447 940 38 30 de
504 940 172 41 Moranges,
700 940 69 30 who
794 940 143 30 returned

117 1001 54 31 the
187 1012 81 30 gaze.

258 1062 41 31 all
319 1067 115 33 events,
452 1073 62 30 you
530 1073 50 19 are
600 1062 168 31 convinced
787 1062 53 31 she
856 1073 80 20 cares

117 1123 48 31 for
186 1133 41 20 no
250 1133 57 20 one
329 1122 60 30 else
402 1122 11 30 ?
462 1122 63 30 and
544 1122 54 30 the
617 1126 74 26 tone
711 1122 32 30 in
758 1122 101 30 which
874 1122 62 31 this

116 1195 63 20 was
195 1183 117 41 spoken
327 1194 63 20 was
406 1194 18 19 a
438 1183 138 41 singular
591 1194 64 19 one.

195 1245 60 32 She
277 1245 27 31 is
327 1249 51 27 too
403 1244 68 31 cold
494 1244 62 30 and
574 1249 51 25 too
644 1244 100 41 proud
763 1249 32 25 to
813 1244 69 30 loATe
903 1249 31 25 at

214 1318 63 20 was
308 1306 42 31 M.
382 1306 38 31 de
447 1305 208 32 Beauvoisin's
685 1304 160 42 rejoinder,
873 1305 61 30 and

112 1371 88 29 there
216 1380 64 19 was
295 1380 19 18 a
330 1367 94 31 shade
440 1367 34 31 of
486 1367 162 31 bitterness
664 1367 32 30 in
712 1367 31 30 it.

157 1431 43 32 M.
230 1431 39 30 de
295 1430 165 40 Moranges
485 1428 83 31 leant
598 1428 48 30 his
671 1427 80 31 head
776 1438 84 30 upon
886 1426 47 31 his

112 1493 94 38 hand,
247 1492 63 32 and
349 1490 152 42 appeared
542 1489 137 42 plunged
718 1489 32 30 in
788 1488 141 42 thought.

111 1555 172 40 Gradually
322 1553 49 31 his
409 1552 72 31 look
520 1550 83 31 fixed
641 1550 86 31 itself
762 1561 84 31 upon
884 1550 47 31 his

165 1623 47 14 VOL.
230 1620 27 16 II.
806 1616 13 15 r
