1132 1747
850 115 51 25 129

267 120 220 22 GOVERNMENT
509 121 208 21 CANDIDATES.

83 196 122 31 stained
241 197 80 31 from
359 198 110 37 action,
507 198 150 37 watched,
695 197 62 31 and
793 197 107 41 hoped.

84 257 120 43 Vulgar
227 259 156 31 observers
410 264 45 26 set
481 259 92 31 down
596 259 97 31 Henri
719 259 128 41 Dupont
870 270 31 19 as

84 330 42 19 an
150 319 160 32 Orleanist.
359 320 50 31 He
423 331 63 20 was
501 320 139 43 nothing.
685 320 30 32 It
732 320 101 43 might
854 320 47 38 be,

85 380 140 42 perhaps,
242 392 106 20 nearer
373 381 53 31 the
451 381 88 31 truth
562 386 33 26 to
621 381 135 31 describe
781 381 65 31 him
868 392 33 20 as

85 442 86 31 Avhat
186 442 87 31 alone
289 454 18 19 a
321 442 193 32 Frenchman
539 454 57 20 can
619 443 38 31 be
675 442 68 33 who
768 443 133 42 despairs

85 508 56 26 not
156 502 35 32 of
203 503 115 31 France
331 515 6 19 :
360 504 132 40 namely,
509 515 17 19 a
542 503 183 41 republican.

130 563 64 31 The
209 563 121 31 fortune
354 564 34 30 of
410 564 52 30 the
485 564 143 41 Duponts
643 575 62 20 was
719 575 76 31 very
809 564 92 42 large,

84 624 63 31 and
161 624 160 31 identified
337 625 76 31 Avith
435 636 83 20 more
536 625 76 31 than
635 636 56 20 one
706 625 80 31 force
801 626 33 30 in
848 625 53 31 the

84 685 115 31 nation.
248 685 38 31 In
301 685 251 32 SaA^e-et-Merle
575 686 75 41 they
664 686 156 41 possessed
840 690 62 27 two

85 746 209 32 considerable
332 751 118 33 estates,
483 747 170 42 stretching
687 758 72 20 over
793 748 109 30 almost

86 807 53 32 the
176 807 98 32 Avhole
312 807 137 32 distance
485 808 139 31 between
659 808 150 42 Malleray
841 809 62 30 and

87 869 260 31 Mont-Vivienne
358 881 7 24 ;
388 869 34 30 in
449 869 182 41 Normandy
654 869 76 42 they
753 880 78 20 were
852 881 50 19 ex-

87 931 119 30 tensive
230 930 193 41 proprietors,
446 940 32 20 as
496 929 63 31 also
581 929 33 31 in
636 929 53 31 the
712 930 140 31 environs
873 931 33 30 of

88 992 86 30 Paris
186 1004 8 24 ;
217 991 62 30 and
294 991 33 30 in
342 990 126 42 railway
477 995 145 37 property
634 991 51 30 old
700 991 128 41 Dupont
843 992 62 30 had

86 1053 79 30 been
189 1063 57 19 one
272 1052 34 30 of
329 1052 53 30 the
410 1052 118 30 earliest
557 1052 62 30 and
642 1052 111 41 largest
776 1052 125 31 holders.

88 1115 99 30 Henri
202 1114 130 41 Dupont
347 1125 63 19 was
431 1114 118 30 famous
575 1125 33 18 as
635 1125 39 18 an
697 1114 207 41 agriculturist

86 1176 64 31 and
165 1175 239 37 cattle-breeder,
422 1175 62 30 and
505 1174 115 30 carried
641 1174 45 30 off
701 1175 97 40 prizes
813 1176 88 30 Avith-

85 1242 56 27 out
158 1237 68 37 end,
242 1237 63 30 and
319 1237 154 30 wherever
487 1237 48 29 his
549 1248 90 19 name
648 1247 63 19 was
725 1237 178 31 mentioned

84 1299 27 31 it
134 1309 62 20 was
220 1309 33 20 so
277 1297 76 31 with
377 1302 117 36 respect
516 1297 47 30 for
584 1297 53 31 the
660 1297 165 43 exceeding
846 1309 57 30 up-

84 1361 155 41 rightness
249 1360 62 31 and
327 1359 119 42 loyalty
457 1358 34 32 of
503 1359 47 31 his
562 1359 162 31 character.
758 1359 144 31 Between

85 1424 48 29 his
148 1422 101 31 father
272 1421 61 31 and
359 1421 53 31 the
438 1420 150 43 Dowager
609 1421 86 31 there
718 1421 61 31 had
794 1421 76 31 been
885 1433 18 19 a

84 1484 142 42 life-long
248 1483 171 41 friendship
434 1483 33 30 in
490 1483 78 41 spite
584 1483 34 30 of
637 1483 41 30 all
693 1483 136 41 political
845 1483 58 31 dif-

84 1546 143 38 ferences,
259 1546 47 31 for
331 1545 75 41 they
432 1556 77 20 were
536 1545 192 41 neighbours,
753 1545 151 32 widoAved

141 1613 51 15 VOL.
206 1613 25 15 II.

775 1612 15 14 K
