1132 1747
182 125 52 25 308

413 129 81 20 LOATE
518 127 64 21 THE
605 125 160 23 AVENGER.

181 209 111 33 looked
317 220 95 30 away.
459 207 42 30 M.
524 206 39 31 de
583 205 144 31 Lancour
742 203 57 31 felt
820 202 70 31 that
911 199 102 32 Claire

182 273 61 30 had
264 270 120 44 judged
400 269 122 38 Berthe,
540 268 63 31 and
619 267 102 31 Claire
743 265 57 31 felt
816 264 72 32 that
904 263 109 32 Victor

181 334 91 29 knew
287 333 53 30 she
356 331 63 32 had
435 331 79 31 done
530 341 41 20 so.

225 395 29 30 A
274 394 98 42 signal
387 404 63 20 was
474 393 101 42 given,
593 391 63 31 and
673 391 55 31 the
751 389 120 42 prefect
893 399 67 20 rose
978 391 34 27 to

182 457 91 30 make
296 468 18 18 a
337 455 110 42 speech
459 467 7 25 ;
497 454 59 31 but
578 453 52 32 the
657 452 125 32 tribune
806 463 63 20 was
891 451 48 30 far
961 455 51 26 too

183 518 84 42 high,
285 529 40 19 no
347 528 57 19 one
419 516 94 31 heard
537 516 73 30 him.
657 515 88 30 Then
762 513 90 32 other
867 512 145 43 speeches

182 579 152 38 folloAved,
352 578 62 31 and
429 578 76 30 then
521 577 99 30 music
635 575 81 31 from
739 574 100 32 bands
855 573 157 32 stationed

182 639 132 32 beneath
326 652 8 25 ;
365 639 76 31 then
466 650 19 20 a
509 639 54 30 list
584 638 34 31 of
635 649 106 19 names
763 648 65 19 was
850 636 83 38 read,
958 636 54 31 the

182 712 107 20 names
316 700 34 31 of
375 700 88 32 those
486 700 71 31 Avho
588 700 60 30 had
676 703 55 38 got
761 699 107 41 prizes,
892 698 63 30 and
978 698 34 30 in

182 763 86 31 these
284 763 123 31 various
423 762 184 31 ceremonies
624 773 17 19 a
662 761 108 42 period
785 761 34 31 of
839 766 63 27 two
917 761 94 32 hours

183 829 83 26 went
281 824 51 40 by.

226 886 75 30 And
338 886 64 30 still
438 885 53 31 the
530 885 103 31 crowd
670 885 160 38 mounted,
866 885 63 30 and
966 889 47 26 set

184 948 181 41 gendarmes
396 952 32 25 at
458 947 129 41 nought,
620 946 63 31 and
706 947 156 41 thronged
885 947 55 31 the
965 946 47 31 ill-

185 1009 90 30 made
293 1009 97 37 stairs,
410 1009 63 30 and
499 1009 120 40 pushed
640 1009 65 30 and
728 1009 128 41 pressed
880 1013 33 26 to
938 1009 75 42 gain

186 1070 195 29 admittance.

229 1131 53 30 All
301 1136 32 26 at
353 1142 83 27 once,
454 1131 87 32 there
556 1143 63 20 Avas
645 1143 17 20 a
686 1143 103 30 pause,
807 1132 63 31 and
895 1132 77 32 then
997 1144 18 20 a

187 1192 61 32 bell
269 1204 84 31 rang.
399 1192 43 32 At
463 1193 59 31 last
535 1195 5 29 !
564 1194 87 31 there
667 1205 80 20 Avere
767 1194 55 31 the
840 1206 94 28 races,
952 1195 63 31 and

187 1254 69 31 that
271 1265 63 20 was
353 1254 144 31 folloAved
519 1254 44 42 by
583 1266 57 19 one
664 1255 35 30 of
717 1256 89 30 those
828 1257 187 41 mysterious

187 1319 191 26 movements
392 1314 70 31 that
478 1326 50 20 are
543 1316 137 40 peculiar
695 1320 33 27 to
745 1317 86 30 thick
848 1317 137 41 throngs.

232 1375 63 31 The
320 1376 116 31 human
462 1387 51 20 sea
536 1377 121 31 heaved
682 1389 33 19 as
740 1379 77 30 with
845 1390 18 20 a
894 1380 122 34 ground

189 1438 93 36 swell,
302 1438 149 30 breathed
474 1449 34 19 as
534 1439 80 30 from
641 1451 58 19 one
721 1440 95 39 chest,
833 1452 34 21 as
889 1442 54 31 the
966 1454 51 20 sea

189 1498 72 30 does
274 1511 6 24 ;
312 1509 71 26 was,
415 1510 32 19 as
477 1500 26 29 it
533 1511 88 27 were,
653 1501 42 30 all
725 1512 66 28 one,
821 1503 62 31 and
907 1504 109 39 rolled,

190 1560 196 40 cumbrously
402 1561 177 39 disportive,
596 1562 33 31 in
646 1562 40 32 its
703 1568 222 29 contentment.
