1132 1747
868 115 53 26 193

350 119 111 22 BELOW
482 120 64 21 THE
569 120 101 21 MARK.

100 204 96 30 paper
211 194 165 33 addressed
391 201 33 26 to
446 197 54 31 the
515 197 159 42 Dowager,
692 209 40 19 on
748 197 101 30 Avhich
868 196 54 31 the

102 253 140 44 Marquis
257 256 62 31 had
334 258 125 31 Avritten
475 259 34 30 in
527 259 102 40 pencil
650 259 69 30 that
740 270 17 18 a
775 258 144 41 telegram

100 315 67 41 just
181 318 140 31 received
337 319 122 42 obliged
481 320 62 28 him
564 326 33 25 to
620 331 38 31 go
674 331 43 30 up
731 326 33 25 to
780 320 87 30 Paris
883 330 39 19 on

102 376 148 40 business,
267 379 58 31 but
338 381 71 30 that
426 381 38 31 he
481 381 110 31 should
613 381 37 31 be
671 386 32 26 at
721 381 90 30 home
832 381 89 41 again

103 439 34 30 in
151 440 164 42 thirty-six
336 442 101 31 hours.
486 442 50 31 He
556 443 119 31 desired
691 442 68 31 that
776 442 53 31 the
850 442 72 41 dog-

104 505 65 26 cart
195 502 102 41 might
322 502 37 31 be
381 508 68 26 sent
475 508 33 26 to
536 503 150 41 Malleray
707 514 39 19 on
770 503 53 30 the
849 508 73 25 next

104 561 62 41 day
192 562 57 30 but
274 574 65 27 one,
366 563 84 42 early
468 564 34 30 in
525 563 52 31 the
604 564 152 41 morning,
778 574 32 20 so
834 574 33 19 as
890 569 32 24 to

103 627 82 25 meet
213 622 66 31 him
308 628 33 25 at
366 624 49 30 his
445 624 125 31 descent
594 624 79 31 from
702 624 52 31 the
782 624 140 30 Chartres

103 683 160 41 diligence,
289 685 110 38 which,
431 696 33 20 as
493 696 46 20 we
569 685 100 38 knowT,
702 685 220 41 corresponded

102 745 78 30 Avith
195 745 54 31 the
264 745 244 32 Paris-Chartres
524 746 193 41 night-train.

147 805 74 31 This
236 817 63 20 was
323 817 18 20 a
355 818 76 30 very
447 806 61 32 odd
523 807 184 42 proceeding
729 818 40 19 on
785 806 138 32 Ofivier's

104 872 78 35 part.
230 867 63 31 The
310 867 151 43 Dowager
475 879 63 20 was
559 879 32 20 so
609 868 76 31 used
707 873 32 26 to
757 867 166 42 managing

105 928 55 30 her
177 928 80 31 son's
276 928 101 31 affairs
397 928 70 32 that
486 928 54 32 she
554 940 63 20 was
635 933 33 27 at
686 940 18 19 a
721 929 60 30 loss
799 933 32 26 to
855 939 68 20 con-

106 989 85 30 ceive
205 988 71 31 how
290 989 38 31 be
344 989 92 31 could
454 989 79 31 have
548 1000 63 31 any
625 989 137 31 business
779 989 33 31 of
824 989 99 31 which

106 1049 55 32 she
177 1049 110 31 should
302 1055 55 25 not
372 1049 37 32 be
425 1050 100 31 better
540 1050 151 30 informed
702 1050 76 30 than
793 1050 128 31 himself.

105 1111 65 31 The
185 1122 107 31 young
307 1110 157 42 Marquise
475 1122 62 20 was
553 1111 150 41 annoyed,
717 1111 61 31 and
792 1111 131 42 thought

105 1171 69 32 that
192 1171 55 31 her
261 1171 142 31 husband
420 1171 90 32 made
530 1183 17 19 a
564 1171 130 32 mistake
713 1172 33 30 in
764 1171 160 42 absenting

104 1233 128 31 himself
252 1244 77 20 even
354 1232 48 32 for
427 1244 19 20 a
471 1233 71 42 day,
563 1237 32 27 at
619 1244 17 20 a
659 1234 76 30 time
762 1234 89 30 when
877 1233 47 31 his

103 1305 144 31 presence
277 1305 63 20 Avas
376 1305 33 20 so
446 1294 224 41 indispensable
685 1306 7 25 ;
730 1293 61 32 and
825 1293 98 31 Henri

104 1356 132 41 Dupont
265 1367 64 19 was
365 1355 93 42 fairly
483 1355 147 31 bothered
661 1354 26 42 (I
718 1359 112 27 cannot
859 1354 64 31 find

104 1417 128 31 another
258 1416 85 31 wrord
366 1416 49 31 for
442 1416 48 31 his
513 1416 134 42 peculiar
670 1416 112 42 feeling
807 1426 38 20 on
871 1415 52 31 the

104 1479 150 41 occasion)
281 1479 137 36 because,
440 1478 33 30 in
497 1478 78 41 spite
600 1478 33 30 of
656 1477 129 36 himself,
812 1476 38 31 he
873 1477 50 30 be-

103 1541 102 32 lieved
221 1541 33 31 in
270 1540 119 32 neither
404 1540 53 31 the
472 1539 137 32 business
630 1551 55 19 nor
699 1539 52 31 the
767 1539 153 40 telegram.

161 1607 52 16 VOL.
227 1607 23 16 II.

828 1605 11 14 o
