1132 1747
389 115 43 21 ON
453 115 64 21 THE
541 115 103 21 SCENT.

889 111 32 26 61

106 194 86 26 ment
207 190 35 31 of
261 196 150 36 apparent
425 191 173 32 reluctance
613 196 33 27 at
660 192 116 42 having
791 196 32 27 to
839 203 86 20 avTow

107 261 17 19 a
140 251 120 39 painful
275 252 97 38 truth,
374 271 44 3 —

288 313 52 32 she
355 313 126 42 replied,
531 313 53 32 she
609 315 28 30 is
659 314 135 42 thought
815 315 33 30 in
871 314 54 31 her

107 374 98 31 world
231 386 18 19 a
272 379 87 38 great
380 375 116 42 beauty
510 387 6 25 ;
539 376 121 38 indeed,
687 376 85 41 quite
798 376 128 30 irresist-

250 437 74 31 This
347 448 64 20 was
433 438 123 30 uttered
581 438 34 30 in
642 449 17 20 a
688 438 68 37 low,
782 438 144 42 regretful

107 502 82 25 tone.

152 558 151 31 Claudine
328 564 48 26 sat
398 560 134 41 upright,
558 560 110 42 gazing
692 560 182 41 steadfastly
895 565 32 25 at

107 619 55 30 her
190 619 111 38 friend,
329 620 70 30 who
425 631 63 20 was
514 621 146 42 kneeling
687 632 40 19 on
758 632 17 19 a
802 621 125 30 cushion

108 681 104 30 beside
237 681 54 31 the
317 681 74 39 sofa,
408 682 62 30 and
493 682 78 30 Avith
595 682 163 42 quivering
782 682 59 41 lips
868 682 59 30 and

110 742 116 37 nostril,
254 742 62 30 and
346 753 19 20 a
393 742 85 31 brow
504 742 70 32 knit
600 743 32 30 in
659 743 98 31 wrath
784 742 62 31 like
874 742 53 31 the

112 803 163 37 Medusa's,
278 822 44 4 —

185 865 49 32 Do
250 876 63 30 you
328 864 117 31 believe
460 865 53 31 she
528 865 26 31 is
569 865 47 31 his
631 865 135 31 mistress
779 865 10 31 ?
836 864 92 31 asked

110 938 18 19 a
142 926 96 38 voice,
255 926 106 32 hoarse
376 926 78 31 Avith
470 938 94 29 anger
578 927 63 31 and
656 926 101 32 dread.

153 986 64 32 The
233 987 107 42 glance
355 987 78 31 with
444 987 101 31 which
560 987 82 31 Mile,
659 987 38 31 de
713 986 214 42 Mourjonville

111 1047 75 32 took
211 1047 54 32 the
291 1048 97 31 entire
410 1053 104 37 aspect
538 1048 35 31 of
598 1048 53 31 the
680 1059 121 20 woman
827 1048 100 31 before

110 1109 55 31 her
180 1121 64 19 was
259 1121 19 19 a
292 1110 85 31 short
388 1121 67 26 one,
471 1121 40 19 no
527 1110 106 41 longer
648 1110 75 30 than
740 1121 17 19 a
772 1108 155 43 lightning

109 1171 87 37 flash,
213 1171 57 31 but
284 1171 27 31 it
325 1171 67 31 told
406 1171 147 30 volumes.

278 1232 67 30 said
361 1232 62 38 she,
438 1231 205 41 deliberately,
662 1230 70 37 and,
750 1241 33 20 as
797 1230 27 31 it
839 1241 86 26 were,

110 1294 124 41 driving
250 1305 18 19 a
283 1294 63 30 nail
361 1294 90 30 home
466 1293 77 31 Avith
560 1304 57 19 one
632 1292 110 30 knock.

185 1355 49 31 No
247 1355 11 31 ?
308 1355 114 31 echoed
448 1354 159 38 Claudine,
631 1354 56 29 her
711 1352 98 31 whole
836 1363 91 20 coun-

109 1421 130 27 tenance
253 1416 126 42 passing
400 1416 136 42 through
558 1414 206 31 half-a-dozen
787 1412 140 32 different

111 1478 189 41 expressions
315 1478 34 30 in
364 1488 18 20 a
397 1477 118 31 second.

287 1538 151 41 repeated,
456 1537 126 41 stoutly,
607 1536 137 41 Aspasie,
770 1535 71 37 and,
867 1535 60 30 this
