1132 1747
198 107 35 25 48

432 115 82 20 LOVE
537 115 63 20 THE
623 114 161 21 AVENGER.

198 197 145 33 moment,
360 192 178 32 half-raised
562 192 47 31 Iris
628 192 55 31 hat
706 197 33 26 to
762 196 63 26 two
840 190 97 31 ladies
953 188 70 31 who

197 265 78 21 were
291 255 110 42 sitting
424 259 32 27 at
479 266 18 19 a
519 254 83 31 table
618 254 33 31 in
666 254 54 31 the
736 253 81 32 close
837 252 186 43 neighbour-

196 315 81 31 hood
292 316 34 30 of
344 316 53 30 the
413 327 58 19 one
495 320 32 26 to
543 315 103 31 which
673 314 38 32 he
740 326 63 20 Avas
826 313 195 38 summoned,

196 376 62 31 and
273 377 82 36 then,
374 377 122 41 coming
512 376 132 42 straight
660 387 48 26 on,
726 375 181 43 exchanged
922 379 100 39 greet-

195 439 68 40 ings
279 439 62 29 and
355 439 246 40 hand-shakings
616 438 77 31 with
709 438 88 30 those
813 437 119 31 around
948 438 33 30 it.

238 499 63 30 The
326 500 168 30 handsome
517 500 113 30 blonde
645 510 64 20 Avas
731 499 186 41 apparently
940 498 80 42 busy

194 560 76 31 with
297 572 81 19 some
406 560 95 31 detail
528 560 34 31 of
581 560 53 31 the
659 561 91 30 attire
775 560 35 31 of
830 571 57 20 one
912 560 34 31 of
965 560 54 30 the

193 626 62 26 two
279 622 95 30 ladies
394 622 102 30 Avhom
520 622 53 30 the
597 622 141 41 Marquis
764 622 39 31 de
830 622 189 31 Beauvoisin

192 683 63 30 had
269 683 108 31 boAved
392 688 41 34 to,
449 683 48 31 for
512 694 32 20 as
560 683 54 32 she
629 684 172 42 whispered
816 689 33 26 to
868 684 75 38 him,
964 684 54 32 the

192 744 108 38 Avords,
401 745 26 31 it
442 745 25 31 is
489 745 72 38 real,
579 746 25 31 it
620 746 26 31 is
661 746 100 31 worth
784 751 53 26 ten
860 747 158 31 thousand

192 805 101 31 francs
317 810 32 27 at
494 818 79 20 Avere
596 808 136 37 audible;
757 808 62 31 and
836 820 42 26 so,
896 808 120 41 shortly

192 867 85 37 after,
295 879 78 19 Avere
389 868 84 30 these
483 880 9 19 :
546 869 14 30 I
576 870 105 30 Avould
703 870 72 42 give
797 871 54 30 the
867 871 99 30 Avorld
981 876 34 26 to

191 928 93 31 knoAv
300 929 68 30 Avho
383 930 90 30 made
488 931 33 36 it,
538 931 137 31 Avhether
697 932 114 31 Felicie
833 943 34 20 or
882 932 112 32 Worth
1007 946 8 24 ;

191 989 136 31 couldn't
348 1001 62 30 you
426 991 55 30 ask
504 991 54 31 her
571 992 11 31 ?
627 992 15 30 I
665 998 85 26 must
772 993 80 32 have
875 1005 59 20 one
949 995 64 31 like

235 1113 115 30 Olivier
364 1114 120 31 seemed
500 1119 32 26 to
549 1114 88 32 elude
653 1116 52 31 the
727 1118 196 31 commission
939 1119 73 31 thus

191 1174 215 41 half-imposed
432 1186 84 30 upon
546 1176 74 38 him,
648 1177 48 31 for
729 1178 39 31 he
795 1180 141 42 changed
963 1181 49 31 his

190 1235 92 40 place.
341 1235 48 42 By
415 1236 62 30 this
506 1243 176 26 movement
711 1239 53 31 the
795 1240 81 32 little
906 1241 106 32 black-

190 1296 77 41 eyed
283 1296 73 41 lady
371 1296 76 31 with
462 1296 53 32 the
530 1297 69 32 bird
622 1300 63 29 and
704 1301 88 36 plum
808 1302 33 30 in
857 1302 54 32 her
926 1303 86 34 chig-

190 1368 61 19 non
267 1368 62 20 was
344 1357 177 33 discovered
542 1371 32 19 as
598 1365 84 37 stage
698 1362 165 33 directions
879 1369 80 27 term
975 1367 35 38 it,

190 1418 62 31 and
267 1418 51 31 the
334 1418 138 43 Marquis
495 1420 38 31 de
555 1420 165 44 Moranges
738 1424 155 43 suddenly
909 1428 103 32 added

190 1479 124 31 himself
326 1484 32 27 to
373 1480 53 31 the
440 1492 106 30 group,
564 1483 115 43 seizing
694 1485 76 32 both
785 1487 101 33 hands
902 1489 34 32 of
948 1490 64 32 this

189 1540 94 42 lively
298 1552 165 31 personage
479 1543 60 30 and
555 1544 194 44 exclaiming,
753 1567 43 4 —
