1132 1747
271 124 218 23 GOVERNMENT
512 125 205 22 CANDIDATES.

850 121 50 27 127

88 200 101 31 which
215 200 62 32 had
299 206 55 37 yet
377 201 77 32 been
476 201 199 38 determined,
698 202 53 31 the
775 202 129 31 election

89 261 105 31 would
216 266 75 26 turn
315 273 39 20 on
381 262 53 32 the
459 263 116 41 merely
589 262 78 32 local
689 262 164 32 influences
875 263 32 31 of

89 322 139 42 prefects,
246 323 210 41 sub-prefects,
474 325 62 30 and
551 324 197 31 landowners.

133 384 44 31 At
192 384 54 31 the
262 391 119 25 eastern
404 387 165 40 extremity
585 387 34 30 of
637 387 53 30 the
713 386 193 41 department

90 445 89 31 stood
195 446 198 38 Combeville,
409 447 53 30 the
487 452 71 36 post
579 452 84 26 toAvn
685 446 34 31 of
743 446 162 37 Ckvreufl,

91 507 62 30 and
168 507 99 30 where
282 507 43 31 M.
345 508 37 30 de
399 508 153 30 Clavxeuil
567 508 110 36 Avould,
689 508 62 29 had
766 508 38 29 he
819 507 87 30 cared

91 567 47 31 for
152 568 34 36 it,
203 568 79 30 have
297 569 133 41 reigned,
448 569 55 30 but
525 569 39 30 he
586 569 55 30 did
659 573 55 25 not
729 579 67 19 care
811 568 46 30 for
871 568 32 30 it.

92 629 41 30 M.
154 629 37 30 de
206 629 172 42 Moranges,
395 641 33 18 as
442 640 47 19 we
505 629 101 38 know,
623 634 57 36 put
696 630 25 29 it
736 629 169 37 othenvise,

91 690 62 29 and
175 701 62 19 was
252 695 85 26 wont
363 695 32 26 to
420 690 122 41 employ
557 691 53 30 the
632 690 140 38 formula,
818 690 88 30 Clav-

89 751 78 30 reuil
182 751 26 30 is
224 763 18 18 a
256 751 61 31 fool
332 752 5 29 !
381 763 83 29 upon
480 752 41 29 all
543 752 161 30 occasions.
750 751 63 30 The
836 751 70 30 sub-

89 811 116 41 prefect
231 812 34 30 of
288 812 187 30 Combeville
497 812 149 31 therefore
668 812 61 30 had
745 817 55 25 not
814 812 92 30 much

89 877 33 26 to
138 872 64 31 fear
216 872 80 30 from
311 873 53 30 the
380 873 153 30 ClaATreuil
547 873 123 30 faction.

134 933 45 31 At
209 934 158 40 Malleray,
398 945 33 19 as
460 945 46 19 we
536 934 100 38 know,
668 934 52 30 the
750 934 156 41 mightiest

92 993 152 31 influence
260 1005 62 19 was
348 994 216 37 Beauvoisin's,
581 994 62 30 and
668 994 68 30 that
757 994 149 30 influence

92 1051 63 31 had
177 1051 124 31 become
326 1052 155 31 incarnate
508 1051 33 31 in
566 1051 53 31 the
642 1051 157 42 Dowager.
845 1051 61 30 But

92 1112 63 30 this
170 1123 62 19 was
247 1117 109 25 recent.

135 1173 83 31 Four
233 1184 33 19 or
281 1172 60 32 five
356 1183 87 31 years
466 1183 57 32 ago
548 1172 53 31 the
624 1172 62 31 real
709 1172 150 31 influence
874 1172 33 30 in

91 1235 53 31 the
161 1234 98 32 Avhole
283 1234 194 42 department
491 1234 62 31 had
575 1234 77 31 been
667 1234 107 31 vested
800 1234 34 30 in
855 1234 52 31 the

91 1307 110 30 person
216 1296 34 31 of
270 1295 102 32 Count
386 1295 129 42 Dupont
531 1295 38 31 de
583 1295 141 42 Laporte,
740 1295 53 31 the
808 1294 100 32 father

91 1358 34 31 of
137 1358 116 31 Olivier
255 1357 22 31 's
291 1357 101 31 friend
413 1357 107 37 Henri,
536 1357 61 30 and
618 1357 170 41 proprietor
803 1356 34 31 of
855 1356 52 31 the

89 1420 61 32 fine
177 1420 126 31 domain
327 1419 35 30 of
381 1419 188 38 Breuvieres,
594 1419 102 30 Avhich
722 1418 52 41 lay
799 1422 32 26 to
856 1417 52 31 the

89 1481 190 39 north-west,
310 1481 116 30 behind
451 1481 193 37 Beauvoisin,
676 1479 157 41 obliquely
862 1484 46 25 to-

89 1543 100 32 wards
226 1542 265 39 Mont-Vivienne,
529 1542 62 31 and
635 1553 62 19 was
741 1542 167 39 important
