1132 1747
411 121 109 22 RISING
543 122 116 21 WAVES.

911 119 33 24 35

128 195 227 31 remuneration
376 196 78 31 from
478 198 52 30 the
555 198 161 37 Dowager,
741 199 79 31 from
847 200 42 31 M.
909 200 36 31 de

131 254 173 44 Moranges,
321 258 63 30 and
398 259 131 41 perhaps
545 270 76 21 even
633 260 78 31 from
724 260 116 32 Olivier
853 262 6 30 !
885 261 60 31 But

130 316 70 31 that
215 329 62 19 was
293 319 55 29 her
362 324 102 24 secret.

188 380 6 11 '
206 378 71 31 You
292 379 63 31 had
370 391 78 29 your
463 380 88 31 usual
569 380 83 38 luck,
668 381 172 43 Moranges,
856 381 90 31 when

131 450 63 30 you
209 440 64 30 laid
287 441 99 31 hands
402 452 39 20 on
456 441 69 31 that
540 442 84 40 piece
646 442 34 30 of
697 442 145 31 feminine
858 442 88 32 intel-

133 501 117 41 ligence
264 503 5 29 !
313 502 66 31 said
395 502 42 31 M.
456 502 38 31 de
510 502 180 32 Sauveterre
706 514 56 20 one
778 503 62 42 day
853 508 32 26 to
900 503 46 31 his

131 561 110 38 friend,
263 563 145 42 glancing
431 574 99 20 across
553 563 53 31 the
632 564 89 31 salon
751 568 32 27 at
808 564 137 41 Aspasie,

131 622 101 31 whose
249 623 77 30 back
349 634 62 20 was
431 624 113 31 turned
566 624 133 31 towards
721 624 52 31 the
797 624 146 42 speakers.

163 683 59 31 She
253 684 26 30 is
309 684 173 31 invaluable
495 686 5 29 !
534 696 32 20 so
591 685 142 42 amusing
763 685 61 31 and
853 686 93 41 ready

130 745 116 38 Avitted,
271 750 55 36 yet
349 756 32 20 so
404 745 57 31 full
480 746 34 30 of
536 750 73 33 tact,
630 746 62 31 and
717 746 114 42 always
846 747 32 30 in
894 747 52 31 her

129 806 86 41 place
230 807 5 29 !
259 807 84 40 truly
366 818 18 19 a
407 807 172 31 Avonderful
602 818 117 29 person,
749 808 61 31 and
836 819 18 20 a
879 807 67 32 first

127 872 66 26 rate
205 878 154 30 manager,
376 867 73 32 isn't
464 868 53 31 she
531 869 10 30 ?

204 929 62 31 Yes
277 931 6 29 !
309 929 52 31 she
376 929 27 31 is
418 929 66 31 first
599 929 116 41 replied
729 929 52 31 the
797 929 147 41 Marquis,

127 990 77 31 with
221 990 182 36 conviction,
453 989 62 31 and
537 990 26 30 it
585 990 35 37 is,
638 1000 32 20 as
692 1001 63 30 you
779 990 132 37 observe,
928 1001 16 20 a

127 1051 85 41 piece
237 1051 34 31 of
290 1051 185 31 undeniable
501 1050 74 31 luck
590 1053 5 28 !
641 1050 62 31 But
729 1050 87 31 Paris
842 1051 26 30 is
892 1051 52 30 the

126 1114 122 30 mother
262 1114 86 30 earth
359 1113 33 31 of
403 1113 68 30 that
486 1113 78 30 kind
580 1112 33 30 of
625 1112 109 31 female
748 1125 7 24 ;
779 1113 51 29 she
845 1123 99 31 grows

126 1175 141 31 nowhere
283 1175 69 37 else,
369 1175 58 30 but
443 1185 99 19 comes
558 1178 33 26 to
606 1173 168 40 perfection

200 1236 123 31 Female
338 1237 5 29 !
367 1236 110 30 female
489 1236 11 30 ?
522 1235 27 30 if
560 1246 61 30 you
738 1234 139 41 objected
893 1234 48 30 old

124 1297 181 32 Sauveterre
320 1310 6 25 ;
413 1297 65 30 said
502 1308 17 19 a
541 1297 84 40 piece
642 1296 34 30 of
691 1296 145 30 feminine
853 1296 88 30 intel-

122 1360 127 42 ligence,
268 1359 15 32 I
299 1370 93 21 never
407 1358 67 32 said
494 1358 153 42 anything
663 1358 68 35 else,
750 1357 62 30 and
826 1357 68 30 that
917 1358 24 29 is

122 1422 85 30 what
231 1422 52 30 she
307 1422 35 37 is,
370 1421 61 31 and
453 1420 71 32 that
539 1420 72 31 does
635 1430 83 31 grow
734 1418 79 37 here,
832 1418 61 31 and
909 1429 32 20 as

121 1494 62 29 you
199 1494 62 29 say,
287 1493 100 19 comes
409 1486 33 26 to
464 1480 169 43 perfection
646 1492 6 25 ;
676 1479 57 32 but
753 1479 85 31 Paris
854 1479 86 31 don't

122 1556 84 29 grow
230 1556 129 26 women,
388 1555 54 29 my
465 1543 81 41 good
566 1542 100 31 friend
678 1554 7 25 ;
707 1541 72 38 real,
807 1542 131 41 genuine

812 1607 16 14 D
844 1603 10 18 2
