1132 1747
183 102 52 25 234

421 109 82 19 LOArE
526 108 64 20 THE
613 105 160 22 AVENGER.

182 186 237 41 interpretation
447 186 34 29 of
502 197 18 18 a
550 188 87 38 great
660 187 125 32 master,
814 192 35 20 or
879 181 54 30 the
962 190 51 20 ex-

181 248 137 41 pression
342 248 34 31 of
395 259 79 30 your
497 258 70 20 OAvn
590 246 135 41 thought
750 246 34 29 in
805 243 110 38 sound,
940 254 33 20 as
995 254 18 19 a

181 321 82 20 mere
291 310 155 31 diversion
472 308 186 32 introduced
681 313 33 26 to
738 312 54 38 get
815 307 49 30 rid
885 306 35 30 of
937 306 76 30 time

180 373 140 30 between
351 384 18 19 a
399 372 153 41 quadrille
583 383 34 19 or
647 382 18 20 a
688 381 92 32 game
811 369 35 31 of
873 373 135 37 croquet.

181 435 50 31 No
243 447 7 26 ;
274 446 85 30 upon
374 435 63 30 this
458 435 90 41 point
572 434 147 30 Madame
743 432 101 31 Claire
868 442 64 20 was
960 430 52 31 ob-

180 496 121 37 stinate,
322 496 63 31 and
408 496 33 30 in
464 496 79 41 spite
569 495 34 30 of
621 495 56 30 her
699 494 105 42 gentle
827 493 95 36 mien,
950 491 62 32 and

180 558 54 31 her
253 558 61 31 soft
332 557 161 32 faAvn-like
514 568 80 31 eyes,
622 557 136 41 nothing
785 557 33 29 in
837 555 54 31 the
912 553 99 32 Avorld

180 620 103 30 Avould
306 619 112 31 induce
441 620 55 30 her
520 624 32 26 to
575 618 92 32 make
695 618 100 31 music
818 617 78 32 with
922 617 88 31 those

180 682 70 29 Avho
266 692 78 20 were
368 686 55 25 not
446 681 177 36 musicians,
641 692 34 19 or
689 680 48 31 for
756 680 87 30 those
863 679 71 31 who
955 678 56 31 did

180 746 56 26 not
255 742 150 41 sincerely
420 742 69 30 love
513 742 53 30 the
586 746 56 26 art.
691 742 63 30 But
773 741 86 31 there
879 751 81 21 Avere
976 740 34 31 in

179 803 54 30 the
249 803 255 41 neighbourhood
528 803 34 30 of
575 803 158 30 Clavreuil
757 814 83 19 some
861 802 60 31 few
940 814 69 30 per-

180 877 70 18 sons
266 866 70 29 Avho
357 865 98 30 found
470 876 90 30 grace
586 865 33 29 in
643 864 125 31 Claire's
791 876 81 29 eyes,
890 864 63 30 and
977 875 33 19 so

180 926 25 29 it
233 926 176 29 sometimes
435 925 164 41 happened
622 925 70 30 that
713 936 17 19 a
749 925 101 30 whole
874 926 135 41 evening

178 987 105 31 would
308 987 38 30 be
377 992 91 36 spent
491 987 33 30 in
546 987 52 30 the
625 987 181 41 enjoyment
829 987 35 30 of
885 987 122 37 Weber,

178 1048 231 37 Mendelssohn,
434 1059 34 19 or
491 1048 188 31 Beethoven.
730 1048 84 31 Once
835 1049 174 41 persuaded

178 1109 69 30 that
263 1109 134 30 kindred
413 1109 105 40 spirits
534 1120 80 19 were
630 1109 120 31 around
771 1110 63 37 her,
860 1110 63 31 and
939 1110 69 31 that

177 1170 53 30 she
254 1181 63 19 was
339 1170 87 41 truly
448 1170 109 42 giving
579 1170 140 41 pleasure
741 1175 33 27 to
798 1172 55 31 her
875 1172 131 37 hearers,

178 1231 99 31 Claire
308 1231 105 30 would
443 1242 72 30 pass
541 1232 94 31 hours
666 1238 32 25 at
729 1233 54 30 her
813 1234 103 40 piano,
945 1235 64 30 and

179 1292 134 41 identify
348 1292 115 30 herself
496 1292 78 32 with
611 1294 54 30 the
702 1296 214 30 master-souls
954 1297 54 30 she

179 1353 126 32 evoked.
355 1352 60 32 She
441 1353 114 41 played
581 1354 121 42 Chopin
734 1357 196 41 beautifully,
959 1358 47 31 for

178 1416 55 30 her
255 1414 151 42 professor
427 1414 63 31 had
520 1414 77 32 been
625 1428 17 18 a
670 1416 107 32 Polish
800 1418 75 41 lady
903 1419 103 31 Avhose

178 1477 166 29 instructor
360 1487 62 19 was
448 1475 120 41 Chopin
591 1476 125 32 himself
724 1490 7 25 ;
757 1479 56 30 but
835 1479 55 30 she
913 1481 93 31 could

179 1538 75 40 only
270 1549 40 18 on
325 1548 75 30 very
415 1547 67 20 rare
504 1538 155 30 occasions
675 1539 38 30 be
729 1539 134 30 induced
880 1545 32 25 to
929 1542 75 40 play
