1132 1747
461 99 35 20 IN
519 100 61 21 FOR
603 100 37 21 IT.

928 99 34 24 23

138 172 119 38 bowed,
276 185 33 20 as
324 175 53 30 the
399 175 75 31 door
488 188 64 19 was
572 177 109 39 closed,
700 179 62 31 and
784 181 128 40 pointed
929 186 32 26 to

139 245 19 19 a
173 239 75 34 seat,
266 237 119 41 saying,
402 248 77 30 very
493 238 138 40 politely,
633 258 43 3 —

216 295 154 39 Madame,
395 309 74 30 may
495 299 15 30 I
536 299 54 30 ask
616 304 33 26 to
674 299 84 32 what
782 299 14 31 I
822 311 63 21 owe
908 300 53 32 the

139 357 122 29 honour

184 420 64 30 But
268 431 33 20 as
323 420 54 32 the
398 421 72 42 lady
487 421 160 32 advanced
661 422 134 31 towards
809 423 74 37 him,
901 423 60 30 and

139 481 65 31 still
220 482 154 43 standing,
389 483 76 31 took
487 483 45 31 off
551 484 54 30 her
620 484 70 37 veil,
707 484 53 30 the
775 485 100 30 words
890 485 71 30 died

139 554 86 30 upon
240 544 48 31 his
303 548 123 38 tongue.
475 543 50 32 He
544 545 116 30 started
683 545 62 30 and
766 546 113 30 turned
893 546 68 40 pale

139 605 78 30 Avith
233 605 246 30 unmistakeable
495 606 103 29 alarm.

219 666 80 37 You,
333 667 150 30 Claudine
498 669 5 29 !
569 668 39 29 he
639 668 168 30 exclaimed
819 680 7 25 ;
899 680 62 29 you

138 728 73 30 here
223 729 6 29 !
275 728 97 30 What
389 740 57 18 can
461 729 80 30 have
556 729 91 30 made
668 740 62 29 you
746 729 127 30 commit
888 729 73 31 such

137 801 42 18 an
195 794 50 25 act
261 790 33 29 of
306 790 144 29 madness
462 790 11 29 ?

215 851 71 30 You
299 852 6 29 !
349 851 53 30 she
425 851 126 40 replied,
570 851 122 41 coming
715 851 95 30 closer
829 856 33 25 to
884 851 74 38 him,

136 913 65 31 and
223 913 109 41 laying
357 912 55 30 her
435 912 85 31 hand
545 923 85 30 upon
653 912 49 30 his
725 923 71 19 arm.
876 912 84 41 Why

138 974 79 31 have
248 985 63 30 you
340 984 95 20 never
465 983 84 20 come
580 973 82 30 since
686 972 54 31 the
765 972 87 31 other
874 972 61 42 day
949 973 11 30 ?

137 1035 72 31 You
225 1035 67 31 said
306 1045 64 31 you
385 1034 103 31 would
505 1044 85 21 come
609 1033 54 31 the
680 1038 76 26 next
779 1033 70 41 day,
867 1033 62 31 and
945 1033 14 31 I

137 1096 114 31 Avaited
268 1101 32 26 at
317 1096 92 31 home
426 1095 50 31 till
498 1095 131 41 evening
629 1113 44 3 —
674 1094 15 31 I
710 1094 65 31 said
796 1094 15 30 I
827 1105 62 20 was
904 1099 55 26 not

136 1159 80 37 Avell,
233 1158 64 30 and
321 1157 92 31 could
438 1161 55 26 not
516 1167 39 31 go
581 1160 54 26 out
658 1155 123 42 driAdng
782 1174 42 3 —
824 1155 58 31 but
896 1166 61 30 you

134 1232 97 20 never
246 1231 85 19 came
342 1232 7 23 ;
373 1219 26 30 it
415 1229 62 19 was
493 1229 17 19 a
526 1217 87 31 week

212 1282 64 31 But
292 1281 15 30 I
322 1281 80 30 have
537 1278 130 32 faltered
683 1278 124 37 OliAier,
849 1278 14 30 I
879 1278 77 30 have

134 1345 79 29 been

328 1404 53 31 she
405 1403 152 37 resumed,
669 1402 89 30 times
783 1400 90 31 when
895 1411 62 30 you

133 1469 94 30 knew
241 1467 88 31 there
344 1465 105 31 would
466 1464 38 31 be
522 1475 42 20 no
580 1475 56 19 one
652 1464 33 29 in
698 1475 7 25 ;
728 1474 62 29 you
806 1473 83 19 came
905 1462 52 30 the

133 1530 63 39 day
212 1529 34 31 of
266 1529 53 30 the
336 1526 146 32 Matinee
498 1530 33 27 at
545 1525 53 31 the
614 1524 59 31 Pre
691 1524 133 36 Catelan,
841 1523 61 31 and
918 1534 39 19 on
