1132 1747
193 106 16 26 4

435 110 83 21 LOVE
541 109 63 21 THE
628 105 159 23 AVENGER.

387 187 196 33 Bouffemont
609 183 103 33 would
737 183 39 31 be
802 176 176 46 ill-pleased
1004 174 26 33 if

196 251 38 32 he
249 250 96 33 heard
475 248 66 32 said
557 247 117 38 Victor,
693 244 74 32 with
784 255 19 20 a
818 240 89 33 smile
920 253 6 27 ;
985 238 41 31 he

196 312 113 32 fancies
334 311 61 32 this
419 307 263 40 house-warming
707 305 63 32 ball
796 303 35 31 of
856 302 48 32 his
931 301 25 31 is
984 311 40 21 an

196 373 100 42 object
321 372 33 32 of
375 372 163 40 European
563 368 135 32 interest.
750 365 101 33 There
876 364 25 31 is
927 368 55 26 not
1006 373 19 20 a

195 434 142 32 cocodette
361 432 34 33 of
414 432 53 32 the
490 435 89 38 great
602 428 97 32 world
723 427 71 32 who
820 426 60 32 will
905 429 55 29 not
984 425 40 32 be

194 495 93 40 there,
316 494 59 32 and
407 493 73 42 they
508 503 54 31 say
589 490 145 33 Madame
765 489 38 32 de
837 487 186 43 Varignan's

195 558 84 31 dress
295 557 25 30 is
336 561 31 26 to
384 559 65 28 cost
464 553 93 41 thirty
572 551 155 33 thousand
742 550 102 32 francs
857 550 7 32 !

269 617 95 31 What
386 626 140 31 message
546 626 63 20 was
633 614 23 32 it
678 625 61 31 you
762 612 136 42 brought
910 614 13 30 ?
977 612 45 31 in-

195 679 105 41 quired
323 677 108 40 Claire,
457 675 169 42 re-seating
649 675 119 40 herself,
794 674 61 32 and
878 673 144 43 pointing

193 744 33 26 to
251 750 18 20 a
292 738 91 41 chair,
408 736 99 32 Avhich
530 736 55 32 her
611 735 106 33 cousin
744 735 220 42 appropriated
988 739 34 27 to

193 798 128 32 himself.

267 858 117 43 Simply
408 857 61 33 this
481 871 5 19 :
524 857 117 33 Olivier
664 857 62 33 had
750 857 148 32 intended
922 862 33 27 to
981 857 40 32 be

193 921 77 31 back
286 921 30 30 in
333 920 86 31 Paris
435 919 30 32 in
481 919 73 32 time
569 923 32 28 to
617 919 72 32 take
713 931 62 30 you
791 924 32 27 to
839 919 54 32 the
909 919 62 32 ball
988 925 33 26 at

192 981 228 32 Bouffemont's.
472 981 50 31 He
547 980 94 32 found
668 981 77 42 (just
769 981 105 32 before
900 981 119 41 dinner,

193 1042 15 30 I
225 1054 139 29 suppose,
389 1042 46 31 for
457 1042 47 31 his
527 1042 149 41 telegram
700 1043 25 31 is
750 1043 90 32 dated
866 1043 153 42 half-past

193 1102 56 42 six)
281 1102 67 32 that
385 1103 60 31 this
475 1114 63 20 was
571 1108 55 26 not
656 1104 133 41 possible
804 1117 7 27 ;
850 1105 61 32 and
943 1105 75 32 then

193 1164 197 41 telegraphed
411 1163 44 31 off
472 1168 32 27 to
525 1175 49 20 me
597 1168 32 27 to
650 1164 54 31 tell
719 1176 50 20 me
784 1170 33 27 to
833 1171 57 36 put
906 1166 116 43 myself

193 1230 32 27 at
248 1237 77 30 your
349 1225 124 40 service,
497 1225 61 31 and
581 1225 105 32 advise
712 1238 61 29 you
796 1232 33 27 to
854 1239 40 31 go
920 1229 100 32 either

193 1286 74 31 with
291 1286 53 32 the
369 1287 151 40 DoAvager
547 1299 33 19 or
607 1287 74 31 Avith
709 1287 145 34 Madame
883 1290 36 32 de
946 1291 72 32 Cla-

193 1347 105 32 vreuil.
345 1348 14 30 I
384 1347 96 32 didn't
503 1347 69 32 dine
588 1352 32 27 at
635 1348 100 33 home.
782 1349 67 33 The
865 1352 152 42 telegram

194 1420 63 19 was
280 1408 133 41 brought
434 1409 41 40 by
491 1420 51 30 my
559 1414 123 26 servant
697 1414 32 27 to
745 1409 53 33 the
820 1412 80 41 club,
924 1414 62 33 and
1002 1415 15 32 I

195 1470 70 41 only
278 1474 53 36 got
346 1470 24 31 it
385 1474 116 37 twenty
517 1470 132 32 minutes
666 1481 68 30 ago,
749 1472 61 31 and
826 1484 86 22 came
929 1475 46 32 off
986 1481 33 27 to

194 1542 59 31 you
270 1530 154 42 instantly.
469 1530 70 32 You
557 1542 49 21 see
623 1531 24 32 it
663 1543 63 21 was
742 1533 152 41 nobody's
