1132 1747
165 115 34 27 58

397 122 83 21 LOVE
503 121 65 21 THE
591 118 160 23 AVENGER.

165 202 57 35 cat,
240 199 52 31 she
315 199 104 42 glided
444 199 94 40 softly
561 197 101 31 round
684 196 55 31 her
759 207 85 31 prey,
863 193 128 42 seeking

165 261 46 31 for
237 261 52 32 the
316 266 70 37 spot
411 260 124 31 whence
566 260 53 30 she
651 259 92 31 could
772 259 68 30 best
870 266 121 33 pounce

165 323 131 41 morally
310 334 84 30 upon
409 322 33 31 it.

209 384 66 31 Her
288 384 68 31 first
370 394 90 21 move
475 394 64 20 was
553 386 32 28 to
601 382 128 42 impress
741 393 85 30 upon
841 382 55 30 her
911 380 78 31 half-

165 445 202 31 unconscious
379 445 106 31 hearer
499 444 55 31 her
569 454 69 21 OAvn
655 443 152 42 complete
823 443 63 31 and
902 443 87 30 abso-

165 506 64 30 lute
244 510 84 26 want
343 506 34 30 of
389 506 161 40 suspicion.

241 568 31 30 It
296 579 62 19 was
385 568 53 30 the
463 572 93 26 Avorst
583 567 35 31 of
638 567 87 30 those
752 567 63 38 hot,
847 565 144 32 crowded

165 630 100 40 places
281 630 99 30 under
394 630 52 30 the
458 634 80 26 trees
559 629 34 31 of
612 629 54 31 the
683 629 134 41 Champs

165 691 54 30 she
234 691 67 29 said
312 703 7 24 ;
369 691 75 40 they
455 691 174 40 invariably
640 691 159 40 produced
814 690 151 30 faintness

167 751 64 40 (she
247 751 61 30 had
324 751 113 31 herself
453 752 63 30 had
535 763 32 19 so
590 763 96 29 many
701 752 35 30 of
755 752 87 30 these
858 751 130 37 attacks,

166 811 52 30 she
234 811 91 31 knew
341 823 33 19 so
389 812 188 42 thorougldy
592 813 70 30 Avell
683 813 70 30 how
771 817 33 26 to
827 813 70 30 deal
912 813 78 30 with

165 872 98 40 them)
278 873 5 29 !
362 873 118 31 Tilleul
505 884 63 20 was
597 873 53 31 the
677 874 74 41 only
781 874 92 42 thing
904 874 86 42 quite

165 934 160 41 sovereign
336 946 7 25 ;
393 934 62 31 and
478 934 53 32 she
554 935 146 32 obtained
723 936 53 31 the
800 936 191 42 swallowing

166 995 34 31 of
231 1006 17 20 a
278 995 59 31 few
369 996 91 41 drops
491 996 33 31 of
551 997 55 31 her
636 998 122 30 cordial.
819 999 88 30 Then
937 999 54 30 she

165 1056 133 32 touched
325 1057 53 31 the
404 1058 85 31 hand
515 1060 91 41 again
619 1072 8 24 ;
651 1060 53 30 the
724 1061 89 40 pulse
836 1072 64 20 Avas
927 1061 65 31 still

166 1128 76 30 very
257 1118 94 31 weak.
401 1118 60 31 She
476 1125 59 35 put
550 1132 18 18 a
584 1121 97 31 bottle
705 1122 34 30 of
759 1122 131 42 English
914 1123 77 31 salts

167 1183 32 26 at
229 1189 18 19 a
274 1180 183 30 convenient
487 1181 138 31 distance
656 1182 79 31 from
761 1183 55 31 her
844 1184 147 41 patient's

167 1249 79 21 nose.
326 1239 30 31 It
367 1251 63 20 was
446 1242 75 30 such
532 1243 232 42 tremendously
776 1244 57 32 hot
844 1246 146 38 weather,

167 1304 59 33 too,
256 1299 47 31 for
336 1301 53 31 the
424 1312 106 20 season
543 1315 7 24 ;
588 1315 33 19 so
659 1304 238 39 unwholesome,
937 1307 55 31 she

168 1361 164 31 Avondered
356 1373 121 31 anyone
503 1364 90 30 could
618 1365 72 30 bear
719 1365 26 31 it
758 1378 8 25 ;
801 1367 54 31 she
878 1367 115 32 herself

168 1422 63 31 had
255 1422 56 31 felt
336 1434 76 30 very
439 1425 113 30 unwell
582 1425 47 31 for
659 1427 117 31 several
805 1428 78 42 days
910 1435 78 35 past.

168 1483 63 36 The
247 1488 133 37 greatest
395 1485 125 31 wonder
535 1486 34 31 of
581 1486 41 32 all
638 1492 33 27 to
686 1487 55 32 her
751 1500 73 28 was,
838 1489 153 41 however,

169 1545 52 31 the
253 1546 232 42 extraordinary
515 1547 141 43 physical
692 1551 142 41 strength
866 1552 34 30 of
932 1552 61 34 fine
