1132 1747
172 110 33 25 20

408 115 81 21 LOVE
512 114 64 21 THE
599 111 160 23 AVENGER.

173 193 60 31 She
262 193 133 35 brought
426 192 64 30 him
520 202 40 19 no
591 186 243 35 inconsiderable
868 194 70 22 sum
968 187 34 26 at

172 265 92 27 once;
298 254 62 32 and
384 254 53 31 she
461 257 55 38 got
542 252 66 30 him
632 251 53 31 the
717 249 221 42 appointment
968 244 35 32 of

172 316 116 31 cashier
312 321 32 26 to
371 315 69 31 that
464 314 83 31 bank
574 313 70 30 that
666 322 64 21 Avas
745 309 141 32 founded
902 318 98 21 some-

172 378 99 31 where
295 378 33 30 in
353 376 160 31 Moldavia
529 387 34 19 or
586 374 183 37 Wallachia,
802 371 64 32 and
896 370 104 31 where

171 439 74 41 they
260 442 83 27 went
359 442 62 27 two
437 448 34 20 or
486 437 86 31 three
594 447 90 31 years
699 446 58 31 ago
773 439 32 26 to
821 434 70 30 live.
940 433 60 31 Be-

171 500 88 37 sides,
284 504 33 26 to
342 511 54 30 say
418 499 52 31 the
494 498 97 38 truth,
619 497 16 31 I
659 497 119 31 believe
806 494 192 32 Mardonnet

170 573 62 18 was
248 562 32 29 in
294 562 69 29 love
379 562 76 29 Avith

212 622 74 31 And
311 622 54 31 the
389 622 142 41 Marquis
558 620 150 43 indulged
730 620 34 31 in
779 631 19 20 a
813 619 96 42 laugh
925 619 71 31 that

168 683 169 41 prevented
361 684 65 29 him
453 683 79 30 from
553 683 106 41 seeing
678 682 54 31 the
759 681 179 42 expression
963 680 35 33 of

169 744 119 41 disgust
303 756 84 29 upon
404 745 47 30 his
466 744 125 30 friend's
608 748 219 26 countenance.

244 806 90 31 Were
349 818 62 28 you
423 807 11 29 ?
476 806 95 30 asked
586 805 137 41 Dupont.

380 878 62 19 Avas
458 867 53 30 the
526 866 159 41 rejoinder.

243 928 85 31 Then
353 928 40 30 all
417 928 70 31 that
512 939 114 30 money
649 939 63 19 was
739 933 100 35 spent,
864 928 64 31 and
949 929 40 31 all

166 989 69 30 that
265 1000 105 30 scrape
399 994 54 36 got
483 989 66 30 into
574 989 134 30 without
735 1000 62 30 any
821 990 168 32 sentimen-

166 1050 92 40 tality
271 1050 11 30 \
337 1050 161 30 remarked
525 1050 106 30 Henri.
708 1050 31 30 It
763 1061 63 20 was
849 1051 140 43 insanity

166 1111 76 30 with
256 1111 247 40 premeditation,
520 1122 62 20 was
597 1111 26 31 it
634 1111 10 31 ?

238 1171 91 39 Well,
346 1183 63 31 you
425 1183 57 27 see,
496 1172 101 43 Roger
624 1173 61 31 and
702 1172 120 32 Gaston
837 1174 77 31 both
930 1187 56 21 ran

164 1233 78 31 after
257 1234 52 30 the
324 1234 59 42 girl
397 1246 7 24 ;
428 1234 61 31 and
505 1234 119 31 Gaston
639 1245 63 20 was
723 1235 75 38 rich,
816 1237 63 30 and
895 1238 91 32 could

164 1294 96 41 spend
276 1305 17 20 a
308 1295 80 42 good
404 1295 77 38 deal,
499 1296 70 37 and,
588 1295 34 31 of
635 1307 112 26 course,
764 1296 15 30 I
793 1298 139 32 couldn't
947 1299 39 32 be

163 1355 133 31 outdone
312 1355 42 42 by
369 1356 65 30 him
449 1369 7 25 ;
458 1375 42 3 —
501 1357 62 30 and
575 1356 129 31 Camille
719 1369 64 19 was
800 1358 185 45 immensely

161 1417 53 30 the

234 1477 40 32 So
299 1490 47 19 we
371 1483 72 27 note
469 1479 90 31 down
580 1480 76 31 then
668 1491 6 20 :
697 1480 77 31 item
775 1500 43 3 —
819 1492 40 21 no

160 1540 65 31 said
240 1540 134 41 Dupont.
