1132 1747
171 110 50 26 168

409 116 82 21 LOVE
515 115 64 21 THE
602 112 161 23 AVENGER.

370 192 63 30 had
462 203 64 30 you
553 195 33 26 to
613 189 40 31 do
681 189 33 30 in
742 187 88 31 Paris
857 184 42 33 all
924 183 34 32 of
982 195 17 19 a

169 255 120 29 sudden
302 255 11 29 ?
362 253 96 31 asked
475 251 123 32 Olivier.

371 314 62 30 had
465 313 15 31 I
510 318 33 26 to
697 311 116 31 echoed
843 308 110 39 Henri,
956 327 43 3 —

200 376 94 41 Why,
325 386 80 30 your
434 375 149 37 business,
615 385 56 30 my
697 372 112 38 friend,
841 371 64 31 and
936 369 63 32 I've

168 438 80 29 done

244 498 89 31 Done
493 498 80 31 cried
591 498 77 31 both
681 497 120 32 Olivier
816 496 64 31 and
896 495 99 32 Claire

167 560 147 41 together.

212 621 104 32 Count
330 622 131 42 Dupont
477 633 85 20 came
578 627 32 26 to
623 633 19 20 a
656 621 58 32 full
730 625 79 38 stop,
827 620 74 38 and,
918 620 77 32 with

167 684 119 30 intense
302 684 192 30 satisfaction
510 684 160 42 sparkling
685 684 33 30 in
734 684 48 30 his
799 695 81 30 eyes,
931 682 64 32 I've

167 746 133 30 worsted
314 747 53 30 the
545 747 118 41 replied
677 747 39 30 he
729 758 7 26 ;
787 745 63 32 I've
863 746 132 42 stopped

165 808 53 30 the
234 808 154 30 Vivienne

243 869 99 31 Henri
354 871 5 29 !
410 870 171 31 exclaimed
597 870 53 31 the
666 869 148 42 Marquis.

242 933 48 31 Oh
305 935 6 29 !
343 934 39 30 do
408 934 55 30 tell
488 945 38 19 us
681 934 174 41 petitioned
883 933 107 38 Claire,

165 995 129 41 eagerly.

239 1057 88 38 Well,
354 1058 25 30 it
399 1068 64 21 was
488 1069 73 31 easy
758 1058 144 31 resumed
926 1058 66 31 Du-

163 1122 77 37 pont
252 1131 7 25 ;
315 1130 62 30 you
393 1119 101 38 knoAv,
512 1131 34 19 or
561 1119 87 31 don't
670 1120 102 38 know,
793 1120 70 31 that
887 1120 25 39 I,
929 1125 61 33 too,

163 1181 78 30 have
265 1181 144 31 alliances
432 1186 143 38 amongst
597 1182 54 30 the
674 1182 189 32 Philistines.
912 1183 25 38 I,
960 1194 32 20 as

162 1254 62 29 you
255 1243 39 30 do
324 1243 102 37 knoAv,
459 1244 78 30 have
565 1244 76 41 kept
670 1244 86 32 aloof
782 1244 81 32 from
892 1245 97 39 them,

162 1304 63 31 and
247 1305 76 41 they
339 1316 49 20 are
414 1305 58 42 (for
487 1305 70 32 that
575 1305 121 43 reason)
721 1307 117 42 always
860 1307 131 43 making

162 1365 152 31 advances
338 1371 34 26 to
398 1377 58 27 me,
485 1377 33 20 so
546 1366 14 31 I
588 1367 115 42 simply
731 1367 138 42 dropped
896 1369 93 31 doAvn

162 1432 142 37 amongst
337 1427 95 38 them,
463 1428 63 31 and
555 1429 98 41 urged
683 1429 78 30 Avith
791 1430 104 41 might
924 1432 65 31 and

162 1487 83 30 main
275 1487 52 31 the
359 1488 194 31 nomination
584 1488 35 31 of
646 1489 52 31 the
730 1489 117 42 Bishop
877 1491 35 30 of
940 1492 45 32 St.

162 1547 145 32 Germain
322 1559 33 20 as
372 1549 160 41 coadjutor
547 1549 34 31 of
596 1549 167 41 Chantilly.
813 1551 70 32 You
900 1553 88 33 don't
