1132 1747
180 113 33 25 72

415 117 83 21 LOVE
521 116 64 21 THE
608 113 160 23 AVENGER.

179 197 53 31 the
257 197 134 41 Champs
415 196 127 41 Elysdes
569 193 90 31 when
686 191 146 32 Madame
863 186 141 37 fainted;

179 260 38 31 he
233 271 63 20 was
311 270 32 20 so
360 270 76 30 very
452 257 151 42 empress^
616 268 7 25 ;
648 254 60 32 and
735 252 99 33 called
859 252 71 31 here
951 249 53 32 the

180 325 75 26 next

253 382 74 31 And
342 382 55 30 has
412 381 77 31 been
504 380 72 31 here
592 389 94 31 every
701 377 62 41 day
902 373 101 33 added

180 444 42 31 M.
247 444 37 30 de
310 443 183 41 Moranges;
676 451 63 30 you
763 438 72 38 had,
860 436 143 42 perhaps,

180 506 98 30 better
299 505 86 30 write
412 516 18 19 a
455 504 62 30 line
544 508 32 25 to
600 513 55 31 my
677 500 140 43 nephew,
840 499 96 31 about
956 503 47 25 to-

178 566 92 42 night
280 578 7 24 ;
311 570 52 37 get
387 565 116 31 Olivier
527 570 32 25 to
584 575 39 31 go
638 563 78 31 with
731 573 73 31 you,
821 567 61 33 too,
901 566 32 26 to
949 561 54 31 the

255 688 65 31 The
335 688 140 42 Marquis
499 688 38 31 de
564 687 188 31 Beauvoisin
780 686 94 42 being
889 697 18 19 a
922 696 80 20 mar-

178 750 66 31 ried
259 761 82 26 man,
362 749 35 32 of
416 760 105 21 course
541 760 58 20 one
620 749 72 30 does
711 753 57 26 not
788 748 86 41 quite
894 748 59 31 feel
968 759 34 20 so

178 811 177 31 authorised
383 816 33 26 to
447 811 120 41 dispose
598 810 33 31 of
665 810 49 30 his
885 810 117 42 argued

178 871 138 42 Aspasie,
340 871 77 32 with
453 871 166 42 delightful
647 871 169 42 propriety,
848 870 64 32 and
934 881 68 31 pre-

177 934 111 39 paring
303 937 33 27 to
352 933 87 31 write
454 933 55 31 the
524 937 79 27 note.

250 995 49 30 Oh
313 997 6 28 !
355 995 141 37 married,
717 994 145 42 repeated
892 994 43 31 M.
964 995 38 30 de

178 1056 164 41 Moranges
356 1069 7 24 ;
420 1056 85 30 what
520 1056 72 30 does
613 1055 70 31 that
698 1056 118 41 signify
829 1057 11 30 ?
887 1056 117 32 Olivier

178 1116 63 30 will
257 1116 115 41 always
388 1116 39 30 do
444 1116 154 41 anything
614 1116 46 30 for
767 1117 62 30 and
852 1117 111 43 giving
986 1129 18 20 a

178 1178 108 41 glance
310 1182 32 26 at
364 1177 48 31 his
435 1178 111 38 watch,
563 1178 39 30 he
620 1178 150 41 prepared
794 1183 33 26 to
846 1179 88 32 leave
949 1180 54 32 the

178 1251 94 26 room,
290 1239 57 30 but
375 1240 129 40 turning
528 1240 101 30 round
651 1239 104 32 before
779 1240 145 44 shutting
950 1242 53 32 the

178 1301 75 30 door
266 1312 7 25 ;
342 1301 159 30 Florestan
531 1301 39 30 de
595 1301 118 31 Nesves
738 1302 25 30 is
796 1312 18 22 a
847 1303 56 31 sad
930 1304 73 31 Don

326 1362 147 30 observed
510 1362 47 38 he,
589 1362 77 31 with
702 1374 17 20 a
755 1363 104 43 laugh,
940 1377 64 29 you

178 1428 84 26 must
292 1422 36 32 be
358 1434 85 30 upon
476 1434 78 29 your
589 1423 108 42 guard,
729 1435 34 20 or
799 1425 109 42 people
940 1427 64 30 will

254 1549 48 33 Oh
317 1551 5 29 !
360 1549 158 31 Monsieur
548 1549 27 31 le
606 1549 140 41 Marquis
758 1552 5 31 !
834 1552 170 34 exclaimed
