<?xml version="1.0" encoding="UTF-8"?>
<alto xmlns:xsi="http://www.w3.org/2001/XMLSchema-instance" xsi:noNamespaceSchemaLocation="http://www.bl.uk/schemas/alto/alto-1-4.xsd" xmlns:xlink="http://www.w3.org/1999/xlink">
	<Description>
		<MeasurementUnit>mm10</MeasurementUnit>
		<sourceImageInformation>
			<fileName>//head1/IN/2007-46/A0010888503.2/009525.jp2</fileName>
		</sourceImageInformation>
		<OCRProcessing ID="OCRPROCESSING_1">
			<preProcessingStep>
				<processingSoftware>
					<softwareCreator>CCS Content Conversion Specialists GmbH, Germany</softwareCreator>
					<softwareName>CCS docWORKS</softwareName>
					<softwareVersion>6.1-0.61</softwareVersion>
				</processingSoftware>
			</preProcessingStep>
			<ocrProcessingStep>
				<processingSoftware>
					<softwareCreator>ABBYY (BIT Software), Russia</softwareCreator>
					<softwareName>Finereader</softwareName>
				</processingSoftware>
			</ocrProcessingStep>
		</OCRProcessing>
	</Description>
	<Styles>
		<TextStyle ID="TXT_0" FONTSIZE="9" FONTFAMILY="Courier New"/>
		<TextStyle ID="TXT_1" FONTSIZE="11" FONTFAMILY="Courier New"/>
		<ParagraphStyle ID="PAR_CENTER" ALIGN="Center"/>
		<ParagraphStyle ID="PAR_RIGHT" ALIGN="Right"/>
		<ParagraphStyle ID="PAR_LEFT" ALIGN="Left"/>
	</Styles>
	<Layout>
		<Page ID="P317" PHYSICAL_IMG_NR="317" HEIGHT="1747" WIDTH="1132" PRINTED_IMG_NR="307" POSITION="Right" ACCURACY="71.74">
			<TopMargin ID="P317_TM00001" HPOS="0" VPOS="0" WIDTH="1131" HEIGHT="154">
				<TextBlock ID="P317_TB00001" HPOS="331" VPOS="132" WIDTH="427" HEIGHT="22" STYLEREFS="TXT_0 PAR_CENTER">
					<TextLine ID="P317_TL00001" HPOS="332" VPOS="132" WIDTH="426" HEIGHT="22">
						<String ID="P317_ST00001" HPOS="332" VPOS="132" WIDTH="82" HEIGHT="21" CONTENT="LOVE" WC="0.69" CC="3071"/>
						<SP ID="P317_SP00001" HPOS="414" VPOS="153" WIDTH="27"/>
						<String ID="P317_ST00002" HPOS="441" VPOS="133" WIDTH="121" HEIGHT="21" CONTENT="STRONG" WC="0.68" CC="109007"/>
						<SP ID="P317_SP00002" HPOS="562" VPOS="154" WIDTH="22"/>
						<String ID="P317_ST00003" HPOS="584" VPOS="133" WIDTH="35" HEIGHT="21" CONTENT="IN" WC="1.00" CC="00"/>
						<SP ID="P317_SP00003" HPOS="619" VPOS="154" WIDTH="23"/>
						<String ID="P317_ST00004" HPOS="642" VPOS="133" WIDTH="116" HEIGHT="21" CONTENT="DEATH." WC="0.73" CC="700052"/>
					</TextLine>
				</TextBlock>
				<TextBlock ID="P317_TB00002" HPOS="907" VPOS="127" WIDTH="51" HEIGHT="26" STYLEREFS="TXT_1 PAR_RIGHT">
					<TextLine ID="P317_TL00002" HPOS="907" VPOS="127" WIDTH="51" HEIGHT="26">
						<String ID="P317_ST00005" HPOS="907" VPOS="127" WIDTH="51" HEIGHT="26" CONTENT="307" WC="1.00" CC="000"/>
					</TextLine>
				</TextBlock>
			</TopMargin>
			<LeftMargin ID="P317_LM00001" HPOS="0" VPOS="154" WIDTH="138" HEIGHT="1480"/>
			<RightMargin ID="P317_RM00001" HPOS="964" VPOS="154" WIDTH="167" HEIGHT="1480"/>
			<BottomMargin ID="P317_BM00001" HPOS="0" VPOS="1634" WIDTH="1131" HEIGHT="112"/>
			<PrintSpace ID="P317_PS00001" HPOS="138" VPOS="154" WIDTH="826" HEIGHT="1480">
				<TextBlock ID="P317_TB00003" HPOS="141" VPOS="206" WIDTH="820" HEIGHT="401" STYLEREFS="TXT_0 PAR_LEFT">
					<TextLine ID="P317_TL00003" HPOS="141" VPOS="206" WIDTH="820" HEIGHT="46">
						<String ID="P317_ST00006" HPOS="141" VPOS="206" WIDTH="163" HEIGHT="43" CONTENT="improved" WC="0.82" CC="10051500"/>
						<SP ID="P317_SP00004" HPOS="304" VPOS="249" WIDTH="18"/>
						<String ID="P317_ST00007" HPOS="322" VPOS="210" WIDTH="82" HEIGHT="30" CONTENT="since" WC="0.64" CC="64700"/>
						<SP ID="P317_SP00005" HPOS="404" VPOS="249" WIDTH="21"/>
						<String ID="P317_ST00008" HPOS="425" VPOS="210" WIDTH="52" HEIGHT="31" CONTENT="the" WC="0.51" CC="770"/>
						<SP ID="P317_SP00006" HPOS="477" VPOS="249" WIDTH="16"/>
						<String ID="P317_ST00009" HPOS="493" VPOS="211" WIDTH="62" HEIGHT="41" CONTENT="day" WC="1.00" CC="000"/>
						<SP ID="P317_SP00007" HPOS="555" VPOS="252" WIDTH="15"/>
						<String ID="P317_ST00010" HPOS="570" VPOS="211" WIDTH="52" HEIGHT="31" CONTENT="she" WC="0.54" CC="670"/>
						<SP ID="P317_SP00008" HPOS="622" VPOS="252" WIDTH="15"/>
						<String ID="P317_ST00011" HPOS="637" VPOS="222" WIDTH="63" HEIGHT="20" CONTENT="saw" WC="0.90" CC="300"/>
						<SP ID="P317_SP00009" HPOS="700" VPOS="252" WIDTH="14"/>
						<String ID="P317_ST00012" HPOS="714" VPOS="211" WIDTH="55" HEIGHT="30" CONTENT="her" WC="0.66" CC="702"/>
						<SP ID="P317_SP00010" HPOS="769" VPOS="252" WIDTH="20"/>
						<String ID="P317_ST00013" HPOS="789" VPOS="211" WIDTH="67" HEIGHT="30" CONTENT="last." WC="0.65" CC="30660"/>
						<SP ID="P317_SP00011" HPOS="856" VPOS="252" WIDTH="45"/>
						<String ID="P317_ST00014" HPOS="901" VPOS="210" WIDTH="60" HEIGHT="31" CONTENT="She" WC="0.51" CC="670"/>
					</TextLine>
					<TextLine ID="P317_TL00004" HPOS="143" VPOS="270" WIDTH="818" HEIGHT="44">
						<String ID="P317_ST00015" HPOS="143" VPOS="279" WIDTH="63" HEIGHT="20" CONTENT="Avas" WC="0.69" CC="0705"/>
						<SP ID="P317_SP00012" HPOS="206" VPOS="299" WIDTH="24"/>
						<String ID="P317_ST00016" HPOS="230" VPOS="274" WIDTH="57" HEIGHT="26" CONTENT="not" WC="0.64" CC="504"/>
						<SP ID="P317_SP00013" HPOS="287" VPOS="300" WIDTH="19"/>
						<String ID="P317_ST00017" HPOS="306" VPOS="270" WIDTH="101" HEIGHT="31" CONTENT="better" WC="0.74" CC="305600"/>
						<SP ID="P317_SP00014" HPOS="407" VPOS="301" WIDTH="19"/>
						<String ID="P317_ST00018" HPOS="426" VPOS="271" WIDTH="127" HEIGHT="43" CONTENT="looking" WC="0.91" CC="0000060"/>
						<SP ID="P317_SP00015" HPOS="553" VPOS="314" WIDTH="17"/>
						<String ID="P317_ST00019" HPOS="570" VPOS="283" WIDTH="7" HEIGHT="26" CONTENT=";" WC="1.00" CC="0"/>
						<SP ID="P317_SP00016" HPOS="577" VPOS="314" WIDTH="23"/>
						<String ID="P317_ST00020" HPOS="600" VPOS="271" WIDTH="57" HEIGHT="31" CONTENT="but" WC="0.57" CC="066"/>
						<SP ID="P317_SP00017" HPOS="657" VPOS="314" WIDTH="17"/>
						<String ID="P317_ST00021" HPOS="674" VPOS="271" WIDTH="53" HEIGHT="31" CONTENT="she" WC="0.75" CC="070"/>
						<SP ID="P317_SP00018" HPOS="727" VPOS="314" WIDTH="20"/>
						<String ID="P317_ST00022" HPOS="747" VPOS="271" WIDTH="110" HEIGHT="31" CONTENT="looked" WC="0.85" CC="404000"/>
						<SP ID="P317_SP00019" HPOS="857" VPOS="314" WIDTH="22"/>
						<String ID="P317_ST00023" HPOS="879" VPOS="282" WIDTH="82" HEIGHT="19" CONTENT="more" WC="0.75" CC="0153"/>
					</TextLine>
					<TextLine ID="P317_TL00005" HPOS="142" VPOS="331" WIDTH="818" HEIGHT="43">
						<String ID="P317_ST00024" HPOS="142" VPOS="331" WIDTH="138" HEIGHT="30" CONTENT="anxious." WC="0.78" CC="06000460"/>
						<SP ID="P317_SP00020" HPOS="280" VPOS="361" WIDTH="47"/>
						<String ID="P317_ST00025" HPOS="327" VPOS="331" WIDTH="60" HEIGHT="31" CONTENT="She" WC="0.51" CC="770"/>
						<SP ID="P317_SP00021" HPOS="387" VPOS="362" WIDTH="22"/>
						<String ID="P317_ST00026" HPOS="409" VPOS="343" WIDTH="72" HEIGHT="26" CONTENT="was," WC="0.83" CC="0051"/>
						<SP ID="P317_SP00022" HPOS="481" VPOS="369" WIDTH="27"/>
						<String ID="P317_ST00027" HPOS="508" VPOS="344" WIDTH="32" HEIGHT="19" CONTENT="as" WC="0.69" CC="06"/>
						<SP ID="P317_SP00023" HPOS="540" VPOS="369" WIDTH="31"/>
						<String ID="P317_ST00028" HPOS="571" VPOS="344" WIDTH="79" HEIGHT="27" CONTENT="ever," WC="0.71" CC="12063"/>
						<SP ID="P317_SP00024" HPOS="650" VPOS="371" WIDTH="24"/>
						<String ID="P317_ST00029" HPOS="674" VPOS="332" WIDTH="183" HEIGHT="42" CONTENT="excellently" WC="0.74" CC="00203407650"/>
						<SP ID="P317_SP00025" HPOS="857" VPOS="374" WIDTH="20"/>
						<String ID="P317_ST00030" HPOS="877" VPOS="332" WIDTH="83" HEIGHT="31" CONTENT="well" SUBS_TYPE="HypPart1" SUBS_CONTENT="welldressed," WC="0.94" CC="00003"/>
						<HYP CONTENT="-"/>
					</TextLine>
					<TextLine ID="P317_TL00006" HPOS="143" VPOS="391" WIDTH="818" HEIGHT="46">
						<String ID="P317_ST00031" HPOS="143" VPOS="391" WIDTH="133" HEIGHT="40" CONTENT="dressed," SUBS_TYPE="HypPart2" SUBS_CONTENT="welldressed," WC="0.73" CC="03066004"/>
						<SP ID="P317_SP00026" HPOS="276" VPOS="431" WIDTH="17"/>
						<String ID="P317_ST00032" HPOS="293" VPOS="393" WIDTH="78" HEIGHT="31" CONTENT="with" WC="0.74" CC="0037"/>
						<SP ID="P317_SP00027" HPOS="371" VPOS="431" WIDTH="16"/>
						<String ID="P317_ST00033" HPOS="387" VPOS="394" WIDTH="69" HEIGHT="31" CONTENT="that" WC="0.58" CC="3705"/>
						<SP ID="P317_SP00028" HPOS="456" VPOS="431" WIDTH="15"/>
						<String ID="P317_ST00034" HPOS="471" VPOS="394" WIDTH="45" HEIGHT="31" CONTENT="air" WC="0.81" CC="005"/>
						<SP ID="P317_SP00029" HPOS="516" VPOS="431" WIDTH="15"/>
						<String ID="P317_ST00035" HPOS="531" VPOS="394" WIDTH="34" HEIGHT="31" CONTENT="of" WC="0.74" CC="31"/>
						<SP ID="P317_SP00030" HPOS="565" VPOS="431" WIDTH="14"/>
						<String ID="P317_ST00036" HPOS="579" VPOS="406" WIDTH="101" HEIGHT="20" CONTENT="severe" WC="0.79" CC="705000"/>
						<SP ID="P317_SP00031" HPOS="680" VPOS="431" WIDTH="16"/>
						<String ID="P317_ST00037" HPOS="696" VPOS="406" WIDTH="97" HEIGHT="31" CONTENT="grace," WC="0.65" CC="850204"/>
						<SP ID="P317_SP00032" HPOS="793" VPOS="437" WIDTH="17"/>
						<String ID="P317_ST00038" HPOS="810" VPOS="394" WIDTH="61" HEIGHT="31" CONTENT="and" WC="0.75" CC="070"/>
						<SP ID="P317_SP00033" HPOS="871" VPOS="437" WIDTH="22"/>
						<String ID="P317_ST00039" HPOS="893" VPOS="394" WIDTH="68" HEIGHT="31" CONTENT="that" WC="0.58" CC="6702"/>
					</TextLine>
					<TextLine ID="P317_TL00007" HPOS="143" VPOS="454" WIDTH="818" HEIGHT="44">
						<String ID="P317_ST00040" HPOS="143" VPOS="454" WIDTH="156" HEIGHT="31" CONTENT="attention" WC="0.70" CC="040474006"/>
						<SP ID="P317_SP00034" HPOS="299" VPOS="485" WIDTH="18"/>
						<String ID="P317_ST00041" HPOS="317" VPOS="459" WIDTH="33" HEIGHT="27" CONTENT="to" WC="1.00" CC="00"/>
						<SP ID="P317_SP00035" HPOS="350" VPOS="486" WIDTH="21"/>
						<String ID="P317_ST00042" HPOS="371" VPOS="467" WIDTH="103" HEIGHT="20" CONTENT="severe" WC="0.61" CC="627060"/>
						<SP ID="P317_SP00036" HPOS="474" VPOS="487" WIDTH="21"/>
						<String ID="P317_ST00043" HPOS="495" VPOS="456" WIDTH="164" HEIGHT="42" CONTENT="colouring," WC="0.79" CC="0000710704"/>
						<SP ID="P317_SP00037" HPOS="659" VPOS="498" WIDTH="16"/>
						<String ID="P317_ST00044" HPOS="675" VPOS="457" WIDTH="70" HEIGHT="30" CONTENT="that" WC="0.71" CC="1702"/>
						<SP ID="P317_SP00038" HPOS="745" VPOS="498" WIDTH="20"/>
						<String ID="P317_ST00045" HPOS="765" VPOS="456" WIDTH="123" HEIGHT="31" CONTENT="become" WC="0.88" CC="700000"/>
						<SP ID="P317_SP00039" HPOS="888" VPOS="498" WIDTH="19"/>
						<String ID="P317_ST00046" HPOS="907" VPOS="456" WIDTH="54" HEIGHT="31" CONTENT="her" WC="0.57" CC="705"/>
					</TextLine>
					<TextLine ID="P317_TL00008" HPOS="142" VPOS="514" WIDTH="819" HEIGHT="45">
						<String ID="P317_ST00047" HPOS="142" VPOS="514" WIDTH="70" HEIGHT="31" CONTENT="Avho" WC="0.45" CC="0974"/>
						<SP ID="P317_SP00040" HPOS="212" VPOS="545" WIDTH="31"/>
						<String ID="P317_ST00048" HPOS="243" VPOS="515" WIDTH="55" HEIGHT="32" CONTENT="has" WC="0.54" CC="706"/>
						<SP ID="P317_SP00041" HPOS="298" VPOS="547" WIDTH="26"/>
						<String ID="P317_ST00049" HPOS="324" VPOS="516" WIDTH="74" HEIGHT="42" CONTENT="only" WC="0.57" CC="4660"/>
						<SP ID="P317_SP00042" HPOS="398" VPOS="558" WIDTH="25"/>
						<String ID="P317_ST00050" HPOS="423" VPOS="518" WIDTH="137" HEIGHT="29" CONTENT="external" WC="0.78" CC="00605500"/>
						<SP ID="P317_SP00043" HPOS="560" VPOS="558" WIDTH="29"/>
						<String ID="P317_ST00051" HPOS="589" VPOS="518" WIDTH="157" HEIGHT="41" CONTENT="propriety" WC="0.82" CC="040060040"/>
						<SP ID="P317_SP00044" HPOS="746" VPOS="559" WIDTH="25"/>
						<String ID="P317_ST00052" HPOS="771" VPOS="517" WIDTH="56" HEIGHT="30" CONTENT="left" WC="0.93" CC="0011"/>
						<SP ID="P317_SP00045" HPOS="827" VPOS="559" WIDTH="23"/>
						<String ID="P317_ST00053" HPOS="850" VPOS="518" WIDTH="54" HEIGHT="29" CONTENT="her" WC="0.58" CC="704"/>
						<SP ID="P317_SP00046" HPOS="904" VPOS="559" WIDTH="25"/>
						<String ID="P317_ST00054" HPOS="929" VPOS="521" WIDTH="32" HEIGHT="26" CONTENT="to" WC="0.54" CC="35"/>
					</TextLine>
					<TextLine ID="P317_TL00009" HPOS="143" VPOS="576" WIDTH="134" HEIGHT="31">
						<String ID="P317_ST00055" HPOS="143" VPOS="576" WIDTH="134" HEIGHT="31" CONTENT="observe." WC="0.69" CC="07507300"/>
					</TextLine>
				</TextBlock>
				<TextBlock ID="P317_TB00004" HPOS="141" VPOS="638" WIDTH="820" HEIGHT="336" STYLEREFS="TXT_0 PAR_LEFT">
					<TextLine ID="P317_TL00010" HPOS="188" VPOS="638" WIDTH="773" HEIGHT="38">
						<String ID="P317_ST00056" HPOS="188" VPOS="638" WIDTH="99" HEIGHT="31" CONTENT="Claire" WC="0.65" CC="700480"/>
						<SP ID="P317_SP00047" HPOS="287" VPOS="669" WIDTH="23"/>
						<String ID="P317_ST00057" HPOS="310" VPOS="650" WIDTH="71" HEIGHT="19" CONTENT="now" WC="0.75" CC="700"/>
						<SP ID="P317_SP00048" HPOS="381" VPOS="669" WIDTH="14"/>
						<String ID="P317_ST00058" HPOS="395" VPOS="639" WIDTH="56" HEIGHT="30" CONTENT="felt" WC="0.82" CC="0007"/>
						<SP ID="P317_SP00049" HPOS="451" VPOS="669" WIDTH="25"/>
						<String ID="P317_ST00059" HPOS="476" VPOS="639" WIDTH="52" HEIGHT="31" CONTENT="she" WC="0.53" CC="670"/>
						<SP ID="P317_SP00050" HPOS="528" VPOS="670" WIDTH="25"/>
						<String ID="P317_ST00060" HPOS="553" VPOS="645" WIDTH="83" HEIGHT="25" CONTENT="must" WC="0.53" CC="0747"/>
						<SP ID="P317_SP00051" HPOS="636" VPOS="670" WIDTH="25"/>
						<String ID="P317_ST00061" HPOS="661" VPOS="651" WIDTH="84" HEIGHT="19" CONTENT="cease" WC="0.87" CC="00060"/>
						<SP ID="P317_SP00052" HPOS="745" VPOS="670" WIDTH="20"/>
						<String ID="P317_ST00062" HPOS="765" VPOS="644" WIDTH="32" HEIGHT="26" CONTENT="to" WC="0.67" CC="60"/>
						<SP ID="P317_SP00053" HPOS="797" VPOS="670" WIDTH="22"/>
						<String ID="P317_ST00063" HPOS="819" VPOS="639" WIDTH="81" HEIGHT="37" CONTENT="look," WC="0.95" CC="00002"/>
						<SP ID="P317_SP00054" HPOS="900" VPOS="676" WIDTH="16"/>
						<String ID="P317_ST00064" HPOS="916" VPOS="639" WIDTH="45" HEIGHT="30" CONTENT="for" WC="0.71" CC="503"/>
					</TextLine>
					<TextLine ID="P317_TL00011" HPOS="143" VPOS="700" WIDTH="816" HEIGHT="41">
						<String ID="P317_ST00065" HPOS="143" VPOS="710" WIDTH="40" HEIGHT="20" CONTENT="an" WC="0.65" CC="06"/>
						<SP ID="P317_SP00055" HPOS="183" VPOS="730" WIDTH="23"/>
						<String ID="P317_ST00066" HPOS="206" VPOS="700" WIDTH="130" HEIGHT="30" CONTENT="instinct" WC="0.51" CC="37535607"/>
						<SP ID="P317_SP00056" HPOS="336" VPOS="730" WIDTH="14"/>
						<String ID="P317_ST00067" HPOS="350" VPOS="701" WIDTH="67" HEIGHT="29" CONTENT="told" WC="0.87" CC="5000"/>
						<SP ID="P317_SP00057" HPOS="417" VPOS="730" WIDTH="18"/>
						<String ID="P317_ST00068" HPOS="435" VPOS="701" WIDTH="55" HEIGHT="29" CONTENT="her" WC="0.72" CC="700"/>
						<SP ID="P317_SP00058" HPOS="490" VPOS="730" WIDTH="14"/>
						<String ID="P317_ST00069" HPOS="504" VPOS="701" WIDTH="70" HEIGHT="30" CONTENT="that" WC="0.58" CC="3705"/>
						<SP ID="P317_SP00059" HPOS="574" VPOS="731" WIDTH="19"/>
						<String ID="P317_ST00070" HPOS="593" VPOS="701" WIDTH="27" HEIGHT="30" CONTENT="if" WC="0.95" CC="10"/>
						<SP ID="P317_SP00060" HPOS="620" VPOS="731" WIDTH="21"/>
						<String ID="P317_ST00071" HPOS="641" VPOS="701" WIDTH="54" HEIGHT="30" CONTENT="she" WC="0.56" CC="570"/>
						<SP ID="P317_SP00061" HPOS="695" VPOS="731" WIDTH="18"/>
						<String ID="P317_ST00072" HPOS="713" VPOS="701" WIDTH="110" HEIGHT="30" CONTENT="looked" WC="0.91" CC="500000"/>
						<SP ID="P317_SP00062" HPOS="823" VPOS="731" WIDTH="22"/>
						<String ID="P317_ST00073" HPOS="845" VPOS="701" WIDTH="114" HEIGHT="40" CONTENT="longer," WC="0.63" CC="0075262"/>
					</TextLine>
					<TextLine ID="P317_TL00012" HPOS="141" VPOS="760" WIDTH="820" HEIGHT="42">
						<String ID="P317_ST00074" HPOS="141" VPOS="760" WIDTH="55" HEIGHT="31" CONTENT="her" WC="0.52" CC="706"/>
						<SP ID="P317_SP00063" HPOS="196" VPOS="791" WIDTH="24"/>
						<String ID="P317_ST00075" HPOS="220" VPOS="772" WIDTH="74" HEIGHT="30" CONTENT="gaze" WC="0.66" CC="9021"/>
						<SP ID="P317_SP00064" HPOS="294" VPOS="802" WIDTH="27"/>
						<String ID="P317_ST00076" HPOS="321" VPOS="761" WIDTH="104" HEIGHT="30" CONTENT="would" WC="0.85" CC="00700"/>
						<SP ID="P317_SP00065" HPOS="425" VPOS="802" WIDTH="23"/>
						<String ID="P317_ST00077" HPOS="448" VPOS="761" WIDTH="38" HEIGHT="30" CONTENT="be" WC="1.00" CC="00"/>
						<SP ID="P317_SP00066" HPOS="486" VPOS="802" WIDTH="27"/>
						<String ID="P317_ST00078" HPOS="513" VPOS="762" WIDTH="166" HEIGHT="37" CONTENT="answered," WC="0.78" CC="063006002"/>
						<SP ID="P317_SP00067" HPOS="679" VPOS="802" WIDTH="21"/>
						<String ID="P317_ST00079" HPOS="700" VPOS="762" WIDTH="61" HEIGHT="29" CONTENT="and" WC="0.76" CC="070"/>
						<SP ID="P317_SP00068" HPOS="761" VPOS="802" WIDTH="23"/>
						<String ID="P317_ST00080" HPOS="784" VPOS="761" WIDTH="51" HEIGHT="30" CONTENT="she" WC="0.58" CC="570"/>
						<SP ID="P317_SP00069" HPOS="835" VPOS="802" WIDTH="23"/>
						<String ID="P317_ST00081" HPOS="858" VPOS="761" WIDTH="103" HEIGHT="30" CONTENT="would" WC="0.83" CC="00800"/>
					</TextLine>
					<TextLine ID="P317_TL00013" HPOS="142" VPOS="821" WIDTH="818" HEIGHT="41">
						<String ID="P317_ST00082" HPOS="142" VPOS="826" WIDTH="56" HEIGHT="25" CONTENT="not" WC="0.60" CC="605"/>
						<SP ID="P317_SP00070" HPOS="198" VPOS="851" WIDTH="11"/>
						<String ID="P317_ST00083" HPOS="209" VPOS="825" WIDTH="82" HEIGHT="26" CONTENT="meet" WC="0.71" CC="0019"/>
						<SP ID="P317_SP00071" HPOS="291" VPOS="851" WIDTH="15"/>
						<String ID="P317_ST00084" HPOS="306" VPOS="821" WIDTH="137" HEIGHT="30" CONTENT="Berthe's" WC="0.64" CC="70047035"/>
						<SP ID="P317_SP00072" HPOS="443" VPOS="851" WIDTH="16"/>
						<String ID="P317_ST00085" HPOS="459" VPOS="833" WIDTH="62" HEIGHT="29" CONTENT="eye." WC="0.98" CC="0000"/>
						<SP ID="P317_SP00073" HPOS="521" VPOS="862" WIDTH="43"/>
						<String ID="P317_ST00086" HPOS="564" VPOS="821" WIDTH="59" HEIGHT="31" CONTENT="She" WC="0.51" CC="770"/>
						<SP ID="P317_SP00074" HPOS="623" VPOS="862" WIDTH="16"/>
						<String ID="P317_ST00087" HPOS="639" VPOS="822" WIDTH="126" HEIGHT="30" CONTENT="averted" WC="0.92" CC="0000500"/>
						<SP ID="P317_SP00075" HPOS="765" VPOS="862" WIDTH="14"/>
						<String ID="P317_ST00088" HPOS="779" VPOS="822" WIDTH="55" HEIGHT="29" CONTENT="her" WC="0.53" CC="715"/>
						<SP ID="P317_SP00076" HPOS="834" VPOS="862" WIDTH="10"/>
						<String ID="P317_ST00089" HPOS="844" VPOS="821" WIDTH="116" HEIGHT="41" CONTENT="glance," WC="0.82" CC="0006104"/>
					</TextLine>
					<TextLine ID="P317_TL00014" HPOS="141" VPOS="881" WIDTH="820" HEIGHT="43">
						<String ID="P317_ST00090" HPOS="141" VPOS="887" WIDTH="70" HEIGHT="26" CONTENT="sent" WC="0.70" CC="0064"/>
						<SP ID="P317_SP00077" HPOS="211" VPOS="913" WIDTH="22"/>
						<String ID="P317_ST00091" HPOS="233" VPOS="883" WIDTH="26" HEIGHT="30" CONTENT="it" WC="0.83" CC="03"/>
						<SP ID="P317_SP00078" HPOS="259" VPOS="913" WIDTH="15"/>
						<String ID="P317_ST00092" HPOS="274" VPOS="883" WIDTH="180" HEIGHT="41" CONTENT="wandering" WC="0.73" CC="007006432"/>
						<SP ID="P317_SP00079" HPOS="454" VPOS="924" WIDTH="24"/>
						<String ID="P317_ST00093" HPOS="478" VPOS="894" WIDTH="72" HEIGHT="19" CONTENT="over" WC="0.54" CC="5705"/>
						<SP ID="P317_SP00080" HPOS="550" VPOS="924" WIDTH="21"/>
						<String ID="P317_ST00094" HPOS="571" VPOS="894" WIDTH="106" HEIGHT="19" CONTENT="nearer" WC="0.76" CC="700501"/>
						<SP ID="P317_SP00081" HPOS="677" VPOS="924" WIDTH="24"/>
						<String ID="P317_ST00095" HPOS="701" VPOS="883" WIDTH="123" HEIGHT="40" CONTENT="objects," WC="0.82" CC="07000051"/>
						<SP ID="P317_SP00082" HPOS="824" VPOS="924" WIDTH="17"/>
						<String ID="P317_ST00096" HPOS="841" VPOS="882" WIDTH="61" HEIGHT="30" CONTENT="and" WC="0.77" CC="060"/>
						<SP ID="P317_SP00083" HPOS="902" VPOS="924" WIDTH="19"/>
						<String ID="P317_ST00097" HPOS="921" VPOS="881" WIDTH="40" HEIGHT="31" CONTENT="all" WC="0.83" CC="050"/>
					</TextLine>
					<TextLine ID="P317_TL00015" HPOS="142" VPOS="943" WIDTH="500" HEIGHT="31">
						<String ID="P317_ST00098" HPOS="142" VPOS="949" WIDTH="33" HEIGHT="25" CONTENT="at" WC="0.72" CC="05"/>
						<SP ID="P317_SP00084" HPOS="175" VPOS="974" WIDTH="16"/>
						<String ID="P317_ST00099" HPOS="191" VPOS="955" WIDTH="74" HEIGHT="19" CONTENT="once" WC="0.81" CC="0700"/>
						<SP ID="P317_SP00085" HPOS="265" VPOS="974" WIDTH="17"/>
						<String ID="P317_ST00100" HPOS="282" VPOS="944" WIDTH="207" HEIGHT="30" CONTENT="encountered" WC="0.69" CC="06027650400"/>
						<SP ID="P317_SP00086" HPOS="489" VPOS="974" WIDTH="15"/>
						<String ID="P317_ST00101" HPOS="504" VPOS="943" WIDTH="138" HEIGHT="31" CONTENT="Victor's." WC="0.75" CC="720006320"/>
					</TextLine>
				</TextBlock>
				<TextBlock ID="P317_TB00005" HPOS="140" VPOS="1004" WIDTH="824" HEIGHT="162" STYLEREFS="TXT_0 PAR_LEFT">
					<TextLine ID="P317_TL00016" HPOS="186" VPOS="1004" WIDTH="778" HEIGHT="42">
						<String ID="P317_ST00102" HPOS="186" VPOS="1005" WIDTH="43" HEIGHT="30" CONTENT="M." WC="0.93" CC="10"/>
						<SP ID="P317_SP00087" HPOS="229" VPOS="1035" WIDTH="20"/>
						<String ID="P317_ST00103" HPOS="249" VPOS="1004" WIDTH="38" HEIGHT="31" CONTENT="de" WC="1.00" CC="00"/>
						<SP ID="P317_SP00088" HPOS="287" VPOS="1035" WIDTH="16"/>
						<String ID="P317_ST00104" HPOS="303" VPOS="1004" WIDTH="141" HEIGHT="30" CONTENT="Lancour" WC="0.64" CC="0070277"/>
						<SP ID="P317_SP00089" HPOS="444" VPOS="1035" WIDTH="15"/>
						<String ID="P317_ST00105" HPOS="459" VPOS="1016" WIDTH="62" HEIGHT="18" CONTENT="was" WC="0.56" CC="075"/>
						<SP ID="P317_SP00090" HPOS="521" VPOS="1035" WIDTH="19"/>
						<String ID="P317_ST00106" HPOS="540" VPOS="1004" WIDTH="145" HEIGHT="42" CONTENT="standing" WC="0.71" CC="17070070"/>
						<SP ID="P317_SP00091" HPOS="685" VPOS="1046" WIDTH="23"/>
						<String ID="P317_ST00107" HPOS="708" VPOS="1009" WIDTH="33" HEIGHT="25" CONTENT="at" WC="0.69" CC="06"/>
						<SP ID="P317_SP00092" HPOS="741" VPOS="1046" WIDTH="18"/>
						<String ID="P317_ST00108" HPOS="759" VPOS="1004" WIDTH="53" HEIGHT="30" CONTENT="the" WC="0.74" CC="070"/>
						<SP ID="P317_SP00093" HPOS="812" VPOS="1046" WIDTH="22"/>
						<String ID="P317_ST00109" HPOS="834" VPOS="1004" WIDTH="78" HEIGHT="30" CONTENT="back" WC="0.81" CC="7000"/>
						<SP ID="P317_SP00094" HPOS="912" VPOS="1046" WIDTH="19"/>
						<String ID="P317_ST00110" HPOS="931" VPOS="1004" WIDTH="33" HEIGHT="30" CONTENT="of" WC="0.95" CC="00"/>
					</TextLine>
					<TextLine ID="P317_TL00017" HPOS="140" VPOS="1066" WIDTH="824" HEIGHT="41">
						<String ID="P317_ST00111" HPOS="140" VPOS="1067" WIDTH="54" HEIGHT="30" CONTENT="the" WC="0.56" CC="570"/>
						<SP ID="P317_SP00095" HPOS="194" VPOS="1097" WIDTH="32"/>
						<String ID="P317_ST00112" HPOS="226" VPOS="1066" WIDTH="116" HEIGHT="30" CONTENT="central" WC="0.76" CC="0065400"/>
						<SP ID="P317_SP00096" HPOS="342" VPOS="1097" WIDTH="29"/>
						<String ID="P317_ST00113" HPOS="371" VPOS="1066" WIDTH="132" HEIGHT="37" CONTENT="tribune," WC="0.68" CC="23205704"/>
						<SP ID="P317_SP00097" HPOS="503" VPOS="1103" WIDTH="28"/>
						<String ID="P317_ST00114" HPOS="531" VPOS="1077" WIDTH="17" HEIGHT="18" CONTENT="a" WC="1.00" CC="0"/>
						<SP ID="P317_SP00098" HPOS="548" VPOS="1103" WIDTH="26"/>
						<String ID="P317_ST00115" HPOS="574" VPOS="1066" WIDTH="98" HEIGHT="30" CONTENT="whole" WC="0.85" CC="07000"/>
						<SP ID="P317_SP00099" HPOS="672" VPOS="1103" WIDTH="30"/>
						<String ID="P317_ST00116" HPOS="702" VPOS="1066" WIDTH="77" HEIGHT="40" CONTENT="deep" WC="1.00" CC="0000"/>
						<SP ID="P317_SP00100" HPOS="779" VPOS="1106" WIDTH="29"/>
						<String ID="P317_ST00117" HPOS="808" VPOS="1077" WIDTH="93" HEIGHT="30" CONTENT="range" WC="0.66" CC="10680"/>
						<SP ID="P317_SP00101" HPOS="901" VPOS="1107" WIDTH="30"/>
						<String ID="P317_ST00118" HPOS="931" VPOS="1066" WIDTH="33" HEIGHT="30" CONTENT="of" WC="0.97" CC="00"/>
					</TextLine>
					<TextLine ID="P317_TL00018" HPOS="141" VPOS="1127" WIDTH="621" HEIGHT="39">
						<String ID="P317_ST00119" HPOS="141" VPOS="1133" WIDTH="81" HEIGHT="25" CONTENT="seats" WC="0.63" CC="50056"/>
						<SP ID="P317_SP00102" HPOS="222" VPOS="1158" WIDTH="14"/>
						<String ID="P317_ST00120" HPOS="236" VPOS="1127" WIDTH="118" HEIGHT="31" CONTENT="behind" WC="0.60" CC="707170"/>
						<SP ID="P317_SP00103" HPOS="354" VPOS="1158" WIDTH="13"/>
						<String ID="P317_ST00121" HPOS="367" VPOS="1127" WIDTH="53" HEIGHT="30" CONTENT="the" WC="0.59" CC="470"/>
						<SP ID="P317_SP00104" HPOS="420" VPOS="1158" WIDTH="16"/>
						<String ID="P317_ST00122" HPOS="436" VPOS="1127" WIDTH="141" HEIGHT="39" CONTENT="prefect's" WC="0.71" CC="000206537"/>
						<SP ID="P317_SP00105" HPOS="577" VPOS="1166" WIDTH="16"/>
						<String ID="P317_ST00123" HPOS="593" VPOS="1127" WIDTH="169" HEIGHT="30" CONTENT="arm-chair." WC="0.81" CC="0400070060"/>
					</TextLine>
				</TextBlock>
				<TextBlock ID="P317_TB00006" HPOS="138" VPOS="1187" WIDTH="822" HEIGHT="408" STYLEREFS="TXT_0 PAR_LEFT">
					<TextLine ID="P317_TL00019" HPOS="184" VPOS="1188" WIDTH="772" HEIGHT="41">
						<String ID="P317_ST00124" HPOS="184" VPOS="1188" WIDTH="124" HEIGHT="31" CONTENT="Claire's" WC="0.70" CC="60034025"/>
						<SP ID="P317_SP00106" HPOS="308" VPOS="1219" WIDTH="21"/>
						<String ID="P317_ST00125" HPOS="329" VPOS="1199" WIDTH="55" HEIGHT="30" CONTENT="eye" WC="1.00" CC="000"/>
						<SP ID="P317_SP00107" HPOS="384" VPOS="1229" WIDTH="20"/>
						<String ID="P317_ST00126" HPOS="404" VPOS="1188" WIDTH="103" HEIGHT="30" CONTENT="rested" WC="0.81" CC="306100"/>
						<SP ID="P317_SP00108" HPOS="507" VPOS="1229" WIDTH="24"/>
						<String ID="P317_ST00127" HPOS="531" VPOS="1199" WIDTH="40" HEIGHT="19" CONTENT="on" WC="0.63" CC="07"/>
						<SP ID="P317_SP00109" HPOS="571" VPOS="1229" WIDTH="16"/>
						<String ID="P317_ST00128" HPOS="587" VPOS="1188" WIDTH="138" HEIGHT="37" CONTENT="Victor's," WC="0.68" CC="730030373"/>
						<SP ID="P317_SP00110" HPOS="725" VPOS="1229" WIDTH="18"/>
						<String ID="P317_ST00129" HPOS="743" VPOS="1188" WIDTH="62" HEIGHT="30" CONTENT="and" WC="0.78" CC="060"/>
						<SP ID="P317_SP00111" HPOS="805" VPOS="1229" WIDTH="22"/>
						<String ID="P317_ST00130" HPOS="827" VPOS="1188" WIDTH="74" HEIGHT="30" CONTENT="both" WC="0.58" CC="0367"/>
						<SP ID="P317_SP00112" HPOS="901" VPOS="1229" WIDTH="24"/>
						<String ID="P317_ST00131" HPOS="925" VPOS="1199" WIDTH="31" HEIGHT="18" CONTENT="so" WC="0.82" CC="30"/>
					</TextLine>
					<TextLine ID="P317_TL00020" HPOS="140" VPOS="1249" WIDTH="820" HEIGHT="41">
						<String ID="P317_ST00132" HPOS="140" VPOS="1249" WIDTH="269" HEIGHT="41" CONTENT="instantaneously" WC="0.65" CC="072407507126600"/>
						<SP ID="P317_SP00113" HPOS="409" VPOS="1290" WIDTH="29"/>
						<String ID="P317_ST00133" HPOS="438" VPOS="1249" WIDTH="62" HEIGHT="30" CONTENT="and" WC="0.78" CC="060"/>
						<SP ID="P317_SP00114" HPOS="500" VPOS="1290" WIDTH="26"/>
						<String ID="P317_ST00134" HPOS="526" VPOS="1260" WIDTH="32" HEIGHT="19" CONTENT="so" WC="1.00" CC="00"/>
						<SP ID="P317_SP00115" HPOS="558" VPOS="1290" WIDTH="30"/>
						<String ID="P317_ST00135" HPOS="588" VPOS="1249" WIDTH="186" HEIGHT="41" CONTENT="thoroughly" WC="0.55" CC="5702078750"/>
						<SP ID="P317_SP00116" HPOS="774" VPOS="1290" WIDTH="25"/>
						<String ID="P317_ST00136" HPOS="799" VPOS="1249" WIDTH="56" HEIGHT="30" CONTENT="felt" WC="0.74" CC="2007"/>
						<SP ID="P317_SP00117" HPOS="855" VPOS="1290" WIDTH="21"/>
						<String ID="P317_ST00137" HPOS="876" VPOS="1249" WIDTH="84" HEIGHT="30" CONTENT="what" WC="0.47" CC="0749"/>
					</TextLine>
					<TextLine ID="P317_TL00021" HPOS="141" VPOS="1309" WIDTH="819" HEIGHT="43">
						<String ID="P317_ST00138" HPOS="141" VPOS="1322" WIDTH="64" HEIGHT="21" CONTENT="was" WC="0.79" CC="006"/>
						<SP ID="P317_SP00118" HPOS="205" VPOS="1343" WIDTH="15"/>
						<String ID="P317_ST00139" HPOS="220" VPOS="1311" WIDTH="126" HEIGHT="41" CONTENT="passing" WC="0.67" CC="0055056"/>
						<SP ID="P317_SP00119" HPOS="346" VPOS="1352" WIDTH="23"/>
						<String ID="P317_ST00140" HPOS="369" VPOS="1310" WIDTH="32" HEIGHT="30" CONTENT="in" WC="0.47" CC="46"/>
						<SP ID="P317_SP00120" HPOS="401" VPOS="1352" WIDTH="22"/>
						<String ID="P317_ST00141" HPOS="423" VPOS="1309" WIDTH="73" HEIGHT="32" CONTENT="each" WC="0.81" CC="0007"/>
						<SP ID="P317_SP00121" HPOS="496" VPOS="1352" WIDTH="15"/>
						<String ID="P317_ST00142" HPOS="511" VPOS="1309" WIDTH="110" HEIGHT="31" CONTENT="other's" WC="0.61" CC="0570336"/>
						<SP ID="P317_SP00122" HPOS="621" VPOS="1352" WIDTH="18"/>
						<String ID="P317_ST00143" HPOS="639" VPOS="1309" WIDTH="96" HEIGHT="38" CONTENT="mind," WC="0.79" CC="00603"/>
						<SP ID="P317_SP00123" HPOS="735" VPOS="1352" WIDTH="17"/>
						<String ID="P317_ST00144" HPOS="752" VPOS="1309" WIDTH="69" HEIGHT="31" CONTENT="that" WC="0.62" CC="0707"/>
						<SP ID="P317_SP00124" HPOS="821" VPOS="1352" WIDTH="19"/>
						<String ID="P317_ST00145" HPOS="840" VPOS="1310" WIDTH="120" HEIGHT="30" CONTENT="neither" WC="0.59" CC="6006609"/>
					</TextLine>
					<TextLine ID="P317_TL00022" HPOS="141" VPOS="1370" WIDTH="818" HEIGHT="43">
						<String ID="P317_ST00146" HPOS="141" VPOS="1372" WIDTH="109" HEIGHT="32" CONTENT="bowed" WC="0.85" CC="70000"/>
						<SP ID="P317_SP00125" HPOS="250" VPOS="1404" WIDTH="16"/>
						<String ID="P317_ST00147" HPOS="266" VPOS="1383" WIDTH="56" HEIGHT="20" CONTENT="nor" WC="0.44" CC="753"/>
						<SP ID="P317_SP00126" HPOS="322" VPOS="1404" WIDTH="15"/>
						<String ID="P317_ST00148" HPOS="337" VPOS="1371" WIDTH="89" HEIGHT="31" CONTENT="made" WC="0.75" CC="0901"/>
						<SP ID="P317_SP00127" HPOS="426" VPOS="1404" WIDTH="17"/>
						<String ID="P317_ST00149" HPOS="443" VPOS="1382" WIDTH="61" HEIGHT="30" CONTENT="any" WC="0.75" CC="070"/>
						<SP ID="P317_SP00128" HPOS="504" VPOS="1412" WIDTH="16"/>
						<String ID="P317_ST00150" HPOS="520" VPOS="1376" WIDTH="132" HEIGHT="36" CONTENT="attempt" WC="0.81" CC="0530004"/>
						<SP ID="P317_SP00129" HPOS="652" VPOS="1412" WIDTH="15"/>
						<String ID="P317_ST00151" HPOS="667" VPOS="1376" WIDTH="32" HEIGHT="25" CONTENT="at" WC="0.67" CC="06"/>
						<SP ID="P317_SP00130" HPOS="699" VPOS="1412" WIDTH="22"/>
						<String ID="P317_ST00152" HPOS="721" VPOS="1370" WIDTH="124" HEIGHT="43" CONTENT="bowing" WC="0.73" CC="010770"/>
						<String ID="P317_ST00153" HPOS="856" VPOS="1383" WIDTH="6" HEIGHT="25" CONTENT=";" WC="0.45" CC="5"/>
						<SP ID="P317_SP00131" HPOS="862" VPOS="1413" WIDTH="23"/>
						<String ID="P317_ST00154" HPOS="885" VPOS="1371" WIDTH="74" HEIGHT="41" CONTENT="they" WC="0.57" CC="0709"/>
					</TextLine>
					<TextLine ID="P317_TL00023" HPOS="140" VPOS="1431" WIDTH="818" HEIGHT="43">
						<String ID="P317_ST00155" HPOS="140" VPOS="1434" WIDTH="112" HEIGHT="31" CONTENT="looked" WC="0.91" CC="000400"/>
						<SP ID="P317_SP00132" HPOS="252" VPOS="1465" WIDTH="15"/>
						<String ID="P317_ST00156" HPOS="267" VPOS="1433" WIDTH="47" HEIGHT="31" CONTENT="for" WC="0.79" CC="500"/>
						<SP ID="P317_SP00133" HPOS="314" VPOS="1465" WIDTH="15"/>
						<String ID="P317_ST00157" HPOS="329" VPOS="1443" WIDTH="58" HEIGHT="21" CONTENT="one" WC="0.61" CC="560"/>
						<SP ID="P317_SP00134" HPOS="387" VPOS="1465" WIDTH="15"/>
						<String ID="P317_ST00158" HPOS="402" VPOS="1432" WIDTH="112" HEIGHT="31" CONTENT="second" WC="0.75" CC="502060"/>
						<SP ID="P317_SP00135" HPOS="514" VPOS="1465" WIDTH="19"/>
						<String ID="P317_ST00159" HPOS="533" VPOS="1432" WIDTH="130" HEIGHT="42" CONTENT="straight" WC="0.53" CC="55400976"/>
						<SP ID="P317_SP00136" HPOS="663" VPOS="1474" WIDTH="16"/>
						<String ID="P317_ST00160" HPOS="679" VPOS="1432" WIDTH="65" HEIGHT="30" CONTENT="into" WC="0.81" CC="0700"/>
						<SP ID="P317_SP00137" HPOS="744" VPOS="1474" WIDTH="17"/>
						<String ID="P317_ST00161" HPOS="761" VPOS="1431" WIDTH="73" HEIGHT="31" CONTENT="each" WC="0.65" CC="0607"/>
						<SP ID="P317_SP00138" HPOS="834" VPOS="1474" WIDTH="15"/>
						<String ID="P317_ST00162" HPOS="849" VPOS="1431" WIDTH="109" HEIGHT="31" CONTENT="other's" WC="0.57" CC="2270439"/>
					</TextLine>
					<TextLine ID="P317_TL00024" HPOS="138" VPOS="1492" WIDTH="822" HEIGHT="43">
						<String ID="P317_ST00163" HPOS="138" VPOS="1496" WIDTH="77" HEIGHT="38" CONTENT="soul," WC="0.77" CC="20602"/>
						<SP ID="P317_SP00139" HPOS="215" VPOS="1534" WIDTH="23"/>
						<String ID="P317_ST00164" HPOS="238" VPOS="1494" WIDTH="63" HEIGHT="32" CONTENT="and" WC="0.77" CC="060"/>
						<SP ID="P317_SP00140" HPOS="301" VPOS="1534" WIDTH="26"/>
						<String ID="P317_ST00165" HPOS="327" VPOS="1494" WIDTH="76" HEIGHT="31" CONTENT="then" WC="0.46" CC="6707"/>
						<SP ID="P317_SP00141" HPOS="403" VPOS="1534" WIDTH="16"/>
						<String ID="P317_ST00166" HPOS="419" VPOS="1494" WIDTH="116" HEIGHT="37" CONTENT="Victor," WC="0.52" CC="7336252"/>
						<SP ID="P317_SP00142" HPOS="535" VPOS="1534" WIDTH="25"/>
						<String ID="P317_ST00167" HPOS="560" VPOS="1494" WIDTH="77" HEIGHT="31" CONTENT="with" WC="0.63" CC="0427"/>
						<SP ID="P317_SP00143" HPOS="637" VPOS="1534" WIDTH="26"/>
						<String ID="P317_ST00168" HPOS="663" VPOS="1492" WIDTH="31" HEIGHT="33" CONTENT='a"' WC="0.61" CC="07"/>
						<SP ID="P317_SP00144" HPOS="694" VPOS="1534" WIDTH="9"/>
						<String ID="P317_ST00169" HPOS="703" VPOS="1493" WIDTH="113" HEIGHT="42" CONTENT="pained" WC="0.88" CC="000700"/>
						<SP ID="P317_SP00145" HPOS="816" VPOS="1535" WIDTH="24"/>
						<String ID="P317_ST00170" HPOS="840" VPOS="1504" WIDTH="120" HEIGHT="30" CONTENT="expres" SUBS_TYPE="HypPart1" SUBS_CONTENT="expression," WC="0.78" CC="0005054"/>
						<HYP CONTENT="-"/>
					</TextLine>
					<TextLine ID="P317_TL00025" HPOS="139" VPOS="1554" WIDTH="819" HEIGHT="41">
						<String ID="P317_ST00171" HPOS="139" VPOS="1558" WIDTH="77" HEIGHT="37" CONTENT="sion," SUBS_TYPE="HypPart2" SUBS_CONTENT="expression," WC="0.62" CC="60073"/>
						<SP ID="P317_SP00146" HPOS="216" VPOS="1595" WIDTH="35"/>
						<String ID="P317_ST00172" HPOS="251" VPOS="1556" WIDTH="114" HEIGHT="31" CONTENT="looked" WC="0.75" CC="051520"/>
						<SP ID="P317_SP00147" HPOS="365" VPOS="1595" WIDTH="30"/>
						<String ID="P317_ST00173" HPOS="395" VPOS="1555" WIDTH="92" HEIGHT="31" CONTENT="down" WC="0.55" CC="0197"/>
						<String ID="P317_ST00174" HPOS="499" VPOS="1568" WIDTH="7" HEIGHT="24" CONTENT=";" WC="1.00" CC="0"/>
						<SP ID="P317_SP00148" HPOS="506" VPOS="1595" WIDTH="30"/>
						<String ID="P317_ST00175" HPOS="536" VPOS="1555" WIDTH="107" HEIGHT="38" CONTENT="Claire," WC="0.58" CC="5180760"/>
						<SP ID="P317_SP00149" HPOS="643" VPOS="1595" WIDTH="25"/>
						<String ID="P317_ST00176" HPOS="668" VPOS="1555" WIDTH="144" HEIGHT="40" CONTENT="blushing" WC="0.41" CC="70867079"/>
						<SP ID="P317_SP00150" HPOS="812" VPOS="1595" WIDTH="29"/>
						<String ID="P317_ST00177" HPOS="841" VPOS="1554" WIDTH="117" HEIGHT="37" CONTENT="scarlet," WC="0.73" CC="50030074"/>
					</TextLine>
				</TextBlock>
				<TextBlock ID="P317_TB00007" HPOS="833" VPOS="1616" WIDTH="44" HEIGHT="18" STYLEREFS="TXT_0 PAR_RIGHT">
					<TextLine ID="P317_TL00026" HPOS="834" VPOS="1616" WIDTH="43" HEIGHT="18">
						<String ID="P317_ST00178" HPOS="834" VPOS="1621" WIDTH="16" HEIGHT="13" CONTENT="x" WC="0.27" CC="7"/>
						<SP ID="P317_SP00151" HPOS="850" VPOS="1634" WIDTH="16"/>
						<String ID="P317_ST00179" HPOS="866" VPOS="1616" WIDTH="11" HEIGHT="18" CONTENT="2" WC="0.74" CC="2"/>
					</TextLine>
				</TextBlock>
			</PrintSpace>
		</Page>
	</Layout>
</alto>
