1132 1747
373 109 146 22 KINDRED
544 111 107 20 MINDS.

901 106 15 25 9

95 184 108 41 people
227 185 158 42 generally
408 197 55 31 say
486 186 31 32 in
542 198 54 20 our
772 186 146 32 observed

94 245 63 31 she.

334 370 66 31 said
421 370 116 41 Victor,
564 375 31 27 at
620 383 18 19 a
661 371 77 32 later
761 370 104 42 period
890 370 32 32 of

95 429 62 32 this
181 431 225 41 conversation,
464 432 90 31 listen
577 437 31 26 to
631 444 49 19 me
705 444 83 28 once,
810 444 46 20 Ave
880 432 38 32 do

94 494 55 28 not
170 497 83 26 meet
276 492 85 31 often
383 504 77 20 noAv.
507 493 49 31 Do
578 505 62 29 you
663 493 88 31 think
770 494 15 30 I
806 498 113 27 cannot

93 556 83 27 trace
200 564 79 30 your
302 553 145 31 mother's
471 553 89 41 hand,
586 554 60 31 and
671 554 99 32 above
793 555 48 39 all,
865 555 52 31 the

93 611 83 32 hand
200 612 34 31 of
252 612 70 32 that
346 614 160 32 execrable
529 614 121 32 mother
667 614 33 31 of
720 613 148 41 Olivier's,
886 613 30 31 in

92 685 77 30 your
191 674 116 32 altered
330 687 129 20 manner
474 680 32 27 to
523 688 49 19 me
582 677 13 31 ?
641 677 48 31 Do
713 688 60 29 you
796 676 87 31 think
902 676 14 30 I

92 735 83 32 don't
201 736 92 31 know
321 736 85 32 what
435 737 74 41 they
536 737 79 32 have
645 737 77 32 been
750 737 109 41 saying
883 741 33 27 to

91 808 61 29 you
164 798 14 30 ?
223 797 49 31 Do
296 809 61 29 you
379 797 88 31 think
483 798 15 31 I
514 798 85 31 don't
615 809 49 20 see
680 798 53 31 the
756 798 160 31 difference

91 857 31 31 in
145 870 70 29 you,
241 858 123 32 Claire?
409 859 49 31 Do
481 870 60 30 you
564 859 90 31 think
678 870 61 30 you
761 858 78 31 have
862 862 55 27 not

92 919 73 32 hurt
187 931 50 21 me
260 931 86 21 more
368 920 76 32 than
468 932 60 30 any
551 920 87 32 other
661 920 95 41 living
780 924 135 27 creature

91 992 83 29 upon
190 981 86 32 earth
293 981 91 32 could
400 981 78 32 have
495 981 71 32 hurt

134 1042 102 32 There
252 1054 62 20 was
339 1055 18 19 a
379 1043 109 31 tender
512 1043 263 42 reproachfulness
796 1042 31 32 in
843 1042 70 32 Vic-

89 1104 75 31 tor's
181 1108 73 27 tone
271 1116 33 19 as
321 1104 39 32 he
375 1104 72 32 thus
465 1105 94 41 spoke
575 1104 68 32 that
665 1103 108 32 stirred
789 1103 124 33 Claire's

88 1165 97 41 heart,
214 1166 61 31 and
302 1166 90 32 made
423 1166 54 32 her
506 1171 72 26 turn
608 1166 76 41 pale,
715 1165 90 31 while
832 1170 81 26 tears

87 1227 150 40 gathered
253 1227 99 32 under
369 1227 55 32 her
439 1228 151 41 drooping
606 1227 121 42 eyelids.

166 1289 83 32 That
280 1289 113 42 saintly
424 1295 75 26 aunt
529 1289 201 40 Clementine,
875 1289 37 32 he

87 1350 154 41 pursued;
300 1350 38 33 do
354 1362 62 29 you
432 1350 89 32 think

300 1411 192 43 interrupted
520 1411 101 33 Claire
635 1425 7 27 ;
707 1422 61 31 you
795 1411 38 31 do
860 1411 53 31 her

87 1473 149 43 injustice.
299 1473 88 32 Aunt
426 1473 191 32 Clementine
652 1472 55 32 has
744 1472 169 42 altogether

86 1535 130 32 another
230 1534 100 32 creed.
366 1534 15 32 I
397 1534 118 32 believe
533 1533 53 33 she
603 1533 103 33 thinks
722 1533 67 32 that
805 1545 108 28 every-
