1132 1747
174 97 52 27 210

414 105 84 20 LOVE
520 104 65 21 THE
608 102 161 23 AVENGER.

172 193 129 21 manner
314 194 7 26 ;
377 183 27 31 it
419 182 26 31 is
460 181 189 32 unbearable
665 181 71 30 that
754 190 59 20 one
830 177 83 33 can't
928 178 82 31 have

174 244 81 32 one's
271 256 70 20 own
356 256 71 31 way
439 246 6 30 !
492 244 50 32 No
558 243 174 42 friendship
749 253 58 21 can
822 241 94 32 stand
931 241 77 31 such

173 310 139 38 tyranny
326 308 6 29 !
379 306 70 38 and,
467 305 152 42 breaking
635 304 155 43 violently
805 303 80 32 from
906 303 100 31 Henri

173 367 139 41 Dupont,
330 368 38 31 he
384 368 114 31 rushed
514 369 68 30 into
598 368 49 31 his
663 379 71 19 own
750 377 94 21 room.

216 491 64 31 The
304 491 92 32 letter
422 491 42 31 M.
494 491 37 31 de
558 491 188 31 Beauvoisin
774 490 61 31 had
863 489 142 32 received

173 563 40 20 on
228 552 53 32 the
299 552 54 32 5th
370 552 34 31 of
416 552 85 40 July,
520 552 166 31 contained
702 552 85 31 these
803 552 103 31 words
921 563 4 19 :
928 570 43 3 —

247 674 35 32 If
311 675 53 31 the
395 674 110 32 official
536 675 164 31 candidate
730 675 27 31 is
786 679 56 27 not
873 674 127 36 elected,

172 735 106 43 things
300 736 70 31 that
393 736 145 31 occurred
561 748 93 19 seven
677 747 90 31 years
790 748 58 30 ago
871 736 65 31 Avill
962 736 39 31 be

172 797 134 42 brought
321 801 33 27 to
369 797 90 42 light,
476 797 63 31 and
558 802 85 26 utter
658 798 71 30 ruin
752 809 102 19 ensue.
902 798 98 30 There

172 870 50 19 are
238 859 108 41 people
368 859 72 30 here
455 859 70 30 Avho
541 859 79 30 have
643 859 111 41 proofs.
803 860 32 29 If
854 871 64 30 you
943 871 57 20 can

172 931 70 30 pass
269 932 18 18 a
312 921 60 30 few
395 920 93 31 hours
513 921 70 30 here
608 925 188 33 to-morrow,
825 921 15 30 I
865 933 74 30 may
962 922 39 31 be

172 981 68 31 able
263 986 32 26 to
311 981 72 42 help
406 993 62 30 you
481 994 6 25 ;
511 982 28 30 if
558 986 64 33 not,
641 982 15 30 I
680 993 49 20 see
744 993 41 20 no
808 982 100 43 safety
923 994 78 31 any-

172 1042 106 31 where.
328 1042 79 41 Rely
423 1054 40 19 on
478 1054 55 29 my
548 1043 183 40 friendship,
