<?xml version="1.0" encoding="UTF-8"?>
<alto xmlns:xsi="http://www.w3.org/2001/XMLSchema-instance" xsi:noNamespaceSchemaLocation="http://www.bl.uk/schemas/alto/alto-1-4.xsd" xmlns:xlink="http://www.w3.org/1999/xlink">
	<Description>
		<MeasurementUnit>mm10</MeasurementUnit>
		<sourceImageInformation>
			<fileName>//head1/IN/2007-46/A0010888503.2/009271.jp2</fileName>
		</sourceImageInformation>
		<OCRProcessing ID="OCRPROCESSING_1">
			<preProcessingStep>
				<processingSoftware>
					<softwareCreator>CCS Content Conversion Specialists GmbH, Germany</softwareCreator>
					<softwareName>CCS docWORKS</softwareName>
					<softwareVersion>6.1-0.61</softwareVersion>
				</processingSoftware>
			</preProcessingStep>
			<ocrProcessingStep>
				<processingSoftware>
					<softwareCreator>ABBYY (BIT Software), Russia</softwareCreator>
					<softwareName>Finereader</softwareName>
				</processingSoftware>
			</ocrProcessingStep>
		</OCRProcessing>
	</Description>
	<Styles>
		<TextStyle ID="TXT_0" FONTSIZE="10" FONTFAMILY="Courier New"/>
		<TextStyle ID="TXT_1" FONTSIZE="11" FONTFAMILY="Courier New"/>
		<ParagraphStyle ID="PAR_LEFT" ALIGN="Left"/>
		<ParagraphStyle ID="PAR_RIGHT" ALIGN="Right"/>
	</Styles>
	<Layout>
		<Page ID="P63" PHYSICAL_IMG_NR="63" HEIGHT="1747" WIDTH="1132" PRINTED_IMG_NR="53" POSITION="Right" ACCURACY="71.26">
			<TopMargin ID="P63_TM00001" HPOS="0" VPOS="0" WIDTH="1131" HEIGHT="130">
				<TextBlock ID="P63_TB00001" HPOS="389" VPOS="106" WIDTH="252" HEIGHT="22" STYLEREFS="TXT_0 PAR_LEFT">
					<TextLine ID="P63_TL00001" HPOS="390" VPOS="108" WIDTH="251" HEIGHT="20">
						<String ID="P63_ST00001" HPOS="390" VPOS="108" WIDTH="42" HEIGHT="20" CONTENT="ON" WC="0.40" CC="29"/>
						<SP ID="P63_SP00001" HPOS="432" VPOS="128" WIDTH="22"/>
						<String ID="P63_ST00002" HPOS="454" VPOS="108" WIDTH="63" HEIGHT="20" CONTENT="THE" WC="0.41" CC="961"/>
						<SP ID="P63_SP00002" HPOS="517" VPOS="128" WIDTH="23"/>
						<String ID="P63_ST00003" HPOS="540" VPOS="108" WIDTH="101" HEIGHT="20" CONTENT="SCENT." WC="0.76" CC="605002"/>
					</TextLine>
				</TextBlock>
				<TextBlock ID="P63_TB00002" HPOS="886" VPOS="103" WIDTH="34" HEIGHT="25" STYLEREFS="TXT_1 PAR_RIGHT">
					<TextLine ID="P63_TL00002" HPOS="886" VPOS="103" WIDTH="34" HEIGHT="25">
						<String ID="P63_ST00004" HPOS="886" VPOS="103" WIDTH="34" HEIGHT="25" CONTENT="53" WC="1.00" CC="00"/>
					</TextLine>
				</TextBlock>
			</TopMargin>
			<LeftMargin ID="P63_LM00001" HPOS="0" VPOS="130" WIDTH="104" HEIGHT="1432"/>
			<RightMargin ID="P63_RM00001" HPOS="927" VPOS="130" WIDTH="204" HEIGHT="1432"/>
			<BottomMargin ID="P63_BM00001" HPOS="0" VPOS="1562" WIDTH="1131" HEIGHT="184"/>
			<PrintSpace ID="P63_PS00001" HPOS="104" VPOS="130" WIDTH="823" HEIGHT="1434">
				<TextBlock ID="P63_TB00003" HPOS="107" VPOS="180" WIDTH="815" HEIGHT="215" STYLEREFS="TXT_0 PAR_LEFT">
					<TextLine ID="P63_TL00003" HPOS="108" VPOS="182" WIDTH="814" HEIGHT="44">
						<String ID="P63_ST00005" HPOS="108" VPOS="182" WIDTH="47" HEIGHT="30" CONTENT="for" WC="0.82" CC="005"/>
						<SP ID="P63_SP00003" HPOS="155" VPOS="212" WIDTH="15"/>
						<String ID="P63_ST00006" HPOS="170" VPOS="182" WIDTH="84" HEIGHT="31" CONTENT="Avhat" WC="0.54" CC="90705"/>
						<SP ID="P63_SP00004" HPOS="254" VPOS="213" WIDTH="15"/>
						<String ID="P63_ST00007" HPOS="269" VPOS="194" WIDTH="63" HEIGHT="20" CONTENT="was" WC="0.90" CC="003"/>
						<SP ID="P63_SP00005" HPOS="332" VPOS="214" WIDTH="17"/>
						<String ID="P63_ST00008" HPOS="349" VPOS="183" WIDTH="177" HEIGHT="43" CONTENT="happening" WC="0.70" CC="700006570"/>
						<SP ID="P63_SP00006" HPOS="526" VPOS="226" WIDTH="19"/>
						<String ID="P63_ST00009" HPOS="545" VPOS="184" WIDTH="136" HEIGHT="42" CONTENT="opposite" WC="0.87" CC="00026010"/>
						<SP ID="P63_SP00007" HPOS="681" VPOS="226" WIDTH="21"/>
						<String ID="P63_ST00010" HPOS="702" VPOS="189" WIDTH="32" HEIGHT="26" CONTENT="to" WC="0.57" CC="52"/>
						<SP ID="P63_SP00008" HPOS="734" VPOS="226" WIDTH="20"/>
						<String ID="P63_ST00011" HPOS="754" VPOS="184" WIDTH="95" HEIGHT="39" CONTENT="them," WC="0.76" CC="07004"/>
						<SP ID="P63_SP00009" HPOS="849" VPOS="226" WIDTH="16"/>
						<String ID="P63_ST00012" HPOS="865" VPOS="185" WIDTH="57" HEIGHT="31" CONTENT="but" WC="0.38" CC="755"/>
					</TextLine>
					<TextLine ID="P63_TL00004" HPOS="107" VPOS="243" WIDTH="815" HEIGHT="44">
						<String ID="P63_ST00013" HPOS="107" VPOS="243" WIDTH="156" HEIGHT="43" CONTENT="Avatching" WC="0.77" CC="000307170"/>
						<SP ID="P63_SP00010" HPOS="263" VPOS="286" WIDTH="31"/>
						<String ID="P63_ST00014" HPOS="294" VPOS="244" WIDTH="149" HEIGHT="32" CONTENT="Claudine" WC="0.72" CC="51070070"/>
						<SP ID="P63_SP00011" HPOS="443" VPOS="286" WIDTH="29"/>
						<String ID="P63_ST00015" HPOS="472" VPOS="246" WIDTH="134" HEIGHT="41" CONTENT="through" WC="0.60" CC="6700607"/>
						<SP ID="P63_SP00012" HPOS="606" VPOS="287" WIDTH="21"/>
						<String ID="P63_ST00016" HPOS="627" VPOS="246" WIDTH="80" HEIGHT="30" CONTENT="their" WC="0.76" CC="07040"/>
						<SP ID="P63_SP00013" HPOS="707" VPOS="287" WIDTH="23"/>
						<String ID="P63_ST00017" HPOS="730" VPOS="246" WIDTH="136" HEIGHT="41" CONTENT="eye-lids," WC="0.83" CC="000012063"/>
						<SP ID="P63_SP00014" HPOS="866" VPOS="287" WIDTH="24"/>
						<String ID="P63_ST00018" HPOS="890" VPOS="257" WIDTH="32" HEIGHT="19" CONTENT="as" WC="0.99" CC="00"/>
					</TextLine>
					<TextLine ID="P63_TL00005" HPOS="107" VPOS="304" WIDTH="815" HEIGHT="43">
						<String ID="P63_ST00019" HPOS="107" VPOS="315" WIDTH="58" HEIGHT="19" CONTENT="one" WC="0.58" CC="560"/>
						<SP ID="P63_SP00015" HPOS="165" VPOS="334" WIDTH="23"/>
						<String ID="P63_ST00020" HPOS="188" VPOS="304" WIDTH="104" HEIGHT="31" CONTENT="would" WC="0.82" CC="01600"/>
						<SP ID="P63_SP00016" HPOS="292" VPOS="335" WIDTH="23"/>
						<String ID="P63_ST00021" HPOS="315" VPOS="316" WIDTH="139" HEIGHT="30" CONTENT="suppose," WC="0.73" CC="26000604"/>
						<SP ID="P63_SP00017" HPOS="454" VPOS="346" WIDTH="23"/>
						<String ID="P63_ST00022" HPOS="477" VPOS="304" WIDTH="54" HEIGHT="32" CONTENT="she" WC="0.55" CC="570"/>
						<SP ID="P63_SP00018" HPOS="531" VPOS="346" WIDTH="25"/>
						<String ID="P63_ST00023" HPOS="556" VPOS="316" WIDTH="62" HEIGHT="20" CONTENT="was" WC="0.79" CC="006"/>
						<SP ID="P63_SP00019" HPOS="618" VPOS="346" WIDTH="30"/>
						<String ID="P63_ST00024" HPOS="648" VPOS="316" WIDTH="32" HEIGHT="20" CONTENT="as" WC="0.68" CC="06"/>
						<SP ID="P63_SP00020" HPOS="680" VPOS="346" WIDTH="28"/>
						<String ID="P63_ST00025" HPOS="708" VPOS="304" WIDTH="119" HEIGHT="43" CONTENT="though" WC="0.65" CC="070607"/>
						<SP ID="P63_SP00021" HPOS="827" VPOS="347" WIDTH="21"/>
						<String ID="P63_ST00026" HPOS="848" VPOS="304" WIDTH="74" HEIGHT="41" CONTENT="they" WC="0.70" CC="4700"/>
					</TextLine>
					<TextLine ID="P63_TL00006" HPOS="107" VPOS="364" WIDTH="237" HEIGHT="31">
						<String ID="P63_ST00027" HPOS="107" VPOS="364" WIDTH="92" HEIGHT="31" CONTENT="knew" WC="0.81" CC="0700"/>
						<SP ID="P63_SP00022" HPOS="199" VPOS="395" WIDTH="14"/>
						<String ID="P63_ST00028" HPOS="213" VPOS="365" WIDTH="55" HEIGHT="30" CONTENT="her" WC="0.58" CC="704"/>
						<SP ID="P63_SP00023" HPOS="268" VPOS="395" WIDTH="14"/>
						<String ID="P63_ST00029" HPOS="282" VPOS="370" WIDTH="62" HEIGHT="25" CONTENT="not." WC="0.71" CC="7030"/>
					</TextLine>
				</TextBlock>
				<TextBlock ID="P63_TB00004" HPOS="104" VPOS="424" WIDTH="822" HEIGHT="641" STYLEREFS="TXT_0 PAR_LEFT">
					<TextLine ID="P63_TL00007" HPOS="151" VPOS="425" WIDTH="772" HEIGHT="44">
						<String ID="P63_ST00030" HPOS="151" VPOS="425" WIDTH="43" HEIGHT="32" CONTENT="M." WC="0.84" CC="02"/>
						<SP ID="P63_SP00024" HPOS="194" VPOS="457" WIDTH="20"/>
						<String ID="P63_ST00031" HPOS="214" VPOS="426" WIDTH="38" HEIGHT="31" CONTENT="de" WC="1.00" CC="00"/>
						<SP ID="P63_SP00025" HPOS="252" VPOS="457" WIDTH="16"/>
						<String ID="P63_ST00032" HPOS="268" VPOS="426" WIDTH="164" HEIGHT="43" CONTENT="Moranges" WC="0.84" CC="00007004"/>
						<SP ID="P63_SP00026" HPOS="432" VPOS="469" WIDTH="15"/>
						<String ID="P63_ST00033" HPOS="447" VPOS="426" WIDTH="134" HEIGHT="42" CONTENT="pursued" WC="0.72" CC="0721700"/>
						<SP ID="P63_SP00027" HPOS="581" VPOS="469" WIDTH="14"/>
						<String ID="P63_ST00034" HPOS="595" VPOS="426" WIDTH="48" HEIGHT="31" CONTENT="his" WC="0.49" CC="707"/>
						<SP ID="P63_SP00028" HPOS="643" VPOS="469" WIDTH="15"/>
						<String ID="P63_ST00035" HPOS="658" VPOS="426" WIDTH="94" HEIGHT="41" CONTENT="lively" WC="0.90" CC="500000"/>
						<SP ID="P63_SP00029" HPOS="752" VPOS="469" WIDTH="14"/>
						<String ID="P63_ST00036" HPOS="766" VPOS="425" WIDTH="66" HEIGHT="32" CONTENT="talk" WC="0.98" CC="0000"/>
						<SP ID="P63_SP00030" HPOS="832" VPOS="469" WIDTH="15"/>
						<String ID="P63_ST00037" HPOS="847" VPOS="425" WIDTH="76" HEIGHT="31" CONTENT="Avith" WC="0.71" CC="00516"/>
					</TextLine>
					<TextLine ID="P63_TL00008" HPOS="107" VPOS="485" WIDTH="816" HEIGHT="44">
						<String ID="P63_ST00038" HPOS="107" VPOS="486" WIDTH="53" HEIGHT="31" CONTENT="the" WC="0.59" CC="470"/>
						<SP ID="P63_SP00031" HPOS="160" VPOS="517" WIDTH="37"/>
						<String ID="P63_ST00039" HPOS="197" VPOS="486" WIDTH="83" HEIGHT="38" CONTENT="loud," WC="0.74" CC="02603"/>
						<SP ID="P63_SP00032" HPOS="280" VPOS="524" WIDTH="36"/>
						<String ID="P63_ST00040" HPOS="316" VPOS="487" WIDTH="127" HEIGHT="42" CONTENT="rattling" WC="0.74" CC="10650060"/>
						<SP ID="P63_SP00033" HPOS="443" VPOS="529" WIDTH="30"/>
						<String ID="P63_ST00041" HPOS="473" VPOS="487" WIDTH="142" HEIGHT="41" CONTENT="princess," WC="0.71" CC="020700464"/>
						<SP ID="P63_SP00034" HPOS="615" VPOS="529" WIDTH="25"/>
						<String ID="P63_ST00042" HPOS="640" VPOS="487" WIDTH="68" HEIGHT="31" CONTENT="who" WC="0.57" CC="075"/>
						<SP ID="P63_SP00035" HPOS="708" VPOS="529" WIDTH="30"/>
						<String ID="P63_ST00043" HPOS="738" VPOS="486" WIDTH="96" HEIGHT="41" CONTENT="really" WC="0.77" CC="200460"/>
						<SP ID="P63_SP00036" HPOS="834" VPOS="529" WIDTH="28"/>
						<String ID="P63_ST00044" HPOS="862" VPOS="485" WIDTH="61" HEIGHT="31" CONTENT="had" WC="0.75" CC="700"/>
					</TextLine>
					<TextLine ID="P63_TL00009" HPOS="107" VPOS="547" WIDTH="817" HEIGHT="42">
						<String ID="P63_ST00045" HPOS="107" VPOS="547" WIDTH="124" HEIGHT="31" CONTENT="noticed" WC="0.75" CC="6064000"/>
						<SP ID="P63_SP00037" HPOS="231" VPOS="578" WIDTH="23"/>
						<String ID="P63_ST00046" HPOS="254" VPOS="547" WIDTH="139" HEIGHT="42" CONTENT="nothing," WC="0.63" CC="70670602"/>
						<SP ID="P63_SP00038" HPOS="393" VPOS="589" WIDTH="28"/>
						<String ID="P63_ST00047" HPOS="421" VPOS="547" WIDTH="62" HEIGHT="30" CONTENT="and" WC="0.75" CC="070"/>
						<SP ID="P63_SP00039" HPOS="483" VPOS="589" WIDTH="23"/>
						<String ID="P63_ST00048" HPOS="506" VPOS="547" WIDTH="76" HEIGHT="31" CONTENT="than" WC="0.62" CC="0707"/>
						<SP ID="P63_SP00040" HPOS="582" VPOS="589" WIDTH="26"/>
						<String ID="P63_ST00049" HPOS="608" VPOS="547" WIDTH="102" HEIGHT="30" CONTENT="whom" WC="0.81" CC="0700"/>
						<SP ID="P63_SP00041" HPOS="710" VPOS="589" WIDTH="28"/>
						<String ID="P63_ST00050" HPOS="738" VPOS="547" WIDTH="53" HEIGHT="30" CONTENT="the" WC="0.54" CC="670"/>
						<SP ID="P63_SP00042" HPOS="791" VPOS="589" WIDTH="29"/>
						<String ID="P63_ST00051" HPOS="820" VPOS="550" WIDTH="104" HEIGHT="37" CONTENT="parrot" WC="0.77" CC="003406"/>
					</TextLine>
					<TextLine ID="P63_TL00010" HPOS="106" VPOS="607" WIDTH="817" HEIGHT="42">
						<String ID="P63_ST00052" HPOS="106" VPOS="607" WIDTH="77" HEIGHT="31" CONTENT="Avith" WC="0.74" CC="00057"/>
						<SP ID="P63_SP00043" HPOS="183" VPOS="638" WIDTH="24"/>
						<String ID="P63_ST00053" HPOS="207" VPOS="607" WIDTH="40" HEIGHT="31" CONTENT="its" WC="0.55" CC="255"/>
						<SP ID="P63_SP00044" HPOS="247" VPOS="638" WIDTH="24"/>
						<String ID="P63_ST00054" HPOS="271" VPOS="607" WIDTH="87" HEIGHT="41" CONTENT="plum" WC="0.85" CC="0050"/>
						<SP ID="P63_SP00045" HPOS="358" VPOS="648" WIDTH="25"/>
						<String ID="P63_ST00055" HPOS="383" VPOS="607" WIDTH="34" HEIGHT="30" CONTENT="in" WC="0.60" CC="07"/>
						<SP ID="P63_SP00046" HPOS="417" VPOS="648" WIDTH="23"/>
						<String ID="P63_ST00056" HPOS="440" VPOS="607" WIDTH="54" HEIGHT="31" CONTENT="her" WC="0.51" CC="706"/>
						<SP ID="P63_SP00047" HPOS="494" VPOS="648" WIDTH="25"/>
						<String ID="P63_ST00057" HPOS="519" VPOS="608" WIDTH="133" HEIGHT="41" CONTENT="chignon" WC="0.63" CC="2710607"/>
						<SP ID="P63_SP00048" HPOS="652" VPOS="649" WIDTH="23"/>
						<String ID="P63_ST00058" HPOS="675" VPOS="618" WIDTH="62" HEIGHT="20" CONTENT="was" WC="0.76" CC="007"/>
						<SP ID="P63_SP00049" HPOS="737" VPOS="649" WIDTH="24"/>
						<String ID="P63_ST00059" HPOS="761" VPOS="612" WIDTH="55" HEIGHT="25" CONTENT="not" WC="0.58" CC="705"/>
						<SP ID="P63_SP00050" HPOS="816" VPOS="649" WIDTH="24"/>
						<String ID="P63_ST00060" HPOS="840" VPOS="617" WIDTH="83" HEIGHT="19" CONTENT="more" WC="0.96" CC="0010"/>
					</TextLine>
					<TextLine ID="P63_TL00011" HPOS="106" VPOS="668" WIDTH="817" HEIGHT="32">
						<String ID="P63_ST00061" HPOS="106" VPOS="668" WIDTH="183" HEIGHT="32" CONTENT="indifferent." WC="0.77" CC="070100040670"/>
						<SP ID="P63_SP00051" HPOS="289" VPOS="700" WIDTH="49"/>
						<String ID="P63_ST00062" HPOS="338" VPOS="668" WIDTH="49" HEIGHT="31" CONTENT="He" WC="0.76" CC="40"/>
						<SP ID="P63_SP00052" HPOS="387" VPOS="700" WIDTH="31"/>
						<String ID="P63_ST00063" HPOS="418" VPOS="668" WIDTH="59" HEIGHT="31" CONTENT="lost" WC="0.58" CC="7035"/>
						<SP ID="P63_SP00053" HPOS="477" VPOS="700" WIDTH="37"/>
						<String ID="P63_ST00064" HPOS="514" VPOS="674" WIDTH="56" HEIGHT="25" CONTENT="not" WC="0.44" CC="726"/>
						<SP ID="P63_SP00054" HPOS="570" VPOS="700" WIDTH="30"/>
						<String ID="P63_ST00065" HPOS="600" VPOS="680" WIDTH="18" HEIGHT="19" CONTENT="a" WC="1.00" CC="0"/>
						<SP ID="P63_SP00055" HPOS="618" VPOS="700" WIDTH="29"/>
						<String ID="P63_ST00066" HPOS="647" VPOS="668" WIDTH="96" HEIGHT="31" CONTENT="detail" WC="0.85" CC="002032"/>
						<SP ID="P63_SP00056" HPOS="743" VPOS="700" WIDTH="30"/>
						<String ID="P63_ST00067" HPOS="773" VPOS="668" WIDTH="34" HEIGHT="30" CONTENT="of" WC="1.00" CC="00"/>
						<SP ID="P63_SP00057" HPOS="807" VPOS="700" WIDTH="33"/>
						<String ID="P63_ST00068" HPOS="840" VPOS="668" WIDTH="83" HEIGHT="29" CONTENT="what" WC="0.25" CC="9756"/>
					</TextLine>
					<TextLine ID="P63_TL00012" HPOS="106" VPOS="729" WIDTH="817" HEIGHT="42">
						<String ID="P63_ST00069" HPOS="106" VPOS="729" WIDTH="109" HEIGHT="41" CONTENT="passed" WC="0.79" CC="007500"/>
						<SP ID="P63_SP00058" HPOS="215" VPOS="770" WIDTH="18"/>
						<String ID="P63_ST00070" HPOS="233" VPOS="729" WIDTH="50" HEIGHT="40" CONTENT="(he" WC="0.62" CC="370"/>
						<SP ID="P63_SP00059" HPOS="283" VPOS="770" WIDTH="17"/>
						<String ID="P63_ST00071" HPOS="300" VPOS="729" WIDTH="117" HEIGHT="31" CONTENT="seldom" WC="0.88" CC="600000"/>
						<SP ID="P63_SP00060" HPOS="417" VPOS="770" WIDTH="15"/>
						<String ID="P63_ST00072" HPOS="432" VPOS="729" WIDTH="64" HEIGHT="38" CONTENT="did," WC="0.93" CC="0002"/>
						<SP ID="P63_SP00061" HPOS="496" VPOS="770" WIDTH="16"/>
						<String ID="P63_ST00073" HPOS="512" VPOS="729" WIDTH="94" HEIGHT="42" CONTENT="being" WC="0.70" CC="70070"/>
						<SP ID="P63_SP00062" HPOS="606" VPOS="771" WIDTH="19"/>
						<String ID="P63_ST00074" HPOS="625" VPOS="740" WIDTH="40" HEIGHT="20" CONTENT="an" WC="0.63" CC="07"/>
						<SP ID="P63_SP00063" HPOS="665" VPOS="771" WIDTH="15"/>
						<String ID="P63_ST00075" HPOS="680" VPOS="734" WIDTH="88" HEIGHT="27" CONTENT="acute" WC="0.71" CC="00770"/>
						<SP ID="P63_SP00064" HPOS="768" VPOS="771" WIDTH="17"/>
						<String ID="P63_ST00076" HPOS="785" VPOS="729" WIDTH="138" HEIGHT="31" CONTENT="observer" WC="0.76" CC="07505001"/>
					</TextLine>
					<TextLine ID="P63_TL00013" HPOS="106" VPOS="790" WIDTH="820" HEIGHT="42">
						<String ID="P63_ST00077" HPOS="106" VPOS="795" WIDTH="33" HEIGHT="26" CONTENT="at" WC="0.70" CC="05"/>
						<SP ID="P63_SP00065" HPOS="139" VPOS="821" WIDTH="15"/>
						<String ID="P63_ST00078" HPOS="154" VPOS="791" WIDTH="41" HEIGHT="31" CONTENT="all" WC="0.87" CC="030"/>
						<SP ID="P63_SP00066" HPOS="195" VPOS="822" WIDTH="15"/>
						<String ID="P63_ST00079" HPOS="210" VPOS="790" WIDTH="113" HEIGHT="41" CONTENT="times)," WC="0.73" CC="6400223"/>
						<SP ID="P63_SP00067" HPOS="323" VPOS="831" WIDTH="18"/>
						<String ID="P63_ST00080" HPOS="341" VPOS="790" WIDTH="63" HEIGHT="31" CONTENT="and" WC="0.76" CC="070"/>
						<SP ID="P63_SP00068" HPOS="404" VPOS="831" WIDTH="22"/>
						<String ID="P63_ST00081" HPOS="426" VPOS="801" WIDTH="62" HEIGHT="20" CONTENT="saw" WC="0.79" CC="600"/>
						<SP ID="P63_SP00069" HPOS="488" VPOS="831" WIDTH="20"/>
						<String ID="P63_ST00082" HPOS="508" VPOS="795" WIDTH="62" HEIGHT="27" CONTENT="two" WC="0.69" CC="404"/>
						<SP ID="P63_SP00070" HPOS="570" VPOS="831" WIDTH="15"/>
						<String ID="P63_ST00083" HPOS="585" VPOS="801" WIDTH="106" HEIGHT="31" CONTENT="young" WC="0.78" CC="00730"/>
						<SP ID="P63_SP00071" HPOS="691" VPOS="832" WIDTH="14"/>
						<String ID="P63_ST00084" HPOS="705" VPOS="801" WIDTH="80" HEIGHT="26" CONTENT="men," WC="0.80" CC="0061"/>
						<SP ID="P63_SP00072" HPOS="785" VPOS="832" WIDTH="17"/>
						<String ID="P63_ST00085" HPOS="802" VPOS="790" WIDTH="75" HEIGHT="30" CONTENT="both" WC="0.42" CC="7357"/>
						<SP ID="P63_SP00073" HPOS="877" VPOS="832" WIDTH="16"/>
						<String ID="P63_ST00086" HPOS="893" VPOS="790" WIDTH="33" HEIGHT="29" CONTENT="of" WC="0.84" CC="03"/>
					</TextLine>
					<TextLine ID="P63_TL00014" HPOS="106" VPOS="851" WIDTH="817" HEIGHT="42">
						<String ID="P63_ST00087" HPOS="106" VPOS="852" WIDTH="103" HEIGHT="31" CONTENT="Avhom" WC="0.86" CC="00700"/>
						<SP ID="P63_SP00074" HPOS="209" VPOS="883" WIDTH="19"/>
						<String ID="P63_ST00088" HPOS="228" VPOS="852" WIDTH="39" HEIGHT="30" CONTENT="he" WC="0.63" CC="70"/>
						<SP ID="P63_SP00075" HPOS="267" VPOS="883" WIDTH="18"/>
						<String ID="P63_ST00089" HPOS="285" VPOS="851" WIDTH="100" HEIGHT="38" CONTENT="knew," WC="0.79" CC="07002"/>
						<SP ID="P63_SP00076" HPOS="385" VPOS="889" WIDTH="17"/>
						<String ID="P63_ST00090" HPOS="402" VPOS="851" WIDTH="71" HEIGHT="42" CONTENT="help" WC="0.56" CC="7009"/>
						<SP ID="P63_SP00077" HPOS="473" VPOS="893" WIDTH="20"/>
						<String ID="P63_ST00091" HPOS="493" VPOS="856" WIDTH="33" HEIGHT="26" CONTENT="to" WC="0.96" CC="00"/>
						<SP ID="P63_SP00078" HPOS="526" VPOS="893" WIDTH="22"/>
						<String ID="P63_ST00092" HPOS="548" VPOS="851" WIDTH="73" HEIGHT="32" CONTENT="bear" WC="0.65" CC="7006"/>
						<SP ID="P63_SP00079" HPOS="621" VPOS="893" WIDTH="22"/>
						<String ID="P63_ST00093" HPOS="643" VPOS="862" WIDTH="88" HEIGHT="30" CONTENT="away" WC="1.00" CC="0000"/>
						<SP ID="P63_SP00080" HPOS="731" VPOS="893" WIDTH="15"/>
						<String ID="P63_ST00094" HPOS="746" VPOS="851" WIDTH="52" HEIGHT="30" CONTENT="the" WC="0.54" CC="670"/>
						<SP ID="P63_SP00081" HPOS="798" VPOS="893" WIDTH="15"/>
						<String ID="P63_ST00095" HPOS="813" VPOS="861" WIDTH="110" HEIGHT="30" CONTENT="person" WC="0.68" CC="005525"/>
					</TextLine>
					<TextLine ID="P63_TL00015" HPOS="106" VPOS="911" WIDTH="817" HEIGHT="38">
						<String ID="P63_ST00096" HPOS="106" VPOS="913" WIDTH="69" HEIGHT="31" CONTENT="who" WC="0.75" CC="070"/>
						<SP ID="P63_SP00082" HPOS="175" VPOS="944" WIDTH="24"/>
						<String ID="P63_ST00097" HPOS="199" VPOS="913" WIDTH="55" HEIGHT="31" CONTENT="did" WC="1.00" CC="000"/>
						<SP ID="P63_SP00083" HPOS="254" VPOS="944" WIDTH="21"/>
						<String ID="P63_ST00098" HPOS="275" VPOS="912" WIDTH="53" HEIGHT="31" CONTENT="the" WC="0.76" CC="070"/>
						<SP ID="P63_SP00084" HPOS="328" VPOS="944" WIDTH="23"/>
						<String ID="P63_ST00099" HPOS="351" VPOS="912" WIDTH="133" HEIGHT="31" CONTENT="honours" WC="0.52" CC="7070746"/>
						<SP ID="P63_SP00085" HPOS="484" VPOS="944" WIDTH="30"/>
						<String ID="P63_ST00100" HPOS="514" VPOS="912" WIDTH="34" HEIGHT="31" CONTENT="of" WC="0.96" CC="00"/>
						<SP ID="P63_SP00086" HPOS="548" VPOS="944" WIDTH="27"/>
						<String ID="P63_ST00101" HPOS="575" VPOS="912" WIDTH="48" HEIGHT="30" CONTENT="his" WC="0.32" CC="766"/>
						<SP ID="P63_SP00087" HPOS="623" VPOS="944" WIDTH="22"/>
						<String ID="P63_ST00102" HPOS="645" VPOS="912" WIDTH="94" HEIGHT="30" CONTENT="house" WC="0.56" CC="71660"/>
						<SP ID="P63_SP00088" HPOS="739" VPOS="944" WIDTH="14"/>
						<String ID="P63_ST00103" HPOS="753" VPOS="924" WIDTH="7" HEIGHT="25" CONTENT=";" WC="1.00" CC="0"/>
						<SP ID="P63_SP00089" HPOS="760" VPOS="949" WIDTH="31"/>
						<String ID="P63_ST00104" HPOS="791" VPOS="911" WIDTH="58" HEIGHT="31" CONTENT="but" WC="0.28" CC="776"/>
						<SP ID="P63_SP00090" HPOS="849" VPOS="949" WIDTH="21"/>
						<String ID="P63_ST00105" HPOS="870" VPOS="911" WIDTH="53" HEIGHT="30" CONTENT="the" WC="0.52" CC="670"/>
					</TextLine>
					<TextLine ID="P63_TL00016" HPOS="105" VPOS="972" WIDTH="819" HEIGHT="42">
						<String ID="P63_ST00106" HPOS="105" VPOS="975" WIDTH="127" HEIGHT="30" CONTENT="keenest" WC="0.70" CC="0007066"/>
						<SP ID="P63_SP00091" HPOS="232" VPOS="1005" WIDTH="16"/>
						<String ID="P63_ST00107" HPOS="248" VPOS="973" WIDTH="139" HEIGHT="41" CONTENT="scrutiny" WC="0.53" CC="62575270"/>
						<SP ID="P63_SP00092" HPOS="387" VPOS="1014" WIDTH="15"/>
						<String ID="P63_ST00108" HPOS="402" VPOS="972" WIDTH="104" HEIGHT="31" CONTENT="would" WC="0.86" CC="00600"/>
						<SP ID="P63_SP00093" HPOS="506" VPOS="1014" WIDTH="22"/>
						<String ID="P63_ST00109" HPOS="528" VPOS="972" WIDTH="78" HEIGHT="31" CONTENT="have" WC="0.57" CC="7090"/>
						<SP ID="P63_SP00094" HPOS="606" VPOS="1014" WIDTH="15"/>
						<String ID="P63_ST00110" HPOS="621" VPOS="972" WIDTH="93" HEIGHT="31" CONTENT="failed" WC="0.89" CC="000600"/>
						<SP ID="P63_SP00095" HPOS="714" VPOS="1014" WIDTH="20"/>
						<String ID="P63_ST00111" HPOS="734" VPOS="977" WIDTH="32" HEIGHT="25" CONTENT="to" WC="0.44" CC="55"/>
						<SP ID="P63_SP00096" HPOS="766" VPOS="1014" WIDTH="21"/>
						<String ID="P63_ST00112" HPOS="787" VPOS="972" WIDTH="137" HEIGHT="30" CONTENT="discover" WC="0.73" CC="02300905"/>
					</TextLine>
					<TextLine ID="P63_TL00017" HPOS="106" VPOS="1033" WIDTH="624" HEIGHT="32">
						<String ID="P63_ST00113" HPOS="106" VPOS="1036" WIDTH="33" HEIGHT="29" CONTENT="in" WC="0.42" CC="47"/>
						<SP ID="P63_SP00097" HPOS="139" VPOS="1065" WIDTH="16"/>
						<String ID="P63_ST00114" HPOS="155" VPOS="1036" WIDTH="66" HEIGHT="29" CONTENT="him" WC="0.75" CC="700"/>
						<SP ID="P63_SP00098" HPOS="221" VPOS="1065" WIDTH="15"/>
						<String ID="P63_ST00115" HPOS="236" VPOS="1035" WIDTH="52" HEIGHT="30" CONTENT="the" WC="0.56" CC="570"/>
						<SP ID="P63_SP00099" HPOS="288" VPOS="1065" WIDTH="16"/>
						<String ID="P63_ST00116" HPOS="304" VPOS="1034" WIDTH="127" HEIGHT="31" CONTENT="faintest" WC="0.69" CC="00562063"/>
						<SP ID="P63_SP00100" HPOS="431" VPOS="1065" WIDTH="14"/>
						<String ID="P63_ST00117" HPOS="445" VPOS="1038" WIDTH="82" HEIGHT="27" CONTENT="trace" WC="0.85" CC="15000"/>
						<SP ID="P63_SP00101" HPOS="527" VPOS="1065" WIDTH="17"/>
						<String ID="P63_ST00118" HPOS="544" VPOS="1033" WIDTH="33" HEIGHT="31" CONTENT="of" WC="1.00" CC="00"/>
						<SP ID="P63_SP00102" HPOS="577" VPOS="1065" WIDTH="13"/>
						<String ID="P63_ST00119" HPOS="590" VPOS="1033" WIDTH="140" HEIGHT="31" CONTENT="emotion." WC="0.80" CC="00061070"/>
					</TextLine>
				</TextBlock>
				<TextBlock ID="P63_TB00005" HPOS="105" VPOS="1091" WIDTH="822" HEIGHT="343" STYLEREFS="TXT_0 PAR_LEFT">
					<TextLine ID="P63_TL00018" HPOS="151" VPOS="1092" WIDTH="772" HEIGHT="42">
						<String ID="P63_ST00120" HPOS="151" VPOS="1096" WIDTH="125" HEIGHT="37" CONTENT="Olivier," WC="0.69" CC="01490043"/>
						<SP ID="P63_SP00103" HPOS="276" VPOS="1133" WIDTH="42"/>
						<String ID="P63_ST00121" HPOS="318" VPOS="1100" WIDTH="61" HEIGHT="33" CONTENT="too," WC="0.66" CC="3054"/>
						<SP ID="P63_SP00104" HPOS="379" VPOS="1133" WIDTH="43"/>
						<String ID="P63_ST00122" HPOS="422" VPOS="1099" WIDTH="83" HEIGHT="26" CONTENT="went" WC="0.68" CC="0075"/>
						<SP ID="P63_SP00105" HPOS="505" VPOS="1133" WIDTH="40"/>
						<String ID="P63_ST00123" HPOS="545" VPOS="1105" WIDTH="40" HEIGHT="20" CONTENT="on" WC="0.40" CC="47"/>
						<SP ID="P63_SP00106" HPOS="585" VPOS="1133" WIDTH="40"/>
						<String ID="P63_ST00124" HPOS="625" VPOS="1093" WIDTH="185" HEIGHT="41" CONTENT="whispering" WC="0.72" CC="0752005050"/>
						<SP ID="P63_SP00107" HPOS="810" VPOS="1134" WIDTH="37"/>
						<String ID="P63_ST00125" HPOS="847" VPOS="1092" WIDTH="76" HEIGHT="30" CONTENT="with" WC="0.68" CC="0057"/>
					</TextLine>
					<TextLine ID="P63_TL00019" HPOS="106" VPOS="1154" WIDTH="817" HEIGHT="44">
						<String ID="P63_ST00126" HPOS="106" VPOS="1158" WIDTH="146" HEIGHT="30" CONTENT="Madame" WC="1.00" CC="000000"/>
						<SP ID="P63_SP00108" HPOS="252" VPOS="1188" WIDTH="25"/>
						<String ID="P63_ST00127" HPOS="277" VPOS="1157" WIDTH="39" HEIGHT="30" CONTENT="de" WC="0.97" CC="00"/>
						<SP ID="P63_SP00109" HPOS="316" VPOS="1188" WIDTH="30"/>
						<String ID="P63_ST00128" HPOS="346" VPOS="1156" WIDTH="168" HEIGHT="42" CONTENT="Varignan," WC="0.60" CC="633307073"/>
						<SP ID="P63_SP00110" HPOS="514" VPOS="1198" WIDTH="28"/>
						<String ID="P63_ST00129" HPOS="542" VPOS="1155" WIDTH="62" HEIGHT="32" CONTENT="and" WC="0.75" CC="070"/>
						<SP ID="P63_SP00111" HPOS="604" VPOS="1198" WIDTH="26"/>
						<String ID="P63_ST00130" HPOS="630" VPOS="1155" WIDTH="94" HEIGHT="41" CONTENT="being" WC="0.74" CC="00670"/>
						<SP ID="P63_SP00112" HPOS="724" VPOS="1198" WIDTH="28"/>
						<String ID="P63_ST00131" HPOS="752" VPOS="1154" WIDTH="171" HEIGHT="41" CONTENT="whispered" WC="0.72" CC="070290400"/>
					</TextLine>
					<TextLine ID="P63_TL00020" HPOS="106" VPOS="1215" WIDTH="817" HEIGHT="43">
						<String ID="P63_ST00132" HPOS="106" VPOS="1225" WIDTH="33" HEIGHT="26" CONTENT="to" WC="0.74" CC="40"/>
						<SP ID="P63_SP00113" HPOS="139" VPOS="1251" WIDTH="15"/>
						<String ID="P63_ST00133" HPOS="154" VPOS="1232" WIDTH="7" HEIGHT="26" CONTENT=";" WC="0.71" CC="2"/>
						<SP ID="P63_SP00114" HPOS="161" VPOS="1258" WIDTH="22"/>
						<String ID="P63_ST00134" HPOS="183" VPOS="1220" WIDTH="58" HEIGHT="31" CONTENT="but" WC="0.35" CC="747"/>
						<SP ID="P63_SP00115" HPOS="241" VPOS="1258" WIDTH="24"/>
						<String ID="P63_ST00135" HPOS="265" VPOS="1220" WIDTH="52" HEIGHT="30" CONTENT="the" WC="0.60" CC="470"/>
						<SP ID="P63_SP00116" HPOS="317" VPOS="1258" WIDTH="21"/>
						<String ID="P63_ST00136" HPOS="338" VPOS="1218" WIDTH="112" HEIGHT="31" CONTENT="blonde" WC="0.80" CC="700300"/>
						<SP ID="P63_SP00117" HPOS="450" VPOS="1258" WIDTH="19"/>
						<String ID="P63_ST00137" HPOS="469" VPOS="1216" WIDTH="161" HEIGHT="32" CONTENT="Duchess's" WC="0.55" CC="750705607"/>
						<SP ID="P63_SP00118" HPOS="630" VPOS="1258" WIDTH="20"/>
						<String ID="P63_ST00138" HPOS="650" VPOS="1217" WIDTH="101" HEIGHT="30" CONTENT="notice" WC="0.80" CC="603200"/>
						<SP ID="P63_SP00119" HPOS="751" VPOS="1258" WIDTH="20"/>
						<String ID="P63_ST00139" HPOS="771" VPOS="1215" WIDTH="62" HEIGHT="31" CONTENT="had" WC="0.75" CC="700"/>
						<SP ID="P63_SP00120" HPOS="833" VPOS="1258" WIDTH="14"/>
						<String ID="P63_ST00140" HPOS="847" VPOS="1215" WIDTH="76" HEIGHT="31" CONTENT="been" WC="0.70" CC="7004"/>
					</TextLine>
					<TextLine ID="P63_TL00021" HPOS="106" VPOS="1276" WIDTH="819" HEIGHT="36">
						<String ID="P63_ST00141" HPOS="106" VPOS="1286" WIDTH="51" HEIGHT="26" CONTENT="too" WC="0.93" CC="200"/>
						<SP ID="P63_SP00121" HPOS="157" VPOS="1312" WIDTH="31"/>
						<String ID="P63_ST00142" HPOS="188" VPOS="1281" WIDTH="94" HEIGHT="30" CONTENT="much" WC="0.56" CC="0727"/>
						<SP ID="P63_SP00122" HPOS="282" VPOS="1312" WIDTH="28"/>
						<String ID="P63_ST00143" HPOS="310" VPOS="1280" WIDTH="120" HEIGHT="31" CONTENT="riveted" WC="0.80" CC="3400500"/>
						<SP ID="P63_SP00123" HPOS="430" VPOS="1312" WIDTH="29"/>
						<String ID="P63_ST00144" HPOS="459" VPOS="1283" WIDTH="33" HEIGHT="26" CONTENT="to" WC="0.53" CC="45"/>
						<SP ID="P63_SP00124" HPOS="492" VPOS="1312" WIDTH="29"/>
						<String ID="P63_ST00145" HPOS="521" VPOS="1278" WIDTH="53" HEIGHT="31" CONTENT="the" WC="0.54" CC="670"/>
						<SP ID="P63_SP00125" HPOS="574" VPOS="1312" WIDTH="29"/>
						<String ID="P63_ST00146" HPOS="603" VPOS="1277" WIDTH="140" HEIGHT="32" CONTENT="mantilla" WC="0.82" CC="00670000"/>
						<SP ID="P63_SP00126" HPOS="743" VPOS="1312" WIDTH="30"/>
						<String ID="P63_ST00147" HPOS="773" VPOS="1276" WIDTH="34" HEIGHT="31" CONTENT="of" WC="1.00" CC="00"/>
						<SP ID="P63_SP00127" HPOS="807" VPOS="1312" WIDTH="26"/>
						<String ID="P63_ST00148" HPOS="833" VPOS="1276" WIDTH="92" HEIGHT="31" CONTENT="Point" WC="0.44" CC="74456"/>
					</TextLine>
					<TextLine ID="P63_TL00022" HPOS="106" VPOS="1336" WIDTH="821" HEIGHT="45">
						<String ID="P63_ST00149" HPOS="106" VPOS="1342" WIDTH="171" HEIGHT="32" CONTENT="d'Alencon" WC="0.79" CC="010306007"/>
						<SP ID="P63_SP00128" HPOS="277" VPOS="1374" WIDTH="14"/>
						<String ID="P63_ST00150" HPOS="291" VPOS="1346" WIDTH="57" HEIGHT="26" CONTENT="not" WC="0.64" CC="703"/>
						<SP ID="P63_SP00129" HPOS="348" VPOS="1374" WIDTH="20"/>
						<String ID="P63_ST00151" HPOS="368" VPOS="1345" WIDTH="33" HEIGHT="27" CONTENT="to" WC="0.78" CC="40"/>
						<SP ID="P63_SP00130" HPOS="401" VPOS="1374" WIDTH="20"/>
						<String ID="P63_ST00152" HPOS="421" VPOS="1340" WIDTH="138" HEIGHT="41" CONTENT="perceive" WC="0.88" CC="00600300"/>
						<SP ID="P63_SP00131" HPOS="559" VPOS="1381" WIDTH="16"/>
						<String ID="P63_ST00153" HPOS="575" VPOS="1339" WIDTH="53" HEIGHT="30" CONTENT="the" WC="0.74" CC="070"/>
						<SP ID="P63_SP00132" HPOS="628" VPOS="1381" WIDTH="16"/>
						<String ID="P63_ST00154" HPOS="644" VPOS="1338" WIDTH="235" HEIGHT="42" CONTENT="disappearance" WC="0.80" CC="0140090020600"/>
						<SP ID="P63_SP00133" HPOS="879" VPOS="1381" WIDTH="15"/>
						<String ID="P63_ST00155" HPOS="894" VPOS="1336" WIDTH="33" HEIGHT="30" CONTENT="of" WC="1.00" CC="00"/>
					</TextLine>
					<TextLine ID="P63_TL00023" HPOS="106" VPOS="1405" WIDTH="176" HEIGHT="29">
						<String ID="P63_ST00156" HPOS="106" VPOS="1405" WIDTH="40" HEIGHT="29" CONTENT="its" WC="0.54" CC="255"/>
						<SP ID="P63_SP00134" HPOS="146" VPOS="1434" WIDTH="15"/>
						<String ID="P63_ST00157" HPOS="161" VPOS="1415" WIDTH="121" HEIGHT="19" CONTENT="wearer." WC="0.85" CC="0002070"/>
					</TextLine>
				</TextBlock>
				<TextBlock ID="P63_TB00006" HPOS="105" VPOS="1457" WIDTH="818" HEIGHT="107" STYLEREFS="TXT_0 PAR_LEFT">
					<TextLine ID="P63_TL00024" HPOS="150" VPOS="1458" WIDTH="773" HEIGHT="38">
						<String ID="P63_ST00158" HPOS="150" VPOS="1469" WIDTH="18" HEIGHT="11" CONTENT='"' WC="0.54" CC="4"/>
						<SP ID="P63_SP00135" HPOS="168" VPOS="1480" WIDTH="12"/>
						<String ID="P63_ST00159" HPOS="180" VPOS="1466" WIDTH="14" HEIGHT="30" CONTENT="I" WC="1.00" CC="0"/>
						<SP ID="P63_SP00136" HPOS="194" VPOS="1496" WIDTH="17"/>
						<String ID="P63_ST00160" HPOS="211" VPOS="1464" WIDTH="127" HEIGHT="32" CONTENT="wonder" WC="0.81" CC="026002"/>
						<SP ID="P63_SP00137" HPOS="338" VPOS="1496" WIDTH="14"/>
						<String ID="P63_ST00161" HPOS="352" VPOS="1462" WIDTH="108" HEIGHT="32" CONTENT="what's" WC="0.71" CC="070306"/>
						<SP ID="P63_SP00138" HPOS="460" VPOS="1496" WIDTH="15"/>
						<String ID="P63_ST00162" HPOS="475" VPOS="1462" WIDTH="53" HEIGHT="30" CONTENT="the" WC="0.57" CC="570"/>
						<SP ID="P63_SP00139" HPOS="528" VPOS="1496" WIDTH="15"/>
						<String ID="P63_ST00163" HPOS="543" VPOS="1465" WIDTH="114" HEIGHT="26" CONTENT="matter" WC="0.83" CC="000306"/>
						<SP ID="P63_SP00140" HPOS="657" VPOS="1496" WIDTH="8"/>
						<String ID="P63_ST00164" HPOS="665" VPOS="1459" WIDTH="76" HEIGHT="32" CONTENT="with" WC="0.69" CC="0137"/>
						<SP ID="P63_SP00141" HPOS="741" VPOS="1496" WIDTH="16"/>
						<String ID="P63_ST00165" HPOS="757" VPOS="1458" WIDTH="91" HEIGHT="32" CONTENT='her?"' WC="0.71" CC="70230"/>
						<SP ID="P63_SP00142" HPOS="848" VPOS="1496" WIDTH="10"/>
						<String ID="P63_ST00166" HPOS="858" VPOS="1458" WIDTH="65" HEIGHT="31" CONTENT="said" WC="0.91" CC="2000"/>
					</TextLine>
					<TextLine ID="P63_TL00025" HPOS="106" VPOS="1520" WIDTH="569" HEIGHT="44">
						<String ID="P63_ST00167" HPOS="106" VPOS="1529" WIDTH="53" HEIGHT="31" CONTENT="she" WC="0.52" CC="670"/>
						<SP ID="P63_SP00143" HPOS="159" VPOS="1560" WIDTH="13"/>
						<String ID="P63_ST00168" HPOS="172" VPOS="1540" WIDTH="6" HEIGHT="24" CONTENT=";" WC="0.63" CC="3"/>
						<SP ID="P63_SP00144" HPOS="178" VPOS="1564" WIDTH="27"/>
						<String ID="P63_ST00169" HPOS="205" VPOS="1530" WIDTH="17" HEIGHT="12" CONTENT='"' WC="0.54" CC="4"/>
						<SP ID="P63_SP00145" HPOS="222" VPOS="1564" WIDTH="11"/>
						<String ID="P63_ST00170" HPOS="233" VPOS="1527" WIDTH="81" HEIGHT="30" CONTENT="finds" WC="0.73" CC="00705"/>
						<SP ID="P63_SP00146" HPOS="314" VPOS="1564" WIDTH="16"/>
						<String ID="P63_ST00171" HPOS="330" VPOS="1526" WIDTH="26" HEIGHT="31" CONTENT="it" WC="0.53" CC="27"/>
						<SP ID="P63_SP00147" HPOS="356" VPOS="1564" WIDTH="14"/>
						<String ID="P63_ST00172" HPOS="370" VPOS="1529" WIDTH="51" HEIGHT="27" CONTENT="too" WC="0.74" CC="304"/>
						<SP ID="P63_SP00148" HPOS="421" VPOS="1564" WIDTH="16"/>
						<String ID="P63_ST00173" HPOS="437" VPOS="1524" WIDTH="64" HEIGHT="38" CONTENT="hot," WC="0.62" CC="7042"/>
						<SP ID="P63_SP00149" HPOS="501" VPOS="1564" WIDTH="17"/>
						<String ID="P63_ST00174" HPOS="518" VPOS="1520" WIDTH="157" HEIGHT="44" CONTENT='perhaps."' WC="0.71" CC="005709300"/>
					</TextLine>
				</TextBlock>
			</PrintSpace>
		</Page>
	</Layout>
</alto>
