1132 1747
183 110 35 26 34

416 116 82 22 LOVE
521 116 64 22 THE
607 115 160 23 AVENGER.

184 194 80 32 saint
295 195 33 31 of
362 194 51 32 the
444 194 98 32 whole
573 194 144 31 calendar
750 190 125 44 applied
904 194 33 26 to
969 199 39 20 an

183 257 173 42 imaginary
367 268 97 20 name.
489 256 146 31 Madame
648 255 38 31 de
697 254 138 41 Savaray
847 254 5 30 !
870 264 33 19 or
918 261 89 27 even,

183 318 68 30 who
274 318 107 31 knoAvs
393 319 11 30 ?
427 317 144 31 Madame
588 317 30 31 la
632 316 143 32 Baronne
791 315 39 31 de
846 315 139 39 Savaray
999 314 6 29 !

182 379 47 30 for
243 380 69 30 that
328 379 149 31 Claudine
493 378 159 42 hungered
676 378 61 31 and
759 376 143 39 thirsted,
919 386 85 20 more

182 452 77 19 even
274 441 77 30 than
366 441 46 31 for
428 441 52 30 the
503 440 154 42 flaunting
680 439 89 31 stuffs
792 437 214 33 embroidered

180 502 33 30 in
229 502 92 31 silver
341 503 61 30 and
424 503 81 41 gold,
528 503 77 29 with
624 502 102 30 which
746 501 53 30 she
823 511 63 20 was
907 499 99 42 dying

180 568 32 25 to
242 575 99 30 sweep
371 564 51 31 the
453 564 95 41 dusty
577 564 143 40 footpath
751 564 33 29 in
815 563 55 30 the
907 560 98 32 broad

180 635 117 20 avenue
313 624 34 31 of
360 625 51 31 the
429 624 134 42 Champs
579 625 135 41 Elysees.
755 624 64 31 But
834 624 122 30 neither
971 622 35 31 of

179 689 84 31 these
279 691 104 41 things
405 691 90 30 could
518 691 53 30 the
593 691 120 40 Sphinx
736 690 113 30 obtain.
899 689 42 30 M.
962 688 38 31 de

179 751 162 42 Moranges
367 762 63 20 was
454 763 32 19 as
511 751 174 31 inexorable
701 762 40 20 on
756 751 53 31 the
825 751 122 41 subject
969 751 35 30 of

178 811 51 31 the
246 823 88 20 name
345 813 101 31 which
461 824 63 20 was
541 814 33 30 in
588 813 53 31 the
658 813 107 31 annals
782 813 34 31 of
829 813 47 31 his
892 813 105 38 house,

177 873 61 31 and
254 874 61 31 had
330 874 77 32 been
422 886 85 20 worn
516 875 33 31 in
562 875 76 42 days
654 875 34 31 of
700 885 74 31 yore
789 875 43 41 by
842 875 39 31 its
897 874 101 32 maids

176 935 61 30 and
253 940 143 34 matrons,
415 948 32 19 as
465 937 38 30 he
527 948 61 19 was
604 948 85 30 upon
704 937 72 30 that
798 936 35 31 of
852 937 53 30 the
927 948 69 31 gor-

175 1006 93 31 geous
290 998 135 41 wearing
449 999 122 40 apparel
583 1011 7 24 ;
625 1010 56 18 nor
705 998 54 31 did
783 999 38 30 he
850 998 145 41 (luckily)

174 1057 188 31 understand
378 1059 51 30 the
448 1060 166 30 insistance
629 1060 77 30 Avith
721 1060 102 30 which
840 1060 63 41 day
918 1060 79 31 after

174 1118 62 42 day
252 1118 148 32 Claudine
417 1121 151 39 appeared
583 1126 33 26 to
632 1121 119 31 hanker
766 1121 79 31 after
859 1121 84 31 both.

217 1179 64 31 Our
311 1180 99 30 friend
439 1180 138 42 Aspasie,
609 1186 60 34 too,
701 1182 98 31 found
836 1183 94 30 much
962 1188 31 26 to

174 1240 121 41 employ
318 1241 61 30 and
401 1241 100 41 please
520 1243 54 30 her
593 1243 33 30 in
649 1243 52 31 the
725 1243 172 43 increasing
921 1244 72 31 bril-

173 1302 101 40 liancy
298 1302 34 30 of
357 1303 144 31 Madame
533 1304 173 31 Claudine's
736 1305 142 41 position.
932 1305 61 32 She

174 1362 147 42 indulged
335 1363 33 30 in
383 1363 94 41 hopes
492 1364 62 30 and
573 1370 157 36 prospects
752 1365 35 31 of
805 1367 74 41 gain
895 1378 41 19 on
952 1368 41 30 all

173 1423 88 38 sides,
273 1424 61 30 and
345 1424 91 42 being
451 1425 161 42 decidedly
622 1437 18 20 a
649 1426 207 32 combinative
871 1430 120 40 genius,

173 1484 133 42 thought
333 1485 51 31 she
409 1497 63 20 saw
494 1486 55 32 her
573 1498 70 31 way
668 1492 32 27 to
725 1490 124 41 serving
875 1492 116 30 several

174 1550 127 26 masters
329 1551 32 26 at
387 1558 83 27 once,
488 1547 61 32 and
565 1548 52 31 did
638 1553 56 27 not
709 1549 122 42 despair
854 1551 34 30 of
910 1552 83 41 large
