1132 1747
187 111 33 27 50

419 116 82 21 LOVE
525 116 63 20 THE
611 113 162 22 AVENGER.

184 196 93 42 paler,
302 196 103 30 Avhilst
428 196 55 30 her
507 206 71 30 eyes
604 197 58 34 eat,
689 204 33 19 as
745 192 26 31 it
795 201 90 27 were,
912 197 99 22 corro-

184 257 99 41 sively
297 257 66 31 into
379 256 85 32 what
478 256 76 41 they
568 254 97 43 gazed
680 264 92 31 upon.

229 318 80 32 Hoav
333 318 72 42 long
433 317 52 31 she
510 317 72 30 thus
609 320 48 26 sat
684 315 53 30 she
768 314 93 31 knew
891 316 65 34 not,
985 311 25 30 it

184 380 121 31 seemed
328 391 17 20 a
367 380 73 41 long
455 389 89 32 space
560 378 34 31 of
610 378 74 31 time
697 389 7 25 ;
727 377 59 30 but
812 379 33 27 at
869 375 60 30 last
955 372 55 32 she

184 443 90 30 could
289 443 72 30 bear
376 443 25 29 it
416 453 40 19 no
471 442 113 40 longer.

436 504 67 30 said
530 504 61 37 she,
618 504 33 29 in
681 512 18 21 a
730 502 107 30 hoarse
862 499 144 42 whisper,

213 566 71 30 look
300 577 100 19 across
415 566 85 31 there
512 577 8 26 ;
543 565 70 31 Avho
637 565 27 30 is
687 564 70 31 that
779 563 59 30 fair
858 572 125 21 woman
996 561 10 31 ?

181 626 85 31 there
278 628 6 29 !
308 626 76 31 Avith
411 626 53 31 the
488 626 207 31 strawberries
719 626 33 29 in
776 625 55 30 her
852 624 69 30 hair
934 624 10 30 ?
991 623 15 31 I

181 687 92 30 knoAv
288 688 54 29 her

254 748 79 31 That
347 750 5 29 !
406 748 158 31 answered
587 748 83 30 Mile.
699 747 156 41 Mourjon,
881 746 79 31 with
987 757 17 19 a

180 809 120 31 wicked
314 809 102 42 laugh,
465 809 92 31 that's
579 809 53 31 the
654 809 121 30 famous
791 808 158 31 Duchesse
965 808 38 30 de

253 932 15 29 I
284 932 134 41 thought
504 932 115 42 gasped
635 931 151 32 Claudine
798 943 7 25 ;
852 936 57 25 not
924 942 78 20 even

180 1007 56 19 one
253 996 33 30 of
298 1007 36 19 us
346 998 5 28 !

255 1057 102 30 That's
382 1068 32 20 as
444 1057 26 31 it
499 1068 73 31 may
692 1057 127 31 sneered
850 1056 130 42 Aspasie
995 1069 7 25 ;

208 1118 54 30 her
278 1122 45 27 set
339 1118 57 31 call
416 1118 55 31 her
489 1118 195 41 respectable.
732 1118 16 30 I
768 1118 120 31 believe
903 1118 55 31 her
969 1123 33 26 to

178 1179 38 30 be
240 1179 43 30 M.
311 1179 39 31 de
373 1179 210 31 Beauvoisin's
612 1179 137 31 mistress
838 1179 58 31 but
921 1179 81 42 good

179 1240 133 31 heavens
326 1243 6 29 !
356 1241 84 31 what
455 1242 25 30 is
495 1241 53 31 the
563 1245 121 34 matter,
702 1241 152 38 madame,
872 1253 51 19 are
938 1253 64 30 you

178 1302 34 30 ill
226 1303 11 30 ?
278 1302 52 31 she
346 1302 177 38 exclaimed,
541 1314 32 19 as
589 1303 53 30 she
657 1302 57 31 felt
732 1302 175 32 Claudine's
927 1305 75 30 hold

179 1374 38 20 on
233 1364 54 30 her
302 1375 65 19 arm
382 1364 83 30 relax
481 1363 160 40 suddenly.

222 1424 63 31 The
301 1424 119 40 Sphinx
436 1424 61 30 had
513 1423 183 41 apparently
710 1423 126 32 fainted.

223 1486 73 30 And
312 1497 72 19 over
405 1486 72 38 this,
493 1490 61 34 too,
571 1485 54 31 the
648 1486 116 30 eternal
788 1490 78 27 stars
888 1487 112 32 looked

179 1547 137 40 serenely
331 1547 99 32 down.
