1132 1747
188 112 51 26 180

423 119 83 20 LOVE
529 118 64 21 THE
615 117 160 22 AVENGER.

187 197 41 42 by
243 197 129 42 princes,
389 197 165 38 ministers,
572 196 63 31 and
657 196 89 31 other
760 205 74 21 men
850 194 34 30 in
899 203 114 32 poAver,

187 259 33 30 in
235 259 90 31 times
341 258 90 31 Avhen
447 258 76 41 they
537 257 64 32 had
615 268 140 20 recourse
770 262 33 26 to
819 256 62 30 vile
900 255 115 30 instru-

187 325 100 26 ments
303 325 33 26 to
351 320 87 31 work
453 324 56 27 out
524 319 61 32 vile
602 319 84 38 ends,
705 319 63 32 and
786 318 136 43 thought
944 318 72 30 that

188 385 165 31 unlimited
380 384 177 42 corruption
583 396 64 20 was
670 384 154 32 sufficient
850 388 34 27 to
911 384 103 30 insure

188 447 53 31 the
260 446 214 42 applicability
489 446 35 31 of
547 458 18 19 a
588 458 75 20 man
688 451 33 26 to
746 446 42 31 all
810 446 54 31 the
889 445 126 43 designs

188 509 34 30 of
242 509 177 41 perversity.
472 509 187 41 Corruption
682 509 154 37 weakens,
862 508 151 38 distends,

189 570 124 38 softens,
331 571 62 30 and
416 571 87 31 there
523 572 26 30 is
564 582 41 20 no
624 583 83 19 more
731 571 210 31 resemblance
962 570 53 31 be-

189 638 99 26 tAveen
312 644 18 20 a
348 633 116 42 merely
480 638 124 37 corrupt
619 633 63 31 and
705 644 18 20 a
737 644 142 31 perverse
903 638 112 26 nature

190 695 76 30 than
288 694 86 32 there
398 695 26 30 is
444 695 139 31 betAveen
606 694 76 31 mud
705 695 63 31 and
788 699 97 27 stone.
934 694 77 31 Mud

191 758 25 29 is
247 757 93 41 dirty,
371 757 57 30 but
458 757 94 31 Avon's
582 769 119 19 answer
731 758 54 30 the
820 769 134 30 purpose
985 758 34 30 of

192 816 76 30 flint.

235 878 88 38 Now,
341 879 169 41 Thdophile
531 880 212 32 Mardonnet's
757 892 64 21 Avas
845 882 173 42 eminently

193 950 18 20 a
226 938 120 43 muddy
361 940 97 38 mind,
470 951 148 32 swampy,
636 942 142 39 unclean,
790 942 58 32 but
862 943 157 42 unsteady

194 1000 95 31 above
314 1001 47 30 all.
414 1001 49 31 He
491 1003 90 30 loved
608 1003 41 31 all
674 1015 102 20 coarse
803 1004 157 42 pleasures
986 1006 34 30 in

194 1062 81 30 their
298 1067 132 26 coarsest
456 1064 102 41 shape,
585 1065 72 38 and,
684 1077 32 20 as
744 1066 14 31 I
786 1067 76 38 said,
885 1068 92 31 when
1005 1069 14 30 I

195 1122 67 30 first
284 1123 182 31 introduced
481 1124 64 31 him
561 1130 33 26 to
609 1126 54 31 the
678 1127 116 39 reader,
812 1128 38 31 he
866 1141 63 19 Avas
952 1141 67 30 per-

196 1184 116 30 suaded
337 1196 151 30 everyone
509 1186 60 32 else
595 1187 55 31 did
677 1200 33 19 so
737 1195 59 25 too.
846 1191 64 31 But
934 1191 86 32 these

196 1255 75 30 very
300 1245 153 40 pleasures
483 1246 71 38 had,
582 1248 42 41 by
652 1260 17 19 a
699 1250 74 42 long
804 1252 216 39 continuance,

198 1306 158 29 unnerved
387 1307 62 30 and
479 1307 134 32 unfitted
644 1310 65 30 him
740 1311 48 30 for
817 1312 53 32 the
901 1324 119 21 accom-

198 1366 167 40 plishment
396 1367 34 30 of
464 1379 62 31 any
556 1374 84 26 stern
671 1383 141 30 purpose.
877 1373 50 32 He
958 1374 62 32 had

199 1426 154 41 impulses,
386 1438 32 19 as
447 1438 46 21 we
523 1428 79 33 have
633 1442 79 28 seen,
746 1433 62 30 and
839 1434 100 31 under
968 1435 54 31 the

200 1486 149 32 influence
365 1489 34 29 of
418 1500 18 19 a
458 1492 163 37 sensation,
637 1494 104 30 would
757 1496 128 30 commit
909 1507 40 20 an
972 1502 51 26 act

200 1547 34 31 of
246 1553 82 26 utter
343 1549 185 34 foolishness.
578 1553 100 31 When
696 1566 39 19 on
756 1555 48 32 his
819 1561 108 27 return
943 1558 78 30 from
