1132 1747
299 118 81 22 LOVE
408 120 122 21 STRONG
552 121 37 20 IN
612 121 114 20 DEATH.

877 114 52 27 303

103 193 56 31 the
190 193 106 32 Mont-
297 194 155 32 Vivienne
482 201 78 34 tent,
591 197 54 31 the
675 197 188 41 sub-prefect
900 197 34 30 of

106 254 130 43 Brunoy
252 267 84 20 came
359 268 43 30 up
423 262 33 26 to
478 258 63 38 her,
559 259 71 37 and,
646 259 215 41 volunteering
882 258 50 31 his

106 317 141 38 services,
276 317 152 43 besought
452 319 55 31 her
533 324 32 26 to
591 320 71 30 take
689 320 105 42 refuge
820 320 33 30 in
878 320 54 31 the

108 378 112 31 official
243 380 100 36 stand,
377 380 79 31 close
488 385 33 26 to
551 381 101 30 which
683 381 52 31 she
767 392 60 20 was
857 381 75 31 then

108 441 156 42 standing.
313 441 50 31 He
380 442 115 31 offered
516 442 55 31 her
591 453 18 20 a
623 442 85 31 front
722 447 72 33 seat,
811 443 121 41 worthy

107 513 75 19 man
194 503 6 30 !
236 502 63 31 and
317 502 175 43 suggested,
516 507 56 26 not
590 503 131 31 Avithout
741 514 82 20 some
849 503 83 31 timi-

108 563 79 43 dity,
219 564 71 31 how
324 564 145 31 charmed
503 564 144 31 Madame
681 565 52 31 the
764 565 170 31 Prefectess

108 626 105 31 Avould
236 625 39 32 be
302 630 33 26 to
359 625 116 32 extend
498 630 33 27 to
553 626 56 31 her
629 626 54 31 the
705 626 183 42 hospitality
903 626 32 31 of

104 687 56 30 the
175 687 133 30 tribune.

154 748 99 32 Claire
282 760 64 19 was
385 748 216 38 embarrassed,
633 749 47 30 for
713 749 53 30 she
802 750 131 30 recoiled

109 811 80 30 from
214 811 130 41 hurting
371 821 64 30 any
459 821 68 27 one,
551 810 62 30 and
634 815 55 36 yet
711 811 53 30 she
787 811 57 30 felt
865 811 69 30 that

109 870 56 31 her
186 870 104 31 father
305 870 105 30 would
430 881 94 19 never
546 870 127 30 tolerate
695 870 55 30 her
769 870 93 41 being
882 869 52 31 the

108 936 92 37 guest
216 931 34 31 of
269 931 54 30 the
340 931 83 30 chief
438 935 202 37 government
656 931 158 41 authority
829 930 34 31 of
881 930 52 31 the

109 993 94 40 place.
253 992 67 31 Her
335 992 240 42 Languedocian
599 992 113 37 cousin,
733 1002 32 19 so
787 991 47 30 far
855 991 78 30 from

109 1054 130 42 helping
264 1054 64 37 her,
356 1053 95 30 voted
484 1053 113 41 noisily
620 1053 47 30 for
696 1056 181 37 acceptance
904 1052 32 30 of

106 1115 55 29 the
176 1115 192 29 well-meant
383 1115 81 29 offer.

152 1177 76 31 Was
247 1177 88 31 there
356 1187 40 20 no
417 1187 106 20 means
548 1176 34 31 of
606 1176 134 41 crossing
762 1175 54 31 the
838 1175 73 30 field
922 1176 11 30 ?

103 1240 95 31 None
214 1241 10 29 ?
270 1239 65 31 The
366 1238 102 31 crowd
497 1248 64 20 was
590 1237 157 37 immense,
778 1236 54 30 the
861 1247 74 30 gen-

109 1305 122 31 darmes
261 1304 64 31 had
351 1303 105 42 begun
485 1307 33 26 to
549 1302 79 31 clear
654 1302 53 30 the
733 1311 112 26 course,
874 1299 61 32 and

106 1366 81 31 from
202 1365 52 32 the
269 1369 87 28 to-wn
372 1364 66 31 side
453 1364 54 30 the
523 1363 72 30 dust
611 1362 34 31 of
664 1374 17 18 a
696 1362 74 40 long
789 1360 99 42 string
902 1359 34 32 of

108 1428 152 40 carriages
275 1437 64 20 was
354 1424 171 43 perceived.

181 1489 99 30 There
295 1488 26 30 is
337 1487 159 31 Monsieur
510 1485 53 30 the
579 1483 121 31 Prefect
764 1482 168 31 exclaimed

104 1551 56 32 the
187 1551 130 38 Brunoy
340 1548 217 39 functionary;
718 1544 79 30 have
829 1548 56 27 not
916 1555 17 19 a
