1132 1747
182 110 52 25 258

420 116 82 21 LOVE
525 115 65 21 THE
613 113 161 22 AVENGER.

182 204 62 20 was
264 197 144 34 extreme,
426 194 71 30 that
517 193 55 30 did
595 196 56 26 not
671 202 91 19 mean
786 190 70 31 that
876 189 53 31 the
949 193 66 26 cost

182 254 34 31 of
242 254 74 32 such
343 255 170 42 simplicity
538 265 63 20 was
625 254 99 37 small,
751 253 48 30 for
825 252 53 31 the
900 251 114 32 Valen-

183 316 121 31 ciennes
325 315 101 33 which
445 315 143 32 trimmed
612 316 53 31 the
686 315 116 31 muslin
818 326 65 20 Avas
900 314 66 30 lace
982 313 39 31 of

182 389 17 19 a
222 377 142 31 hundred
380 377 100 31 francs
496 389 17 20 a
535 377 88 42 yard,
640 377 63 31 and
722 381 122 37 twenty
860 376 94 42 yards
982 380 33 26 at

181 439 77 31 least
278 439 62 31 had
358 439 77 31 been
458 439 149 42 required.
656 439 65 31 The
741 439 85 42 price
842 449 64 21 Avas
930 437 83 38 dear,

182 500 57 30 but
269 500 52 30 the
352 505 78 26 taste
462 512 62 19 Avas
557 512 76 30 pure
635 519 43 3 —
679 500 104 30 which
813 500 26 30 is
871 500 41 30 all
944 499 70 31 that

182 561 111 30 should
309 573 70 19 noAv
393 562 38 31 be
447 562 95 30 asked
557 562 81 30 from
653 562 253 30 FrencliAvomen.
954 561 62 30 For

182 624 55 30 her
252 624 179 31 head-dress
455 624 97 31 Claire
568 635 82 20 wore
666 624 76 41 only
757 635 58 20 one
838 624 84 42 large
944 624 69 40 pale

183 686 209 30 straAV-tinted
412 697 76 27 rose,
505 686 77 31 Avith
603 686 41 31 its
661 686 76 42 long-
755 686 88 31 thick
862 685 65 32 bud
951 685 62 31 and

183 747 40 31 its
243 746 185 43 dark-green
445 747 234 43 waxy-looking
698 748 103 31 leaves
822 748 63 31 and
905 748 108 31 thorn-

182 808 60 31 less
265 808 81 31 stalk
364 821 5 18 :
392 809 61 30 and
473 809 53 31 the
547 820 115 20 masses
685 809 35 31 of
738 810 55 30 her
814 810 113 41 superb
946 810 69 30 hair

184 869 115 31 tAvined
331 870 61 30 and
422 870 97 30 rolled
549 871 186 30 themselves
766 872 33 29 in
825 872 95 40 plaits
951 872 62 30 and

183 934 109 27 tresses
322 930 100 31 round
452 931 55 30 her
536 931 89 38 head,
658 943 34 19 or
719 932 130 41 escaped
875 932 32 31 in
931 933 82 30 curls

185 990 61 31 and
261 1002 102 20 Avaves
387 990 80 43 light
487 992 63 30 and
576 993 169 30 cloud-like
762 1005 33 19 as
816 994 53 30 the
885 994 81 31 folds
982 994 35 31 of

186 1052 54 30 her
256 1052 93 30 dress.

228 1112 146 31 Madame
392 1114 37 30 de
450 1114 156 32 Clavreuil
622 1116 143 32 watched
789 1117 55 31 her
860 1117 155 43 daughter

185 1174 76 30 Avith
283 1174 200 39 satisfaction,
501 1176 56 32 but
583 1189 17 19 a
624 1178 193 32 satisfaction
840 1180 116 38 mixed,
982 1192 33 18 as

186 1236 24 29 it
232 1235 129 38 seemed,
379 1236 76 31 with
477 1238 137 42 anxiety,
636 1240 59 30 lest
717 1240 100 31 Claire
841 1242 121 38 should,
980 1243 31 30 in

187 1298 54 29 her
263 1298 180 38 animation,
462 1304 141 38 overstep
618 1301 54 31 the
695 1302 189 32 boundaries
900 1304 112 38 which,

187 1359 41 40 by
239 1359 182 31 immutable
434 1364 129 34 custom,
576 1362 122 42 hedged
714 1364 33 30 in
759 1364 53 31 the
826 1365 190 32 demeanour

187 1419 33 30 of
232 1431 120 20 women
369 1420 34 31 of
421 1420 55 32 her
491 1421 76 43 high
582 1424 80 31 rank
683 1425 62 31 and
768 1427 132 41 spotless
922 1439 93 30 repu-

187 1481 105 31 tation.
341 1482 145 32 Madame
510 1484 191 41 Beaudouin,
720 1499 40 20 on
783 1489 54 30 the
858 1494 155 37 contrary,

186 1552 82 31 grew
287 1542 104 42 joyful
413 1544 77 32 with
514 1546 123 32 Claire's
657 1548 66 42 joy,
741 1550 62 30 and
827 1551 187 41 brightened
