1132 1747
387 110 42 21 ON
452 110 64 22 THE
539 110 101 22 SCENT.

887 108 32 26 57

103 184 113 42 abigail
238 189 32 26 to
296 185 38 31 be
366 186 56 30 left
454 191 33 26 to
520 187 54 30 her
605 198 69 20 oavti
708 188 129 39 devices,
861 190 60 30 and

102 245 136 31 released
267 246 79 31 from
373 259 62 30 any
457 248 209 41 performance
688 249 34 31 of
751 261 62 30 any
835 250 86 41 duty,

102 307 71 31 that
188 308 63 38 she,
268 308 33 30 in
318 309 55 30 her
388 320 69 20 OAvn
473 310 95 38 mind,
585 311 94 31 voted
693 311 228 31 Mademoiselle

103 380 18 19 a
136 369 130 31 sensible
280 381 119 30 person,
417 370 62 31 and
494 382 57 21 one
566 372 76 31 with
657 372 102 31 whom
773 373 25 30 it
814 372 107 42 might,

102 430 140 41 perhaps,
259 430 37 32 be
312 431 132 40 possible
458 436 32 26 to
506 432 68 31 live.

147 491 130 42 Aspasie
292 492 43 31 let
350 492 53 31 the
423 504 132 20 nervous
578 494 105 30 attack
699 494 78 31 have
793 495 129 40 entirely

102 552 43 32 its
179 564 68 20 own
284 565 78 30 way,
396 555 115 41 merely
550 555 139 42 undoing
723 557 42 29 all
801 557 120 40 strings,

102 614 133 38 ribbons,
253 615 60 30 and
330 615 155 42 ligatures,
504 616 199 42 establishing
724 618 52 29 the
799 618 123 30 sufferer

103 675 204 43 comfortably
323 688 39 18 on
379 688 17 18 a
412 676 72 39 sofa,
502 677 62 30 and
579 679 133 40 opening
727 679 148 30 Avindows
889 690 33 19 so

102 749 33 18 as
149 742 33 25 to
197 738 44 29 let
255 738 34 29 in
305 738 51 29 air.

146 799 103 31 When
268 800 54 30 the
348 811 167 29 paroxysm
529 811 64 19 was
617 811 82 27 over,
717 800 61 31 and
793 801 127 30 exhaus-

101 860 65 30 tion
184 860 125 30 showed
319 860 71 30 that
404 860 26 30 it
445 871 62 19 was
522 871 42 27 so,
583 861 52 30 she
647 861 148 40 prepared
810 872 17 19 a
842 861 78 42 glass

102 920 33 31 of
156 932 60 19 eau
231 932 116 26 sucree,
364 921 77 30 with
457 932 120 20 essence
593 922 34 29 of
645 922 72 30 lime
732 922 63 30 and
810 933 110 31 orange

101 983 118 31 floAvers
244 984 33 29 in
301 983 34 38 it,
353 983 63 31 and
439 983 107 42 gently
566 983 115 30 bathed
695 983 76 30 Avith
794 983 66 31 Eau
883 983 37 31 de

102 1044 135 43 Cologne
252 1044 52 32 the
319 1044 81 31 head
413 1044 70 31 that
498 1044 52 41 lay
565 1044 88 37 back,
670 1044 80 30 inert
765 1044 62 30 and
842 1044 77 41 pale,

101 1117 84 29 upon
201 1106 52 31 the
269 1106 65 31 sofa
349 1105 149 32 cushions.

145 1166 173 32 Claudine's
338 1166 109 32 breath
461 1171 84 26 went
564 1165 63 31 and
647 1176 85 20 came
754 1165 165 43 impercep-

98 1229 82 42 tibly
195 1229 139 31 between
356 1228 55 31 her
432 1226 189 38 half-closed,
637 1227 128 42 slightly
780 1227 139 32 coloured

97 1292 68 41 lips,
190 1291 63 31 and
278 1291 55 30 her
356 1289 117 42 eyelids
498 1300 79 20 were
605 1288 74 32 shut
704 1300 33 20 as
770 1289 33 31 in
829 1289 88 41 sleep,

98 1353 92 32 Avhile
206 1364 18 20 a
240 1353 77 31 dark
332 1352 72 31 blue
420 1351 89 31 circle
524 1351 153 30 hollowed
690 1350 86 31 itself
788 1350 131 31 beneath

97 1415 74 32 each
187 1426 64 31 eye.
298 1414 193 31 Prostration
506 1424 63 19 was
585 1412 156 41 complete.
788 1411 129 41 Aspasie

96 1477 135 31 touched
257 1476 53 31 the
337 1475 69 31 cold
428 1474 87 31 wrist
525 1486 8 25 ;
555 1474 54 30 the
624 1473 86 41 pulse
726 1483 63 20 was
812 1472 105 42 barely

96 1538 187 42 perceptible
294 1549 7 25 ;
326 1536 63 32 and
408 1541 56 26 not
487 1535 95 41 fussy,
606 1535 58 31 but
687 1534 148 31 watchful
851 1546 32 19 as
898 1546 19 19 a
