1132 1747
861 109 51 26 143

250 115 68 22 TWO
341 116 39 21 TO
403 116 62 21 ONE
488 116 42 21 ON
552 116 63 21 THE
638 116 110 21 BLACK.

91 191 138 32 footman
243 194 70 30 who
328 194 120 41 opened
461 194 54 31 the
531 194 132 43 carriage
685 194 74 31 door
774 194 47 30 for
836 194 72 37 him,

91 253 138 31 whether
253 254 103 31 Count
381 254 130 42 Dupont
538 254 38 32 de
599 254 132 42 Laporte
754 265 63 20 was
847 254 64 30 still

91 315 126 42 staying
243 320 32 26 at
304 315 53 32 the
388 316 138 38 chateau,
553 327 34 20 or
615 316 137 32 whether
781 315 39 32 he
848 315 63 31 had

92 376 147 31 returned
253 381 32 26 to
301 376 182 31 Breuvieres
497 379 12 28 \

169 437 50 31 He
242 437 58 32 left
325 438 153 42 suddenly
504 438 47 31 for
575 438 86 31 Paris
691 439 115 31 several
836 438 75 42 days

196 509 63 20 was
273 498 54 32 the
342 499 93 39 reply.

170 558 48 32 Oh
229 561 5 29 !
306 559 81 31 That
400 571 64 20 was
487 560 40 31 all
549 560 53 31 the
619 571 70 20 cure
707 560 34 30 of
759 560 154 41 Belespoir

95 620 160 31 remarked
267 632 7 25 ;
299 620 57 31 but
377 621 39 31 he
431 621 67 31 said
520 621 25 31 it
568 622 92 41 again
681 626 33 26 to
737 621 124 31 himself
880 633 33 19 as

95 682 38 31 he
154 693 63 19 was
239 682 111 41 rolling
367 682 91 42 along
481 693 41 20 on
544 682 54 31 the
620 683 83 37 road,
721 683 62 30 and
804 684 27 29 it
850 695 63 18 was

96 755 17 18 a
128 743 180 30 meditative
323 743 75 40 long
414 743 106 31 draAvn
537 748 54 26 out

143 804 98 30 When
261 804 53 30 the
330 815 72 20 cure
419 804 34 30 of
473 804 156 41 Belespoir
643 805 55 29 left
719 805 193 36 Beauvoisin,

96 866 38 30 he
165 876 78 31 gave
273 865 103 30 orders
405 870 34 25 to
468 865 54 31 the
551 865 102 30 driver
683 866 33 29 of
745 866 53 29 the
827 865 87 30 hired

96 927 119 31 vehicle
238 927 34 30 in
286 927 102 30 which
411 927 38 30 he
472 927 62 29 had
557 938 84 19 come
663 927 94 37 there,
774 932 32 25 to
829 927 85 30 drive

96 989 78 31 back
199 988 99 37 home,
326 988 133 40 namely,
486 992 33 26 to
545 987 164 41 Belespoir,
735 988 100 30 Avhich
864 988 51 40 lay

96 1055 56 25 not
175 1049 48 30 far
245 1049 78 30 from
350 1049 133 40 Brunoy.
531 1049 156 40 Anybody
711 1049 100 41 might
836 1049 78 30 have

96 1110 96 31 heard
214 1110 66 30 him
295 1110 70 41 give
381 1110 62 30 this
466 1110 94 30 order.
608 1109 70 38 But,
696 1110 89 30 Avhen
800 1110 38 30 he
853 1110 62 30 had

96 1171 111 42 passed
233 1171 53 31 the
308 1171 178 42 park-gates
506 1171 62 30 and
593 1171 140 41 emerged
757 1182 83 30 upon
863 1171 52 31 the

96 1233 84 37 road,
208 1233 39 31 he
278 1232 131 42 stopped
431 1232 53 31 the
516 1233 140 41 carriage,
684 1232 62 31 and
771 1233 67 30 told
862 1233 52 31 the

97 1295 168 31 coachman
287 1299 32 26 to
334 1298 74 27 turn
430 1294 47 31 his
495 1294 110 31 horse's
627 1294 79 31 head
728 1294 108 37 round,
854 1295 61 30 and

96 1357 88 30 drive
199 1361 32 25 to
247 1355 158 40 Malleray.

141 1417 224 31 Half-an-hour
394 1416 78 31 later
496 1416 53 31 the
579 1416 113 41 stately
718 1415 195 38 churchman,

96 1479 70 31 who
182 1478 63 31 had
261 1477 111 31 caused
395 1476 126 32 himself
539 1481 33 27 to
588 1477 37 31 be
641 1481 46 26 set
702 1476 91 31 down
809 1480 32 26 at
862 1475 52 31 the

96 1541 76 32 door
195 1540 34 31 of
251 1540 53 30 the
328 1550 71 20 cure
423 1538 35 31 of
480 1538 150 40 Malleray
653 1537 100 41 might
775 1537 37 31 be
835 1548 79 27 seen,
