1132 1747
228 110 53 25 114

460 114 82 21 LOVE
565 112 64 22 THE
652 110 161 23 AVENGER.

304 192 91 31 Have
417 204 63 30 you
502 196 55 38 got
586 191 27 30 it
642 189 97 38 there,
763 186 123 33 mother
900 186 11 30 ?
966 182 95 33 asked

227 254 43 31 M.
289 254 39 32 de
343 254 194 36 Beauvoisin,
553 251 174 42 stretching
749 254 56 27 out
825 249 49 30 his
888 245 173 33 handsome

228 316 97 42 figure
340 315 94 42 lazily
450 315 33 31 in
499 315 49 30 his
563 314 84 41 large
663 311 175 37 arm-chair,
855 310 64 31 and
934 308 127 42 leaning

227 376 48 32 his
297 376 170 31 handsome
490 375 79 31 head
593 384 85 21 more
700 372 95 42 lazily
810 371 65 32 still
897 381 86 31 upon
1006 368 54 32 the

230 438 106 31 chair's
352 438 88 31 back.

271 501 64 30 The
353 500 150 42 Dowager
518 498 64 32 laid
602 497 55 32 her
672 496 86 32 hand
773 507 87 31 upon
875 505 85 21 some
977 494 80 31 loose

228 563 100 30 sheets
344 562 34 31 of
390 573 95 30 paper
500 561 42 41 by
557 561 55 30 her
628 560 74 31 side.

419 624 121 31 mother
696 621 112 38 added,
834 619 142 43 blandly,
1004 619 52 32 the

226 685 104 32 future
346 685 164 43 legislator,
558 696 63 31 you
637 689 97 26 Avrote
749 685 34 36 it,
800 695 33 19 so
854 694 64 31 you
934 693 75 31 may
1024 693 32 20 as

228 746 70 31 well
312 746 73 31 read

299 808 101 38 Hush,
432 808 80 31 hush
527 809 5 30 !
596 807 178 42 interposed
808 806 54 31 the
894 806 160 42 DoAvager,

254 869 70 31 that
338 869 26 31 is
380 868 41 32 all
436 880 77 31 very
529 868 78 38 Avell,
624 868 86 42 quite
732 867 141 32 betAveen
889 867 165 38 ourselves,

227 941 32 20 as
290 942 46 19 Ave
366 942 50 19 are
447 936 33 25 at
513 931 64 30 this
614 935 148 33 moment,
795 930 69 38 but,
897 941 56 31 my
983 929 71 31 dear

226 991 124 38 Olivier,
383 992 27 30 if
440 1003 62 30 you
534 996 86 26 enter
652 1003 40 19 on
724 1003 18 19 a
772 991 140 42 political
944 1002 110 25 career,

225 1064 62 29 you
311 1058 84 25 must
420 1053 97 41 really
541 1053 85 30 learn
652 1057 32 26 to
712 1053 79 30 have
819 1065 18 19 a
861 1053 83 31 little
970 1064 84 19 more

425 1176 25 29 is
480 1180 33 26 to
539 1176 90 30 teach
659 1176 66 34 him
756 1177 72 38 this,
855 1177 147 32 Madame
1025 1177 29 31 la

226 1237 166 41 Marquise,
410 1237 15 30 I
441 1237 104 31 would
561 1237 59 42 beg
635 1238 34 31 of
681 1250 64 29 you
760 1243 33 27 to
809 1239 114 31 inform
939 1251 50 19 me
1003 1241 10 29 1

270 1298 15 30 I
309 1309 49 20 am
380 1303 57 26 not
459 1298 87 42 quite
568 1310 70 20 sure
660 1299 71 32 that
751 1312 18 19 a
791 1301 91 41 rapid
897 1301 111 42 glance
1024 1302 33 30 of

228 1359 123 32 Claire's
368 1359 151 32 beautiful
544 1372 71 30 eyes
638 1361 54 31 did
715 1366 57 27 not
794 1364 123 41 mutely
933 1375 122 31 convey

228 1432 82 21 some
341 1421 74 31 such
439 1421 134 32 demand
596 1433 32 20 as
650 1423 53 31 the
727 1424 106 39 above,
861 1425 58 32 but
942 1426 26 32 it
991 1437 65 21 Avas

228 1488 55 26 not
298 1482 146 41 noticed.)

270 1546 64 31 The
357 1545 151 41 DoAvager
530 1545 74 31 took
629 1558 43 29 up
698 1546 53 33 the
778 1547 102 33 sheets
905 1549 35 31 of
959 1562 95 29 paper
