<?xml version="1.0" encoding="UTF-8"?>
<alto xmlns:xsi="http://www.w3.org/2001/XMLSchema-instance" xsi:noNamespaceSchemaLocation="http://www.bl.uk/schemas/alto/alto-1-4.xsd" xmlns:xlink="http://www.w3.org/1999/xlink">
	<Description>
		<MeasurementUnit>mm10</MeasurementUnit>
		<sourceImageInformation>
			<fileName>//head1/IN/2007-46/A0010888503.2/009463.jp2</fileName>
		</sourceImageInformation>
		<OCRProcessing ID="OCRPROCESSING_1">
			<preProcessingStep>
				<processingSoftware>
					<softwareCreator>CCS Content Conversion Specialists GmbH, Germany</softwareCreator>
					<softwareName>CCS docWORKS</softwareName>
					<softwareVersion>6.1-0.61</softwareVersion>
				</processingSoftware>
			</preProcessingStep>
			<ocrProcessingStep>
				<processingSoftware>
					<softwareCreator>ABBYY (BIT Software), Russia</softwareCreator>
					<softwareName>Finereader</softwareName>
				</processingSoftware>
			</ocrProcessingStep>
		</OCRProcessing>
	</Description>
	<Styles>
		<TextStyle ID="TXT_0" FONTSIZE="11" FONTFAMILY="Courier New"/>
		<TextStyle ID="TXT_1" FONTSIZE="10" FONTFAMILY="Courier New"/>
		<ParagraphStyle ID="PAR_RIGHT" ALIGN="Right"/>
		<ParagraphStyle ID="PAR_LEFT" ALIGN="Left"/>
	</Styles>
	<Layout>
		<Page ID="P255" PHYSICAL_IMG_NR="255" HEIGHT="1747" WIDTH="1132" PRINTED_IMG_NR="245" POSITION="Right" ACCURACY="71.72">
			<TopMargin ID="P255_TM00001" HPOS="0" VPOS="0" WIDTH="1131" HEIGHT="149">
				<TextBlock ID="P255_TB00001" HPOS="888" VPOS="122" WIDTH="50" HEIGHT="25" STYLEREFS="TXT_0 PAR_RIGHT">
					<TextLine ID="P255_TL00001" HPOS="888" VPOS="122" WIDTH="50" HEIGHT="25">
						<String ID="P255_ST00001" HPOS="888" VPOS="122" WIDTH="50" HEIGHT="25" CONTENT="245" WC="1.00" CC="000"/>
					</TextLine>
				</TextBlock>
				<TextBlock ID="P255_TB00002" HPOS="388" VPOS="127" WIDTH="277" HEIGHT="22" STYLEREFS="TXT_1 PAR_LEFT">
					<TextLine ID="P255_TL00002" HPOS="388" VPOS="128" WIDTH="277" HEIGHT="21">
						<String ID="P255_ST00002" HPOS="388" VPOS="128" WIDTH="177" HEIGHT="21" CONTENT="EVERYDAY" WC="0.78" CC="36060000"/>
						<SP ID="P255_SP00001" HPOS="565" VPOS="149" WIDTH="22"/>
						<String ID="P255_ST00003" HPOS="587" VPOS="129" WIDTH="78" HEIGHT="20" CONTENT="LIFE." WC="0.87" CC="30200"/>
					</TextLine>
				</TextBlock>
			</TopMargin>
			<LeftMargin ID="P255_LM00001" HPOS="0" VPOS="149" WIDTH="110" HEIGHT="1440"/>
			<RightMargin ID="P255_RM00001" HPOS="939" VPOS="149" WIDTH="192" HEIGHT="1440"/>
			<BottomMargin ID="P255_BM00001" HPOS="0" VPOS="1589" WIDTH="1131" HEIGHT="157"/>
			<PrintSpace ID="P255_PS00001" HPOS="110" VPOS="149" WIDTH="829" HEIGHT="1440">
				<TextBlock ID="P255_TB00003" HPOS="115" VPOS="202" WIDTH="824" HEIGHT="95" STYLEREFS="TXT_1 PAR_LEFT">
					<TextLine ID="P255_TL00003" HPOS="115" VPOS="202" WIDTH="824" HEIGHT="45">
						<String ID="P255_ST00004" HPOS="115" VPOS="202" WIDTH="96" HEIGHT="32" CONTENT="down" WC="0.45" CC="9506"/>
						<SP ID="P255_SP00002" HPOS="211" VPOS="234" WIDTH="17"/>
						<String ID="P255_ST00005" HPOS="228" VPOS="205" WIDTH="141" HEIGHT="41" CONTENT="steadily," WC="0.92" CC="130000001"/>
						<SP ID="P255_SP00003" HPOS="369" VPOS="246" WIDTH="18"/>
						<String ID="P255_ST00006" HPOS="387" VPOS="206" WIDTH="53" HEIGHT="30" CONTENT="the" WC="0.47" CC="572"/>
						<SP ID="P255_SP00004" HPOS="440" VPOS="246" WIDTH="17"/>
						<String ID="P255_ST00007" HPOS="457" VPOS="206" WIDTH="58" HEIGHT="41" CONTENT="sky" WC="0.79" CC="600"/>
						<SP ID="P255_SP00005" HPOS="515" VPOS="247" WIDTH="16"/>
						<String ID="P255_ST00008" HPOS="531" VPOS="217" WIDTH="83" HEIGHT="30" CONTENT="grew" WC="0.39" CC="8509"/>
						<SP ID="P255_SP00006" HPOS="614" VPOS="247" WIDTH="15"/>
						<String ID="P255_ST00009" HPOS="629" VPOS="217" WIDTH="75" HEIGHT="30" CONTENT="grey" WC="0.84" CC="0500"/>
						<SP ID="P255_SP00007" HPOS="704" VPOS="247" WIDTH="15"/>
						<String ID="P255_ST00010" HPOS="719" VPOS="205" WIDTH="41" HEIGHT="30" CONTENT="all" WC="0.88" CC="030"/>
						<SP ID="P255_SP00008" HPOS="760" VPOS="247" WIDTH="20"/>
						<String ID="P255_ST00011" HPOS="780" VPOS="215" WIDTH="82" HEIGHT="27" CONTENT="over," WC="0.48" CC="36454"/>
						<SP ID="P255_SP00009" HPOS="862" VPOS="247" WIDTH="17"/>
						<String ID="P255_ST00012" HPOS="879" VPOS="204" WIDTH="60" HEIGHT="30" CONTENT="and" WC="0.79" CC="060"/>
					</TextLine>
					<TextLine ID="P255_TL00004" HPOS="118" VPOS="265" WIDTH="351" HEIGHT="32">
						<String ID="P255_ST00013" HPOS="118" VPOS="265" WIDTH="55" HEIGHT="31" CONTENT="the" WC="0.52" CC="472"/>
						<SP ID="P255_SP00010" HPOS="173" VPOS="296" WIDTH="16"/>
						<String ID="P255_ST00014" HPOS="189" VPOS="267" WIDTH="85" HEIGHT="30" CONTENT="wind" WC="0.83" CC="0060"/>
						<SP ID="P255_SP00011" HPOS="274" VPOS="297" WIDTH="15"/>
						<String ID="P255_ST00015" HPOS="289" VPOS="267" WIDTH="80" HEIGHT="30" CONTENT="blew-" WC="0.67" CC="70008"/>
						<SP ID="P255_SP00012" HPOS="369" VPOS="297" WIDTH="16"/>
						<String ID="P255_ST00016" HPOS="385" VPOS="267" WIDTH="84" HEIGHT="30" CONTENT="hard." WC="0.72" CC="70600"/>
					</TextLine>
				</TextBlock>
				<TextBlock ID="P255_TB00004" HPOS="116" VPOS="326" WIDTH="822" HEIGHT="276" STYLEREFS="TXT_1 PAR_LEFT">
					<TextLine ID="P255_TL00005" HPOS="163" VPOS="327" WIDTH="775" HEIGHT="43">
						<String ID="P255_ST00017" HPOS="163" VPOS="327" WIDTH="87" HEIGHT="40" CONTENT="They" WC="0.82" CC="0700"/>
						<SP ID="P255_SP00013" HPOS="250" VPOS="367" WIDTH="23"/>
						<String ID="P255_ST00018" HPOS="273" VPOS="333" WIDTH="55" HEIGHT="37" CONTENT="got" WC="0.75" CC="007"/>
						<SP ID="P255_SP00014" HPOS="328" VPOS="370" WIDTH="23"/>
						<String ID="P255_ST00019" HPOS="351" VPOS="339" WIDTH="75" HEIGHT="20" CONTENT="near" WC="0.77" CC="6002"/>
						<SP ID="P255_SP00015" HPOS="426" VPOS="370" WIDTH="23"/>
						<String ID="P255_ST00020" HPOS="449" VPOS="328" WIDTH="121" HEIGHT="42" CONTENT="enough" WC="0.43" CC="063887"/>
						<SP ID="P255_SP00016" HPOS="570" VPOS="370" WIDTH="18"/>
						<String ID="P255_ST00021" HPOS="588" VPOS="334" WIDTH="32" HEIGHT="25" CONTENT="to" WC="0.65" CC="15"/>
						<SP ID="P255_SP00017" HPOS="620" VPOS="370" WIDTH="22"/>
						<String ID="P255_ST00022" HPOS="642" VPOS="339" WIDTH="48" HEIGHT="20" CONTENT="see" WC="0.80" CC="600"/>
						<SP ID="P255_SP00018" HPOS="690" VPOS="370" WIDTH="22"/>
						<String ID="P255_ST00023" HPOS="712" VPOS="328" WIDTH="160" HEIGHT="41" CONTENT="distinctly" WC="0.79" CC="0064050030"/>
						<SP ID="P255_SP00019" HPOS="872" VPOS="370" WIDTH="15"/>
						<String ID="P255_ST00024" HPOS="887" VPOS="328" WIDTH="51" HEIGHT="30" CONTENT="the" WC="0.74" CC="070"/>
					</TextLine>
					<TextLine ID="P255_TL00006" HPOS="119" VPOS="389" WIDTH="819" HEIGHT="42">
						<String ID="P255_ST00025" HPOS="119" VPOS="399" WIDTH="131" HEIGHT="31" CONTENT="Avaggon" WC="0.53" CC="9900426"/>
						<SP ID="P255_SP00020" HPOS="250" VPOS="430" WIDTH="16"/>
						<String ID="P255_ST00026" HPOS="266" VPOS="389" WIDTH="112" HEIGHT="31" CONTENT="Avithin" WC="0.74" CC="0003707"/>
						<SP ID="P255_SP00021" HPOS="378" VPOS="430" WIDTH="21"/>
						<String ID="P255_ST00027" HPOS="399" VPOS="401" WIDTH="18" HEIGHT="19" CONTENT="a" WC="1.00" CC="0"/>
						<SP ID="P255_SP00022" HPOS="417" VPOS="430" WIDTH="15"/>
						<String ID="P255_ST00028" HPOS="432" VPOS="389" WIDTH="61" HEIGHT="31" CONTENT="few" WC="0.67" CC="009"/>
						<SP ID="P255_SP00023" HPOS="493" VPOS="430" WIDTH="14"/>
						<String ID="P255_ST00029" HPOS="507" VPOS="389" WIDTH="142" HEIGHT="31" CONTENT="hundred" WC="0.68" CC="7860000"/>
						<SP ID="P255_SP00024" HPOS="649" VPOS="430" WIDTH="15"/>
						<String ID="P255_ST00030" HPOS="664" VPOS="389" WIDTH="100" HEIGHT="42" CONTENT="yards," WC="0.78" CC="002063"/>
						<SP ID="P255_SP00025" HPOS="764" VPOS="431" WIDTH="17"/>
						<String ID="P255_ST00031" HPOS="781" VPOS="390" WIDTH="26" HEIGHT="30" CONTENT="it" WC="0.54" CC="44"/>
						<SP ID="P255_SP00026" HPOS="807" VPOS="431" WIDTH="15"/>
						<String ID="P255_ST00032" HPOS="822" VPOS="400" WIDTH="63" HEIGHT="20" CONTENT="was" WC="0.80" CC="006"/>
						<SP ID="P255_SP00027" HPOS="885" VPOS="431" WIDTH="15"/>
						<String ID="P255_ST00033" HPOS="900" VPOS="400" WIDTH="38" HEIGHT="20" CONTENT="on" WC="0.48" CC="46"/>
					</TextLine>
					<TextLine ID="P255_TL00007" HPOS="118" VPOS="450" WIDTH="818" HEIGHT="42">
						<String ID="P255_ST00034" HPOS="118" VPOS="461" WIDTH="20" HEIGHT="19" CONTENT="a" WC="1.00" CC="0"/>
						<SP ID="P255_SP00028" HPOS="138" VPOS="480" WIDTH="22"/>
						<String ID="P255_ST00035" HPOS="160" VPOS="450" WIDTH="76" HEIGHT="42" CONTENT="high" WC="0.63" CC="7007"/>
						<SP ID="P255_SP00029" HPOS="236" VPOS="492" WIDTH="23"/>
						<String ID="P255_ST00036" HPOS="259" VPOS="451" WIDTH="84" HEIGHT="37" CONTENT="road," WC="0.89" CC="40001"/>
						<SP ID="P255_SP00030" HPOS="343" VPOS="492" WIDTH="25"/>
						<String ID="P255_ST00037" HPOS="368" VPOS="450" WIDTH="62" HEIGHT="31" CONTENT="and" WC="0.80" CC="060"/>
						<SP ID="P255_SP00031" HPOS="430" VPOS="492" WIDTH="21"/>
						<String ID="P255_ST00038" HPOS="451" VPOS="455" WIDTH="63" HEIGHT="26" CONTENT="two" WC="0.84" CC="004"/>
						<SP ID="P255_SP00032" HPOS="514" VPOS="492" WIDTH="23"/>
						<String ID="P255_ST00039" HPOS="537" VPOS="462" WIDTH="71" HEIGHT="19" CONTENT="men" WC="0.89" CC="021"/>
						<SP ID="P255_SP00033" HPOS="608" VPOS="492" WIDTH="23"/>
						<String ID="P255_ST00040" HPOS="631" VPOS="451" WIDTH="121" HEIGHT="30" CONTENT="walked" WC="0.95" CC="003000"/>
						<SP ID="P255_SP00034" HPOS="752" VPOS="492" WIDTH="26"/>
						<String ID="P255_ST00041" HPOS="778" VPOS="450" WIDTH="102" HEIGHT="31" CONTENT="beside" WC="0.79" CC="704000"/>
						<SP ID="P255_SP00035" HPOS="880" VPOS="492" WIDTH="24"/>
						<String ID="P255_ST00042" HPOS="904" VPOS="450" WIDTH="32" HEIGHT="31" CONTENT="it." WC="0.77" CC="060"/>
					</TextLine>
					<TextLine ID="P255_TL00008" HPOS="117" VPOS="510" WIDTH="821" HEIGHT="43">
						<String ID="P255_ST00043" HPOS="117" VPOS="510" WIDTH="100" HEIGHT="32" CONTENT="There" WC="0.61" CC="77040"/>
						<SP ID="P255_SP00036" HPOS="217" VPOS="542" WIDTH="15"/>
						<String ID="P255_ST00044" HPOS="232" VPOS="523" WIDTH="63" HEIGHT="19" CONTENT="was" WC="0.88" CC="003"/>
						<SP ID="P255_SP00037" HPOS="295" VPOS="542" WIDTH="20"/>
						<String ID="P255_ST00045" HPOS="315" VPOS="523" WIDTH="18" HEIGHT="19" CONTENT="a" WC="1.00" CC="0"/>
						<SP ID="P255_SP00038" HPOS="333" VPOS="542" WIDTH="15"/>
						<String ID="P255_ST00046" HPOS="348" VPOS="512" WIDTH="86" HEIGHT="31" CONTENT="ditch" WC="0.75" CC="00407"/>
						<SP ID="P255_SP00039" HPOS="434" VPOS="543" WIDTH="16"/>
						<String ID="P255_ST00047" HPOS="450" VPOS="511" WIDTH="140" HEIGHT="31" CONTENT="between" WC="0.85" CC="0010107"/>
						<SP ID="P255_SP00040" HPOS="590" VPOS="543" WIDTH="19"/>
						<String ID="P255_ST00048" HPOS="609" VPOS="512" WIDTH="53" HEIGHT="30" CONTENT="the" WC="0.57" CC="570"/>
						<SP ID="P255_SP00041" HPOS="662" VPOS="543" WIDTH="16"/>
						<String ID="P255_ST00049" HPOS="678" VPOS="511" WIDTH="73" HEIGHT="31" CONTENT="field" WC="0.88" CC="00050"/>
						<SP ID="P255_SP00042" HPOS="751" VPOS="543" WIDTH="18"/>
						<String ID="P255_ST00050" HPOS="769" VPOS="511" WIDTH="77" HEIGHT="42" CONTENT="they" WC="0.67" CC="5700"/>
						<SP ID="P255_SP00043" HPOS="846" VPOS="553" WIDTH="14"/>
						<String ID="P255_ST00051" HPOS="860" VPOS="522" WIDTH="78" HEIGHT="20" CONTENT="were" WC="0.95" CC="0020"/>
					</TextLine>
					<TextLine ID="P255_TL00009" HPOS="119" VPOS="573" WIDTH="280" HEIGHT="29">
						<String ID="P255_ST00052" HPOS="119" VPOS="573" WIDTH="34" HEIGHT="29" CONTENT="in" WC="0.49" CC="27"/>
						<SP ID="P255_SP00044" HPOS="153" VPOS="602" WIDTH="17"/>
						<String ID="P255_ST00053" HPOS="170" VPOS="573" WIDTH="62" HEIGHT="29" CONTENT="and" WC="0.75" CC="070"/>
						<SP ID="P255_SP00045" HPOS="232" VPOS="602" WIDTH="16"/>
						<String ID="P255_ST00054" HPOS="248" VPOS="573" WIDTH="52" HEIGHT="29" CONTENT="the" WC="0.75" CC="070"/>
						<SP ID="P255_SP00046" HPOS="300" VPOS="602" WIDTH="16"/>
						<String ID="P255_ST00055" HPOS="316" VPOS="573" WIDTH="83" HEIGHT="29" CONTENT="road." WC="0.85" CC="60000"/>
					</TextLine>
				</TextBlock>
				<TextBlock ID="P255_TB00005" HPOS="114" VPOS="633" WIDTH="824" HEIGHT="224" STYLEREFS="TXT_1 PAR_LEFT">
					<TextLine ID="P255_TL00010" HPOS="164" VPOS="634" WIDTH="774" HEIGHT="41">
						<String ID="P255_ST00056" HPOS="164" VPOS="637" WIDTH="18" HEIGHT="11" CONTENT='"' WC="0.89" CC="1"/>
						<SP ID="P255_SP00047" HPOS="182" VPOS="648" WIDTH="13"/>
						<String ID="P255_ST00057" HPOS="195" VPOS="634" WIDTH="57" HEIGHT="31" CONTENT="We" WC="1.00" CC="00"/>
						<SP ID="P255_SP00048" HPOS="252" VPOS="665" WIDTH="19"/>
						<String ID="P255_ST00058" HPOS="271" VPOS="639" WIDTH="84" HEIGHT="26" CONTENT="must" WC="0.65" CC="0760"/>
						<SP ID="P255_SP00049" HPOS="355" VPOS="665" WIDTH="17"/>
						<String ID="P255_ST00059" HPOS="372" VPOS="634" WIDTH="90" HEIGHT="41" CONTENT="jump" WC="0.81" CC="0700"/>
						<SP ID="P255_SP00050" HPOS="462" VPOS="675" WIDTH="16"/>
						<String ID="P255_ST00060" HPOS="478" VPOS="634" WIDTH="52" HEIGHT="37" CONTENT='it,"' WC="0.85" CC="2030"/>
						<SP ID="P255_SP00051" HPOS="530" VPOS="675" WIDTH="24"/>
						<String ID="P255_ST00061" HPOS="554" VPOS="634" WIDTH="66" HEIGHT="31" CONTENT="said" WC="0.74" CC="6030"/>
						<SP ID="P255_SP00052" HPOS="620" VPOS="675" WIDTH="20"/>
						<String ID="P255_ST00062" HPOS="640" VPOS="634" WIDTH="52" HEIGHT="31" CONTENT="the" WC="0.49" CC="670"/>
						<SP ID="P255_SP00053" HPOS="692" VPOS="675" WIDTH="17"/>
						<String ID="P255_ST00063" HPOS="709" VPOS="634" WIDTH="150" HEIGHT="38" CONTENT="Vicomte," WC="0.71" CC="60430503"/>
						<SP ID="P255_SP00054" HPOS="859" VPOS="675" WIDTH="17"/>
						<String ID="P255_ST00064" HPOS="876" VPOS="634" WIDTH="62" HEIGHT="31" CONTENT="and" WC="0.63" CC="370"/>
					</TextLine>
					<TextLine ID="P255_TL00011" HPOS="115" VPOS="695" WIDTH="823" HEIGHT="42">
						<String ID="P255_ST00065" HPOS="115" VPOS="695" WIDTH="79" HEIGHT="42" CONTENT="they" WC="0.67" CC="5700"/>
						<SP ID="P255_SP00055" HPOS="194" VPOS="737" WIDTH="17"/>
						<String ID="P255_ST00066" HPOS="211" VPOS="696" WIDTH="62" HEIGHT="30" CONTENT="had" WC="0.76" CC="700"/>
						<SP ID="P255_SP00056" HPOS="273" VPOS="737" WIDTH="20"/>
						<String ID="P255_ST00067" HPOS="293" VPOS="696" WIDTH="131" HEIGHT="41" CONTENT="jumped" WC="0.84" CC="016000"/>
						<SP ID="P255_SP00057" HPOS="424" VPOS="737" WIDTH="22"/>
						<String ID="P255_ST00068" HPOS="446" VPOS="696" WIDTH="26" HEIGHT="30" CONTENT="it" WC="0.64" CC="06"/>
						<SP ID="P255_SP00058" HPOS="472" VPOS="737" WIDTH="21"/>
						<String ID="P255_ST00069" HPOS="493" VPOS="695" WIDTH="103" HEIGHT="31" CONTENT="before" WC="0.78" CC="700050"/>
						<SP ID="P255_SP00059" HPOS="596" VPOS="737" WIDTH="24"/>
						<String ID="P255_ST00070" HPOS="620" VPOS="695" WIDTH="99" HEIGHT="31" CONTENT="Claire" WC="0.83" CC="500040"/>
						<SP ID="P255_SP00060" HPOS="719" VPOS="737" WIDTH="22"/>
						<String ID="P255_ST00071" HPOS="741" VPOS="695" WIDTH="91" HEIGHT="31" CONTENT="kneAV" WC="0.85" CC="07000"/>
						<SP ID="P255_SP00061" HPOS="832" VPOS="737" WIDTH="22"/>
						<String ID="P255_ST00072" HPOS="854" VPOS="696" WIDTH="84" HEIGHT="30" CONTENT="what" WC="0.68" CC="0705"/>
					</TextLine>
					<TextLine ID="P255_TL00012" HPOS="117" VPOS="756" WIDTH="819" HEIGHT="41">
						<String ID="P255_ST00073" HPOS="117" VPOS="756" WIDTH="53" HEIGHT="30" CONTENT="she" WC="0.55" CC="570"/>
						<SP ID="P255_SP00062" HPOS="170" VPOS="786" WIDTH="25"/>
						<String ID="P255_ST00074" HPOS="195" VPOS="768" WIDTH="62" HEIGHT="18" CONTENT="was" WC="0.83" CC="004"/>
						<SP ID="P255_SP00063" HPOS="257" VPOS="786" WIDTH="26"/>
						<String ID="P255_ST00075" HPOS="283" VPOS="756" WIDTH="104" HEIGHT="41" CONTENT="doing," WC="0.68" CC="030752"/>
						<SP ID="P255_SP00064" HPOS="387" VPOS="797" WIDTH="29"/>
						<String ID="P255_ST00076" HPOS="416" VPOS="756" WIDTH="57" HEIGHT="30" CONTENT="but" WC="0.51" CC="077"/>
						<SP ID="P255_SP00065" HPOS="473" VPOS="797" WIDTH="26"/>
						<String ID="P255_ST00077" HPOS="499" VPOS="756" WIDTH="54" HEIGHT="30" CONTENT="she" WC="0.58" CC="570"/>
						<SP ID="P255_SP00066" HPOS="553" VPOS="797" WIDTH="27"/>
						<String ID="P255_ST00078" HPOS="580" VPOS="756" WIDTH="54" HEIGHT="30" CONTENT="did" WC="0.84" CC="040"/>
						<SP ID="P255_SP00067" HPOS="634" VPOS="797" WIDTH="25"/>
						<String ID="P255_ST00079" HPOS="659" VPOS="761" WIDTH="55" HEIGHT="25" CONTENT="not" WC="0.60" CC="704"/>
						<SP ID="P255_SP00068" HPOS="714" VPOS="797" WIDTH="27"/>
						<String ID="P255_ST00080" HPOS="741" VPOS="756" WIDTH="67" HEIGHT="30" CONTENT="find" WC="0.94" CC="0020"/>
						<SP ID="P255_SP00069" HPOS="808" VPOS="797" WIDTH="22"/>
						<String ID="P255_ST00081" HPOS="830" VPOS="756" WIDTH="27" HEIGHT="30" CONTENT="it" WC="0.59" CC="07"/>
						<SP ID="P255_SP00070" HPOS="857" VPOS="797" WIDTH="22"/>
						<String ID="P255_ST00082" HPOS="879" VPOS="767" WIDTH="57" HEIGHT="19" CONTENT="un" SUBS_TYPE="HypPart1" SUBS_CONTENT="unpleasant." WC="0.47" CC="743"/>
						<HYP CONTENT="-"/>
					</TextLine>
					<TextLine ID="P255_TL00013" HPOS="117" VPOS="818" WIDTH="147" HEIGHT="39">
						<String ID="P255_ST00083" HPOS="117" VPOS="818" WIDTH="147" HEIGHT="39" CONTENT="pleasant." SUBS_TYPE="HypPart2" SUBS_CONTENT="unpleasant." WC="0.85" CC="001020430"/>
					</TextLine>
				</TextBlock>
				<TextBlock ID="P255_TB00006" HPOS="113" VPOS="877" WIDTH="823" HEIGHT="530" STYLEREFS="TXT_1 PAR_LEFT">
					<TextLine ID="P255_TL00014" HPOS="162" VPOS="878" WIDTH="773" HEIGHT="41">
						<String ID="P255_ST00084" HPOS="162" VPOS="879" WIDTH="103" HEIGHT="30" CONTENT="When" WC="0.38" CC="9707"/>
						<SP ID="P255_SP00071" HPOS="265" VPOS="909" WIDTH="25"/>
						<String ID="P255_ST00085" HPOS="290" VPOS="879" WIDTH="76" HEIGHT="40" CONTENT="they" WC="0.77" CC="1700"/>
						<SP ID="P255_SP00072" HPOS="366" VPOS="919" WIDTH="25"/>
						<String ID="P255_ST00086" HPOS="391" VPOS="889" WIDTH="84" HEIGHT="20" CONTENT="came" WC="1.00" CC="0000"/>
						<SP ID="P255_SP00073" HPOS="475" VPOS="919" WIDTH="26"/>
						<String ID="P255_ST00087" HPOS="501" VPOS="890" WIDTH="42" HEIGHT="29" CONTENT="up" WC="0.64" CC="70"/>
						<SP ID="P255_SP00074" HPOS="543" VPOS="919" WIDTH="25"/>
						<String ID="P255_ST00088" HPOS="568" VPOS="878" WIDTH="76" HEIGHT="30" CONTENT="with" WC="0.70" CC="0407"/>
						<SP ID="P255_SP00075" HPOS="644" VPOS="919" WIDTH="26"/>
						<String ID="P255_ST00089" HPOS="670" VPOS="878" WIDTH="53" HEIGHT="30" CONTENT="the" WC="0.75" CC="070"/>
						<SP ID="P255_SP00076" HPOS="723" VPOS="919" WIDTH="26"/>
						<String ID="P255_ST00090" HPOS="749" VPOS="889" WIDTH="186" HEIGHT="30" CONTENT="waggoners," WC="0.57" CC="9047260253"/>
					</TextLine>
					<TextLine ID="P255_TL00015" HPOS="116" VPOS="939" WIDTH="820" HEIGHT="41">
						<String ID="P255_ST00091" HPOS="116" VPOS="940" WIDTH="65" HEIGHT="30" CONTENT="and" WC="0.53" CC="760"/>
						<SP ID="P255_SP00077" HPOS="181" VPOS="970" WIDTH="23"/>
						<String ID="P255_ST00092" HPOS="204" VPOS="940" WIDTH="143" HEIGHT="40" CONTENT="inquired" WC="0.79" CC="06070200"/>
						<SP ID="P255_SP00078" HPOS="347" VPOS="980" WIDTH="22"/>
						<String ID="P255_ST00093" HPOS="369" VPOS="940" WIDTH="81" HEIGHT="29" CONTENT="their" WC="0.47" CC="37077"/>
						<SP ID="P255_SP00079" HPOS="450" VPOS="980" WIDTH="20"/>
						<String ID="P255_ST00094" HPOS="470" VPOS="950" WIDTH="78" HEIGHT="30" CONTENT="way," WC="1.00" CC="0000"/>
						<SP ID="P255_SP00080" HPOS="548" VPOS="980" WIDTH="25"/>
						<String ID="P255_ST00095" HPOS="573" VPOS="939" WIDTH="75" HEIGHT="41" CONTENT="they" WC="0.72" CC="3700"/>
						<SP ID="P255_SP00081" HPOS="648" VPOS="980" WIDTH="21"/>
						<String ID="P255_ST00096" HPOS="669" VPOS="939" WIDTH="177" HEIGHT="30" CONTENT="discovered" WC="0.86" CC="0540000200"/>
						<SP ID="P255_SP00082" HPOS="846" VPOS="980" WIDTH="22"/>
						<String ID="P255_ST00097" HPOS="868" VPOS="940" WIDTH="68" HEIGHT="29" CONTENT="that" WC="0.67" CC="0705"/>
					</TextLine>
					<TextLine ID="P255_TL00016" HPOS="117" VPOS="999" WIDTH="819" HEIGHT="43">
						<String ID="P255_ST00098" HPOS="117" VPOS="1002" WIDTH="78" HEIGHT="40" CONTENT="they" WC="0.72" CC="3700"/>
						<SP ID="P255_SP00083" HPOS="195" VPOS="1042" WIDTH="11"/>
						<String ID="P255_ST00099" HPOS="206" VPOS="1012" WIDTH="79" HEIGHT="19" CONTENT="Avere" WC="0.91" CC="00040"/>
						<SP ID="P255_SP00084" HPOS="285" VPOS="1042" WIDTH="12"/>
						<String ID="P255_ST00100" HPOS="297" VPOS="1000" WIDTH="60" HEIGHT="30" CONTENT="five" WC="0.87" CC="0050"/>
						<SP ID="P255_SP00085" HPOS="357" VPOS="1042" WIDTH="16"/>
						<String ID="P255_ST00101" HPOS="373" VPOS="1000" WIDTH="124" HEIGHT="41" CONTENT="leagues" WC="0.81" CC="0000606"/>
						<SP ID="P255_SP00086" HPOS="497" VPOS="1042" WIDTH="13"/>
						<String ID="P255_ST00102" HPOS="510" VPOS="1000" WIDTH="80" HEIGHT="29" CONTENT="from" WC="0.84" CC="0600"/>
						<SP ID="P255_SP00087" HPOS="590" VPOS="1042" WIDTH="17"/>
						<String ID="P255_ST00103" HPOS="607" VPOS="999" WIDTH="162" HEIGHT="38" CONTENT="Clavreufl," WC="0.55" CC="7305502774"/>
						<SP ID="P255_SP00088" HPOS="769" VPOS="1042" WIDTH="16"/>
						<String ID="P255_ST00104" HPOS="785" VPOS="1000" WIDTH="57" HEIGHT="30" CONTENT="but" WC="0.32" CC="766"/>
						<SP ID="P255_SP00089" HPOS="842" VPOS="1042" WIDTH="15"/>
						<String ID="P255_ST00105" HPOS="857" VPOS="1000" WIDTH="79" HEIGHT="30" CONTENT="their" WC="0.46" CC="57049"/>
					</TextLine>
					<TextLine ID="P255_TL00017" HPOS="117" VPOS="1061" WIDTH="819" HEIGHT="41">
						<String ID="P255_ST00106" HPOS="117" VPOS="1062" WIDTH="75" HEIGHT="30" CONTENT="road" WC="0.83" CC="6000"/>
						<SP ID="P255_SP00090" HPOS="192" VPOS="1092" WIDTH="25"/>
						<String ID="P255_ST00107" HPOS="217" VPOS="1062" WIDTH="92" HEIGHT="30" CONTENT="home" WC="0.76" CC="7002"/>
						<SP ID="P255_SP00091" HPOS="309" VPOS="1092" WIDTH="24"/>
						<String ID="P255_ST00108" HPOS="333" VPOS="1073" WIDTH="62" HEIGHT="18" CONTENT="was" WC="0.80" CC="005"/>
						<SP ID="P255_SP00092" HPOS="395" VPOS="1092" WIDTH="24"/>
						<String ID="P255_ST00109" HPOS="419" VPOS="1072" WIDTH="41" HEIGHT="18" CONTENT="no" WC="0.41" CC="74"/>
						<SP ID="P255_SP00093" HPOS="460" VPOS="1092" WIDTH="24"/>
						<String ID="P255_ST00110" HPOS="484" VPOS="1072" WIDTH="77" HEIGHT="29" CONTENT="very" WC="0.64" CC="7070"/>
						<SP ID="P255_SP00094" HPOS="561" VPOS="1101" WIDTH="24"/>
						<String ID="P255_ST00111" HPOS="585" VPOS="1061" WIDTH="130" HEIGHT="30" CONTENT="difficult" WC="0.65" CC="007330564"/>
						<SP ID="P255_SP00095" HPOS="715" VPOS="1101" WIDTH="24"/>
						<String ID="P255_ST00112" HPOS="739" VPOS="1072" WIDTH="64" HEIGHT="19" CONTENT="one." WC="0.75" CC="2700"/>
						<SP ID="P255_SP00096" HPOS="803" VPOS="1101" WIDTH="48"/>
						<String ID="P255_ST00113" HPOS="851" VPOS="1061" WIDTH="85" HEIGHT="41" CONTENT="They" WC="0.80" CC="0700"/>
					</TextLine>
					<TextLine ID="P255_TL00018" HPOS="116" VPOS="1122" WIDTH="819" HEIGHT="41">
						<String ID="P255_ST00114" HPOS="116" VPOS="1123" WIDTH="63" HEIGHT="31" CONTENT="had" WC="0.74" CC="700"/>
						<SP ID="P255_SP00097" HPOS="179" VPOS="1154" WIDTH="21"/>
						<String ID="P255_ST00115" HPOS="200" VPOS="1127" WIDTH="32" HEIGHT="26" CONTENT="to" WC="0.78" CC="31"/>
						<SP ID="P255_SP00098" HPOS="232" VPOS="1154" WIDTH="16"/>
						<String ID="P255_ST00116" HPOS="248" VPOS="1123" WIDTH="65" HEIGHT="30" CONTENT="ride" WC="0.98" CC="0000"/>
						<SP ID="P255_SP00099" HPOS="313" VPOS="1154" WIDTH="16"/>
						<String ID="P255_ST00117" HPOS="329" VPOS="1123" WIDTH="132" HEIGHT="40" CONTENT="straight" WC="0.53" CC="36500676"/>
						<SP ID="P255_SP00100" HPOS="461" VPOS="1163" WIDTH="21"/>
						<String ID="P255_ST00118" HPOS="482" VPOS="1122" WIDTH="92" HEIGHT="41" CONTENT="along" WC="0.91" CC="00040"/>
						<SP ID="P255_SP00101" HPOS="574" VPOS="1163" WIDTH="21"/>
						<String ID="P255_ST00119" HPOS="595" VPOS="1122" WIDTH="77" HEIGHT="37" CONTENT="that," WC="0.57" CC="47063"/>
						<SP ID="P255_SP00102" HPOS="672" VPOS="1163" WIDTH="18"/>
						<String ID="P255_ST00120" HPOS="690" VPOS="1122" WIDTH="101" HEIGHT="29" CONTENT="which" WC="0.62" CC="07037"/>
						<SP ID="P255_SP00103" HPOS="791" VPOS="1163" WIDTH="15"/>
						<String ID="P255_ST00121" HPOS="806" VPOS="1133" WIDTH="62" HEIGHT="18" CONTENT="was" WC="0.84" CC="030"/>
						<SP ID="P255_SP00104" HPOS="868" VPOS="1163" WIDTH="15"/>
						<String ID="P255_ST00122" HPOS="883" VPOS="1122" WIDTH="52" HEIGHT="30" CONTENT="the" WC="0.75" CC="070"/>
					</TextLine>
					<TextLine ID="P255_TL00019" HPOS="116" VPOS="1183" WIDTH="819" HEIGHT="42">
						<String ID="P255_ST00123" HPOS="116" VPOS="1184" WIDTH="197" HEIGHT="31" CONTENT="Tours-Blois" WC="0.83" CC="00600061003"/>
						<SP ID="P255_SP00105" HPOS="313" VPOS="1215" WIDTH="23"/>
						<String ID="P255_ST00124" HPOS="336" VPOS="1184" WIDTH="84" HEIGHT="37" CONTENT="road," WC="0.88" CC="30002"/>
						<SP ID="P255_SP00106" HPOS="420" VPOS="1221" WIDTH="23"/>
						<String ID="P255_ST00125" HPOS="443" VPOS="1184" WIDTH="135" HEIGHT="41" CONTENT="through" WC="0.65" CC="4700507"/>
						<SP ID="P255_SP00107" HPOS="578" VPOS="1225" WIDTH="19"/>
						<String ID="P255_ST00126" HPOS="597" VPOS="1188" WIDTH="61" HEIGHT="25" CONTENT="tAvo" WC="0.61" CC="1903"/>
						<SP ID="P255_SP00108" HPOS="658" VPOS="1225" WIDTH="16"/>
						<String ID="P255_ST00127" HPOS="674" VPOS="1184" WIDTH="128" HEIGHT="40" CONTENT="villages" WC="0.54" CC="60570915"/>
						<SP ID="P255_SP00109" HPOS="802" VPOS="1225" WIDTH="21"/>
						<String ID="P255_ST00128" HPOS="823" VPOS="1183" WIDTH="112" HEIGHT="30" CONTENT="named" WC="0.75" CC="70400"/>
					</TextLine>
					<TextLine ID="P255_TL00020" HPOS="115" VPOS="1245" WIDTH="820" HEIGHT="41">
						<String ID="P255_ST00129" HPOS="115" VPOS="1252" WIDTH="34" HEIGHT="26" CONTENT="to" WC="0.54" CC="35"/>
						<SP ID="P255_SP00110" HPOS="149" VPOS="1278" WIDTH="15"/>
						<String ID="P255_ST00130" HPOS="164" VPOS="1247" WIDTH="96" HEIGHT="36" CONTENT="them," WC="0.66" CC="07062"/>
						<SP ID="P255_SP00111" HPOS="260" VPOS="1283" WIDTH="17"/>
						<String ID="P255_ST00131" HPOS="277" VPOS="1246" WIDTH="50" HEIGHT="30" CONTENT="till" WC="0.82" CC="7000"/>
						<SP ID="P255_SP00112" HPOS="327" VPOS="1283" WIDTH="22"/>
						<String ID="P255_ST00132" HPOS="349" VPOS="1245" WIDTH="77" HEIGHT="41" CONTENT="they" WC="0.67" CC="5700"/>
						<SP ID="P255_SP00113" HPOS="426" VPOS="1286" WIDTH="14"/>
						<String ID="P255_ST00133" HPOS="440" VPOS="1250" WIDTH="54" HEIGHT="36" CONTENT="got" WC="0.46" CC="906"/>
						<SP ID="P255_SP00114" HPOS="494" VPOS="1286" WIDTH="21"/>
						<String ID="P255_ST00134" HPOS="515" VPOS="1250" WIDTH="33" HEIGHT="25" CONTENT="to" WC="0.67" CC="60"/>
						<SP ID="P255_SP00115" HPOS="548" VPOS="1286" WIDTH="21"/>
						<String ID="P255_ST00135" HPOS="569" VPOS="1245" WIDTH="52" HEIGHT="30" CONTENT="the" WC="0.51" CC="670"/>
						<SP ID="P255_SP00116" HPOS="621" VPOS="1286" WIDTH="22"/>
						<String ID="P255_ST00136" HPOS="643" VPOS="1245" WIDTH="129" HEIGHT="41" CONTENT="turning" WC="0.74" CC="0605050"/>
						<SP ID="P255_SP00117" HPOS="772" VPOS="1286" WIDTH="22"/>
						<String ID="P255_ST00137" HPOS="794" VPOS="1245" WIDTH="65" HEIGHT="30" CONTENT="into" WC="0.66" CC="0750"/>
						<SP ID="P255_SP00118" HPOS="859" VPOS="1286" WIDTH="22"/>
						<String ID="P255_ST00138" HPOS="881" VPOS="1245" WIDTH="54" HEIGHT="30" CONTENT="the" WC="0.56" CC="471"/>
					</TextLine>
					<TextLine ID="P255_TL00021" HPOS="115" VPOS="1305" WIDTH="820" HEIGHT="45">
						<String ID="P255_ST00139" HPOS="115" VPOS="1306" WIDTH="168" HEIGHT="44" CONTENT="high-road" WC="0.65" CC="709706000"/>
						<SP ID="P255_SP00119" HPOS="283" VPOS="1350" WIDTH="14"/>
						<String ID="P255_ST00140" HPOS="297" VPOS="1306" WIDTH="80" HEIGHT="31" CONTENT="from" WC="0.66" CC="3630"/>
						<SP ID="P255_SP00120" HPOS="377" VPOS="1350" WIDTH="11"/>
						<String ID="P255_ST00141" HPOS="388" VPOS="1306" WIDTH="96" HEIGHT="30" CONTENT="Tours" WC="0.72" CC="00570"/>
						<SP ID="P255_SP00121" HPOS="484" VPOS="1350" WIDTH="16"/>
						<String ID="P255_ST00142" HPOS="500" VPOS="1311" WIDTH="32" HEIGHT="24" CONTENT="to" WC="0.97" CC="00"/>
						<SP ID="P255_SP00122" HPOS="532" VPOS="1350" WIDTH="17"/>
						<String ID="P255_ST00143" HPOS="549" VPOS="1305" WIDTH="149" HEIGHT="31" CONTENT="Chartres." WC="0.66" CC="470434050"/>
						<SP ID="P255_SP00123" HPOS="698" VPOS="1350" WIDTH="48"/>
						<String ID="P255_ST00144" HPOS="746" VPOS="1305" WIDTH="95" HEIGHT="37" CONTENT="Then," WC="0.67" CC="07043"/>
						<SP ID="P255_SP00124" HPOS="841" VPOS="1350" WIDTH="13"/>
						<String ID="P255_ST00145" HPOS="854" VPOS="1305" WIDTH="81" HEIGHT="30" CONTENT="then" WC="0.70" CC="3700"/>
					</TextLine>
					<TextLine ID="P255_TL00022" HPOS="113" VPOS="1366" WIDTH="440" HEIGHT="41">
						<String ID="P255_ST00146" HPOS="113" VPOS="1374" WIDTH="90" HEIGHT="26" CONTENT="route" WC="0.61" CC="51750"/>
						<SP ID="P255_SP00125" HPOS="203" VPOS="1400" WIDTH="15"/>
						<String ID="P255_ST00147" HPOS="218" VPOS="1379" WIDTH="64" HEIGHT="20" CONTENT="was" WC="0.85" CC="004"/>
						<SP ID="P255_SP00126" HPOS="282" VPOS="1400" WIDTH="16"/>
						<String ID="P255_ST00148" HPOS="298" VPOS="1367" WIDTH="108" HEIGHT="40" CONTENT="simple" WC="0.88" CC="510000"/>
						<SP ID="P255_SP00127" HPOS="406" VPOS="1407" WIDTH="17"/>
						<String ID="P255_ST00149" HPOS="423" VPOS="1366" WIDTH="130" HEIGHT="41" CONTENT="enough." WC="0.68" CC="0506270"/>
					</TextLine>
				</TextBlock>
				<TextBlock ID="P255_TB00007" HPOS="110" VPOS="1425" WIDTH="824" HEIGHT="164" STYLEREFS="TXT_1 PAR_LEFT">
					<TextLine ID="P255_TL00023" HPOS="160" VPOS="1427" WIDTH="774" HEIGHT="38">
						<String ID="P255_ST00150" HPOS="160" VPOS="1429" WIDTH="62" HEIGHT="31" CONTENT='"It' WC="0.68" CC="405"/>
						<SP ID="P255_SP00128" HPOS="222" VPOS="1460" WIDTH="23"/>
						<String ID="P255_ST00151" HPOS="245" VPOS="1429" WIDTH="26" HEIGHT="30" CONTENT="is" WC="0.68" CC="06"/>
						<SP ID="P255_SP00129" HPOS="271" VPOS="1460" WIDTH="31"/>
						<String ID="P255_ST00152" HPOS="302" VPOS="1439" WIDTH="40" HEIGHT="20" CONTENT="an" WC="0.69" CC="06"/>
						<SP ID="P255_SP00130" HPOS="342" VPOS="1460" WIDTH="27"/>
						<String ID="P255_ST00153" HPOS="369" VPOS="1427" WIDTH="100" HEIGHT="31" CONTENT="hour's" WC="0.61" CC="705306"/>
						<SP ID="P255_SP00131" HPOS="469" VPOS="1460" WIDTH="23"/>
						<String ID="P255_ST00154" HPOS="492" VPOS="1427" WIDTH="113" HEIGHT="38" CONTENT='Avork,"' WC="0.80" CC="0044040"/>
						<SP ID="P255_SP00132" HPOS="605" VPOS="1465" WIDTH="31"/>
						<String ID="P255_ST00155" HPOS="636" VPOS="1427" WIDTH="148" HEIGHT="31" CONTENT="observed" WC="0.87" CC="01204100"/>
						<SP ID="P255_SP00133" HPOS="784" VPOS="1465" WIDTH="23"/>
						<String ID="P255_ST00156" HPOS="807" VPOS="1427" WIDTH="105" HEIGHT="29" CONTENT="Victor" WC="0.68" CC="600327"/>
						<String ID="P255_ST00157" HPOS="925" VPOS="1439" WIDTH="9" HEIGHT="25" CONTENT=";" WC="0.24" CC="7"/>
					</TextLine>
					<TextLine ID="P255_TL00024" HPOS="114" VPOS="1488" WIDTH="817" HEIGHT="41">
						<String ID="P255_ST00158" HPOS="114" VPOS="1494" WIDTH="19" HEIGHT="13" CONTENT='"' WC="0.57" CC="4"/>
						<SP ID="P255_SP00134" HPOS="133" VPOS="1507" WIDTH="10"/>
						<String ID="P255_ST00159" HPOS="143" VPOS="1492" WIDTH="58" HEIGHT="31" CONTENT="but" WC="0.25" CC="777"/>
						<SP ID="P255_SP00135" HPOS="201" VPOS="1523" WIDTH="15"/>
						<String ID="P255_ST00160" HPOS="216" VPOS="1501" WIDTH="80" HEIGHT="26" CONTENT="nowT," WC="0.56" CC="71471"/>
						<SP ID="P255_SP00136" HPOS="296" VPOS="1527" WIDTH="15"/>
						<String ID="P255_ST00161" HPOS="311" VPOS="1489" WIDTH="107" HEIGHT="37" CONTENT="Claire," WC="0.71" CC="6100704"/>
						<SP ID="P255_SP00137" HPOS="418" VPOS="1527" WIDTH="13"/>
						<String ID="P255_ST00162" HPOS="431" VPOS="1499" WIDTH="45" HEIGHT="20" CONTENT="we" WC="1.00" CC="00"/>
						<SP ID="P255_SP00138" HPOS="476" VPOS="1527" WIDTH="12"/>
						<String ID="P255_ST00163" HPOS="488" VPOS="1493" WIDTH="83" HEIGHT="26" CONTENT="must" WC="0.53" CC="0764"/>
						<SP ID="P255_SP00139" HPOS="571" VPOS="1527" WIDTH="11"/>
						<String ID="P255_ST00164" HPOS="582" VPOS="1488" WIDTH="65" HEIGHT="31" CONTENT="ride" WC="0.93" CC="2000"/>
						<SP ID="P255_SP00140" HPOS="647" VPOS="1527" WIDTH="17"/>
						<String ID="P255_ST00165" HPOS="664" VPOS="1488" WIDTH="32" HEIGHT="30" CONTENT="in" WC="0.64" CC="07"/>
						<SP ID="P255_SP00141" HPOS="696" VPOS="1527" WIDTH="15"/>
						<String ID="P255_ST00166" HPOS="711" VPOS="1488" WIDTH="80" HEIGHT="41" CONTENT="good" WC="0.98" CC="0000"/>
						<SP ID="P255_SP00142" HPOS="791" VPOS="1529" WIDTH="12"/>
						<String ID="P255_ST00167" HPOS="803" VPOS="1493" WIDTH="128" HEIGHT="33" CONTENT="earnest," WC="0.77" CC="00160053"/>
					</TextLine>
					<TextLine ID="P255_TL00025" HPOS="112" VPOS="1548" WIDTH="822" HEIGHT="41">
						<String ID="P255_ST00168" HPOS="112" VPOS="1554" WIDTH="49" HEIGHT="31" CONTENT="for" WC="0.86" CC="040"/>
						<SP ID="P255_SP00143" HPOS="161" VPOS="1585" WIDTH="17"/>
						<String ID="P255_ST00169" HPOS="178" VPOS="1554" WIDTH="55" HEIGHT="30" CONTENT="the" WC="0.52" CC="670"/>
						<SP ID="P255_SP00144" HPOS="233" VPOS="1585" WIDTH="16"/>
						<String ID="P255_ST00170" HPOS="249" VPOS="1551" WIDTH="86" HEIGHT="31" CONTENT="wind" WC="0.38" CC="9770"/>
						<SP ID="P255_SP00145" HPOS="335" VPOS="1585" WIDTH="20"/>
						<String ID="P255_ST00171" HPOS="355" VPOS="1551" WIDTH="25" HEIGHT="30" CONTENT="is" WC="1.00" CC="00"/>
						<SP ID="P255_SP00146" HPOS="380" VPOS="1585" WIDTH="16"/>
						<String ID="P255_ST00172" HPOS="396" VPOS="1550" WIDTH="77" HEIGHT="37" CONTENT="cold," WC="0.83" CC="03103"/>
						<SP ID="P255_SP00147" HPOS="473" VPOS="1587" WIDTH="18"/>
						<String ID="P255_ST00173" HPOS="491" VPOS="1549" WIDTH="62" HEIGHT="32" CONTENT="and" WC="0.82" CC="050"/>
						<SP ID="P255_SP00148" HPOS="553" VPOS="1587" WIDTH="15"/>
						<String ID="P255_ST00174" HPOS="568" VPOS="1561" WIDTH="62" HEIGHT="28" CONTENT="you" WC="0.77" CC="006"/>
						<SP ID="P255_SP00149" HPOS="630" VPOS="1589" WIDTH="15"/>
						<String ID="P255_ST00175" HPOS="645" VPOS="1548" WIDTH="103" HEIGHT="32" CONTENT="Avould" WC="0.81" CC="091000"/>
						<SP ID="P255_SP00150" HPOS="748" VPOS="1589" WIDTH="19"/>
						<String ID="P255_ST00176" HPOS="767" VPOS="1548" WIDTH="37" HEIGHT="32" CONTENT="be" WC="0.63" CC="70"/>
						<SP ID="P255_SP00151" HPOS="804" VPOS="1589" WIDTH="20"/>
						<String ID="P255_ST00177" HPOS="824" VPOS="1549" WIDTH="110" HEIGHT="31" CONTENT="chilled" WC="0.71" CC="0705700"/>
					</TextLine>
				</TextBlock>
			</PrintSpace>
		</Page>
	</Layout>
</alto>
