1132 1747
895 123 50 26 217

461 128 149 21 SEVERED.

126 200 198 41 Mardonnet,
341 215 63 20 was
420 205 218 31 counteracted
652 205 44 41 by
710 205 48 30 his
778 205 55 42 joy
849 211 32 25 at
895 206 53 30 the

124 261 65 32 fact
205 263 34 31 of
260 275 33 20 so
313 276 76 20 near
406 277 19 19 a
439 267 127 30 relative
581 272 56 25 not
652 268 129 41 playing
803 278 62 30 any
879 272 69 36 part

124 324 159 32 whatever
300 326 91 41 (even
405 327 70 31 that
491 328 34 30 of
537 339 40 19 an
591 328 211 41 independent
817 327 129 42 deputy)

124 386 100 31 under
253 388 53 31 the
336 390 141 40 imperial
507 390 123 40 regime.
680 390 98 31 Henri
808 390 139 41 Dupont,

124 448 103 31 whose
258 450 156 31 irritation
451 451 112 31 should
591 452 79 30 have
700 452 76 30 been
806 451 141 37 liveliest,

124 510 197 42 considering
349 511 71 31 that
443 511 54 31 the
524 512 133 40 security
683 512 34 31 of
742 512 53 31 the
818 512 129 31 election

123 581 64 20 Avas
202 572 97 40 solely
314 572 103 42 owing
438 578 33 25 to
486 572 49 31 his
551 583 69 20 oaati
635 573 139 41 untiring
790 572 111 38 efforts,
904 591 43 3 —

122 631 101 32 Henri
245 633 131 41 Dupont
396 644 62 20 was
476 634 93 31 silent
580 647 6 24 ;
611 634 89 41 sadly
715 645 42 26 so,
774 634 26 31 it
819 634 27 31 is
868 638 78 32 true,

121 693 58 31 but
194 694 49 31 his
263 694 112 31 silence
394 695 142 31 screened
552 695 42 32 M.
614 695 38 31 de
668 695 185 31 Beauvoisin
868 695 78 31 from

122 766 62 30 any
215 755 201 32 immoderate
450 756 119 31 attacks
599 756 80 31 from
713 757 86 30 other
828 756 115 42 people.

122 816 100 32 Claire
253 818 89 30 alone
365 830 63 18 was
453 818 190 41 implacable,
669 818 47 30 for
746 818 52 30 she
828 817 119 31 neither

122 879 103 36 noted,
242 891 57 19 nor
321 880 90 30 cared
433 884 33 26 to
489 884 72 25 note
582 880 32 29 in
631 879 115 30 Olivier
761 879 68 30 that
844 879 101 30 which

123 940 112 30 caused
263 940 99 30 Henri
389 940 154 41 Dupont's
574 940 240 41 compassionate
844 939 101 31 indul-

122 1012 95 31 gence
230 1013 8 25 ;
261 1012 18 19 a
295 1001 116 30 certain
427 1002 54 35 air,
497 1001 134 40 namely,
649 1000 34 30 of
695 1000 76 41 deep
786 1000 160 41 regretful-

122 1073 71 19 ness
222 1062 103 30 which
356 1073 92 30 every
475 1073 71 19 noAV
572 1061 62 30 and
663 1061 76 30 then
768 1061 76 30 stole
874 1072 73 19 over

124 1122 141 32 Olivier's
281 1122 142 38 features,
441 1122 62 30 and
525 1133 77 30 gave
618 1121 85 31 them
718 1133 39 19 an
773 1121 173 42 expression

122 1184 76 41 they
213 1184 63 30 had
290 1195 94 19 never
399 1195 85 19 worn
499 1183 101 31 before
601 1202 43 3 —
645 1194 39 19 an
700 1184 44 29 air
759 1183 33 30 of
808 1183 139 41 hopeless

122 1246 160 40 dejection.

167 1307 75 31 This
267 1318 64 19 was
354 1306 34 30 of
410 1317 67 19 rare
503 1317 188 26 occurrence,
718 1306 149 36 hoAvever,
891 1305 56 30 but

123 1369 102 31 Henri
247 1368 63 31 had
332 1367 96 31 noted
454 1367 34 38 it,
511 1367 62 30 and
595 1367 56 30 felt
674 1367 121 40 pained.
843 1366 104 30 Some-

123 1433 93 41 thing
230 1431 69 31 told
314 1430 65 31 him
396 1429 117 32 Olivier
526 1429 61 31 had
604 1440 18 20 a
636 1439 108 21 reason
759 1428 48 31 for
820 1428 128 41 retiring

122 1494 83 31 from
220 1494 54 30 the
290 1491 143 31 electoral
448 1495 119 27 contest
583 1490 121 42 against
718 1489 185 31 Mardonnet
905 1508 43 3 —

122 1567 20 20 a
167 1566 109 20 reason
299 1553 88 31 other
409 1552 77 31 than
508 1552 53 31 the
583 1562 82 20 mere
688 1550 259 40 purposelessness
