1132 1747
392 124 63 22 THE
479 125 60 21 OLD
563 126 97 20 HOME.

882 121 54 24 223

115 198 38 30 de
182 197 163 41 Clavreuil,
373 201 78 31 AAith
482 203 104 40 gentle
610 202 167 31 solicitude.

114 270 51 20 are
181 260 86 41 quite
282 260 142 40 feverish,
442 263 63 30 and
519 274 79 30 your
613 263 109 31 cheeks
738 274 48 20 are
801 263 135 41 burning

160 382 98 32 Claire
284 384 66 30 said
372 384 128 42 railway
523 386 166 41 travelling
709 385 114 41 always
847 385 89 30 made

114 443 56 32 her
200 444 43 37 ill,
273 445 62 30 and
359 445 69 30 that
459 445 53 30 she
536 446 104 30 Avould
671 457 38 30 go
734 450 32 26 to
797 445 59 31 bed
886 445 53 31 the

114 510 140 26 moment
270 506 112 30 dinner
397 517 63 19 was
476 517 78 19 over.

189 567 70 30 You
283 572 84 25 must
389 572 53 36 get
464 567 70 30 well
674 568 74 37 said,
766 568 92 40 gaily,
883 567 54 30 her

113 628 110 37 father,
284 628 47 30 for
354 628 86 30 there
465 639 51 19 are
543 632 32 26 to
601 629 38 29 be
663 633 87 37 great
775 628 161 30 festivities

113 689 64 30 this
192 689 110 30 month
317 701 8 24 ;
348 693 31 26 at
400 689 91 30 Mont
506 689 163 38 Vivienne,
686 689 53 30 the
754 689 99 30 whole
868 700 69 29 pro-

113 749 92 31 vince
229 750 26 30 is
283 751 150 40 expected
456 755 33 26 to
513 755 118 26 muster
656 750 48 30 for
734 762 18 18 a
781 750 156 42 shooting-

114 811 105 29 match
232 823 8 24 ;
263 811 72 38 and,
368 816 33 25 at
432 811 106 38 Tours,
565 811 84 30 there
676 822 50 19 arc
750 816 32 25 to
806 811 37 30 be
868 823 69 19 car-

117 871 125 37 rousels,
271 872 63 30 and
358 883 93 26 races,
477 873 62 29 and
565 872 119 30 heaven
714 872 106 30 knoAvs
844 872 90 30 what.

115 932 201 42 By-the-bye,
344 945 63 29 you
434 933 55 30 did
515 938 56 25 not
597 933 93 30 know
715 933 69 30 that
808 933 131 30 Victor's

114 994 153 40 regiment
296 994 27 30 is
349 994 178 42 garrisoned
557 994 95 37 there,
680 994 62 30 and
771 1005 106 20 means
906 1000 33 25 to

116 1066 88 30 carry
229 1054 45 31 off
294 1055 41 30 all
361 1055 54 30 the
440 1055 105 41 prizes.
594 1055 132 41 TheyYe
750 1055 77 31 been
853 1055 84 32 there

114 1116 96 31 about
232 1127 18 19 a
272 1116 154 42 fortnight
439 1129 7 25 ;
471 1116 39 31 he
535 1127 84 20 came
644 1127 72 20 OA~er
742 1116 70 31 here
834 1121 33 26 to
890 1127 47 21 see

113 1188 51 19 me
186 1176 175 40 yesterday,
378 1176 63 31 and
463 1177 26 31 is
513 1176 172 31 enchanted
708 1182 32 25 at
761 1176 53 32 the
829 1177 107 31 notion

114 1237 35 31 of
174 1237 94 42 being
300 1248 55 20 our
381 1237 179 42 neighbour,
593 1237 62 31 and
682 1237 33 31 of
742 1237 103 42 seeing
874 1249 61 30 you

157 1359 66 31 The
247 1359 131 43 ensuing
401 1359 76 42 days
493 1359 133 42 brought
649 1359 122 31 Aisitors
791 1364 33 26 to
847 1359 89 31 Clav-

113 1422 79 31 reuil
206 1433 7 25 ;
247 1421 41 31 all
325 1421 54 30 the
413 1420 186 42 neighbours
637 1431 85 20 came
753 1420 33 30 in
830 1430 107 21 succes

113 1484 76 36 sion,
223 1483 62 30 and
317 1493 114 31 among
459 1482 52 31 the
541 1493 76 30 very
642 1481 67 31 first
738 1491 63 21 Avas
827 1480 42 32 M.
899 1481 37 31 de

112 1546 149 30 Lancour.
