1132 1747
182 104 52 26 254

421 111 81 20 LOVE
526 110 64 21 THE
613 109 159 21 AVENGER.

181 192 144 37 portance
341 192 32 26 to
394 188 52 30 the
462 187 100 31 whole
579 187 130 36 district,
727 185 53 31 the
802 183 209 44 approaching

181 249 158 42 marriage,
366 249 132 41 namely,
526 249 34 30 of
586 248 54 30 the
667 247 70 30 Due
769 247 37 30 de
834 245 177 32 ViAienne's

181 310 74 41 only
278 310 152 43 daughter
454 310 77 31 Avith
552 310 55 30 her
629 310 106 30 cousin
760 309 127 30 Gaston.
936 308 75 30 And

180 372 52 31 the
248 377 102 37 report
365 372 116 42 proved
496 376 78 34 true,
593 371 63 31 and
678 371 43 42 by
737 371 127 42 degrees
878 371 54 30 the
947 375 63 27 two

180 433 131 32 families
338 433 88 43 (both
457 433 186 32 established
674 438 32 26 at
731 433 93 31 Mont
840 432 168 41 Vivienne)

179 495 142 30 confided
336 496 53 30 the
405 496 118 41 project
538 496 165 41 discreetly
717 500 33 26 to
766 496 83 30 their
864 496 144 29 intimate

178 557 125 38 friends,
321 558 62 30 and
398 558 26 30 it
440 569 62 19 Avas
523 558 116 29 known
654 557 69 31 that
739 569 40 18 on
795 557 54 30 the
865 557 144 30 fifteenth

179 618 34 30 of
237 618 132 31 October
394 618 54 41 (St.
476 618 157 31 Theresa's
656 617 104 42 Feast)
782 619 54 30 the
860 618 148 42 wedding-

178 691 163 30 ceremony
356 680 104 31 would
480 680 73 31 take
569 680 86 42 place
678 685 33 26 at
730 680 54 31 the
800 680 157 31 residence
976 680 35 31 of

177 742 53 30 the
245 741 112 31 bride's
372 742 108 37 father,
498 742 63 31 and
584 742 37 31 be
643 742 173 31 celebrated
833 742 77 31 with
927 742 80 31 little

178 803 85 31 short
292 803 34 31 of
360 803 83 42 regal
477 804 172 41 splendour.
712 803 198 39 Meanwhile,
943 803 63 32 this

177 865 124 30 beeame
329 876 17 19 a
372 865 116 30 motive
511 865 47 30 for
579 865 83 31 fresh
684 866 137 41 gaieties,
842 867 63 29 and
921 867 85 30 what

176 938 79 19 were
272 926 97 30 called
385 927 52 29 the
460 927 125 42 leading
601 927 132 31 families
748 929 73 30 vied
837 929 77 30 with
931 929 75 30 each

176 988 88 30 other
284 988 32 29 in
337 987 129 42 offering
485 988 77 30 fetes
584 992 34 26 to
640 989 53 30 the
709 989 103 32 future
835 990 88 32 bride
943 990 62 32 and

176 1049 193 40 bridegroom
386 1049 61 30 and
462 1049 81 30 their
557 1055 132 34 parents.

219 1109 28 29 A
263 1109 62 29 ball
341 1120 61 19 was
419 1109 128 31 decided
562 1122 85 30 upon
668 1116 33 26 at
725 1111 155 32 ClaAreud
893 1125 6 24 ;
923 1114 80 30 imi-

176 1170 114 30 tations
314 1181 78 19 were
419 1171 187 32 distributed
630 1173 41 30 all
699 1184 73 21 over
795 1175 53 30 the
872 1175 131 42 Depart-

176 1235 94 33 ment,
310 1232 62 29 and
409 1232 107 41 gladly
550 1236 152 40 accepted.
766 1237 53 30 All
857 1238 146 31 vexation

176 1298 187 36 consequent
391 1304 83 30 upon
505 1295 52 31 the
589 1296 108 31 failure
725 1299 34 29 of
782 1299 53 31 the
861 1300 142 32 electoral

175 1354 131 41 projects
322 1354 34 31 of
368 1355 52 31 the
436 1366 135 21 summer
586 1358 118 43 having
719 1362 186 41 apparently
917 1374 86 19 Avorn

176 1426 96 31 away,
301 1416 52 31 the
378 1417 99 31 whole
509 1419 68 30 clan
602 1420 34 30 of
663 1421 53 31 the
738 1422 170 32 Viviennes
932 1436 70 29 pro-

175 1477 97 30 mised
292 1482 32 26 to
341 1489 84 19 come
441 1483 32 25 to
490 1479 164 40 Clavreuil,
672 1493 33 20 as
728 1484 94 30 much
841 1485 112 31 almost
969 1497 33 20 as

175 1537 52 31 the
252 1543 103 36 guests
375 1539 33 30 of
433 1540 41 31 M.
499 1541 37 30 de
561 1541 184 34 Beauvoisin
766 1547 61 30 and
851 1547 48 31 his
919 1549 80 37 wife,
