1132 1747
194 99 51 26 122

424 104 83 22 LOVE
529 104 65 21 THE
617 100 161 24 AVENGER.

195 184 103 32 Count
314 184 139 42 Dupont,
471 183 80 38 who,
568 181 92 31 Avhen
683 180 54 31 the
753 178 69 32 first
836 176 189 31 vehemence

193 247 34 30 of
254 246 54 31 the
333 246 106 31 doctor
463 255 63 21 Avas
553 254 18 21 a
601 242 82 31 little
714 239 130 38 calmed,
869 235 157 35 ventured

193 312 33 26 to
242 307 71 30 hint
336 306 70 31 that
428 305 53 31 the
505 303 192 33 constituted
720 300 184 32 authorities
923 299 102 31 them-

194 373 98 31 selves
307 370 103 32 would
427 370 83 31 rebel
526 369 123 43 against
663 368 54 31 the
732 372 74 26 tone
828 365 34 32 of
883 364 120 33 Olivier
1005 361 21 31 's

192 434 135 30 circular.

271 496 93 30 From
379 495 53 30 the
447 492 135 44 prefects
601 492 94 31 doAvn
710 496 33 26 to
758 491 54 31 the
828 500 77 31 very
921 498 106 33 game-

193 559 137 41 keepers,
347 569 62 30 you
425 556 105 31 Avould
552 555 80 31 have
646 554 88 31 them
750 553 41 31 all
806 564 44 30 up
866 552 34 31 in

195 620 67 31 said
292 620 38 30 he
345 632 7 25 ;
423 619 76 40 they
525 618 53 41 lay
609 617 92 30 claim
734 620 33 26 to
798 615 38 31 be
866 614 55 31 the
952 613 75 41 only

193 682 167 30 guardians
376 680 34 32 of

193 708 19 15 a

353 742 54 31 the
424 741 105 43 clergy
543 742 11 30 1
599 740 138 31 retorted
749 739 163 31 Robichon
924 751 8 24 ;
987 737 40 31 do

196 815 63 30 you
271 814 131 31 suppose
412 814 62 31 you
487 801 92 32 could
594 801 38 32 be
648 812 69 21 sure
728 801 34 31 of
774 801 87 31 them
874 801 11 30 \
931 799 96 42 Why,

196 864 109 42 they'll
320 864 116 42 ahvays
451 863 111 43 betray
577 874 78 21 even
678 863 54 31 the
755 861 274 33 throne-and-the-

198 927 78 30 altar
291 930 92 37 party
398 926 48 30 for
469 926 54 30 the
547 925 253 31 administration
817 924 34 32 of
871 924 54 31 the
939 923 89 38 hour,

198 988 130 31 because
352 987 71 31 that
448 987 68 31 said
542 987 253 30 administration
819 986 58 31 has
896 997 85 19 more
997 985 33 31 in

198 1050 40 30 its
254 1049 60 41 gift
329 1049 76 30 than
421 1049 147 41 anybody

276 1110 31 29 If
331 1110 52 30 the
407 1110 105 41 clergy
528 1109 54 31 did
607 1114 56 26 not
690 1114 131 37 support
931 1109 101 41 ejacu-

200 1171 85 31 lated
314 1171 42 30 M.
392 1171 38 30 de
461 1170 164 38 Clavreuil,
662 1171 228 42 dramatically,
955 1171 77 41 they

201 1232 104 31 Avould
320 1232 38 30 be
373 1232 76 29 false
464 1236 33 26 to
513 1231 82 31 their
610 1231 90 38 faith,
718 1243 33 20 as
767 1243 64 20 Avas
849 1232 43 31 St.

278 1293 60 30 For
368 1292 101 31 AA'hich
500 1293 39 30 he
569 1304 64 19 was
877 1293 156 32 muttered

203 1355 116 31 Olivier
336 1353 87 42 (very
437 1353 107 42 bright
559 1353 48 32 for
622 1354 66 31 him
700 1353 28 42 !).

280 1415 43 32 M.
352 1415 29 31 le
408 1414 117 39 Comte,
554 1414 43 33 M.
617 1415 29 32 le
670 1415 109 32 Comte
792 1419 5 29 !
843 1416 111 31 roared
981 1421 56 26 out

204 1477 52 31 old
280 1476 158 32 Robichon
452 1489 6 24 ;
513 1476 83 32 since
620 1477 92 31 when
739 1478 26 30 is
791 1478 54 30 the
872 1478 165 42 legitimist

204 1544 93 36 party
313 1538 147 31 identical
475 1537 77 32 Avith
569 1537 71 32 God
656 1538 167 42 Almighty
835 1540 11 30 ?
