1132 1747
461 468 198 32 CHAPTER
682 467 89 32 XIII.

334 568 63 20 THE
421 567 204 21 POSTMASTER
648 565 38 21 OF
710 562 184 23 MALLERAY.

280 646 106 31 Those
409 646 174 31 aristocrats
599 644 63 31 and
685 643 137 31 clericals
844 641 80 31 have
948 640 26 31 it
993 639 40 32 all

203 708 80 31 their
313 719 70 19 oavu
408 719 77 30 way,
507 718 33 20 as
565 705 96 32 usual.
709 705 14 31 I
745 705 117 41 always
889 704 93 30 kneAV
1006 703 27 30 it

204 770 104 30 Avould
330 770 38 30 be
397 780 43 26 so,
471 768 63 31 and
563 779 33 20 so
618 767 17 32 I
657 767 68 32 told
747 766 171 42 Thdophile
942 766 91 30 Avhen

204 831 53 31 the
281 842 79 30 coup
386 830 96 31 d'etat
505 829 74 31 took
603 829 95 42 place,
723 828 75 42 only
818 828 39 31 he
882 827 151 32 wouldn't

204 893 117 29 believe

248 954 73 30 This
345 954 110 41 speech
481 964 64 20 was
568 952 91 31 made
684 952 44 41 by
754 951 53 31 old
833 950 199 37 Mardonnet,

204 1016 55 31 the
284 1020 185 37 postmaster
489 1020 32 26 at
548 1014 161 41 Malleray,
735 1014 33 30 in
795 1013 54 32 the
872 1013 162 31 afternoon

206 1078 33 30 of
258 1078 53 30 the
333 1089 76 30 very
425 1077 62 42 day
502 1076 91 32 Avhen
614 1076 54 31 the
691 1076 106 31 Mont-
798 1075 156 32 Vivienne
977 1075 58 31 cir-

207 1140 83 30 cular
305 1150 62 19 was
390 1138 112 42 lodged
518 1138 33 31 in
566 1137 53 32 the
635 1138 100 31 hands
751 1138 35 31 of
805 1138 54 31 the
879 1137 157 43 printing-

207 1201 85 30 office
313 1201 139 29 director.
500 1199 63 31 The
584 1200 93 30 latter
692 1211 64 19 Avas
778 1211 18 19 a
820 1200 94 30 chum
929 1199 35 31 of
984 1199 52 31 old

207 1260 219 37 Mardonnet's,
454 1260 63 31 had
547 1260 78 31 been
656 1272 32 19 so
718 1261 48 30 for
795 1272 85 19 more
910 1261 78 31 than
1018 1272 18 19 a

209 1328 123 36 quarter
356 1322 34 30 of
409 1333 18 19 a
452 1326 138 36 century,
617 1322 62 30 and
699 1322 58 31 but
778 1334 18 19 a
822 1322 60 31 feAV
908 1323 128 30 months

209 1397 57 32 ago
281 1384 63 32 had
359 1384 88 32 owed
463 1395 17 20 a
496 1389 87 37 great
594 1384 116 32 service
725 1389 33 27 to
774 1385 53 31 the
839 1390 197 37 postmaster,

209 1445 144 33 obtained
380 1445 134 42 through
541 1445 48 31 his
612 1445 101 32 active
735 1446 200 31 intercession
959 1447 77 31 Avith

206 1508 53 32 the
287 1507 143 31 Minister
456 1506 34 31 of
596 1533 8 12 ,
626 1506 80 39 Avho,
730 1518 33 20 as
787 1518 46 20 we
855 1507 181 39 remember,

207 1582 63 18 was
287 1569 105 31 cousin
407 1573 32 27 to
455 1567 210 33 Mardonnet's
689 1569 147 31 deceased
851 1569 80 31 wife.
