1132 1747
259 116 64 21 THE
345 115 204 22 POSTMASTER
572 115 37 22 OF
624 115 182 22 MALLERAY.

897 110 50 26 151

173 191 63 31 The
260 191 52 31 old
337 197 184 36 postmaster
542 192 62 31 had
627 192 193 31 breakfasted
843 197 32 26 at
897 192 52 31 the

130 253 238 42 printing-office
397 254 70 31 that
504 254 150 42 morning,
693 254 62 30 and
791 254 91 30 knew
908 253 41 30 all

130 314 94 31 about
250 314 53 32 the
329 326 70 20 new
422 316 130 30 circular
577 316 78 30 from
681 315 104 31 Mont-
787 315 160 38 Vivienne,

130 376 63 31 and
218 376 54 31 the
298 377 53 31 old
370 388 58 20 one
449 377 79 31 from
544 377 193 39 Beauvoisin,
754 377 61 31 and
831 388 61 20 was
916 377 33 30 in

130 437 48 31 his
202 449 71 19 own
298 438 89 30 mind
405 438 188 41 thoroughly
615 438 169 31 convinced
805 438 70 31 that
897 438 51 30 the

131 498 142 31 electoral
303 503 119 26 contest
443 498 48 31 for
515 498 250 32 Savre-et-Merle
787 499 103 31 Avould
912 498 36 31 be

131 560 109 41 waged
269 559 138 31 between
437 559 52 31 the
519 565 62 25 two
618 565 86 36 great
734 559 112 32 landed
882 571 67 30 pro-

130 622 130 40 prietors
286 621 34 30 of
347 620 52 31 the
426 620 129 38 district,
580 620 61 31 and
671 621 70 30 that
765 621 27 30 it
819 620 53 31 did
896 625 53 27 not

130 682 93 30 much
238 686 113 26 matter
365 681 102 31 which
483 681 33 31 of
527 682 54 30 the
595 686 63 26 tAvo
673 693 77 19 won.

206 743 128 41 Except,
528 754 33 19 as
587 742 37 31 he
654 742 169 38 remarked,
882 742 68 31 that

130 804 53 31 the
199 803 70 32 Due
285 803 38 31 de
339 803 153 31 Vivienne
508 814 63 20 was
586 808 51 26 too
657 803 218 41 priest-ridden
890 803 60 30 and

130 865 101 41 might
246 865 38 31 be
299 865 47 31 for
361 865 150 41 restoring

177 926 62 31 Old
264 926 187 31 Mardonnet
477 937 71 25 was,
572 936 84 31 upon
679 925 53 31 the
756 925 137 31 occasion
919 925 34 30 in

133 988 151 40 question,
317 987 104 30 seated
450 987 33 30 in
516 986 48 31 his
599 987 124 36 bureau,
754 987 118 41 sorting
901 987 52 30 the

133 1049 106 30 letters
260 1048 63 30 and
344 1059 201 30 newspapers,
563 1048 62 30 and
645 1048 87 30 other
751 1048 116 41 parcels
885 1048 68 30 that

135 1110 62 30 had
210 1110 67 40 just
292 1121 85 19 come
392 1110 33 29 in
444 1114 56 26 not
515 1120 18 19 a
548 1114 123 36 quarter
686 1109 34 30 of
740 1120 39 19 an
793 1109 78 30 hour
886 1121 64 30 ago.

135 1172 65 30 The
216 1182 57 19 one
295 1171 70 41 bag,
381 1175 56 26 not
456 1182 18 18 a
489 1181 76 30 very
578 1170 54 41 big
654 1181 57 19 one
727 1170 104 37 either,
848 1170 51 41 lay
915 1181 39 19 on

135 1244 19 18 a
178 1231 79 31 stool
274 1231 104 30 beside
400 1231 74 37 him,
492 1230 62 30 and
569 1230 47 38 he,
634 1230 103 30 seated
757 1241 40 19 on
818 1230 135 36 another,

135 1293 160 32 extracted
331 1293 124 29 missive
484 1292 78 30 after
594 1292 123 30 missive
751 1292 62 30 and
849 1291 106 41 placed

134 1356 87 31 them
251 1354 33 31 in
310 1354 81 31 their
417 1365 111 29 proper
554 1353 88 31 order
665 1353 62 30 and
753 1353 86 41 place
869 1364 39 19 on
938 1364 17 18 a

135 1417 82 42 huge
232 1415 83 32 table
330 1415 103 31 before
448 1415 73 30 him.
567 1414 53 32 An
643 1414 116 41 elderly
774 1424 121 21 woman
909 1419 46 25 sat

134 1479 34 30 in
192 1489 19 20 a
235 1477 85 32 chair
339 1476 43 42 by
396 1476 54 32 the
465 1476 143 38 window,
625 1476 116 40 sewing
742 1493 39 4 —
784 1475 27 30 it
825 1486 62 19 was
908 1475 47 30 his

136 1539 220 36 sister-in-law,
388 1549 18 20 a
432 1537 119 38 widow,
577 1537 70 31 who
677 1536 61 31 had
768 1536 83 30 lived
881 1536 74 30 Avith
