1132 1747
180 116 51 27 290

420 121 82 21 LOVE
526 121 65 20 THE
613 118 161 23 AVENGER.

259 200 82 31 He'll
374 210 85 32 grow
492 203 52 26 too
727 194 116 43 opined
876 190 134 34 Victor's

180 261 124 31 brother
319 261 108 31 officer.

257 323 161 32 Herminie
434 322 27 31 is
484 322 86 41 quife
799 318 67 32 said
890 317 102 32 Claire
1004 328 7 26 ;

211 390 56 26 not
283 385 123 42 exactly
420 384 179 38 handsome,
611 383 59 32 but
684 381 192 43 thoroughly
893 380 118 31 charm-

181 449 61 41 ing.
291 447 16 30 I
330 445 88 32 don't
441 446 94 31 knoAv
550 445 92 32 when
666 444 64 32 I've
754 454 72 21 seen
844 454 34 20 so
901 442 69 30 nice
994 453 17 19 a

257 571 90 39 Well,
368 571 77 42 they
464 571 58 31 call
541 571 26 31 it
589 582 18 19 a
865 566 144 33 resumed

181 634 98 31 Henri
295 634 136 39 Dupont.

253 695 51 31 Ah
318 697 5 29 !
377 694 139 43 dropped
542 694 80 31 from
649 692 125 33 Claire's
798 692 69 42 lips,
894 692 112 30 almost

180 757 241 39 unconsciously.

256 818 40 31 So
312 818 15 30 I
343 818 63 30 had
566 816 102 31 added
683 815 89 32 Aunt
788 814 197 33 Cldmentine
998 826 9 27 ;

213 880 61 30 and
300 880 14 30 I
340 879 117 31 confess
484 879 70 30 that
579 878 92 30 made
691 889 49 19 me
765 877 72 31 look
863 881 33 26 at
920 876 87 31 them

180 941 77 33 with
277 943 135 30 interest.
462 942 15 30 I
502 953 50 20 am
576 941 138 31 inclined
738 946 33 27 to
793 941 120 31 believe
934 941 26 31 it
981 941 26 32 is

179 1009 76 33 true,
273 1004 62 31 and
357 1004 70 31 that
441 1004 76 42 they
533 1015 50 20 are
599 1015 77 31 very
689 1003 96 32 much
808 1003 145 32 attached
975 1007 32 28 to

180 1066 73 29 each

259 1126 94 31 Peste
371 1130 11 28 !
446 1126 171 42 ejaculated
650 1126 55 31 the
742 1137 107 31 young
880 1126 102 31 officer
1000 1138 8 26 ;

210 1188 76 41 they
304 1188 78 30 have
404 1199 41 19 no
468 1189 170 40 complaint
657 1193 34 26 to
706 1188 91 30 make
821 1188 33 31 of
872 1188 133 32 fortune.

181 1249 98 38 Birth,
305 1250 87 37 rank,
414 1250 122 38 Avealth,
565 1250 81 42 good
670 1250 96 38 looks,
793 1250 63 31 and
882 1261 19 20 a
924 1250 85 31 love-

181 1311 104 30 match
308 1316 33 25 to
368 1322 104 19 croAvn
498 1311 41 31 all
551 1312 5 30 !
603 1311 74 32 Tavo
707 1312 138 31 millions
876 1324 17 20 a
923 1324 84 31 year,

182 1372 61 30 and
280 1372 104 31 Mont-
386 1372 163 39 Vivienne,
589 1373 62 31 and
688 1373 54 32 the
779 1373 72 32 wife
893 1374 115 42 you've

181 1433 110 31 chosen
318 1433 47 31 for
388 1434 152 41 yourself!
586 1434 14 31 I
628 1440 85 26 must
736 1447 55 30 say
812 1436 15 30 I
854 1438 61 30 call
938 1438 71 32 that

180 1499 51 25 too

256 1554 30 31 It
311 1555 150 42 certainly
481 1556 25 31 is
531 1568 18 19 a
574 1557 180 41 prodigious
773 1570 68 20 case
868 1559 35 31 of
929 1560 77 32 suit-
