1132 1747
176 105 54 26 214

415 110 83 21 LOVE
522 109 65 21 THE
610 107 161 22 AVENGER.

179 188 144 42 probable
339 188 71 30 that
424 187 54 30 the
500 196 108 32 young
631 184 159 42 Marquise
809 182 113 32 should
937 181 72 31 take

176 256 32 25 to
226 250 100 35 liking
348 250 53 30 the
422 248 143 31 husband
580 247 70 31 Avho
674 247 63 31 had
763 246 79 32 been
863 244 145 33 aAvarded

175 317 32 26 to
223 311 54 31 her
288 324 7 25 ;
319 311 54 31 she
388 322 62 19 was
474 321 33 19 so
527 309 243 41 immeasurably
785 309 48 30 his
849 307 140 43 superior
1001 307 6 30 !

175 374 54 31 she
258 385 64 20 was
352 384 33 21 so
415 372 113 42 lovely,
561 383 32 20 so
624 371 201 38 intellectual,
852 382 33 19 so
915 370 91 42 high-

174 435 129 30 minded
316 436 5 29 !

218 495 107 39 Henri,
348 496 91 30 when
463 496 38 30 he
527 495 135 43 thought
681 495 34 31 of
737 495 54 31 her
814 499 33 27 to
870 493 133 38 himself,

175 556 223 31 characterised
428 557 55 30 her
517 557 32 30 in
584 557 48 30 his
664 567 69 20 OAvn
772 555 89 31 mind
899 566 33 20 as
970 565 34 20 so

173 618 95 42 royal,
288 619 70 30 that
380 619 54 30 her
457 618 248 41 condescending
727 622 33 26 to
779 618 87 41 place
891 615 114 33 herself

174 691 40 20 on
240 680 42 31 M.
302 680 38 30 de
356 679 210 31 Beauvoisin's
587 679 79 31 level
682 690 63 19 Avas
770 682 55 27 not
847 689 18 20 a
885 677 64 32 fact
969 681 33 27 to

174 742 38 31 be
238 742 34 30 in
292 753 63 30 any
369 753 70 30 way
458 741 185 41 reasonably
661 741 111 30 looked
798 740 134 31 forward
959 744 42 26 to.

176 803 116 31 Olivier
317 803 54 31 did
397 807 56 26 not
477 803 125 30 deserve
628 803 99 30 Claire
741 814 7 26 ;
771 803 71 29 that
864 813 63 19 was
947 801 55 31 the

174 865 86 41 plain
284 865 86 31 truth
383 877 6 25 ;
424 864 54 31 the
501 864 111 43 logical
637 864 92 43 thing
752 864 153 31 therefore
928 875 73 27 Avas,

175 927 71 30 that
268 926 40 31 he
331 927 105 30 would
458 931 56 26 not
540 927 107 30 obtain
671 927 62 30 her.
781 927 64 30 But
868 927 72 30 here
961 926 42 31 all

175 993 33 26 at
238 999 74 20 once
341 989 54 30 the
425 993 81 25 most
537 989 134 41 illogical
711 988 63 31 and
811 988 191 42 improbable

174 1049 91 42 thing
290 1050 63 29 had
383 1050 155 37 occurred,
571 1050 62 30 and
664 1050 55 30 the
749 1050 162 38 beautiful,
940 1050 62 31 and

175 1111 145 40 superior,
349 1111 61 30 and
439 1112 84 41 regal
549 1111 108 38 Claire,
683 1111 64 31 had
770 1112 232 30 condescended

175 1172 32 29 in
239 1183 18 18 a
280 1172 115 30 certain
419 1172 111 42 degree
555 1178 33 26 to
609 1173 55 31 her
690 1173 211 38 sloAV-witted,
926 1173 76 38 dull,

174 1233 109 41 heavy,
300 1233 124 31 inferior
439 1239 83 25 mate
537 1246 7 25 ;
568 1235 62 30 and
646 1235 142 41 pleasant
803 1236 199 38 intercourse,

175 1305 19 19 a
209 1293 134 31 cheerful
359 1294 157 42 exchange
538 1294 33 31 of
583 1296 105 42 gentle
705 1297 176 38 courtesies,
898 1298 107 30 would

174 1355 37 31 be
238 1355 184 31 established
452 1355 141 32 betAveen
623 1357 64 31 this
711 1359 76 40 pair,
814 1358 81 31 their
918 1359 85 31 child

174 1419 104 30 Avould
297 1430 85 31 groAV
400 1424 33 26 to
454 1420 37 30 be
516 1432 17 18 a
554 1426 107 38 strong
683 1421 76 37 fink,
776 1422 62 31 and
861 1434 85 20 some
969 1424 36 30 of

175 1481 52 30 the
243 1482 146 30 sunshine
406 1481 33 30 of
458 1482 53 30 life
527 1482 105 31 Avould
647 1483 37 31 be
700 1484 87 31 there
803 1484 48 31 for
865 1484 87 32 them
969 1491 33 26 to

174 1541 77 31 bask
271 1542 40 30 in.
358 1542 116 31 Olivier
500 1543 104 31 Avould
630 1544 38 31 be
693 1544 50 32 led
769 1545 43 40 by
842 1545 49 31 his
918 1548 83 37 Avife,
