1132 1747
314 127 82 21 LOVE
424 127 122 22 STRONG
569 129 35 20 IN
628 128 114 21 DEATH.

892 123 52 26 305

121 202 55 31 the
194 203 75 31 rush
292 204 66 31 into
381 205 54 30 the
458 205 124 31 tribune
600 206 107 41 began.
753 206 63 30 The
838 206 108 31 autho-

121 263 86 31 rities
237 275 80 21 were
354 269 33 27 to
417 266 79 30 have
527 267 131 41 enjoyed
694 267 183 41 precedence
915 267 33 30 of

121 335 162 32 everyone,
314 326 57 31 but
407 332 56 25 not
501 328 41 29 all
578 328 53 30 the
663 327 103 31 efforts
803 339 33 19 or
870 327 74 31 loud

120 386 119 31 threats
266 387 35 30 of
327 388 53 30 the
403 388 181 41 gendarmes
611 389 92 30 could
733 389 106 31 obtain
861 389 62 31 this
935 401 8 26 ;

121 449 64 29 and
207 449 118 41 prefect
354 450 63 30 and
442 451 174 40 prefectess,
638 451 62 31 and
729 451 42 31 all
799 451 53 32 the
875 452 68 30 uni-

120 510 121 31 formed
274 511 80 30 male
385 511 188 42 dignitaries,
606 511 62 31 and
698 512 41 31 all
768 512 53 31 the
858 524 85 20 over-

120 572 126 30 dressed
260 572 111 30 female
386 583 81 26 ones,
483 572 140 31 tumbled
646 573 33 30 in
700 573 61 41 pell
779 574 73 30 mell
866 574 78 31 with

120 633 82 31 their
216 633 60 31 less
291 633 124 42 mighty
430 633 103 31 fellow
549 638 158 28 creatures.
751 635 64 31 The
830 635 114 42 throng

120 694 33 31 of
172 695 109 41 people
297 706 64 20 was
379 695 207 37 tremendous,
604 695 62 31 and
688 706 62 31 you
767 696 103 42 might
884 696 59 31 feel

118 756 54 31 the
198 756 112 31 boards
340 756 120 31 vibrate
494 756 62 31 and
584 756 131 31 tremble
744 757 99 30 under
871 768 71 30 you,

120 829 33 19 as
176 817 105 31 billow
297 818 78 30 after
390 818 104 31 billow
509 818 34 30 of
562 818 54 30 the
636 818 103 30 crowd
754 829 84 19 came
859 829 84 30 surg-

120 879 56 40 ing
190 889 51 30 up.

164 941 45 31 As
229 952 97 29 many
346 941 98 30 ladies
468 952 84 20 came
576 940 67 30 into
666 940 53 31 the
743 944 70 37 part
837 940 34 31 of
891 940 52 31 the

120 1003 92 30 stand
227 1003 103 30 where
352 1001 100 31 Claire
473 1006 56 33 sat,
552 1001 54 31 she
628 1001 134 30 induced
784 1001 54 30 her
861 1012 81 19 com-

118 1064 116 41 panion
258 1068 33 26 to
315 1063 92 30 make
431 1074 70 30 way
524 1063 48 30 for
596 1062 86 31 them
708 1062 42 40 by
775 1062 168 41 retreating

117 1130 33 27 to
166 1126 54 30 the
237 1125 80 31 back
337 1130 89 33 seats,
444 1135 107 20 nearer
570 1129 32 26 to
623 1124 52 30 the
696 1124 82 30 door.
823 1123 49 30 He
888 1123 55 30 did

117 1192 57 26 not
197 1187 62 31 like
285 1187 63 31 this
367 1191 33 26 at
421 1185 76 38 first,
515 1185 57 32 but
594 1185 39 31 he
656 1185 126 41 obeyed,
803 1184 61 30 and
879 1195 62 19 was

117 1249 186 41 apparently
325 1259 77 31 very
425 1258 74 21 soon
521 1246 158 32 rewarded
704 1246 47 31 for
777 1246 26 30 it
824 1246 43 41 by
888 1246 52 30 the

117 1312 157 42 pleasures
304 1311 34 30 of
369 1322 40 19 an
440 1309 156 31 animated
626 1308 212 31 conversation
864 1306 76 31 with

116 1374 49 31 his
198 1373 196 42 neighbours,
425 1376 33 26 to
488 1370 102 30 whom
623 1368 99 32 Claire
750 1367 96 32 heard
875 1367 65 30 him

115 1435 110 41 loudly
247 1433 170 42 imparting
446 1432 48 30 his
521 1430 190 31 satisfaction
735 1433 33 27 at
793 1428 93 42 being
907 1439 33 21 so

115 1497 76 41 high
205 1507 53 31 up.

188 1557 71 29 You
286 1556 79 30 have
391 1566 18 20 a
435 1553 155 32 thousand
614 1552 91 31 times
734 1551 100 32 better
859 1552 79 31 view

170 1624 53 14 VOL.
241 1623 24 15 II.

840 1619 14 13 X
