1132 1747
391 116 146 21 KINDRED
561 118 109 20 MINDS.

906 113 32 25 13

117 200 44 20 we
178 190 135 41 practice
340 191 25 32 it
387 192 31 31 in
441 192 62 32 this
527 198 127 37 country
670 193 84 32 leads
769 198 32 27 to
817 192 121 43 misery,

116 250 45 32 for
177 251 26 31 if
224 251 47 33 sin
299 252 38 32 be
362 253 130 32 avoided
517 253 52 33 the
597 254 96 32 entire
708 258 108 28 nature
832 254 25 32 is
873 266 67 20 nar-

115 312 104 31 roAved
249 313 89 32 down
351 327 6 27 ;
381 314 42 31 all
450 314 115 33 human
590 315 107 42 beings
722 320 31 27 to
779 315 39 32 be
843 315 96 32 Avorth

116 373 150 42 anything
292 379 84 28 must
407 375 77 41 love,
517 376 60 31 and
607 376 161 41 therefore,
798 389 52 30 my
873 388 67 20 own

116 435 74 32 dear
215 435 106 33 cousin
345 436 108 41 Claire,
473 437 38 31 do
532 449 77 30 your
630 438 68 32 best
718 443 33 26 to
772 438 68 32 love
864 450 76 29 your

116 495 160 33 husband!

224 557 38 33 do
360 558 136 42 rejoined
512 559 63 41 she,
592 559 152 41 defiantly.

193 618 60 41 No,
272 619 111 40 Claire,
400 631 61 30 you
483 620 38 31 do
537 625 64 36 not,
619 620 45 32 for
680 621 38 31 he
737 621 25 31 is
779 621 127 41 morally
922 633 17 19 a

116 684 141 37 stranger
276 684 34 27 to
329 692 70 30 you,
417 692 35 20 as
472 693 62 29 you
560 693 51 20 are
631 686 32 27 to
680 682 71 32 him.
799 683 29 30 It
844 683 95 31 won't

115 741 47 40 do,
181 741 73 32 dear
271 741 89 41 child,
377 742 87 32 there
481 743 25 31 is
527 743 112 41 misery
661 743 31 31 in
707 743 32 31 it.
786 743 97 41 Bring
897 755 42 29 up

114 802 69 32 that
199 803 61 41 boy
409 804 61 31 and
494 804 39 31 he
549 804 128 41 pointed
699 809 32 27 to
753 805 54 31 the
832 805 106 31 child's

112 864 110 40 cradle,
337 864 39 32 do
402 865 52 32 the
486 877 75 29 very
587 877 124 20 reverse
740 866 33 31 of
799 866 40 31 all
868 866 69 32 that

112 926 48 32 his
184 926 181 32 forefathers
390 927 80 31 have
497 927 78 31 done
590 940 6 27 ;
621 927 90 32 teach
735 927 63 31 him
817 932 30 27 to
866 927 69 32 love

113 987 150 43 ardently,
296 987 119 42 deeply,
438 987 56 32 but
516 992 32 27 to
575 987 38 32 be
643 987 103 32 bound
771 987 101 33 where
898 987 39 33 he

112 1048 57 32 has
199 1048 100 41 loved,
332 1054 31 26 to
394 1048 68 32 love
489 1048 108 42 purely
614 1061 7 27 ;
660 1048 90 32 teach
780 1048 63 32 him
870 1048 67 33 that

112 1110 87 32 there
216 1110 26 32 is
257 1122 41 20 no
315 1110 127 42 dignity,
461 1110 60 32 and
547 1122 39 20 no
610 1110 163 42 happiness
790 1115 52 27 out
865 1110 35 32 of
919 1122 18 20 a

111 1172 134 32 married
276 1171 50 32 life
354 1172 94 31 based
475 1184 38 19 on
544 1172 67 31 love
623 1185 7 27 ;
656 1171 60 32 and
748 1172 110 40 Claire,
882 1183 53 31 my

112 1232 73 32 dear
209 1232 78 32 little
313 1232 98 40 sister,
430 1232 111 41 Claire,
565 1231 81 32 force
662 1231 139 43 yourself
818 1236 33 27 to
867 1231 68 32 love

111 1306 77 30 your
205 1293 149 41 husband,
379 1293 109 32 devote
513 1292 138 43 yourself
672 1297 32 27 to
725 1292 51 32 the
801 1292 89 42 study
906 1292 33 32 of

111 1356 73 40 him,
216 1356 94 31 know
339 1355 73 40 him,
443 1355 65 31 find
539 1359 53 27 out
623 1354 46 31 his
699 1354 100 31 better
822 1353 111 42 points,

111 1417 136 38 educate,
290 1416 128 41 fashion,
461 1416 164 31 transform
667 1415 63 31 him
747 1429 7 27 ;
794 1414 85 32 there
909 1413 26 33 is

111 1478 176 40 something
307 1478 31 30 in
365 1489 160 30 everyone,
550 1477 91 40 bring
668 1481 52 27 out
746 1475 68 32 that
834 1487 100 20 some-

110 1539 91 39 thing
217 1538 32 31 in
