1132 1747
367 127 21 20 A
411 127 175 22 STARTLING
610 128 83 21 FACT.

888 122 54 27 277

116 206 81 36 gate.
248 202 65 32 The
339 215 74 19 man
440 204 126 31 himself
586 216 63 19 was
675 204 123 31 hidden.
851 204 15 30 I
891 216 49 19 am

118 264 118 30 certain
252 264 70 31 that
337 276 73 19 man
426 277 63 18 was
505 266 160 29 Florestan
681 266 38 29 de

195 325 75 31 And
271 345 43 3 —
314 338 64 29 you
399 327 55 30 did
475 332 55 25 not
553 332 133 36 attempt
688 346 41 4 —
729 338 63 30 you
812 327 55 30 did
887 333 54 24 not

117 385 94 31 think
223 387 35 30 of
258 406 40 3 —
298 387 160 43 following
473 389 65 30 him
551 389 10 30 ?
626 389 43 30 M.
683 389 38 30 de
733 388 208 31 Beauvoisin's

117 447 90 31 heart
221 448 73 31 beat
310 461 32 18 so
359 450 149 41 strongly,
521 450 70 30 that
606 450 37 30 he
655 450 98 30 found
768 450 27 30 it
810 450 131 30 difficult

116 512 34 26 to
166 510 163 30 articulate
345 510 120 40 clearly.

194 570 50 31 No
257 572 5 29 !
320 582 63 19 was
406 571 54 30 the
486 571 89 41 reply
600 571 32 29 in
660 582 17 18 a
702 571 140 40 whisper.
926 571 12 30 I

116 631 123 30 neither
260 632 155 38 followed,
438 643 58 19 nor
514 632 182 41 questioned
697 650 43 3 —
740 632 56 30 but
821 632 15 30 I
861 632 77 31 have

116 693 81 29 tried
216 698 33 25 to
265 693 101 30 watch
382 693 154 41 narrowly
553 704 71 19 ever
639 693 90 30 since.
778 693 31 30 If
827 693 14 30 I
862 704 76 20 were

114 765 80 30 your
219 765 65 32 age,
312 754 126 38 Olivier,
464 754 14 31 I
505 754 103 31 would
635 759 56 26 not
717 754 89 30 mind
831 755 107 41 people

113 815 147 40 guessing
271 827 8 25 ;
295 814 65 38 but,
373 820 33 26 at
416 815 93 38 mine,
522 826 57 20 one
589 820 84 25 must
683 814 91 31 avoid

192 877 64 30 But
271 876 74 40 why
360 876 112 31 should
486 887 63 29 you
565 881 123 35 suspect
703 876 118 31 Nesves
832 877 12 30 ?

193 938 81 31 Who
298 938 61 31 else
382 938 110 31 should
514 938 27 30 it
562 938 38 31 be
612 938 11 31 ?
669 937 49 31 He
739 937 131 31 admires
885 937 53 31 her

192 1059 90 37 Well,
301 1070 55 30 my
372 1059 73 30 dear
464 1059 100 37 uncle,
587 1059 15 31 I
619 1059 62 30 Avill
698 1058 109 31 devote
828 1059 113 41 myself

113 1126 35 25 to
174 1132 80 30 your
444 1120 125 31 assured
596 1120 43 31 M.
669 1120 38 31 de
733 1120 185 31 Beauvoisin
930 1133 7 23 ;

146 1193 64 31 you
226 1181 78 31 Avish
320 1192 50 20 me
385 1185 33 27 to
434 1181 140 31 discover
588 1180 139 31 whether
740 1181 86 30 there
841 1180 98 42 really

113 1245 27 29 is
164 1254 63 29 any
247 1253 90 20 cause
355 1241 48 31 for
427 1242 169 41 supposing
619 1241 69 31 that
710 1246 126 26 matters
859 1241 78 31 have

112 1316 81 23 gone
217 1309 52 25 too
293 1304 48 29 far
365 1303 139 30 betwTeen
529 1301 145 32 Madame
699 1301 149 31 Claudine
874 1302 61 31 and

113 1366 120 30 Nesves
246 1366 11 29 ?

191 1427 14 31 I
306 1424 180 32 murmured
502 1423 42 32 M.
564 1423 38 31 de
618 1423 169 40 Moranges.

188 1488 17 31 I
229 1492 114 27 cannot
365 1486 72 41 help
458 1485 145 41 thinking
625 1495 62 31 you
707 1484 64 30 avUI
793 1483 66 31 find
882 1488 54 27 out

111 1551 88 31 there
215 1550 26 31 is
256 1548 135 41 nothing
406 1552 32 26 at
