1132 1747
143 104 34 25 24

379 108 83 21 LOVE
485 108 64 21 THE
572 106 158 22 AVENGER.

144 185 128 43 Sunday
287 186 103 31 before
411 186 53 30 the
487 189 107 27 return
617 183 79 31 from
712 182 53 30 the
780 190 85 21 races
877 190 7 26 ;
907 187 62 32 you

143 249 90 31 kneAV
249 249 16 30 I
281 248 110 31 should
406 248 38 30 be
459 246 104 31 forced
578 250 32 27 to
626 256 39 30 go
680 249 34 26 to

188 310 149 31 Claudine
348 320 62 20 was
425 308 93 30 much
535 306 117 32 altered
668 305 115 42 during
797 305 65 30 this
871 301 98 38 Aveek,

143 371 48 32 far
210 382 83 20 more
310 370 154 32 beautiful
484 369 76 30 than
581 367 113 37 before,
711 367 57 31 but
787 365 34 31 of
841 365 87 41 quite
952 375 19 18 a

144 432 141 31 different
309 432 122 40 beauty.
487 430 54 30 All
564 430 54 30 the
642 429 106 41 sleepy
774 437 107 32 repose
906 425 65 31 had

144 493 61 31 fled
241 493 78 30 from
350 492 54 31 her
434 496 218 32 countenance,
684 490 62 31 and
784 489 53 31 the
867 488 104 31 latent

144 554 114 41 beauty
272 554 70 31 that
362 554 97 31 Henri
483 553 130 41 Dupont
632 553 63 30 had
712 552 138 30 foreseen
865 551 35 30 in
915 550 56 31 her

144 627 40 20 on
204 616 68 31 that
290 616 89 41 rainy
394 615 91 42 night
504 615 32 30 in
556 615 52 31 the
630 614 166 41 courtyard
821 618 32 26 at
878 613 93 30 Clav-

144 677 85 37 reuil,
255 677 61 30 had
343 687 116 31 sprung
485 681 32 26 to
548 675 53 31 life
625 675 77 31 Avith
734 680 133 36 strange,
894 685 73 30 nay,

144 738 123 30 terrible
286 738 156 41 intensity.
490 738 63 30 The
572 737 135 31 lustrous
728 747 71 31 eyes
815 746 80 21 were
911 735 59 31 full

145 799 34 30 of
212 799 99 38 flame,
343 799 62 30 and
435 799 80 30 their
545 799 60 30 lids
635 810 39 19 no
705 799 108 41 longer
843 798 127 41 heavily

145 860 150 41 drooping
320 871 72 19 over
417 861 95 37 them,
541 860 121 30 seemed
693 860 107 30 draAvn
823 859 148 42 upAvards

144 920 44 42 by
202 921 53 30 the
271 921 102 30 action
388 920 35 31 of
434 921 53 30 the
503 921 86 37 hard,
606 921 101 41 sharp,
724 922 160 30 relentless
900 933 71 30 eye-

145 981 84 30 broAv
251 981 64 41 (the
338 981 206 31 Medusa-like
567 982 118 31 feature
708 983 34 30 of
764 984 53 29 the
841 983 76 38 face,
938 995 33 19 as

146 1042 99 30 Henri
260 1042 129 41 Dupont
404 1044 62 29 had
482 1049 32 25 at
530 1055 75 19 once
618 1044 150 41 divined).
817 1045 67 30 Her
899 1045 70 41 lips,

146 1114 41 20 no
212 1104 106 41 longer
341 1104 62 30 like
428 1109 61 25 Avet
512 1105 111 37 rubies,
642 1116 81 20 were
746 1105 60 42 dry
824 1106 63 30 and
912 1118 59 18 un-

147 1164 122 41 equally
284 1164 53 30 red
351 1177 7 23 ;
381 1164 52 30 the
454 1165 121 30 smooth
596 1166 80 29 satin
697 1166 34 29 of
750 1166 55 30 her
820 1166 70 31 skin
908 1179 63 20 was

146 1225 168 37 disturbed,
332 1226 61 30 and
416 1226 76 30 dark
517 1226 140 31 shadows
681 1227 53 41 lay
749 1238 85 31 upon
855 1229 34 37 it,
907 1230 64 30 and

146 1287 53 30 the
214 1287 83 30 hand
313 1287 52 30 she
381 1287 62 30 had
463 1287 63 30 laid
541 1299 84 29 upon
642 1287 42 32 M.
704 1288 38 31 de
759 1288 212 34 Beauvoisin's

146 1359 65 19 arm
227 1348 118 30 burned
367 1348 62 30 like
448 1359 39 19 an
509 1348 103 31 ember
629 1348 67 42 just
717 1351 150 30 snatched
889 1353 81 31 from

146 1420 18 19 a
179 1409 134 30 furnace.

189 1470 125 38 Olivier,
331 1471 25 30 it
380 1475 83 27 must
486 1471 38 31 be
551 1472 137 38 avowed,
705 1472 57 31 felt
782 1475 189 33 uncomfort-

145 1532 68 32 able
243 1532 62 31 and
334 1532 138 41 helpless,
504 1544 32 20 as
567 1533 38 31 he
635 1533 133 39 became,
801 1536 77 31 Avith
911 1549 60 21 one
