1132 1747
363 438 199 31 CHAPTER
585 437 119 32 XVIII.

400 537 63 20 THE
488 536 61 21 OLD
572 535 98 21 HOME.

168 615 34 31 It
218 626 63 20 Avas
298 615 63 31 late
379 615 34 30 in
433 615 54 31 the
512 614 162 30 afternoon
690 612 92 30 Avhen
805 609 148 32 Madame

124 677 38 31 de
193 676 154 32 Clavreuil
384 675 63 32 and
484 675 55 31 her
577 674 153 42 daughter
768 672 123 31 arrived
921 675 33 27 at

127 738 162 31 Clavreuil.
337 737 86 42 They
448 737 63 31 had
533 735 199 33 breakfasted
762 739 33 26 at
825 734 130 41 Angou-

126 800 89 36 leme,
244 799 63 31 and
336 799 113 31 settled
478 803 33 26 to
542 798 67 31 find
639 809 18 20 a
683 801 65 27 sort
772 797 34 30 of
830 796 125 31 dinner-

127 873 113 28 supper
254 872 41 20 on
309 861 146 40 reaching
470 860 97 31 home.

174 922 128 42 HaAdng
324 933 71 20 seen
419 922 55 30 her
497 921 85 31 child
605 921 62 30 and
689 920 49 31 his
761 930 93 21 nurse
876 929 83 21 com-

130 984 133 41 fortably
295 984 185 30 established
511 984 33 30 in
570 984 82 30 their
680 987 150 37 quarters,
859 981 100 31 Claire

131 1045 170 41 proceeded
323 1050 33 27 to
371 1046 55 30 her
449 1057 69 19 oAvn
542 1050 185 37 apartment.
776 1045 30 30 It
821 1055 64 20 Avas
907 1044 54 30 the

133 1117 58 20 one
220 1106 54 31 she
303 1107 64 31 had
389 1106 148 43 occupied
567 1106 103 31 before
699 1106 56 31 her
785 1106 153 42 marriage
954 1117 7 25 ;

131 1167 55 31 she
202 1167 61 31 had
279 1167 200 42 particularly
489 1167 173 42 petitioned
677 1167 48 31 for
740 1167 64 31 this
820 1178 141 31 arrange-

133 1234 93 24 ment.

178 1291 101 30 When
317 1290 54 31 the
407 1301 108 31 young
552 1290 159 42 Marquise
750 1290 122 31 crossed
910 1290 52 31 the

135 1351 158 31 threshold
316 1351 35 31 of
372 1351 55 31 her
449 1363 85 19 room
558 1364 18 18 a
595 1352 83 30 flood
702 1352 35 30 of
760 1352 61 30 soft
842 1352 120 30 melloAV

137 1416 140 42 sunlight
299 1415 118 42 poured
440 1415 112 42 golden
575 1416 34 31 in
635 1416 137 43 through
793 1417 54 31 the
870 1416 93 43 large,

137 1489 79 31 open
229 1478 142 37 AvindoAV,
385 1477 62 31 and
462 1478 122 42 lighted
600 1490 42 30 up
659 1479 40 30 all
715 1479 54 30 the
785 1478 52 31 old
849 1479 116 30 Avhere-

138 1539 109 31 abouts
259 1540 35 30 of
305 1540 55 30 her
371 1539 124 31 maiden
511 1539 84 42 days.
638 1540 100 31 Claire
750 1540 63 31 had
829 1540 136 41 thought
