1132 1747
884 109 34 24 69

351 111 78 22 DUST
452 112 35 21 IN
510 113 63 20 THE
595 113 85 20 EYES.

184 186 84 32 Stuff
279 189 5 29 !
346 189 167 32 exclaimed
544 190 120 42 angrily
693 189 228 32 Mademoiselle

109 247 219 43 Mourjonville
340 262 7 26 ;
401 250 76 32 she's
489 256 55 26 not
555 251 62 31 had
628 252 75 30 time
714 256 53 37 yet
782 256 32 26 to
829 252 93 30 know

109 309 137 32 whether
260 310 76 32 she's
346 312 81 42 good
442 323 33 20 or
490 312 61 31 bad
551 332 43 3 —
595 314 73 29 wait
683 325 18 18 a
716 324 72 30 year
803 324 33 19 or
850 318 71 32 two,

110 370 62 30 and
187 371 96 40 you'll
305 383 74 20 soon
401 384 49 19 see
475 373 76 31 she's
581 385 41 19 no
645 374 99 30 better
769 374 76 30 than
871 374 51 30 the

111 431 102 32 others
214 451 43 3 —
258 433 198 40 everybody's
470 435 53 29 the

187 493 49 31 No
251 496 6 29 !
294 494 137 42 Aspasie,
463 495 93 30 that's
589 501 55 25 not
669 496 84 30 what
780 496 15 30 I
821 502 102 25 meant

111 553 91 31 when
218 554 14 30 I
249 555 94 31 asked
358 555 100 31 where
473 567 63 19 was
551 556 53 30 the
620 556 176 30 difference?
829 557 94 30 There

109 615 27 30 is
159 625 18 20 a
197 614 161 32 difference
374 615 138 31 between
528 616 144 30 Madame
689 617 37 29 de
741 617 182 30 Beauvoisin

110 674 62 30 and
187 685 45 28 us,
245 675 61 30 and
323 675 14 31 I
354 675 86 32 don't
454 677 89 30 mind
558 677 32 30 it.
639 677 15 30 I
671 676 84 31 don't
769 677 88 30 mind
871 678 52 29 her

109 735 93 42 being
230 736 89 42 good,
351 737 25 31 it
407 737 116 31 doesn't
554 738 73 30 hurt
655 749 49 19 me
716 750 7 24 ;
755 739 56 29 but
841 738 82 30 what

109 798 134 31 troubles
269 810 49 19 me
345 810 50 19 are
418 800 53 29 the
494 800 86 30 other
595 811 130 26 Avomen,
749 800 87 30 those
862 800 61 29 like

109 859 69 30 that
192 860 105 29 horrid
319 861 133 29 insolent
474 861 139 29 Duchess
658 860 75 41 (and
754 861 53 29 her
827 861 96 30 whole

109 925 210 26 countenance
335 921 156 30 darkened
506 921 76 30 with
597 920 93 41 hate).
765 921 83 40 Why
859 922 25 29 is
898 922 25 29 it

109 982 71 30 that
195 994 18 18 a
228 993 121 19 woman
363 982 62 30 like
441 982 53 30 the
517 982 156 40 Marquise
689 982 37 30 de
741 982 182 30 Beauvoisin

111 1055 57 19 can
183 1055 39 30 go
243 1043 95 30 about
363 1043 42 30 all
429 1043 61 40 day
505 1043 73 41 long
593 1043 76 30 with
691 1043 63 36 her,
771 1043 61 30 and
854 1043 69 30 look

109 1105 33 30 in
158 1105 103 40 public
277 1116 32 18 as
324 1104 118 41 though
457 1105 53 29 she
526 1116 63 18 was
605 1104 54 30 her
674 1104 117 30 dearest
805 1102 100 32 friend
915 1115 7 25 ;

110 1165 63 31 and
188 1170 62 36 yet,
268 1165 27 30 if
314 1165 16 30 I
345 1176 62 19 was
434 1169 32 26 to
495 1175 84 19 come
607 1164 120 41 against
749 1164 53 30 her
824 1164 33 29 in
871 1164 52 30 the

109 1226 112 38 crowd,
238 1226 53 30 she
308 1225 104 31 would
426 1225 73 30 take
515 1236 42 29 up
573 1224 54 30 her
644 1235 89 30 gown
749 1229 32 25 to
796 1228 127 37 prevent

108 1289 41 30 its
164 1287 80 31 folds
256 1287 79 31 from
356 1287 150 41 touching
521 1297 48 18 me
581 1287 5 28 !
632 1285 95 30 What
749 1286 25 29 is
796 1285 53 30 the
863 1285 60 30 real

109 1349 164 32 difference
299 1349 139 31 between
464 1347 144 31 Madame
631 1347 38 30 de
683 1347 158 41 Varignan
864 1346 59 30 and

109 1423 49 19 me
170 1411 11 31 ?
204 1411 71 31 that
303 1409 72 32 does
401 1408 120 32 trouble
543 1419 58 27 me,
625 1408 63 30 and
713 1407 14 30 I
754 1418 93 19 never
869 1417 54 19 can

109 1473 90 29 make
215 1472 26 30 it

183 1534 93 39 Why,
287 1533 86 30 there
388 1532 26 31 is
429 1531 57 32 but
499 1541 57 21 one
566 1542 7 25 ;
597 1530 70 31 that
681 1529 52 31 she
744 1529 26 30 is
782 1528 141 32 Madame
