1132 1747
235 115 63 22 THE
321 115 203 22 POSTMASTER
547 116 37 22 OF
600 117 184 21 MALLERAY.

874 113 52 25 153

106 192 96 42 (Two,
227 193 96 38 three,
354 193 70 38 five,
456 194 47 31 six
504 214 43 2 —
548 195 48 30 six
625 195 105 30 letters
759 195 47 30 for
830 195 97 31 Beau-

277 255 39 31 he
346 256 164 37 muttered,
542 257 258 41 parenthetically
813 269 8 25 ;
888 257 39 30 he

105 326 58 21 can
185 316 112 42 hardly
315 316 94 42 fancy
427 317 61 31 he's
510 322 54 37 got
587 330 18 19 a
628 319 123 36 chance,
776 318 14 30 I
817 318 110 30 should

105 376 93 31 think
209 388 7 25 ;
239 376 109 31 there's
374 377 178 42 Carpentier
566 379 145 30 removed
725 379 48 30 for
793 389 70 20 ever
884 379 44 41 by

106 439 103 37 death,
226 444 61 37 yet,
304 440 69 30 who
390 451 70 20 ever
478 441 134 41 thought
626 441 47 30 for
689 452 18 19 a
732 446 138 26 moment
896 441 33 31 of

106 501 170 40 Thdophile
291 513 7 25 ;
331 501 37 30 he
391 501 133 31 counted
543 512 40 20 on
606 501 47 31 his
672 501 101 31 friend
795 502 132 38 Dandel,

105 562 54 30 the
177 562 196 41 sub-prefect,
392 562 88 41 (such
501 574 18 19 a
540 562 245 42 ne'er-do-weel,)
804 563 63 31 and
889 563 37 32 he

105 623 134 30 counted
255 634 39 20 on
310 634 78 29 your
399 623 101 40 grand
515 624 106 30 cousin
635 634 43 29 up

397 684 168 31 exclaimed
588 684 144 32 Madame
755 685 110 31 Picard
889 684 38 43 (it

105 757 63 20 was
194 758 18 19 a
239 752 120 25 custom
383 758 114 31 among
519 747 48 30 his
588 758 74 19 near
682 748 144 30 relations
856 749 71 30 irre-

104 808 144 41 verently
262 813 33 25 to
317 808 58 30 call
391 808 52 30 the
466 813 87 36 great
575 819 73 19 man
671 809 81 37 thus,
768 809 49 30 his
836 820 90 19 name

105 870 93 41 being
223 870 116 40 Louis).
420 869 49 31 On
494 869 84 36 Lolo,
602 869 137 31 forsooth
753 871 5 29 !
787 881 31 19 as
843 870 27 29 if
889 870 38 30 he

105 943 72 19 ever
199 931 56 31 did
277 931 154 41 anything
453 931 48 29 for
523 931 146 40 anybody
685 931 56 30 but

104 992 65 31 and
184 992 53 30 she
253 991 155 41 shrugged
423 992 54 29 her
491 991 166 30 shoulders.

180 1053 90 37 Well,
302 1064 93 19 neATer
570 1056 83 26 went
687 1062 40 19 on
760 1052 52 29 the
845 1056 83 36 post-

106 1119 122 26 master.
496 1113 150 41 persisted
668 1113 33 29 in
719 1112 154 41 believing
895 1113 33 29 in

107 1175 75 38 him,
199 1180 61 32 too,
282 1175 61 31 and
365 1186 71 20 now
454 1175 38 30 he
515 1186 64 19 sees
601 1174 70 30 how
689 1174 26 30 it
737 1174 41 30 all
801 1174 33 30 is.
878 1173 50 31 No

107 1248 109 21 sooner
232 1236 55 32 did
303 1236 178 42 Carpentier
503 1236 77 31 have
596 1236 69 31 that
679 1236 37 30 fit
736 1236 34 30 of
790 1236 48 30 his
853 1236 76 30 than

109 1298 68 43 (my
203 1297 95 32 belief
319 1296 38 42 is)
384 1297 52 31 the
467 1296 114 42 prefect
608 1296 111 32 settled
746 1296 184 42 everything

108 1361 77 31 with
209 1360 71 31 that
304 1359 218 41 Monseigneur
546 1364 32 26 at
608 1358 164 42 Belespoir,
798 1358 62 31 and
889 1369 40 19 no

107 1433 108 20 sooner
230 1432 64 20 was
309 1420 53 31 the
382 1419 109 32 breath
507 1424 54 27 out
576 1420 34 31 of
630 1418 201 43 Carpentier's
846 1418 84 42 body

107 1484 77 32 than
200 1483 146 31 Madame
368 1481 30 31 la
414 1481 155 42 Marquise
593 1492 100 20 comes
716 1480 90 31 down
829 1490 40 20 on
889 1479 40 31 all

107 1556 56 21 our
184 1544 97 31 heads
293 1545 5 30 !
344 1542 75 31 And
439 1542 85 31 there
542 1542 76 39 they
633 1552 50 21 are
705 1552 79 26 now,
801 1540 76 32 both
898 1540 33 31 of
