1132 1747
203 91 53 26 118

434 98 81 20 L0ATE
538 98 64 20 THE
625 97 162 21 AVENGER.

202 176 74 38 sion,
294 176 44 31 let
360 187 50 20 me
435 187 64 31 say,
516 180 33 27 to
574 176 106 31 folloAv
704 175 54 31 the
784 173 110 32 advice
914 171 15 31 I
951 170 80 44 give.

202 236 70 32 You
287 237 71 32 take
374 248 55 32 my
443 236 160 39 remedies,
621 236 64 31 and
705 236 80 31 ha\re
807 235 82 31 done
908 244 34 20 so
961 243 72 21 now

200 298 48 32 for
262 303 122 38 twenty
398 310 89 31 years
500 311 5 18 :
528 298 58 31 but
611 297 27 31 if
661 297 14 31 I
700 308 52 20 am
774 302 33 26 to
830 297 74 41 help
920 307 64 30 you
1000 295 33 30 in

200 361 62 30 this
286 372 70 19 new
380 361 117 41 sphere,
515 372 62 30 you
601 363 85 28 must
708 359 108 31 follow
840 370 56 31 my
923 358 110 32 advice

200 423 70 30 here
293 427 58 26 too.
402 422 14 30 I
447 422 94 30 know
571 422 86 30 these
688 421 110 42 people
811 434 7 24 ;
841 432 63 31 you
936 419 93 33 don't.

200 484 87 40 They
317 482 87 32 don't
436 483 62 31 like
528 495 63 29 you
619 494 34 19 as
680 483 26 30 it
737 483 36 38 is,
805 481 103 33 which
940 480 93 32 Avon's

200 549 130 37 prevent
360 544 86 31 them
476 544 80 30 from
588 544 134 42 electing
753 555 19 19 a
803 543 121 42 deputy
951 542 81 31 from

200 612 142 36 amongst
365 617 72 31 you,
463 606 129 31 because
622 606 86 31 there
740 617 51 20 are
821 606 105 31 others
956 605 77 41 they

199 668 61 31 like
276 668 63 31 still
354 668 67 31 less.
467 667 87 42 They
570 667 86 32 don't
670 667 63 32 like
749 679 72 31 you,
840 667 72 39 and,
929 667 27 31 if
968 678 64 31 you

201 729 86 32 don't
305 730 94 31 know
415 730 69 31 Iioav
499 734 33 27 to
548 741 132 31 manage
702 730 97 37 them,
817 729 109 42 they'll
943 740 89 21 avoAV

200 793 81 29 then

274 854 63 30 But
361 854 111 41 surely,
498 865 55 29 my
584 854 74 30 dear
687 854 172 38 Robichon,
892 866 46 19 avc
969 866 62 31 pay

200 920 87 27 court
310 921 33 26 to
365 916 86 31 them
483 916 122 42 enough
622 917 5 29 !
680 916 181 38 exclaimed,
892 917 137 43 bitterly,

199 978 51 31 the
266 977 159 40 DoAvager.

274 1038 36 30 In
335 1049 96 30 many
446 1043 143 36 respects,
611 1049 19 20 a
652 1043 70 27 vast
746 1039 71 31 deal
840 1043 52 28 too
916 1041 95 30 much
1023 1054 7 24 ;

199 1099 62 31 and
291 1098 47 32 far
367 1110 84 20 more
481 1099 78 31 than
590 1100 25 31 is
817 1102 139 41 rejoined
986 1102 43 32 M.

200 1160 167 31 Robichon.
447 1161 62 31 But
539 1173 62 30 you
633 1163 176 42 invariably
839 1164 55 31 fail
925 1165 33 31 in
989 1165 41 31 all

200 1232 78 31 your
294 1226 148 37 attempts
460 1227 32 26 to
515 1224 91 30 make
625 1224 88 30 them
734 1225 94 31 think
856 1237 63 31 you
945 1226 85 32 don't

200 1282 77 31 Avish
293 1282 86 31 them
395 1286 32 27 at
447 1283 53 30 the
516 1284 119 30 bottom
659 1285 35 30 of
710 1286 55 30 the
781 1297 59 21 sea.
889 1287 30 32 It
934 1288 27 31 is
976 1288 54 31 the

200 1355 70 30 way
286 1344 33 30 of
341 1344 96 41 doing
453 1344 34 38 it,
504 1344 70 31 that
594 1357 63 29 you
678 1346 80 32 have
780 1352 56 27 not
851 1352 63 38 got,
932 1360 98 21 some-

276 1467 135 42 Perhaps
426 1467 55 31 the
504 1468 61 30 evil
587 1468 27 31 is
637 1468 159 33 incurable
808 1471 12 30 ?
862 1474 168 41 suggested

200 1528 99 32 Henri
315 1528 136 41 Dupont.
