1132 1747
885 108 35 24 41

387 112 109 20 RISING
518 112 117 20 WAVES.

137 187 63 31 and
214 192 33 27 to
262 199 94 30 proAre
372 188 26 31 it
413 193 32 27 to
469 200 71 31 you,
559 189 14 31 I
588 189 64 31 Avill
678 189 73 31 take
774 200 61 31 you
859 189 63 31 this

106 249 133 43 evening
261 253 34 28 to
321 250 73 31 hear
420 250 150 37 Theresa;
595 251 52 30 she
671 251 26 30 is
719 262 40 19 an
779 250 88 31 artist
889 250 33 30 in

105 310 55 31 her
185 322 79 30 way,
290 311 62 31 and
378 322 33 20 as
434 322 63 31 you
520 323 50 19 are
596 312 121 41 getting
740 316 32 26 to
799 311 69 42 sing
890 320 32 21 so

106 372 78 37 well,
212 372 26 30 it
262 373 26 29 is
315 372 83 42 right
421 384 62 30 you
509 373 110 30 should
645 374 73 29 hear
744 383 91 31 every
855 382 66 26 one,

106 433 143 37 Theresa,
288 444 33 20 as
354 433 69 30 well
454 445 32 19 as
523 434 45 30 La
603 434 125 30 Nilsson
730 452 41 3 —
772 433 52 30 the
860 437 62 26 tAvo

150 556 31 30 It
197 567 63 19 was
276 567 32 19 so
323 567 77 29 very
415 567 65 19 rare
496 567 18 19 a
528 556 91 41 thing
641 556 47 30 for
709 556 54 29 the
785 555 138 41 Marquis

106 622 33 26 to
162 628 113 30 appear
299 617 33 29 in
358 628 62 30 any
434 617 103 40 public
564 617 86 40 place
665 617 76 30 with
765 616 157 37 Claudine,

107 679 70 30 that
202 679 53 30 the
282 679 58 29 full
363 683 107 26 extent
494 679 33 29 of
547 679 48 29 his
618 679 162 41 benignity
804 677 120 31 seemed

108 740 196 42 appreciated
319 740 43 41 by
376 739 75 32 both
466 739 96 31 ladies
573 751 8 25 ;
605 750 54 20 our
681 739 100 30 friend
796 738 128 41 Aspasie

108 801 114 42 simply
241 801 196 42 murmuring
459 801 70 30 that
553 800 53 31 she
620 811 63 20 was
707 800 102 30 rather
829 799 95 31 taken

108 874 158 20 unawares
292 863 43 41 by
354 863 63 31 this
440 862 126 37 honour,
591 862 54 30 her
664 861 104 41 spring
791 861 134 30 toilettes

109 929 55 26 not
179 924 94 42 being
288 924 32 30 in
336 923 152 42 thorough
503 922 161 37 readiness,
676 922 102 30 which
792 921 134 30 resulted

109 985 34 30 in
172 996 18 19 a
220 983 183 32 munificent
432 983 279 31 recommendation
741 987 33 25 to
800 981 126 41 proAride

109 1046 114 31 herself
249 1046 47 30 for
321 1045 69 31 that
415 1044 132 43 evening
570 1044 76 31 with
676 1054 17 20 a
722 1043 148 30 mantelet
895 1041 33 30 of

111 1107 94 31 Black
243 1106 156 42 Chantilly
430 1106 71 31 lace,
566 1104 117 43 (Black,
722 1109 54 26 not
813 1104 111 31 white!

109 1169 90 31 black
214 1180 62 19 was
292 1179 32 19 so
340 1167 200 31 unobtrusive
552 1166 18 39 !)
