1132 1747
193 123 52 26 260

434 126 81 21 LOVE
539 124 64 22 THE
626 121 161 23 AVENGER.

194 219 88 30 away
304 207 91 42 again
418 206 67 31 into
510 205 53 30 the
584 202 97 32 midst
703 200 33 32 of
758 199 54 32 the
835 197 93 32 waltz
949 195 77 32 Avith

195 270 53 30 her
263 273 133 36 partner.

239 331 61 30 Yes
311 332 6 28 !
342 329 100 31 Claire
458 327 135 43 thought
609 326 63 32 this
687 336 64 20 Avas
767 322 98 42 really
874 321 152 43 pleasure,

195 391 63 31 and
274 391 53 31 she
343 401 78 31 gave
437 388 116 32 herself
571 399 43 31 up
630 392 34 26 to
687 387 35 38 it,
741 398 33 19 as
789 385 54 31 she
859 383 65 31 had
947 382 81 31 done

195 458 33 25 to
249 453 52 30 the
322 452 162 35 bounding
508 450 111 31 strides
635 448 34 32 of
690 448 56 31 her
765 448 99 36 horse,
881 446 54 30 the
961 444 67 31 first

197 514 75 30 time
304 513 51 30 she
387 513 62 30 had
478 512 113 30 ridden
617 510 98 41 freely
740 508 62 32 and
830 505 198 33 unhindered

198 575 134 41 through
348 574 187 31 unenclosed
552 584 96 30 space.

242 636 99 32 Claire
367 636 54 31 did
446 640 56 26 not
524 635 94 30 knoAv
640 634 71 32 that
731 633 87 30 what
841 631 65 32 had
927 630 101 32 seized

198 708 84 31 upon
312 697 54 31 her
397 696 62 31 and
486 707 62 19 was
579 696 146 41 whirling
756 695 55 30 her
842 694 93 41 along
965 702 64 22 was

198 759 116 41 merely
330 758 195 37 excitement,
543 768 18 19 a
576 757 86 30 word
677 756 139 31 Avhereof
830 756 53 30 she
900 754 129 43 ignored

199 818 52 31 the
270 829 94 20 sense.
412 818 64 29 But
494 828 33 19 as
548 817 53 30 life
620 828 64 19 Avas
704 821 108 36 strong
827 815 113 31 Avithin
964 815 65 37 her,

200 878 61 31 and
277 878 52 31 she
345 878 63 30 had
422 878 64 30 had
500 878 61 30 feAV
577 878 35 30 of
628 878 54 30 the
699 878 78 30 aims
792 877 49 30 for
856 877 104 30 which
977 876 52 30 life

200 941 25 31 is
246 945 99 37 spent,
364 940 52 31 she
439 939 120 42 readily
576 939 184 32 abandoned
783 939 118 31 herself
919 944 34 26 to
976 939 53 31 the

201 1006 122 26 current
339 1001 101 32 which
457 1001 114 31 offered
587 1006 33 26 to
635 1006 160 37 transport
810 1002 62 31 her.

245 1062 63 31 The
332 1062 103 43 lights,
455 1063 54 31 the
533 1063 141 42 perfume
696 1063 34 31 of
752 1064 53 30 the
830 1063 129 38 flowers,
977 1063 53 31 the

201 1123 107 37 music,
325 1122 54 32 the
395 1123 187 31 admiration
599 1124 54 30 she
670 1124 99 30 called
784 1124 94 38 forth,
891 1125 41 29 all
949 1136 82 19 com-

202 1184 93 31 bined
317 1189 33 26 to
372 1184 148 42 heighten
543 1187 33 29 in
600 1186 100 31 Claire
724 1198 17 19 a
765 1198 87 19 sense
869 1186 35 31 of
924 1187 107 41 enjoy-

203 1249 86 25 ment
312 1244 53 30 she
385 1244 63 31 had
471 1257 96 19 never
592 1246 104 31 before
721 1247 206 41 experienced
939 1259 7 26 ;
970 1248 63 30 and

202 1304 48 31 for
264 1305 53 30 the
333 1304 66 32 first
415 1306 75 30 time
508 1305 65 43 (she
588 1312 85 26 must
696 1308 37 30 be
749 1308 143 42 forgiA'en
907 1307 50 31 for
979 1309 53 30 she

204 1366 90 31 knew
309 1372 56 25 not
379 1367 85 31 what
485 1368 52 30 she
559 1367 80 44 did),
656 1370 48 30 for
724 1370 54 30 the
793 1370 70 31 first
882 1371 77 31 time
979 1371 54 31 she

203 1427 57 31 felt
280 1439 18 19 a
318 1433 106 37 strong
446 1429 178 31 irresistible,
648 1430 77 33 wish
748 1436 33 26 to
806 1432 107 31 charm
932 1432 42 32 M.
995 1432 37 31 de

209 1489 146 38 Lancour,
375 1496 32 24 to
432 1491 134 40 produce
585 1502 85 31 upon
695 1492 66 32 him
783 1505 40 19 an
848 1495 184 40 impression

205 1549 67 31 that
289 1551 109 30 should
414 1552 62 30 still
492 1552 86 31 leave
594 1553 55 31 her
664 1554 174 31 unharmed
860 1556 62 30 and
938 1561 33 25 to
993 1557 40 29 all
