1132 1747
867 124 52 25 235

364 128 177 21 EVERYDAY
564 129 78 20 LIFE.

100 201 49 30 his
172 203 228 41 compositions,
425 204 46 31 for
493 205 53 31 she
567 206 121 30 seemed
707 211 32 25 to
760 206 105 30 divine
888 206 33 30 in

101 263 87 30 them
212 264 175 43 something
414 271 50 26 too
490 267 156 41 painfully
669 268 142 29 intimate
832 272 32 25 to
883 267 38 30 be

100 325 116 43 lightly
231 328 156 41 indulged.
437 329 60 30 She
513 330 104 30 would
629 330 84 30 often
729 330 89 30 when
834 329 87 31 alone

100 389 76 41 play
192 390 121 41 Chopin
335 391 69 30 half
426 391 52 30 the
501 391 90 42 night
613 392 144 41 through,
774 391 57 31 but
852 391 69 31 that

103 460 62 19 was
181 451 129 30 another
328 451 80 30 form
424 452 35 29 of
481 452 270 35 self-communing
772 453 33 29 in
821 452 100 30 which

100 511 54 30 she
177 512 93 30 much
293 512 167 42 delighted,
479 513 61 30 and
564 513 100 30 Avhich
686 514 120 31 seemed
822 519 32 26 to
870 526 51 19 ex-

100 573 94 30 ercise
214 584 18 18 a
249 573 171 40 peculiarly
435 573 134 42 calming
590 573 152 31 influence
762 585 72 19 over
856 574 61 31 her.

100 631 100 32 Claire
230 645 63 19 was
323 639 55 25 not
408 634 135 41 thought
565 639 33 24 to
621 634 46 37 be,
699 645 56 19 nor
782 634 54 30 did
866 635 53 30 she

99 695 93 29 think
208 695 118 37 herself,
345 695 34 30 of
395 706 17 19 a
427 695 101 40 poetic
544 700 233 36 temperament,
795 695 56 31 but
867 696 52 30 the

99 761 110 36 poetry
238 756 111 30 Avithin
380 756 54 30 her
460 756 128 31 exacted
619 757 39 30 its
689 756 75 31 dues
798 757 40 30 all
867 757 54 31 the

100 828 95 27 same,
214 817 63 31 and
299 817 120 41 luckfly
433 817 48 30 for
499 817 55 31 her
569 817 52 31 she
637 817 74 41 paid
729 818 55 30 her
798 818 122 31 tribute.

100 878 151 36 although
279 878 53 31 she
365 878 54 31 did
446 889 32 20 so
509 878 232 36 unknowingh'.
790 878 130 31 Therein

100 941 54 39 lay
169 940 55 31 her
240 940 111 31 charm.

146 1001 74 30 This
237 1001 104 30 charm
357 1001 43 30 M.
419 1001 38 30 de
473 1001 141 30 Lancour
636 1012 75 19 soon
733 1001 63 30 felt.
843 1002 76 30 Like

100 1068 83 24 most
209 1074 72 18 men
307 1062 35 30 of
359 1063 54 29 the
440 1062 127 30 African
593 1073 96 30 army,
713 1062 38 30 he
774 1063 62 29 had
858 1063 61 29 had

101 1125 76 29 time
193 1129 32 25 to
246 1124 74 30 read
340 1124 62 29 and
426 1124 146 29 cultivate
594 1124 48 29 his
664 1124 95 36 mind,
776 1124 62 30 and
853 1135 66 29 per-

100 1186 77 41 haps
200 1186 54 29 the
276 1196 77 29 very
376 1185 237 41 disadvantages
636 1185 34 29 of
689 1185 92 38 what,
798 1185 47 30 for
867 1186 51 30 the

100 1247 61 31 last
176 1247 86 30 three
278 1258 34 18 or
334 1246 70 30 four
424 1257 97 29 years,
538 1246 62 30 had
623 1246 77 30 been
723 1247 47 29 his
785 1247 134 40 position

100 1309 34 30 in
150 1308 126 40 society,
295 1307 64 29 had
381 1306 122 41 obliged
525 1307 62 29 him
613 1312 32 24 to
669 1312 98 25 create
785 1307 133 41 employ-

99 1375 103 26 ments
217 1369 48 31 for
279 1368 127 31 himself
418 1368 101 30 which
534 1368 89 30 made
635 1368 65 30 him
710 1368 208 41 independent

99 1432 35 31 of
145 1432 54 30 the
216 1440 83 21 mere
315 1429 102 31 crowd
433 1434 53 25 out
503 1429 33 30 of
548 1429 95 30 doors.
693 1429 64 30 The
773 1429 96 30 world
886 1429 32 29 in

100 1495 123 39 Europe
247 1490 159 44 generally
428 1490 174 41 nowadays,
619 1490 57 30 but
703 1490 96 30 aboATe
822 1490 40 30 all
885 1490 33 30 in

100 1556 123 34 France,
241 1554 25 30 is
286 1551 162 39 becoming
472 1550 163 40 indulgent
654 1551 33 30 in
710 1550 52 31 the
782 1556 135 25 extreme
