1132 1747
197 104 51 25 236

436 111 83 21 LOVE
541 110 65 22 THE
629 108 159 23 AVENGER.

198 193 33 26 to
254 200 71 21 men
347 190 71 31 who
434 190 80 30 have
537 199 60 20 run
622 198 90 29 away
727 185 79 31 with
827 183 89 32 other
931 179 99 33 men's

198 251 102 37 Avives,
332 252 62 30 and
424 251 91 31 made
546 254 78 27 unto
658 247 188 32 themselves
878 242 151 33 eccentric

198 312 105 31 homes
314 326 7 23 ;
335 314 57 30 but
408 313 70 36 still,
497 312 33 30 in
547 311 81 42 spite
645 309 34 32 of
693 309 41 31 all
750 309 64 30 this
830 305 200 43 indulgence,

198 374 63 30 and
276 385 77 19 even
370 375 32 29 in
419 374 127 37 France,
563 372 112 37 where,
701 382 33 20 as
750 381 46 20 Ave
811 370 81 30 have
908 366 77 38 said,
1003 365 27 32 it

198 435 26 30 is
254 441 142 36 greatest,
429 436 86 30 there
540 435 26 30 is
597 446 18 18 a
646 433 165 31 difference
823 444 7 25 ;
858 431 88 30 there
977 439 51 19 are

198 496 124 42 degrees
337 497 35 31 in
386 497 55 31 the
451 497 165 40 cordiality
629 508 33 18 or
677 494 184 41 familiarity
871 490 157 34 extended

198 558 133 31 toAvards
355 559 87 31 those
468 559 69 30 Avho
564 558 80 31 have
673 555 205 42 overstepped
910 553 117 32 certain

198 619 190 32 boundaries.
446 620 61 31 For
533 621 149 36 instance,
715 630 32 20 so
770 618 75 41 long
868 628 33 19 as
927 616 100 31 Claire

197 692 62 20 was
281 682 187 37 unmarried,
494 682 55 30 her
571 682 102 30 father
693 681 62 31 and
778 679 122 32 mother
920 677 107 31 would

197 742 79 31 have
303 743 74 41 only
403 743 122 30 invited
557 743 42 30 M.
631 743 38 30 de
696 743 145 30 Lancour
868 740 93 31 down
992 744 35 25 to

197 803 155 31 Clavreuil
383 816 39 18 on
447 805 111 40 special
585 805 165 37 occasions,
767 803 111 41 family
904 801 123 44 gather-

196 865 76 41 ings,
289 866 90 30 when
403 866 53 30 the
484 867 106 29 claims
618 867 33 29 of
676 878 18 18 a
720 866 130 41 nepheAV
872 865 63 30 and
959 864 68 30 first

197 927 106 29 cousin
319 927 89 29 could
433 931 55 26 not
514 927 38 30 be
576 927 191 30 overlooked.
817 927 61 29 Till
900 926 54 30 the
970 937 57 19 un-

196 988 156 31 fortunate
376 988 184 31 connection
585 988 78 31 Avith
687 988 146 31 Madame
855 988 39 31 de
911 988 115 31 Motte-

195 1049 63 32 fort
272 1061 63 19 AAras
358 1061 17 19 a
398 1054 110 37 patent
530 1050 62 31 and
616 1050 105 41 public
745 1050 72 38 fact,
839 1050 110 31 Victor
963 1050 63 31 had

195 1111 77 31 been
307 1123 18 19 a
352 1116 63 26 sort
447 1111 34 31 of
503 1112 83 31 elder
608 1112 126 31 brother
759 1117 32 26 to
823 1112 107 37 Claire,
963 1111 63 32 and

195 1172 119 42 though
331 1172 52 31 the
399 1184 196 31 repugnance
610 1177 33 27 to
659 1174 53 30 the
728 1185 91 19 name
835 1174 35 30 of
883 1174 144 30 Lancour

195 1244 72 26 Avas,
292 1244 32 20 as
347 1244 45 20 we
423 1234 101 36 knoAv,
550 1239 107 37 strong
690 1237 33 28 in
757 1236 64 31 this
844 1237 181 41 Legitimist

195 1299 112 32 centre,
324 1294 52 31 the
403 1299 88 37 great
515 1296 138 40 military
681 1297 182 31 distinction
888 1309 71 20 Avon
984 1309 40 19 on

196 1367 32 19 so
259 1367 94 30 many
384 1356 154 30 occasions
564 1356 43 41 by
634 1357 117 38 Victor,
772 1358 61 31 had
858 1359 91 30 made
975 1359 50 32 his

194 1418 89 29 uncle
310 1417 62 30 and
398 1421 77 26 aunt
502 1418 99 40 proud
629 1418 34 30 of
687 1419 64 30 him
777 1420 184 40 personally,
988 1421 34 30 in

194 1480 79 39 spite
300 1479 34 29 of
358 1490 93 29 every
478 1478 88 30 other
590 1480 235 31 consideration.
872 1481 64 31 The
960 1486 63 27 ter-

193 1540 75 30 rible
284 1540 131 29 mistake
433 1539 81 40 (that
537 1551 64 19 was
623 1540 54 31 the
701 1540 80 32 form
800 1541 100 31 under
915 1543 104 32 which
