1132 1747
878 108 52 25 169

300 111 64 21 TEN
386 112 39 21 TO
448 113 62 20 ONE
534 113 41 20 ON
598 114 64 19 THE
686 114 70 19 RED.

109 184 115 42 clearly
238 187 194 32 understand
454 200 49 20 me
526 194 62 37 yet,
612 190 15 30 I
650 201 56 25 see,
730 189 57 31 but
810 188 47 32 I'll
879 200 52 20 ex-

108 246 86 41 plain
216 246 186 44 by-and-by.
448 249 39 31 In
509 250 87 31 those
618 255 84 37 parts
724 250 54 31 the
801 261 130 31 govern-

109 313 86 25 ment
217 314 101 26 Avants
342 321 50 20 me
415 311 138 42 terribly,
578 323 41 19 on
643 317 130 25 account
796 311 35 31 of
851 311 80 31 their

109 369 176 32 difficulties
310 370 77 31 Avith
411 371 54 31 the
489 373 125 41 general
638 373 119 30 council
781 372 150 41 touching

109 430 54 31 the
178 436 87 37 great
287 431 62 31 line
368 432 34 30 of
421 433 133 30 railroad
576 434 76 40 they
668 445 49 19 are
739 433 173 41 projecting
923 445 8 24 ;

111 492 14 30 I
146 492 63 31 had
230 493 74 42 only
319 504 57 20 one
392 494 75 30 visit
490 499 33 25 to
548 495 90 30 make
658 500 33 25 to
711 495 54 30 the
787 495 144 30 Minister

109 554 35 31 of
249 580 6 11 ,
272 555 63 30 and
350 555 42 30 all
407 567 63 18 Avas
486 555 79 31 done
577 568 8 25 ;
608 556 53 30 the
681 556 53 30 old
749 556 181 40 archbishop

110 627 62 19 Avas
186 616 172 40 persuaded
380 616 70 30 that
472 617 38 29 he
533 617 64 30 had
619 617 114 40 always
748 616 114 42 longed
884 616 47 30 for

108 677 49 30 his
180 678 154 41 colleague
358 678 34 30 of
412 678 43 30 St.
476 678 154 37 Germain,
652 690 42 25 so,
711 690 71 19 noAv
796 677 61 31 he's
876 683 54 36 got

107 739 75 37 him,
200 739 61 31 and
277 739 201 42 everybody's
495 745 127 25 content
634 741 5 29 !
681 739 87 42 They
782 739 148 31 bothered

107 811 49 20 me
178 806 33 26 to
236 812 39 31 go
299 801 64 31 and
387 812 50 20 see
459 801 55 31 the
538 800 157 42 Emperor,
716 801 58 31 but
798 801 15 30 I
829 800 101 32 didn't

108 861 92 31 think
222 862 26 31 it
270 873 162 31 necessary
452 867 33 26 to
508 873 39 31 go
569 862 69 31 that
660 862 114 42 length.
822 861 30 33 Is
868 873 62 31 any

108 924 129 29 circular
252 929 56 24 out
323 924 79 29 from
418 924 104 29 Mont-
525 923 153 30 Vivienne
689 924 11 29 ?

181 1046 75 30 And
271 1057 80 19 none
366 1046 66 30 will
448 1057 70 19 ever
533 1057 112 30 appear
779 1046 149 31 chuckled

106 1108 109 29 Henri.

183 1169 105 36 What,
305 1180 63 29 you
387 1180 129 30 suppose
658 1170 66 30 said
746 1170 53 30 the
821 1181 106 31 young

107 1231 166 40 Marquise,
322 1230 70 30 that
414 1230 52 31 the
485 1233 71 29 curd
573 1231 35 30 of
626 1231 157 41 Belespoir
797 1242 63 21 was
875 1231 52 31 the

106 1292 62 31 sole
184 1303 108 19 mover
306 1291 35 30 of
354 1291 183 41 everything
552 1292 84 31 there
649 1293 11 30 ?

183 1353 59 32 I'm
269 1353 116 31 certain
410 1353 34 31 of
544 1354 116 41 replied
687 1354 99 31 Henri
797 1366 8 25 ;
865 1365 62 30 you

106 1417 87 30 leave
219 1415 54 31 the
296 1414 106 32 Mont-
404 1414 152 31 Vivienne
578 1415 108 41 people
708 1419 33 26 to
765 1425 57 20 me.
881 1413 46 32 I'll

106 1478 86 30 drive
216 1488 73 19 over
311 1476 87 31 there
421 1475 101 32 before
545 1475 110 31 dinner
676 1475 63 31 this
761 1486 76 30 very
856 1475 70 41 day,

106 1538 62 30 and
194 1538 47 30 I'll
266 1549 120 19 answrer
407 1536 47 32 for
476 1537 27 31 it
524 1537 76 39 they
615 1536 65 31 Avill
703 1536 132 31 coalesce
850 1536 77 32 with
