1132 1747
909 122 51 26 237

412 128 175 20 EVERYDAY
610 128 77 20 LIFE.

143 201 26 30 it
184 212 64 20 was
263 203 125 31 alluded
403 204 45 41 to)
467 206 180 29 committed
667 206 42 40 by
725 206 65 29 him
805 205 33 29 in
852 204 109 41 regard

143 267 33 26 to
193 263 48 31 his
257 265 141 31 colonel's
419 267 78 37 wife,
514 267 159 30 coincided
688 267 77 30 with
781 267 48 30 his
843 267 119 40 longest

141 325 126 41 sojourn
288 327 33 29 in
340 327 133 42 Algeria,
494 339 32 20 so
544 328 70 31 that
636 328 49 31 till
701 328 98 31 Claire
819 328 140 36 married,

140 386 54 30 she
210 387 63 30 had
288 389 134 40 scarcely
438 400 62 30 any
515 390 201 40 opportunity
732 389 33 31 of
784 389 175 42 remarking

140 448 70 31 that
235 449 55 30 her
313 450 104 30 cousin
434 461 62 20 was
522 451 33 30 in
575 450 58 31 less
651 451 133 30 familiar
804 450 101 31 habits
928 450 34 31 of

139 510 151 41 intimacy
305 511 77 30 with
397 511 54 30 her
466 511 110 40 family
591 511 76 31 than
682 511 108 31 before.

183 571 81 30 Now
289 571 69 30 that
384 571 98 31 Claire
506 582 62 19 was
590 571 142 37 married,
754 571 105 42 things
879 582 79 19 wore

139 632 173 41 altogether
327 632 129 31 another
471 637 110 36 aspect.
617 632 60 31 She
688 632 160 41 depended
863 632 95 40 solely

137 704 42 19 on
209 693 55 30 her
293 693 152 38 husband,
477 693 71 38 and,
580 693 26 30 if
633 693 38 30 he
699 693 88 31 chose
814 693 68 31 that
905 693 53 31 the

139 753 142 31 Vicomte
307 754 38 31 de
369 754 142 31 Lancour
538 754 110 30 should
668 765 70 30 pass
757 754 41 31 all
813 754 52 31 the
882 754 76 41 days

136 814 36 31 of
195 815 50 30 his
264 814 54 31 life
345 816 34 30 in
396 816 49 30 his
468 816 104 36 house,
589 826 40 20 no
654 826 57 20 one
730 827 40 19 on
795 815 86 31 earth
896 815 62 30 had

137 876 155 42 anything
321 880 33 26 to
380 887 56 30 say
467 876 94 30 about
589 876 33 30 it.
678 876 130 31 Victor's
837 876 120 41 private

137 937 104 31 affairs
257 948 78 20 were
355 948 71 20 now
447 937 110 41 tacitly
572 937 127 42 ignored
714 937 42 41 by
772 936 182 42 everybody.

140 999 60 30 His
219 999 151 35 regiment
389 1009 62 20 Avas
469 998 177 36 garrisoned
668 1003 32 25 at
724 998 103 36 Tours,
848 997 108 31 within

136 1072 22 18 a
173 1061 97 29 dozen
285 1060 123 41 leagues
431 1059 34 31 of
485 1059 198 42 everybody's
707 1059 158 37 chateaux,
884 1070 73 19 near

138 1122 124 41 enough
277 1126 32 26 to
324 1121 110 30 render
450 1121 39 30 its
504 1132 142 30 presence
661 1120 156 36 avaflable,
834 1120 62 31 and
909 1120 48 31 far

137 1183 125 41 enough
285 1183 45 29 off
348 1187 32 25 to
401 1182 124 41 destroy
544 1182 40 30 all
606 1182 154 41 necessity
778 1181 48 31 for
843 1182 113 41 prying

137 1246 67 29 into
220 1245 54 29 the
296 1244 110 40 famdy
421 1244 76 29 liAres
512 1243 34 30 of
566 1244 39 29 its
627 1243 122 36 officers,
765 1254 33 19 so
818 1243 69 30 that
903 1243 52 30 the

138 1306 142 31 Vicomte
302 1316 63 19 was
389 1305 145 40 accepted
554 1305 43 41 by
611 1305 53 30 the
687 1305 219 40 surroundings
925 1305 33 29 of

136 1367 50 31 his
208 1377 71 20 new
304 1366 137 42 garrison
463 1377 32 19 as
519 1377 17 18 a
558 1371 80 25 most
653 1366 143 30 welcome
815 1366 140 30 addition

136 1433 33 26 to
185 1428 54 31 the
260 1427 116 41 society
392 1427 34 30 of
445 1427 52 30 the
521 1426 209 42 Department.
776 1427 73 29 And
872 1427 83 30 what

135 1490 125 31 became
290 1488 34 32 of
349 1488 144 31 Madame
517 1488 38 30 de
579 1488 171 38 Mottefort,
775 1488 100 31 where
901 1488 52 31 she

136 1562 70 26 was,
220 1562 34 20 or
269 1550 147 37 whether,
434 1549 120 38 indeed,
567 1549 53 31 the
636 1548 233 42 semi-conjugal
885 1560 69 20 con-
