1132 1747
196 115 52 27 132

430 119 80 21 LOVE
534 118 64 21 THE
620 115 161 23 AVENGER.

194 198 113 41 during
336 196 53 32 the
423 194 184 32 restoration
637 193 43 41 by
711 190 140 32 Maurice
883 188 38 31 de
952 185 70 32 Mo-

195 258 116 42 ranges'
349 257 129 31 mother.
543 255 64 31 The
652 254 162 31 dominion
857 248 166 38 exercised,

195 320 150 37 hoAvever,
363 319 43 41 by
417 318 54 31 the
487 316 141 42 Marquis
644 326 74 21 over
733 315 48 31 his
797 311 227 42 surroundings

195 392 62 20 was
284 392 40 19 an
357 379 187 31 undeniable
576 389 76 25 one;
692 376 72 38 and,
791 375 63 31 had
885 374 39 30 he
955 383 68 31 pre-

195 442 108 32 sented
323 441 126 31 himself
471 452 33 19 as
532 452 17 19 a
570 439 175 38 candidate,
764 438 38 31 he
819 436 105 32 would
945 436 79 30 have

196 503 116 32 carried
336 503 53 32 the
410 503 98 31 entire
532 502 198 41 department
751 500 79 30 Avith
855 499 67 31 him
935 509 5 20 :
969 508 54 19 no-

195 567 91 40 thing
311 565 90 31 could
423 565 78 31 have
522 563 129 32 resisted
675 563 75 31 him.
799 563 64 29 But
883 561 63 30 this
960 570 64 21 was

196 639 17 18 a
243 627 110 41 purely
382 626 142 42 personal
558 624 161 38 influence,
753 624 63 31 and
847 622 104 31 rested
982 632 41 20 on

195 689 94 31 social
304 699 189 29 supremacy,
512 688 62 30 and
590 687 140 31 Parisian
746 690 116 38 repute.

239 751 44 30 At
298 751 267 37 Mont-Vivienne,
577 750 103 30 which
691 748 149 41 occupied
855 748 53 30 the
921 746 102 32 whole

195 812 236 31 north-western
448 812 166 40 extremity
631 810 33 31 of
677 811 54 30 the
747 810 158 41 province,
923 819 64 20 Avas
1003 819 19 20 a

194 872 181 43 stronghold
394 872 33 31 of
448 872 84 31 Avhat
550 872 102 42 might
673 872 96 41 easily
796 871 79 30 have
897 870 79 31 been
978 889 43 2 —

195 935 56 31 but
274 945 95 20 never
394 945 62 20 Avas
459 953 41 2 —
501 933 211 42 independent
738 933 169 41 authority.
956 933 65 30 The

195 995 70 31 Due
290 995 38 31 de
344 995 162 37 Vivienne,
523 1007 18 19 a
556 995 70 31 hale
645 999 175 38 sportsman
839 994 76 41 (and
937 994 83 31 little

197 1055 73 41 else)
289 1056 33 31 of
344 1057 94 40 sixty,
456 1067 62 21 was
537 1057 33 29 in
589 1056 53 31 the
670 1056 182 42 enjoyment
868 1055 35 31 of
923 1066 98 21 some-

196 1117 91 42 thing
316 1117 63 31 like
409 1117 112 31 tweh^e
555 1117 144 31 hundred
729 1117 158 31 thousand
917 1116 104 32 francs

198 1177 85 43 (nigh
300 1189 39 20 on
355 1178 71 41 fifty
438 1178 156 31 thousand
609 1179 123 41 pounds
745 1178 144 42 sterling)
901 1190 105 30 a-year
1013 1191 7 24 ;

195 1244 54 37 yet
263 1239 48 31 his
332 1240 89 30 usual
439 1240 242 41 predominance
702 1241 33 29 in
750 1241 54 30 the
824 1246 119 36 county
958 1253 65 19 was

196 1301 117 41 utterly
344 1301 265 41 disproportioned
632 1306 33 26 to
697 1303 75 30 such
802 1314 157 20 resources
990 1315 33 19 as

195 1362 50 31 his
267 1362 122 31 fortune
415 1363 160 40 supposed.
623 1363 64 31 The
706 1363 170 32 Viviennes
896 1364 64 32 had
981 1376 42 21 no

196 1424 138 41 political
361 1424 141 40 opinions
524 1423 166 33 whatever.
738 1424 88 42 They
844 1425 179 41 patronised

196 1485 187 42 legitimism,
399 1485 128 30 because
548 1484 69 33 that
642 1496 64 20 Avas
724 1485 52 32 the
795 1497 112 30 proper
931 1486 92 43 thing

195 1553 36 26 to
253 1546 38 31 do
307 1559 5 23 ;
338 1546 56 32 but
409 1546 76 41 they
500 1557 87 26 were,
604 1547 33 30 in
659 1547 121 41 reality,
800 1548 74 40 only
891 1548 130 32 clerical.
