1132 1747
156 109 33 25 12

392 114 82 20 LOVE
498 113 64 21 THE
585 109 160 23 AVENGER.

156 192 117 32 confide
290 192 40 32 all
355 191 67 32 that
446 190 26 31 is
499 187 115 44 painful
639 186 61 32 and
719 178 210 38 irretrievable
951 176 30 32 in

155 265 53 30 my
245 253 172 39 existence;
449 252 55 31 but
535 250 51 31 the
619 246 117 34 eternal
769 248 118 38 system
919 250 62 20 was

154 315 150 43 practised
325 314 73 32 Avith
414 325 61 30 you
492 324 32 19 as
546 309 73 33 with
635 309 40 32 all
692 308 112 32 others.
852 304 30 32 A
897 314 84 28 man,

155 389 91 29 —no,
264 389 17 19 a
305 376 128 39 fortune,
451 386 18 20 a
492 385 100 28 name,
623 383 39 19 an
684 374 106 34 estate,
814 378 64 20 Avas
898 364 83 33 fixed

154 450 89 30 upon,
272 437 60 32 and
369 447 78 31 your
481 432 235 34 establishment
750 441 63 20 Avas
844 425 137 45 planned

155 504 51 26 out
223 499 58 31 and
298 497 146 33 achieved
459 510 5 28 ;
489 508 61 30 you
567 507 94 19 never
681 493 119 31 dreamt
817 490 35 32 of
874 488 106 33 resist-

154 573 83 28 ance,
255 572 39 19 no
311 571 57 20 one
392 570 71 20 ever
480 558 118 32 dreamt
614 557 36 31 of
660 555 145 41 rescuing
820 564 62 31 you
894 565 7 27 ;
926 551 54 32 the

154 633 82 20 same
264 620 89 42 thing
379 619 61 32 had
463 619 78 32 been
565 618 78 31 done
667 617 46 31 for
739 614 154 33 centuries
919 612 60 33 and

154 681 164 32 submitted
345 686 31 26 to
407 680 40 42 by
471 679 175 42 everybody
670 677 102 31 whom
804 675 176 42 everybody

153 744 62 31 else
239 755 71 20 ever
326 743 98 39 knew,
442 741 60 32 and
518 739 154 33 therefore
700 739 68 41 why
791 738 110 32 should
917 749 62 31 you

154 805 36 31 be
212 817 39 19 an
276 804 168 42 exception.
491 803 72 31 Had
587 803 14 30 I
625 802 79 31 been
728 801 82 40 here,
837 800 110 41 Claire,
965 800 16 32 I

154 866 100 31 Avould
284 866 77 30 have
394 864 148 42 appealed
568 869 32 26 to
627 875 69 30 you,
725 863 61 31 and
811 863 169 42 prevented

154 926 52 32 the
231 926 144 40 sacrifice,
392 926 45 31 for
462 937 59 29 you
549 937 80 19 were
656 925 101 31 better
779 924 101 32 worth
904 924 74 32 than

155 987 75 40 that,
242 999 51 30 my
308 999 83 30 poor,
404 987 73 31 dear
493 987 106 31 cousin
601 1006 42 3 —
645 991 32 27 at
693 986 40 32 all
750 991 116 35 events,
878 986 100 32 better

155 1048 98 30 worth

366 1121 74 30 very
466 1109 77 32 little
570 1120 79 29 now,
675 1109 38 31 do
744 1120 61 30 you
829 1121 90 21 mean
946 1115 31 27 to

155 1170 95 42 imply
260 1171 14 31 ?
325 1170 171 32 demanded
526 1170 53 32 the
611 1170 163 42 Marquise,
805 1171 57 32 but
892 1184 85 20 more

155 1231 31 31 in
202 1231 123 31 sadness
342 1231 75 31 than
434 1231 30 31 in
480 1242 103 28 anger.

231 1292 60 40 No,
320 1291 110 40 Claire,
578 1291 134 42 rejoined
738 1293 115 41 Victor,
905 1296 14 30 I
941 1296 39 32 do

156 1358 54 27 not
225 1365 89 20 mean
331 1353 149 41 anything
496 1352 33 32 of
546 1352 52 33 the
616 1358 71 35 sort,
706 1354 58 31 and
780 1355 14 30 I
807 1356 61 30 will
884 1368 96 29 prove

157 1413 24 33 it
194 1418 33 27 to
243 1425 69 30 you.
345 1413 15 31 I
376 1424 49 21 am
441 1418 54 27 not
511 1413 30 31 in
557 1413 72 42 pain
645 1413 46 32 for
706 1414 83 32 what
805 1416 52 31 the
874 1418 105 40 Avorld,

157 1474 161 41 unworthy
333 1485 34 21 as
384 1474 23 32 it
422 1474 25 32 is
464 1479 31 27 to
506 1474 106 42 judge,
631 1474 59 32 will
706 1475 58 32 call
780 1488 77 29 your
872 1479 108 33 Avorth.

159 1535 15 32 I
191 1546 48 21 am
261 1534 31 32 in
314 1534 71 42 pain
404 1534 45 32 for
464 1546 78 31 your
557 1534 173 43 happiness.
778 1537 154 41 Marriage
949 1551 33 22 as
