1132 1747
192 122 53 27 276

431 128 82 20 LOVE
537 127 64 21 THE
624 124 160 22 AVENGER.

193 210 209 27 countenance
425 211 57 26 not
505 204 151 42 precisely
680 201 177 42 reassuring
868 212 8 26 ;
974 211 49 19 am

192 267 41 30 all
258 267 57 31 but
340 267 116 31 certain
480 267 38 30 he
539 277 63 20 was
627 265 87 31 there
715 283 45 3 —
761 263 15 31 I
795 262 94 32 could
911 262 112 30 almost

192 339 96 19 SAvear
303 334 33 24 to

270 390 70 38 But,
357 402 62 31 you
435 391 102 37 knoAv,
556 389 14 31 I
588 400 63 20 Avas
666 392 57 28 not
738 392 33 27 at
787 386 168 42 Homburg
970 385 53 32 the

192 451 100 32 whole
307 452 75 31 time
384 472 42 2 —
428 452 15 31 I
459 456 83 27 Avent
563 462 73 20 over
654 455 33 27 to
707 450 109 31 Baden
832 460 78 30 very
927 448 95 38 often,

192 512 62 32 and
267 517 32 27 at
314 513 60 31 last
386 513 81 31 staid
482 513 86 31 there
579 525 8 24 ;
607 512 129 37 besides,
750 522 56 31 my
818 510 74 31 dear

193 574 52 43 (he
271 587 64 19 Avas
360 577 122 41 getting
508 576 74 30 bold
608 574 94 42 noAv),
764 574 86 30 Avhat
877 572 146 43 jealousy

191 637 90 31 could
297 649 62 28 you
375 638 78 30 have
470 638 34 30 of
616 638 10 29 ?

468 698 114 31 echoed
598 698 48 30 his
662 698 99 37 uncle,
776 697 108 42 trying
899 701 33 26 to
949 696 73 31 look

189 759 102 42 proud
306 760 62 31 and
383 759 187 38 indifferent,
618 759 143 42 jealousy
773 760 5 29 !
803 759 71 30 Avho
891 758 83 31 talks
990 758 34 30 of

186 821 142 42 jealousy
341 823 10 30 ?
396 821 15 31 I
433 821 111 31 should
568 821 92 31 think
680 825 65 34 not,
766 820 114 32 indeed
881 840 44 2 —
925 820 58 31 but
1006 820 15 31 I

189 883 64 31 A\ill
277 888 56 26 not
356 883 79 31 have
457 883 55 31 her
535 884 33 30 ill
594 883 118 42 spoken
734 882 33 31 of
767 902 42 2 —
810 883 63 31 and
898 883 15 30 I
938 883 83 31 have

188 955 54 31 my
258 956 122 19 reasons
396 945 47 30 for
458 945 85 30 what
566 945 14 30 I
605 956 63 30 say,
690 945 63 30 and
774 945 72 30 that
869 945 27 30 is
911 945 76 41 why
1003 945 15 30 I

187 1005 79 31 have
279 1006 130 30 decided
424 1011 34 25 to
473 1011 81 25 trust
569 1017 71 30 you.
688 1006 73 30 Just
776 1006 95 31 listen
887 1011 33 26 to
935 1007 64 30 this
1011 1019 5 19 :

187 1067 61 32 last
263 1068 77 41 July
356 1068 14 30 I
386 1079 63 20 was
473 1068 33 30 in
527 1068 97 38 Paris,
642 1068 64 31 and
730 1080 86 19 came
841 1069 92 30 home
959 1080 59 20 one

188 1129 92 42 night
295 1130 107 31 earlier
416 1130 80 30 from
512 1129 53 32 the
582 1129 70 31 club
667 1129 78 32 than
761 1141 63 20 was
840 1141 56 32 my
911 1135 87 27 wont
1010 1144 6 24 ;

187 1190 55 31 the
258 1190 71 31 date
344 1191 25 30 is
385 1190 83 32 fixed
484 1191 32 30 in
532 1202 55 31 my
603 1202 148 31 memory,
769 1192 26 30 it
806 1203 64 20 was
881 1192 54 31 the
949 1196 17 27 6
971 1192 45 31 th.

189 1252 125 32 Instead
331 1252 33 31 of
382 1253 95 42 going
496 1264 44 30 up
555 1253 54 31 the
624 1257 88 38 great
728 1254 154 38 staircase,
901 1254 15 30 I
932 1259 84 26 went

187 1314 136 42 through
341 1314 53 31 the
419 1314 212 42 ground-floor
653 1326 111 26 rooms,
789 1320 33 26 to
842 1316 55 31 the
922 1317 96 41 spiral

187 1377 145 30 staircase
347 1376 80 30 from
442 1375 54 31 the
511 1376 118 41 library
644 1381 33 26 to
692 1377 54 30 the
758 1377 159 31 first-floor
920 1397 41 3 —
961 1378 55 31 the

188 1438 135 30 Avindow
338 1438 34 30 of
391 1438 53 30 the
459 1439 247 41 morning-room
722 1450 63 20 was
809 1450 80 31 open
910 1444 34 27 to
961 1440 56 31 the

188 1500 126 41 garden,
331 1499 62 30 and
409 1510 40 19 on
464 1499 54 31 the
533 1500 83 30 laAvn
632 1500 15 30 I
663 1511 63 20 saw
741 1500 54 32 the
811 1501 127 31 shadoAv
951 1501 35 32 of
999 1513 17 20 a

188 1571 74 20 man
282 1560 94 42 going
396 1560 91 31 down
503 1560 54 31 the
573 1560 81 32 walk
670 1562 136 31 toAvards
826 1562 54 31 the
900 1563 119 40 garden
