1132 1747
188 108 54 25 268

433 114 83 20 LOVE
538 112 65 22 THE
626 110 160 23 AVENGER.

191 191 144 42 opinion;
359 193 25 30 it
405 203 64 20 Avas
492 191 142 42 pleasant
655 186 127 44 beyond
807 182 157 44 anything
987 181 39 30 he

189 253 63 32 had
268 265 71 20 eA^er
359 253 211 43 experienced.
619 253 64 30 But
704 251 25 30 it
746 259 64 23 was
834 259 80 20 over.
964 245 62 31 For

190 327 72 20 ever
282 328 79 19 over.
410 316 82 31 Well
505 318 5 29 !
536 314 150 39 Olivier's,
705 312 103 32 Avhich
828 320 64 22 was
914 320 17 20 a
946 319 78 30 very

189 378 147 42 ordinary
366 383 120 33 nature,
630 377 54 31 the
877 384 33 19 as
941 371 25 31 it
998 370 26 31 is

190 440 97 30 called
311 440 132 42 (though
469 440 54 31 the
544 444 86 26 truer
651 437 177 43 expression
852 433 106 32 would
984 432 39 32 be

310 502 53 30 the
571 501 35 30 of
641 500 41 30 all
719 499 72 37 this,
826 496 63 32 and
920 496 102 36 when,

189 564 118 42 having
343 563 131 32 decided
512 568 32 26 to
582 568 52 36 try
664 562 54 30 the
757 559 201 32 distractions
993 557 33 31 of

190 625 135 31 German
345 624 277 43 watering-places,
643 623 38 31 he
702 622 100 31 found
823 621 54 31 the
900 620 123 42 Sphinx

190 687 33 30 in
249 687 53 30 the
327 698 83 19 same
441 691 86 26 toAvn
557 684 78 33 with
666 683 134 38 himself,
831 683 40 30 he
903 681 121 42 quietly

189 748 141 30 reverted
354 753 33 25 to
406 748 53 30 the
484 747 103 31 habits
610 746 39 31 he
674 746 63 31 had
758 745 186 42 suspended,
967 749 57 26 not

188 810 116 30 broken
320 810 50 37 off,
387 809 63 30 and
474 808 156 42 managed
644 812 33 27 to
693 818 71 31 pass
784 806 50 31 his
849 806 79 32 time
950 806 33 30 in
1005 817 17 19 a

188 875 64 25 sort
267 871 35 29 of
315 871 155 29 imitation
516 870 87 30 affair
620 870 33 30 of
666 870 53 30 the

232 931 63 31 But
316 932 92 30 Avhen
431 932 38 30 he
493 943 86 19 came
600 931 79 31 back
698 931 64 30 and
781 942 64 19 saAv
869 930 100 31 Claire
988 929 33 31 in

187 993 54 31 the
271 1004 69 20 new
377 993 95 42 phase
503 993 34 31 of
571 993 56 31 her
657 993 126 41 beauty,
816 993 26 29 it
873 1003 64 19 was
966 991 55 30 her

187 1055 117 42 beauty
331 1056 76 41 only
431 1056 71 31 that
532 1055 106 31 struck
668 1054 77 38 him,
774 1054 64 31 and
867 1054 65 30 this
956 1065 65 19 was

188 1116 171 43 altogether
391 1128 18 19 a
439 1128 69 20 neAV
541 1116 151 31 situation
717 1120 33 27 to
777 1116 77 37 him,
887 1115 63 31 and
981 1115 38 30 he

188 1177 90 31 could
298 1182 55 27 not
378 1178 86 41 quite
492 1177 193 31 understand
709 1178 32 31 it.
791 1177 104 31 When
917 1177 44 31 M.
980 1176 39 32 de

187 1238 186 31 BeauA'oisin
398 1239 91 30 made
508 1251 43 29 up
568 1240 48 29 his
635 1240 90 29 mind
749 1245 34 25 to
803 1239 55 30 ask
883 1240 49 29 his
947 1239 72 30 Avife

187 1301 47 30 for
246 1301 66 41 just
328 1313 59 19 one
403 1306 73 26 turn
493 1302 33 30 of
548 1314 18 18 a
582 1303 102 37 Avaltz,
701 1302 39 31 he
762 1303 64 30 had
850 1303 61 30 lost
934 1303 85 41 sight

188 1363 184 42 completely
388 1363 34 30 of
441 1363 54 31 the
518 1363 221 42 high-minded
760 1365 162 41 sovereign
944 1363 75 44 lady

187 1430 33 26 to
235 1424 102 31 whose
360 1424 205 42 approbation
588 1425 63 31 and
674 1425 133 42 perhaps
831 1436 78 20 even
928 1425 90 31 affec-

188 1486 66 31 tion
270 1486 38 31 he
324 1486 63 31 had
409 1486 86 38 been,
519 1498 17 19 a
552 1486 60 31 few
627 1487 127 31 months
776 1487 190 42 previously,
984 1498 34 20 so

188 1546 124 41 pleased
336 1551 33 27 to
393 1547 94 41 fancy
506 1547 38 31 he
569 1548 102 40 might
696 1549 109 39 aspire,
830 1549 64 30 and
915 1549 103 31 whose
