1132 1747
315 116 63 22 TEN
399 117 39 21 TO
462 117 62 21 ONE
547 118 43 21 ON
612 118 63 21 THE
698 119 69 20 RED.

899 115 51 24 161

129 201 41 20 no
186 193 183 30 connection
396 193 78 31 Avith
496 194 34 32 it.
575 194 49 32 He
647 194 92 32 knew
754 195 78 37 that,
850 206 33 20 as
905 196 45 30 far

129 263 34 20 as
188 253 54 31 the
267 254 122 41 Sphinx
413 266 63 20 was
504 256 177 38 concerned,
698 256 39 31 he
761 267 72 26 was,
858 267 32 20 as
912 256 37 31 he

128 314 64 31 had
215 316 183 42 practically
418 316 158 32 described
601 317 34 38 it,
742 317 47 31 for
888 316 62 32 and

128 375 63 33 this
221 388 65 20 was
316 378 159 36 agreeable
510 379 123 35 enough
666 390 33 19 so
728 379 75 35 long
833 389 33 19 as
896 378 52 30 the

129 437 123 42 Sphinx
268 439 62 30 and
346 440 39 30 he
407 451 77 19 were
506 440 141 41 together
660 453 7 24 ;
690 440 66 37 but,
773 451 75 19 once
864 451 84 30 sepa-

127 500 90 31 rated
246 500 80 31 from
352 501 53 30 the
433 501 101 41 object
559 501 34 30 of
615 501 93 38 what,
734 502 43 40 by
805 501 144 41 ordinary

127 566 178 36 spectators,
318 563 105 29 would
435 563 78 30 have
529 563 77 30 been
622 563 119 30 termed
756 563 47 29 his
815 563 131 40 passion,

128 622 38 31 he
182 622 135 36 thought
332 634 41 19 no
388 634 84 18 more
489 623 34 29 of
535 623 61 30 her.

171 682 15 31 I
201 688 106 36 repeat
327 683 34 38 it,
389 683 100 31 Claire
514 684 209 30 embarrassed
746 684 66 30 him
814 702 42 3 —
856 684 90 30 made

126 743 66 31 him
221 755 120 31 uneasy
353 756 9 25 ;
386 745 72 37 and,
490 745 79 41 spite
599 745 35 30 of
660 745 54 30 her
743 745 203 41 undeviating

126 806 183 42 gentleness,
324 806 169 41 impressed
507 817 85 30 upon
607 806 66 30 him
689 817 17 19 a
721 806 123 30 terrible
860 817 86 19 sense

126 867 33 30 of
171 867 182 41 inferiority.
402 867 50 30 He
478 867 55 30 did
554 872 55 25 not
629 867 62 30 like
713 867 63 30 this
776 886 43 3 —
820 878 39 20 no
874 878 72 20 man

126 928 72 30 does
199 946 43 4 —
243 928 71 37 and,
347 939 33 19 as
411 928 14 30 I
457 939 56 30 say
542 928 101 42 again,
673 928 39 31 he
743 928 129 31 avoided
897 928 48 30 his

125 989 95 32 wife's
236 1000 152 30 presence.

168 1050 74 30 This
258 1050 25 30 it
298 1061 64 19 was
378 1049 101 31 which
496 1061 62 19 w^as
574 1049 121 31 altered.

168 1112 84 31 First
268 1111 63 31 and
353 1111 154 38 foremost,
525 1111 121 31 Claire's
666 1111 116 42 beauty
796 1111 62 31 had
873 1110 70 31 sud-

125 1173 95 42 denly
236 1172 106 32 struck
357 1172 66 31 him
438 1172 133 32 without
595 1173 175 42 overaAving
794 1184 33 19 or
850 1172 93 31 freez-

123 1237 55 41 ing
204 1236 73 29 him.
327 1234 31 31 It
383 1246 64 19 was
470 1246 19 19 a
513 1235 101 41 genial
638 1235 179 40 impression
841 1233 101 32 which

121 1297 56 31 her
207 1297 99 30 whole
336 1296 94 42 being
458 1297 90 30 made
578 1308 83 29 upon
684 1297 65 30 him
775 1296 88 30 Avhen
888 1296 53 29 she

121 1358 90 32 stood
226 1369 44 31 up
286 1358 62 31 and
364 1358 73 31 took
452 1358 48 31 his
515 1363 78 37 part,
605 1358 167 31 associated
787 1357 66 30 him
864 1356 77 30 Avith

121 1420 63 38 her,
202 1419 98 32 called
325 1419 66 30 him
414 1419 55 30 her
491 1419 149 38 husband,
666 1419 54 30 did
742 1422 55 26 not
820 1416 121 31 disdain

120 1488 32 25 to
182 1482 149 42 proclaim
363 1480 114 32 herself
508 1491 57 20 one
591 1480 76 32 with
697 1480 72 30 him.
825 1477 30 30 It
880 1488 63 19 was

120 1555 78 26 new,
231 1544 62 30 and
328 1544 27 30 it
382 1553 65 21 was
479 1541 173 42 delightful,
684 1540 62 31 and
778 1539 37 30 he
851 1538 89 31 could

840 1606 16 14 11

175 1610 52 14 VOL.
241 1611 24 13 II.
