1132 1747
235 104 51 25 144

473 110 82 21 L0ATE
578 110 64 21 THE
667 108 158 23 AVENGER.

231 188 147 43 wending
407 188 49 31 his
480 199 71 32 way
578 199 39 19 on
645 188 66 30 foot
740 185 137 32 toAvards
908 183 53 32 the
992 182 72 32 sub-

229 251 178 42 prefecture.
456 251 64 30 The
545 249 189 42 sub-prefect
749 259 65 21 was
837 252 56 27 not
909 251 33 27 at
960 246 102 37 home,

228 312 58 31 but
308 312 54 31 the
385 312 160 30 conseiller
560 311 39 31 de
622 311 175 42 prefecture
814 320 73 27 Avas,
904 308 64 32 and
985 308 77 30 Avith

227 375 63 30 this
313 386 105 30 young
441 374 139 41 aspirant
595 373 47 31 for
657 372 252 31 administrative
925 371 136 31 honours

226 436 54 32 the
301 447 71 21 cure
388 436 62 31 had
468 436 104 30 rather
591 447 17 19 a
631 436 84 41 long,
732 435 63 31 and
811 446 47 19 we
874 434 65 31 Avill
959 433 101 31 there-

225 497 64 32 fore
316 497 87 42 hope,
429 508 17 20 a
465 497 101 31 useful
589 497 224 31 conversation.
863 496 30 31 It
909 506 64 20 was
996 495 63 31 late

225 560 33 31 in
284 560 53 31 the
360 559 160 32 afternoon
536 559 91 32 Avhen
650 560 54 31 the
727 561 72 30 cure'
821 558 92 43 fairly
932 563 47 27 set
1003 563 55 26 out

225 633 40 19 on
291 622 49 30 his
366 622 90 30 home
476 622 134 41 journey
632 621 136 31 toAvards
799 620 167 43 Belespoir,
992 620 64 31 and

224 683 52 31 the
297 683 59 31 last
376 683 86 41 place
479 682 100 32 where
595 683 38 30 he
649 683 62 30 had
727 683 100 30 called
842 683 33 30 in
891 682 162 41 Malleray,

223 756 63 19 Avas
301 750 33 26 at
348 745 54 30 the
418 745 262 41 sub-prefectorial
702 744 251 43 printing-office.
1003 744 50 31 He

222 807 81 31 staid
333 807 85 31 there
448 807 47 31 for
525 806 95 32 about
646 817 18 20 a
691 812 125 37 quarter
841 806 34 32 of
899 818 40 20 an
962 806 88 38 horn',

221 868 134 31 closeted
370 867 76 31 Avith
462 867 53 31 the
532 867 132 31 director
680 867 34 31 of
736 868 54 31 the
806 867 245 38 establishment,

220 929 63 31 and
302 929 94 32 about
411 940 40 20 an
478 929 78 31 hour
572 928 78 32 after
673 930 39 31 he
738 930 64 31 had
826 929 66 38 left,
909 930 54 31 the
980 941 70 20 con-

219 991 100 30 seiller
340 991 38 30 de
408 990 173 42 prefecture
606 991 63 30 also
695 992 75 40 paid
797 1003 18 19 a
835 992 75 31 visit
937 997 33 26 to
997 992 53 31 the

218 1052 67 30 said
311 1052 131 30 director
466 1052 63 30 and
552 1051 73 31 held
655 1053 122 40 private
802 1064 145 20 converse
973 1054 77 31 Avith

218 1111 73 32 him.

260 1174 64 30 The
354 1174 119 41 subject
500 1174 34 30 of
560 1175 81 30 their
672 1176 161 31 interview
860 1178 123 31 seemed
1014 1184 31 25 to

216 1236 78 29 have
324 1235 77 30 been
439 1246 17 18 a
494 1235 139 40 pleasant
672 1248 66 26 one,
770 1237 47 31 for
847 1239 91 31 Avhen
970 1240 75 41 they

215 1296 161 42 separated
398 1296 75 30 both
490 1298 152 40 appeared
661 1298 171 44 internally
847 1303 128 30 amused
1002 1303 43 43 by

216 1369 81 21 some
313 1358 105 40 happy
434 1358 100 40 fancy.

290 1419 30 31 It
340 1419 26 32 is
385 1419 54 30 the
459 1424 86 36 story
561 1419 34 31 of
613 1420 54 32 the
689 1427 105 36 oyster
811 1434 73 21 over
903 1426 92 41 again
1011 1428 5 30 !

214 1481 66 31 said
302 1480 53 32 the
377 1480 240 43 printing-office
640 1482 143 40 director,
808 1496 32 20 as
863 1486 38 32 he
932 1490 110 39 parted

213 1543 78 31 from
318 1543 47 31 his
384 1543 107 31 visitor
502 1555 7 24 ;
564 1544 73 30 each
661 1546 34 30 of
714 1546 86 32 these
824 1547 136 35 clericals
976 1553 66 31 will
