1132 1747
887 104 31 27 71

351 110 78 22 DUST
452 111 35 21 IN
508 111 64 21 THE
595 111 87 21 EYES.

108 183 105 32 health
213 203 44 3 —
257 185 25 31 it
296 186 104 30 would
415 187 37 30 be
467 197 72 30 easy
550 191 33 26 to
599 186 48 38 do,
665 185 61 31 and
740 196 62 31 you
817 185 102 31 would

108 244 37 31 be
160 244 62 32 free
237 247 91 40 again
343 248 33 29 in
392 259 39 19 no

183 306 15 31 I
363 309 156 31 answered
531 309 157 37 Claudine,
699 309 33 29 in
741 319 18 19 a
767 308 59 30 low
838 312 81 33 tone,

109 366 58 32 but
182 369 131 41 quietly;
369 371 26 29 it
409 371 26 29 is
450 370 123 41 beyond
587 381 54 30 my
655 369 139 42 strength
816 373 32 26 to
870 373 50 37 try

110 428 63 31 and
188 429 93 30 break
296 430 77 30 Avith

154 550 30 31 A
199 550 80 31 little
305 551 77 30 later
405 551 42 30 M.
475 551 38 30 de
537 551 162 41 Moranges
725 550 123 31 entered
870 549 52 31 the

109 623 95 26 room,
222 613 62 29 and
306 613 78 30 after
398 624 19 19 a
430 613 60 31 few
509 613 124 41 phrases
656 613 176 41 exchanged
847 614 75 29 with

111 672 150 31 Claudine
282 673 61 30 and
362 673 55 30 her
439 674 273 41 lady-in-waiting,
729 674 37 30 he
781 674 141 41 inquired

111 734 84 30 what
209 734 81 30 their
305 734 89 41 plans
409 746 78 19 were
501 735 48 30 for
563 735 53 30 the
632 735 138 40 evening.

185 794 45 31 As
246 795 43 29 M.
314 795 28 30 le
362 794 138 42 Marquis
524 795 86 30 dines
632 795 34 30 in
692 795 52 30 the

108 856 173 40 responded
305 856 82 30 Mile,
416 856 38 30 de
479 856 218 40 Mourjonville
708 868 7 24 ;
780 856 142 30 Madame

110 917 63 30 had
187 916 135 42 thought
348 916 34 30 of
404 916 111 41 taking
531 927 18 18 a
562 916 61 30 box
642 920 32 26 at
688 916 53 30 the
758 915 163 41 Gymnase,

110 978 64 31 and
197 978 94 41 going
315 982 32 25 to
373 988 47 19 see
444 977 53 30 the
522 988 69 19 new
616 977 82 40 play,
721 977 77 30 with
820 977 42 30 M.
886 978 36 30 de

110 1039 163 36 Vivienne,
291 1038 41 30 M.
352 1038 37 30 de
406 1038 146 37 Mauriac,
570 1037 62 30 and
646 1037 42 31 M.
708 1037 37 30 de

186 1096 159 31 Florestan
361 1095 38 31 de
414 1095 116 32 Nesves
544 1095 11 31 ?
597 1095 95 31 asked
705 1095 53 31 the
773 1095 148 41 Marquis,

109 1158 135 41 sharply,
272 1157 62 31 and
357 1156 75 32 then
456 1156 77 31 with
557 1167 19 20 a
600 1156 88 31 smile
709 1156 69 31 that
804 1157 118 30 seemed

108 1219 154 31 somehow
288 1217 233 42 premeditated,
580 1216 38 32 he
645 1216 93 31 dined
771 1216 71 31 here
870 1217 52 31 the

108 1281 63 41 day
186 1279 100 31 before
505 1277 100 32 added
621 1277 46 38 he,
717 1277 62 31 and
793 1282 82 27 went
891 1282 31 27 to

107 1341 54 31 the
176 1352 92 29 opera
283 1340 33 30 in
332 1351 78 30 your
424 1339 61 31 box
500 1338 61 32 last

289 1401 101 38 know,
430 1400 42 31 M.
512 1400 28 31 le
776 1398 145 32 observed

107 1464 129 40 blandly
251 1463 83 30 Mile,
358 1462 38 30 de
418 1461 219 42 Mourjonville
650 1472 7 25 ;
714 1459 42 31 M.
773 1460 29 30 le
818 1459 106 32 Comte

107 1525 39 32 de
162 1525 117 31 Nesves
294 1535 63 20 was
380 1535 33 19 so
428 1534 75 29 very
518 1522 79 31 kind
611 1522 53 31 the
687 1521 87 32 other
787 1521 90 42 night
893 1526 31 26 at
