1132 1747
877 99 15 25 3

345 104 146 21 KINDRED
515 105 106 21 MINDS.

116 178 101 33 Claire
244 178 62 33 had
333 179 116 32 started
475 191 42 31 up
544 184 32 27 at
602 180 53 32 the
680 180 83 42 sight
787 179 34 32 of
842 179 54 32 her

73 240 105 32 cousin
203 240 118 42 Victor,
350 241 60 32 and
441 241 61 32 had
532 253 86 20 come
642 242 131 31 forward
796 254 18 19 a
837 241 59 32 few

73 307 93 37 steps,
183 302 55 31 but
255 302 131 32 without
410 303 167 42 extending
592 315 19 20 a
625 304 83 31 hand
723 308 32 27 to
773 304 51 31 the
840 315 56 20 un-

74 364 151 42 expected
241 364 113 32 visitor.
402 364 61 32 She
478 365 111 32 looked
612 365 210 32 embarrassed
837 364 60 32 and

76 430 53 27 not
152 426 132 41 pleased.
332 425 65 33 The
420 426 136 32 footman
577 427 54 31 left
653 427 54 31 the
730 438 84 20 room
838 425 60 33 and

77 487 104 32 closed
195 487 53 32 the
265 487 82 32 door.

155 548 115 33 Olivier
284 548 26 32 is
509 548 103 42 began
628 548 41 33 M.
688 548 36 32 de
741 548 157 39 Lancour;

110 609 24 32 it
150 609 25 32 is
190 614 54 28 not
260 609 47 32 his
323 609 76 33 fault
417 609 26 32 if
461 621 62 30 you
546 621 51 21 are
622 610 65 32 told
703 621 33 20 so
751 609 69 40 late,
837 609 23 32 it
875 609 26 32 is

77 675 55 28 not
156 683 52 30 my
232 670 76 33 fault
334 671 99 32 either
433 691 43 2 —
477 671 22 32 it
529 671 25 32 is
585 683 40 20 an
653 671 138 32 accident
807 684 7 27 ;
846 670 55 33 but

78 733 117 32 Olivier
212 733 82 31 can't
316 732 137 42 possibly
526 732 74 31 with
620 744 61 30 you
697 737 32 26 to
744 732 52 31 the
819 731 62 32 ball
894 745 7 27 ;

78 793 39 32 he
134 793 104 32 thinks
255 805 60 30 you
331 793 61 31 had
407 793 98 32 better
521 804 42 30 go
579 793 72 31 with
672 793 47 31 his
735 792 118 32 mother
870 804 31 20 or

79 867 77 29 your

156 917 16 30 I
188 928 50 19 am
253 920 55 27 not
323 915 96 42 going
433 920 32 27 to
481 915 52 32 the
658 914 117 43 replied
788 914 114 40 Claire;

111 977 70 40 and,
213 989 77 30 pray
320 977 84 31 don't
434 977 95 41 speak
559 988 34 20 so
624 976 72 31 loud
709 989 6 27 ;
751 975 102 32 Pierre
879 974 25 32 is

223 1039 61 31 and
308 1038 53 32 she
384 1038 126 42 pointed
526 1038 73 31 with
619 1038 54 31 her
693 1037 82 31 hand
797 1041 32 27 to
851 1035 53 33 the

81 1100 78 33 dark
182 1105 68 37 part
276 1100 34 31 of
329 1100 52 31 the
406 1111 94 28 room,
522 1099 101 32 where
647 1098 89 32 stood
760 1109 19 20 a
804 1097 100 33 cradle

81 1162 89 41 hung
185 1161 75 32 with
277 1161 79 32 clear
372 1161 112 33 muslin
500 1160 144 32 curtains.

257 1222 86 32 don't
369 1233 90 21 mean
486 1226 32 27 to
546 1233 55 29 say
625 1220 51 32 the
705 1219 107 32 child's

80 1284 137 43 rejoined
241 1284 54 32 her
320 1283 112 40 cousin,
459 1282 73 32 with
557 1281 130 43 genuine
714 1280 61 32 and
799 1279 106 33 tender

84 1346 133 40 anxiety.

158 1407 15 31 I
198 1418 63 20 was
293 1405 148 42 seriously
466 1404 97 33 afraid
586 1404 39 32 he
652 1415 63 20 was
743 1415 33 19 so
803 1414 18 20 a
846 1402 58 31 few

80 1469 93 32 hours
194 1480 60 29 ago
266 1481 6 28 ;
296 1467 55 31 but
365 1466 39 32 he
421 1466 24 32 is
461 1466 98 32 better
581 1476 77 29 now,
682 1464 60 32 and
767 1463 137 42 sleeping

82 1531 83 41 quite
178 1530 119 41 calmly.
331 1529 15 31 I
358 1528 61 32 had
430 1528 151 41 forgotten
593 1527 40 32 all
645 1527 93 32 about
750 1526 52 32 the

784 1592 13 15 B
812 1589 11 18 2
