1132 1747
193 115 55 24 284

436 120 81 21 LOVE
541 119 63 21 THE
627 117 160 22 AVENGER.

194 198 53 30 the
269 198 99 30 whole
575 196 68 31 said
666 195 148 31 Madame
832 192 195 37 Beaudouin,

227 270 42 28 or,
295 264 33 26 at
352 259 86 38 least,
464 259 32 30 in
521 259 53 30 the
597 257 156 31 Clavreuil
775 256 125 42 portion
925 254 35 31 of
981 254 26 31 it
1021 266 6 26 ;

195 321 85 31 there
306 332 73 20 runs
406 321 54 31 the
487 320 95 32 Savre
609 325 34 26 at
669 320 54 31 the
748 320 123 30 bottom
896 317 34 31 of
957 316 70 32 that

194 382 81 31 little
306 382 116 38 ravine,
449 382 63 31 and
543 382 52 31 the
623 381 106 31 smoke
753 392 64 31 you
847 391 50 20 see
924 390 103 20 comes

192 444 81 31 from
288 444 53 31 the
358 448 121 37 cottage
494 444 43 41 by
553 442 189 32 Mathurin's

238 506 62 31 She
315 507 123 30 walked
461 518 49 26 on,
528 505 144 31 folloAved
694 505 43 42 by
754 504 109 38 Claire,
881 503 50 32 till
950 503 75 42 they

191 568 133 31 reached
355 569 53 30 the
438 573 71 37 spot
535 569 102 30 Avhere
668 568 54 30 the
753 566 123 43 ground
908 565 117 42 clipped

190 629 95 31 doAvn
311 629 135 32 toAvards
465 630 54 31 the
545 630 91 37 river,
654 629 71 39 and,
752 629 167 41 compared
946 628 78 31 Avith

190 690 55 32 the
271 696 62 26 rest
360 691 34 31 of
413 692 54 31 the
492 691 56 32 flat
566 691 73 32 bare
664 691 176 41 landscape,
869 690 64 32 this
959 701 64 20 cer-

192 753 101 42 tainly
317 765 72 27 was,
417 765 33 19 as
471 754 147 30 Madame
645 753 185 31 Beaudouin
854 752 64 32 had
945 752 77 38 said,

190 814 204 41 jiicturesque.

234 876 146 31 Madame
404 876 182 31 Beaudouin
602 876 155 41 proposed
775 881 33 25 to
825 876 40 30 sit
881 875 63 31 and
960 880 64 26 rest

190 937 121 37 awhile,
330 937 62 31 and
408 938 91 30 Avhen
516 938 55 30 her
591 938 86 30 niece
702 937 62 30 had
789 937 106 31 seated
911 936 114 31 herself

190 998 44 40 by
256 998 55 31 her
335 999 75 37 side,
623 999 54 31 she
704 999 96 30 asked
812 1010 6 25 ;
959 1010 64 30 you

191 1071 91 19 mean
312 1065 32 25 to
379 1071 56 30 say
466 1060 70 31 that
565 1072 64 30 you
659 1060 80 32 have
770 1060 159 43 forgotten
959 1060 64 32 this

190 1121 87 40 place
293 1123 10 29 ?

394 1184 118 41 replied
527 1184 54 31 the
597 1196 108 30 young
720 1185 169 41 Marquise,
908 1186 113 31 hesita-

190 1244 103 42 tingly
303 1256 8 25 ;
365 1244 14 31 I
401 1244 93 42 fancy
516 1245 14 30 I
554 1246 172 31 remember
747 1247 26 30 it
791 1247 124 42 faintly,
933 1248 57 31 but
1007 1248 14 30 I

189 1306 94 30 could
294 1311 56 25 not
364 1306 79 30 have
459 1306 99 31 found
570 1319 55 29 my
639 1320 72 29 Avay
726 1309 81 30 here.
857 1309 163 31 Mathurin

191 1368 26 30 is
232 1368 53 30 the
302 1367 156 31 Clavreuil
473 1369 109 37 miller,
597 1369 26 30 is
638 1369 39 31 he
693 1375 56 26 not

339 1429 38 31 be
535 1431 182 31 murmured
748 1431 148 32 Madame
923 1433 99 32 Beau-

190 1490 105 37 douin,
322 1491 227 42 thoughtfully,
578 1492 62 31 and
665 1504 33 19 as
723 1493 121 42 though
872 1495 150 43 speaking

191 1555 32 25 to
235 1551 121 38 herself,
404 1553 73 30 nine
498 1563 97 31 years,
614 1558 33 26 at
666 1565 81 30 your
769 1566 66 29 age,
853 1557 169 31 constitute
