1132 1747
860 116 51 25 255

409 121 64 20 THE
497 121 88 20 BALL.

91 206 34 20 as
150 196 34 31 of
207 197 53 31 the
288 199 101 30 actual
416 200 184 40 proprietors
623 199 34 30 of
677 199 53 30 the
754 200 95 40 place,
869 200 46 29 for

91 256 54 31 the
176 259 116 30 certain
317 259 71 31 date
407 260 34 30 of
461 260 138 30 OliAier's
622 265 106 25 return
750 272 63 18 was
839 260 75 40 duly

92 319 192 31 ascertained
307 320 103 30 before
440 321 53 30 the
523 321 62 41 day
608 321 47 30 for
683 321 53 30 the
765 321 62 30 ball
853 332 62 19 was

92 378 197 42 definitively
303 381 89 30 fixed.

138 440 99 31 Claire
257 447 58 35 put
330 442 53 30 the
400 454 82 19 same
504 444 168 29 animation
688 444 66 30 into
773 444 55 30 her
849 455 66 29 pre-

91 504 158 39 parations
264 504 48 29 for
325 504 63 30 this
404 504 239 31 entertainment
658 515 33 20 as
709 504 52 31 she
778 505 54 30 did
847 516 69 19 now

92 565 68 29 into
176 565 184 42 everything
375 565 53 30 she
444 565 182 38 undertook,
644 566 62 30 and
726 566 189 41 anticipated

92 626 173 42 seemingly
280 637 17 19 a
319 626 101 41 larger
443 631 128 25 amount
591 626 34 30 of
644 627 180 41 enjoyment
838 627 78 31 from

92 687 26 30 it
134 687 77 30 than
226 687 80 30 from
328 698 63 30 any
406 687 34 31 of
459 687 53 31 the
533 687 200 43 magnificent
748 689 168 41 receptions

92 747 112 39 which,
237 749 32 30 in
301 748 95 38 Paris,
428 748 56 31 left
517 748 54 31 her
604 760 83 20 more
721 760 33 20 or
783 750 59 30 less
871 751 45 29 in-

91 809 152 30 different.

138 872 64 30 The
229 872 92 41 night
347 872 34 30 of
406 872 54 30 the
489 872 64 30 ball
583 883 93 26 came,
704 873 61 29 and
790 873 76 29 with
892 873 26 30 it

95 945 95 29 every
213 934 176 29 indiAidual
412 933 34 30 of
473 945 62 29 any
555 938 71 25 note
649 944 33 19 or
705 934 146 41 standing
872 934 47 30 for

94 1000 124 35 twenty
241 1005 34 19 or
301 994 99 40 thirty
427 994 87 29 miles
540 993 107 30 round.
695 993 112 41 People
834 1006 83 18 came

95 1057 81 30 from
207 1056 92 37 Blois,
330 1055 80 30 from
440 1055 151 37 Chartres,
617 1055 62 30 and
708 1055 79 30 from
814 1056 103 37 Tours,

96 1118 63 32 and
182 1117 53 31 the
256 1117 153 30 chateaux
430 1116 33 30 of
483 1117 53 29 the
556 1117 129 29 frontier
711 1117 208 40 departments

96 1178 197 33 contributed
323 1178 81 30 their
433 1182 94 36 quota
558 1177 34 30 of
621 1178 58 29 fair
708 1189 120 19 women
858 1178 61 30 and

96 1241 138 36 dancers,
266 1239 69 30 wdio
366 1239 104 30 AA'Ould
500 1244 125 25 consent
654 1244 33 25 to
717 1239 103 30 dance.
880 1239 41 31 Of

96 1303 87 30 what
204 1303 32 29 in
256 1300 144 43 England
416 1300 103 31 would
539 1300 38 31 be
592 1300 118 31 termed
727 1300 53 31 the
805 1305 114 36 county

96 1366 126 39 society,
251 1375 40 18 no
316 1374 57 19 one
397 1362 95 31 faded
505 1374 6 25 ;
544 1362 34 30 of
599 1362 51 31 the
677 1361 110 31 official
813 1362 104 37 world,

96 1428 55 30 the
162 1426 106 31 Preset
283 1425 62 31 and
361 1423 306 31 Receveur-Gdndral
682 1423 73 41 only
766 1423 63 31 had
843 1424 76 30 been

96 1488 123 32 invited
242 1487 75 42 (and
337 1486 69 31 that
430 1485 43 41 by
494 1496 17 19 a
535 1485 85 41 quite
643 1484 133 31 unusual
800 1496 119 20 conces-

97 1552 69 30 sion
190 1562 41 19 on
256 1549 41 31 M.
322 1548 37 31 de
387 1547 178 32 Clavreuil's
588 1546 82 41 part)
684 1559 7 24 ;
723 1546 56 31 but
802 1548 119 32 neither
