1132 1747
184 104 52 28 176

423 110 82 21 LOA'E
528 110 64 20 THE
615 108 161 22 AArENGEE.

182 189 85 41 leray
292 189 53 30 the
377 193 138 25 moment
545 188 38 29 he
615 186 63 31 had
704 184 129 32 secured
865 184 33 31 in
925 183 89 31 Paris

183 250 52 32 the
261 250 101 42 object
388 250 47 31 for
457 248 102 33 which
583 249 39 30 he
642 253 84 26 went
750 246 126 32 thither.
930 245 84 31 Mar-

182 312 117 31 donnet
314 311 112 43 agreed
449 316 32 26 to
497 310 105 32 follow
617 310 66 30 him
700 321 40 19 on
759 309 54 31 the
829 312 77 27 next
927 307 64 42 day
1005 320 9 24 ;

182 374 63 30 and
260 384 40 20 on
322 373 72 37 this,
411 372 53 32 the
480 383 54 20 eve
551 371 35 32 of
605 371 48 32 his
669 371 68 31 first
754 375 145 27 entrance
915 381 42 20 on
980 380 34 20 so

182 435 170 41 important
375 434 62 31 and
458 445 32 20 so
513 445 70 20 new
599 445 17 20 a
640 444 110 27 career,
768 432 38 32 he
830 432 114 43 sought
960 432 52 31 aid

182 497 62 30 and
268 497 123 31 counsel
415 497 33 30 of
463 497 48 29 his
534 496 121 42 Egeria,
677 495 84 31 Mile,
787 495 39 30 de
849 494 163 42 Mourjon-

181 559 80 31 ville.
309 559 45 31 As
381 559 53 30 the
461 559 139 41 Marquis
627 558 39 31 de
693 558 166 41 Moranges
887 568 64 19 Avas
978 561 33 26 at

182 620 133 42 Brunoy,
333 620 62 31 and
412 620 149 31 Claudine
577 631 84 20 more
677 620 33 31 in
731 620 53 31 the
806 619 205 42 dependency

181 682 34 31 of
242 693 55 20 our
327 682 101 31 friend
454 682 129 42 Aspasie
613 682 78 31 than
722 693 81 26 ever,
831 681 54 31 the
916 681 95 32 latter

181 744 92 30 could
302 744 121 41 dispose
450 744 34 30 of
506 744 55 30 her
585 744 76 30 time
685 748 106 37 pretty
815 743 105 42 freely,
946 743 63 31 and

180 805 54 30 she
264 805 199 42 accordingly
490 806 143 40 disposed
665 806 34 30 of
726 806 53 30 the
810 807 134 41 evening
975 807 33 28 in

180 867 143 40 question
353 867 34 29 in
417 867 110 31 favour
556 867 35 30 of
621 867 54 31 the
704 867 105 31 future
839 868 166 42 legislator.

180 928 187 31 Mardonnet
391 928 114 31 offered
529 929 54 30 her
608 940 18 20 a
651 929 110 31 dinner
786 934 33 27 at
842 929 165 38 Brdbants,

180 993 101 31 Avhich
301 993 53 31 she
374 995 154 40 accepted,
546 994 58 31 but
627 1006 17 19 a
660 995 60 30 few
734 995 94 30 hours
847 995 80 30 later
945 994 63 30 this

180 1056 66 40 pair
271 1055 102 42 might
395 1055 38 31 be
457 1067 71 19 seen
550 1056 144 42 together
716 1056 34 31 in
774 1068 18 19 a
815 1056 89 31 small
920 1067 87 20 room

180 1127 40 20 on
250 1116 51 30 the
332 1116 70 30 fifth
433 1122 85 36 story
546 1117 34 31 of
615 1129 18 19 a
663 1117 95 32 house
790 1118 33 30 in
853 1118 54 31 the
939 1118 69 31 Rue

180 1177 223 38 Poissonniere,
420 1177 102 32 AArhich
544 1178 189 32 Mardonnet
756 1179 153 42 dignified
929 1180 78 31 with

179 1239 52 31 the
257 1249 89 20 name
363 1238 33 31 of
416 1238 48 32 his
487 1239 101 42 study.
636 1240 82 31 Both
742 1253 79 19 were
847 1242 158 41 standing,

180 1300 61 31 and
257 1300 83 31 Mile,
361 1300 37 31 de
415 1300 219 42 Mourjonville
651 1304 121 30 seemed
787 1304 168 42 preparing
973 1309 33 26 to

179 1362 72 30 take
266 1362 55 30 her
336 1362 162 41 departure
514 1375 7 24 ;
544 1375 39 19 an
599 1376 79 29 open
702 1365 62 31 box
779 1376 64 20 was
864 1365 141 32 betAveen

179 1424 86 30 them
281 1435 40 19 on
337 1436 17 18 a
374 1424 83 41 large
473 1425 92 38 table,
583 1426 77 33 with
682 1439 18 19 a
716 1432 98 27 secret
829 1428 120 31 drawer
971 1429 34 30 in

179 1486 25 30 it
218 1485 80 31 wide
314 1497 80 30 open
417 1486 69 30 also.
535 1486 129 43 Aspasie
687 1488 73 31 held
780 1490 34 29 in
841 1501 57 19 one
920 1490 85 30 hand

179 1557 18 19 a
212 1558 94 30 paper
317 1558 7 25 ;
349 1547 25 30 it
392 1547 110 30 looked
517 1547 63 32 like
592 1548 54 32 the
662 1550 147 40 envelope
824 1550 34 31 of
871 1562 18 19 a
903 1551 101 32 letter.
