1132 1747
211 126 53 25 228

450 131 84 20 LOVE
557 128 64 22 THE
644 126 161 22 AVENGER.

213 215 72 26 tone
301 221 33 19 so
357 208 104 43 gentle
476 207 71 30 that
569 206 26 30 it
614 204 92 31 could
729 207 56 26 not
809 201 42 41 by
866 197 179 44 possibility

214 272 99 31 excite
329 270 165 35 irritation,
496 287 44 4 —
570 266 62 32 and
647 276 73 29 you,
737 275 56 30 my
809 261 108 32 cousin
929 261 11 31 ?

289 331 48 31 Oh
351 333 6 28 !
462 330 53 30 she
546 327 118 43 replied
695 325 79 33 with
809 325 68 41 just
908 334 18 20 a
963 321 81 32 little

213 392 175 37 hesitation,
437 391 14 30 I
468 390 78 31 shall
566 394 72 37 stay
653 400 40 19 on
709 388 72 31 here
797 385 78 33 with
898 395 144 20 mamma.

215 453 15 31 I
246 465 50 19 am
312 464 33 20 so
360 464 77 28 very
452 453 107 39 happy
574 452 72 30 here
660 452 5 29 !

289 515 49 31 No
352 517 6 29 !
383 514 99 32 Claire
498 514 82 38 dear,
597 524 63 31 you
684 524 50 19 are
848 508 196 43 interrupted

215 577 108 30 Victor
344 576 152 41 tenderly,
547 574 63 31 and
632 574 70 31 that
727 574 27 30 is
780 574 26 30 it
829 571 103 32 which
955 570 89 43 pains

215 650 58 27 me,
290 639 89 40 pains
395 649 50 19 me

261 700 58 30 His
342 700 87 30 voice
445 710 62 19 Avas
528 709 33 20 so
584 697 88 37 kind,
690 708 34 20 so
744 696 207 35 affectionate,
976 694 69 31 that

217 762 99 31 Claire
354 773 63 19 was
448 760 170 41 compelled
649 760 43 40 by
721 759 33 38 it,
787 758 63 31 and
887 757 158 42 blushing,

218 823 111 29 looked
345 823 93 29 doAvn
453 823 33 29 in
502 822 120 30 silence.

367 884 72 31 dear
613 883 39 31 he
677 882 234 31 recommenced
936 882 111 30 almost

218 947 33 30 in
275 957 18 20 a
317 945 141 42 Avhisper,
511 956 50 20 are
585 956 64 31 you
675 944 162 42 separated
863 944 80 30 from
969 955 78 29 your

219 1008 143 30 husband
374 1008 10 30 ?

294 1069 159 41 Certainly
594 1080 64 19 Avas
688 1068 54 31 the
773 1079 119 20 answer
906 1080 7 24 ;
977 1067 71 31 hoAV

220 1131 113 30 absurd
345 1132 5 29 !
374 1131 85 29 what
484 1131 91 29 could
601 1131 91 30 make
716 1142 63 29 you
803 1130 95 41 fancy
925 1130 76 30 such
1031 1141 19 19 a

220 1193 91 40 thing
315 1210 43 3 —
362 1192 58 29 but
450 1192 96 40 really
577 1192 78 30 after
685 1193 42 30 M.
763 1193 38 30 de
837 1192 213 31 Beauvoisin's

222 1253 233 41 extraordinary
477 1253 134 32 conduct
633 1254 65 31 this
717 1266 144 27 summer,
884 1255 14 31 I
919 1266 74 31 may
1011 1255 39 31 be

222 1315 133 32 excused
373 1314 27 31 if
421 1314 14 31 I
456 1314 72 31 take
552 1315 106 42 refuge
682 1315 49 32 for
754 1328 19 19 a
797 1317 77 30 time
892 1317 78 30 Avith
995 1328 55 30 my

222 1376 101 31 father
341 1375 62 32 and
420 1376 121 30 mother
559 1376 33 30 in
616 1388 54 31 my
691 1389 70 19 oAvn
781 1378 51 30 old
987 1378 63 30 and

221 1438 85 37 then,
323 1437 47 31 for
385 1437 53 31 the
454 1436 67 31 first
535 1437 86 38 time,
640 1438 100 31 Claire
755 1439 119 41 poured
896 1439 84 30 forth
997 1440 53 30 the

224 1504 84 36 story
334 1499 34 30 of
395 1498 55 31 her
479 1498 167 31 husband's
673 1500 170 30 behaviour
870 1500 95 31 about
996 1502 54 30 the

224 1560 139 37 election,
382 1560 61 30 and
466 1560 52 30 the
543 1560 137 42 disgrace
696 1561 112 38 AAdiich,
826 1562 167 40 according
1016 1568 34 26 to
