1132 1747
170 93 51 27 110

401 99 83 21 LOVE
506 98 64 21 THE
595 95 158 23 AVENGER.

168 178 52 31 the
246 189 122 30 express
391 187 132 31 purpose
547 174 34 31 of
605 172 205 41 deliberating
834 180 86 31 upon
945 167 53 32 the

167 239 129 32 circular
311 239 53 32 the
388 249 108 31 young
519 235 142 42 Marquis
676 245 63 20 Avas
760 238 33 27 to
815 232 127 31 address
965 235 33 26 to

166 301 53 30 the
236 301 133 30 electors.

244 362 75 31 Sure
336 361 33 32 of
381 360 53 32 the
451 360 110 41 bishop
573 359 10 30 ?
625 358 114 31 echoed
762 357 54 31 the
832 356 162 42 Dowager.

320 434 83 20 some
427 421 108 43 people
562 432 56 31 say
644 431 60 20 one
726 424 85 26 must
833 429 97 20 never
959 417 38 31 be

166 497 69 20 sure
265 485 35 31 of
327 496 63 30 any
420 495 67 26 one,
520 482 57 32 but
605 482 14 31 I
650 481 94 42 fancy
771 491 46 21 we
849 491 50 19 are
926 489 71 20 sure

166 544 34 34 of
219 547 53 31 the
302 547 110 40 bishop
427 558 7 25 ;
465 545 85 30 what
580 544 41 31 do
650 555 64 30 you
737 554 65 30 say,
835 541 162 31 Monsieur

349 608 53 30 she
433 606 111 37 added,
568 606 131 41 turning
724 609 33 26 to
782 616 17 19 a
821 603 92 38 little,
937 603 56 38 fat,

164 668 207 32 bald-headed
385 679 83 25 man,
485 667 71 31 who
572 671 48 26 sat
642 670 33 27 at
691 677 18 20 a
723 665 84 32 table
823 664 172 32 someAvhat

164 730 116 31 behind
307 730 54 30 her
387 730 91 36 chair,
506 729 104 41 busily
630 729 127 41 looking
782 727 137 42 through
945 727 50 30 his

164 791 167 42 spectacles
363 796 32 25 at
421 802 83 19 some
535 790 249 31 account-books.
849 790 50 30 He
930 800 64 20 was

164 853 53 31 the
232 852 110 41 family
357 857 119 36 notary.

240 913 148 31 Whether
408 913 146 31 Madame
572 913 31 30 la
622 912 158 42 Marquise
797 924 57 20 can
870 913 67 42 rely
953 924 39 20 on

164 976 219 41 Monseigneur
396 975 10 31 ?
472 975 183 41 questioned
692 975 63 31 this
804 975 187 37 individual,

163 1038 133 41 shoving
325 1037 48 30 his
403 1037 167 41 spectacles
600 1037 93 30 doAvn
722 1041 33 26 to
778 1037 54 30 the
856 1042 136 26 extreme

164 1099 76 41 edge
263 1098 34 30 of
316 1098 48 30 his
387 1109 82 26 nose,
495 1098 61 30 and
578 1098 129 42 looking
723 1110 73 19 over
811 1100 87 30 them
913 1112 7 25 ;
978 1100 14 30 I

164 1160 92 31 think
286 1171 42 26 so,
359 1160 120 41 though
502 1160 86 30 there
611 1160 27 30 is
661 1172 17 18 a
701 1161 81 41 good
806 1161 70 31 deal
898 1166 33 27 to
954 1161 38 33 be

164 1221 66 31 said
243 1232 8 26 ;
274 1221 221 40 Monseigneur
509 1221 26 30 is
551 1232 19 19 a
584 1221 107 31 native
707 1221 34 31 of

237 1282 15 30 I
268 1282 91 30 knew
374 1282 66 29 him
455 1282 123 38 vicaire,
596 1282 63 31 and
674 1282 181 33 aftenvards
871 1287 73 29 cure'
962 1286 33 30 of

356 1343 194 41 interrupted
570 1343 54 32 the
645 1343 110 33 Comte
771 1346 39 30 de
826 1346 166 39 Clavreuil,

165 1405 70 32 who
250 1415 63 21 Avas
333 1409 123 37 present
481 1415 40 20 on
545 1404 64 32 this
633 1407 149 38 occasion,
801 1419 17 18 a
836 1407 71 39 fine,
923 1409 68 39 tall,

165 1471 55 26 not
247 1466 317 42 intelligent-looking
588 1478 73 20 man
687 1468 33 31 of
738 1468 81 42 fifty,
845 1470 79 31 Avith
949 1472 43 31 all

164 1528 53 30 the
239 1527 133 31 remains
395 1527 34 31 of
447 1527 70 31 that
539 1529 191 31 remarkable
753 1530 117 42 beauty
888 1532 101 32 which
