1132 1747
211 107 52 25 238

450 114 81 18 LOVE
555 112 64 20 THE
642 110 161 22 AVENGER.

209 192 123 31 nection
349 192 139 32 between
510 192 54 29 her
586 190 62 31 and
665 188 43 31 M.
726 188 38 31 de
783 187 145 31 Lancour
942 185 101 31 lasted

211 253 70 38 still,
310 254 40 30 all
376 254 61 30 this
462 264 72 27 Avas,
561 252 42 41 by
619 261 144 21 common
789 249 112 31 accord
924 248 59 31 left
1010 248 33 30 in

209 315 154 39 darkness,
382 316 61 30 and
459 313 236 43 unquestioned.
746 312 114 41 People
877 311 113 42 agreed
1007 316 33 25 to

207 377 73 30 take
301 377 108 31 Victor
435 389 33 18 as
492 377 37 30 he
553 387 71 26 Avas,
642 374 62 32 and
724 374 39 31 he
780 385 64 21 was
862 386 18 19 a
901 374 139 31 remark-

208 440 72 40 ably
306 439 166 43 agreeable,
498 438 70 31 Avell
593 437 135 42 brought
749 448 53 31 up,
831 436 112 43 highly
962 436 77 32 edu-

208 501 88 31 cated
320 513 73 20 man
406 514 8 25 ;
438 501 97 41 really
553 500 239 42 distinguished,
810 500 44 30 let
874 500 89 30 alone
984 500 54 30 the

206 563 137 42 military
369 574 125 20 renown
521 563 39 30 he
585 562 62 31 had
669 573 79 27 won,
772 562 63 31 and
858 573 82 20 Avore
960 562 78 31 with

206 625 75 30 such
299 626 160 39 charming
475 625 178 40 simplicity.

250 687 29 29 It
304 698 61 18 Avas
386 687 86 40 quite
498 687 125 30 natural
646 686 69 30 that
731 686 109 31 Victor
862 687 114 30 should
998 687 37 31 be

205 748 153 30 attracted
382 752 33 26 to
437 748 165 37 ClaAa'euil,
630 749 24 29 it
675 760 64 18 Avas
764 760 33 18 so
824 760 77 30 very
925 749 109 42 nearly

204 809 48 31 his
279 821 70 18 own
371 810 92 29 home
475 821 6 25 ;
513 810 52 29 the
591 810 109 30 Comte
724 810 62 30 and
810 810 158 31 Comtesse
996 811 38 31 de

205 870 155 31 Clavreuil
376 882 79 18 Avere
480 871 53 30 the
558 876 122 26 nearest
702 871 148 31 relations
866 872 39 31 he
921 872 63 31 had
1000 873 33 30 in

203 932 53 31 the
272 932 97 31 Avorld
382 945 6 24 ;
413 932 71 37 and,
498 943 71 20 now
584 932 71 31 that
671 932 100 32 Claire
787 945 64 20 Avas
867 945 18 20 a
900 935 134 30 married

202 1005 122 20 Avoman
325 1013 43 2 —
369 994 143 31 hoAvever
542 995 94 30 much
660 995 39 30 he
724 996 102 41 might
851 1001 100 37 regret
978 997 54 31 the

201 1056 151 41 marriage
367 1056 70 30 that
453 1056 62 30 had
532 1056 76 30 been
628 1057 91 31 made
734 1058 49 30 for
797 1058 56 31 her
853 1077 43 3 —
897 1059 54 31 the
966 1059 65 31 fact

201 1117 34 30 of
248 1118 54 29 her
321 1118 150 40 marriage
492 1119 128 29 alloAved
643 1119 34 30 of
697 1119 53 31 the
774 1126 82 26 most
878 1121 153 42 perfectly

200 1179 134 29 familiar
350 1180 187 30 intercourse
552 1180 139 31 between
715 1181 65 31 him
797 1183 60 30 and
876 1183 64 38 her,
958 1185 70 35 and,

201 1241 32 29 in
264 1241 47 29 his
342 1240 82 41 loyal
451 1241 62 29 and
543 1241 159 42 brotherly
735 1243 149 32 devotion
911 1251 33 25 to
974 1246 54 31 the

200 1313 107 30 young
322 1302 166 40 Marquise,
504 1302 39 30 he
559 1313 64 20 was
639 1303 203 40 determined,
860 1306 28 30 if
907 1307 26 31 it
949 1319 79 20 were

200 1362 140 41 possible,
364 1366 33 26 to
427 1362 92 41 bring
548 1362 55 31 her
632 1368 33 26 to
696 1366 90 30 make
818 1368 53 30 the
902 1368 69 32 best
998 1370 36 30 of

201 1423 123 29 Olivier.

244 1484 106 31 Victor
365 1495 62 20 w-as
448 1489 54 27 not
526 1486 73 42 long
623 1487 102 31 before
743 1489 124 32 Claire's
885 1491 138 33 intellec-

199 1545 66 30 tual
292 1545 184 41 superiority
508 1547 105 31 struck
644 1550 62 29 and
737 1550 170 39 impressed
937 1553 67 30 him
1017 1567 6 22 ;
