1120 1962
382 151 120 16 POETICAL
522 153 101 14 AVIARY.

900 147 44 22 127

422 244 51 14 THE
497 244 132 14 SWALLOW.

218 281 49 22 The
281 281 101 22 Swallow
392 281 124 27 twittering
527 281 57 22 from
596 281 38 22 the
646 282 138 22 straw-built
793 282 60 21 shed.

843 320 71 26 Gray.

216 353 34 22 Or
261 354 77 21 rather
346 354 50 21 into
408 362 93 14 warmer
513 355 81 22 climes
607 358 122 28 conveyed,

215 390 63 22 With
287 391 66 21 other
364 391 97 21 kindred
473 391 62 22 birds
546 392 27 21 of
580 400 80 14 season
673 394 62 20 there

217 426 64 29 They
292 427 85 22 twitter
388 427 107 26 cheerful,
507 429 35 21 till
552 430 39 21 the
604 431 75 22 vernal
691 432 91 21 months

216 461 73 23 Invite
298 463 63 22 them
373 463 105 22 welcome
491 464 64 27 back,
567 465 34 21 for
612 466 122 28 thronging
746 475 49 14 now

217 499 148 22 Innumerous
378 500 69 27 wings
458 508 37 14 are
507 502 23 20 in
542 504 137 21 commotion
692 505 36 21 all.

778 534 135 27 Thompson.

130 576 52 23 The
202 574 129 31 migration
342 574 27 23 of
386 575 66 23 birds
464 576 21 22 is
497 583 14 16 a
524 577 93 30 subject
638 579 79 22 which
734 578 88 23 admits
836 578 26 23 of
872 578 74 30 being

98 623 68 23 made
179 629 67 15 more
257 622 63 22 clear
333 623 47 22 and
402 624 89 22 certain
509 624 32 31 by
554 625 94 24 further
659 626 174 23 observations.
872 626 73 23 Some

99 672 105 23 eminent
213 671 146 26 naturalists,
371 671 48 23 and
427 677 112 26 amongst
548 673 67 22 them
623 673 41 22 the
673 673 136 22 celebrated
815 673 59 30 Ray,
884 673 61 22 have

99 719 72 23 taken
180 718 68 31 pains
261 721 26 19 to
299 718 98 23 confute
410 727 30 14 an
452 720 106 30 opinion,
571 721 61 26 that,
646 722 71 23 when
729 722 66 23 birds
808 723 26 22 of
844 730 101 23 passage

99 770 66 23 leave
176 778 35 17 us,
222 769 59 31 they
290 769 33 30 fly
331 772 26 19 to
367 768 41 23 the
419 777 80 15 moon.
520 768 72 24 Some
602 770 61 22 facts
672 770 60 23 have
743 770 61 23 been
816 770 93 31 alleged
920 774 25 20 to

99 816 66 22 show
179 815 53 23 that
243 815 123 23 Swallows
380 816 47 23 and
437 824 67 15 some
515 817 70 23 other
597 818 67 23 birds
675 819 32 23 lie
721 821 129 22 concealed
859 821 88 24 durinsr

99 867 84 22 winter
195 867 25 22 in
231 867 42 22 the
286 866 59 23 beds
358 867 26 22 of
394 867 75 22 rivers
478 877 5 17 ;
502 867 44 23 but
567 867 18 23 it
597 876 56 23 may
664 868 31 24 be
707 869 106 31 thought
833 869 52 23 that
897 870 49 22 this

99 917 43 23 has
154 916 61 23 been
226 916 90 31 proved
329 919 26 19 to
377 916 30 22 be
420 916 140 29 impossible
579 916 33 30 by
636 916 116 22 scientific
774 916 171 30 experiments.

99 966 22 22 A
139 966 65 30 good
215 968 49 20 test
276 965 27 23 of
313 965 48 23 this
375 965 140 30 hypothesis
535 972 48 16 was
605 965 95 30 applied
713 965 23 23 in
751 966 123 31 Germany
886 966 32 31 by
932 974 14 15 a

100 1014 80 31 public
193 1014 92 23 reward
306 1013 25 23 of
343 1021 31 15 an
393 1012 69 31 equal
482 1012 91 31 weight
585 1013 27 22 of
629 1012 71 23 silver
719 1016 26 19 to
766 1021 46 22 any
825 1021 46 15 one
890 1013 56 24 who

101 1060 86 23 should
205 1060 107 30 produce
327 1067 14 15 a
355 1059 111 23 Swallow
480 1060 76 23 found
569 1061 76 23 under
658 1065 75 20 water
742 1072 4 17 ;
767 1063 40 23 the
820 1063 65 30 prize
897 1071 49 16 was

100 1115 74 16 never
198 1107 110 23 claimed.
347 1106 75 24 Great
436 1107 144 24 authorities
603 1118 55 23 may
671 1110 30 23 be
713 1111 109 23 adduced
841 1111 37 23 for
891 1120 55 23 sup-

101 1157 86 31 posing
209 1157 52 23 that
287 1156 43 24 the
363 1164 109 23 younger
491 1156 67 23 birds
581 1158 78 23 which
682 1166 40 15 are
744 1159 123 29 incapable
889 1159 27 23 of
935 1168 13 14 a

100 1208 59 29 long
170 1207 71 30 flight
259 1206 90 24 remain
369 1205 89 31 during
476 1204 87 24 winter
583 1205 24 23 in
632 1214 13 15 a
665 1207 112 23 dormant
799 1211 62 20 state
871 1217 4 17 ;
901 1208 48 22 and

101 1258 61 23 facts
174 1257 60 22 have
254 1256 60 23 been
332 1254 96 31 alleged
441 1254 27 22 of
485 1253 63 23 their
561 1253 91 31 having
664 1254 63 22 been
740 1254 51 30 dug
803 1263 32 22 up
857 1254 25 22 in
895 1254 54 23 that

102 1308 60 21 state
175 1305 62 23 from
256 1305 47 31 pits
317 1304 48 23 and
378 1304 108 30 decayed
498 1307 73 20 trees.
609 1304 51 23 The
673 1305 103 30 proverb
799 1305 79 23 which
890 1305 21 23 is
923 1309 26 20 to

101 1358 30 22 be
143 1357 74 23 found
230 1357 23 23 in
266 1359 65 20 most
345 1356 97 23 ancient
456 1355 47 22 and
516 1354 102 23 modern
639 1354 144 31 languages,
807 1354 53 22 that
905 1362 45 15 one

103 1405 108 24 Swallow
225 1405 56 23 does
301 1408 42 19 not
357 1403 70 23 make
441 1411 13 14 a
612 1402 20 22 is
644 1402 119 29 supposed
777 1404 26 20 to
822 1401 67 23 favor
902 1401 48 22 this

101 1452 93 31 theory,
218 1452 86 26 which,
325 1450 232 30 notwithstanding,
583 1457 79 15 seems
674 1453 26 19 to
719 1449 29 23 be
768 1449 152 31 questioned,
933 1448 19 22 if

101 1503 42 20 not
160 1500 145 30 repudiated
317 1500 33 30 by
370 1499 102 23 modern
493 1497 119 24 scientific
634 1497 102 23 writers.
774 1496 40 23 On
827 1496 42 23 the
883 1496 69 22 other

102 1546 72 27 hand,
193 1546 83 30 proofs
297 1546 27 22 of
334 1546 80 22 actual
437 1545 131 30 migration
593 1551 40 16 are
645 1547 45 19 not
712 1543 117 30 wanting,
856 1542 96 30 though

102 1596 47 23 this
163 1596 92 30 subject
274 1596 79 22 would
371 1595 75 23 admit
458 1595 27 22 of
501 1593 94 23 further
620 1592 152 23 elucidation.
809 1592 52 22 The
879 1592 71 29 adap-

103 1644 77 23 tation
193 1644 26 23 of
230 1644 66 23 birds
309 1643 38 23 for
359 1643 80 30 flight,
454 1641 189 31 independently
657 1640 26 23 of
693 1640 63 23 their
768 1640 86 31 wings,
872 1648 26 14 as
911 1640 41 23 the

104 1695 105 23 air-cells
223 1695 26 22 of
259 1695 64 22 their
334 1693 78 29 quills,
423 1691 25 23 of
458 1691 63 23 their
530 1689 93 25 bodies,
634 1688 46 23 and
691 1695 59 16 even
761 1687 26 22 of
794 1687 63 22 their
867 1686 85 25 bones,
