1120 1962
167 165 45 20 116

464 173 121 15 POETICAL
606 175 100 15 AVIARY.

512 297 49 15 THE
581 298 73 14 LARK.

197 357 89 23 Milton
298 357 43 23 has
354 356 91 24 availed
457 357 97 22 himself
563 356 27 23 of
600 357 39 22 the
653 356 64 22 Lark
730 356 24 22 in
766 355 37 23 his
816 355 27 22 L'
848 355 103 31 Allegro,
976 364 23 15 as

164 405 26 22 of
199 405 40 23 the
253 404 158 31 Nightingale
424 404 24 22 in
460 404 36 22 his
510 403 19 23 II
542 404 130 22 Penseroso
673 417 34 3 —

282 469 36 21 To
329 469 52 21 hear
392 469 38 21 the
442 469 64 21 Lark
518 468 65 28 begin
594 467 34 21 his
639 467 65 28 flight

282 508 54 21 And
347 508 86 28 singing
445 507 77 21 startle
534 507 38 21 the
584 506 47 21 dull
643 505 70 28 night,

282 544 67 21 From
360 543 34 22 his
405 543 154 21 watch-tower
569 543 23 20 in
603 543 39 21 the
654 542 66 26 skies,

283 583 46 21 Till
337 583 38 20 the
387 582 98 28 dappled
496 582 63 20 dawn
571 580 55 22 doth
638 580 43 22 rise
689 588 5 18 ;

281 620 66 22 Then
359 624 25 17 to
396 628 62 13 come
470 619 22 22 in
505 619 57 28 spite
574 619 27 21 of
608 625 82 15 sorrow

281 659 52 21 And
344 663 23 16 at
378 666 36 20 my
425 658 93 21 window
529 657 38 22 bid
579 657 171 28 good-morrow,

280 697 108 28 Through
400 697 38 21 the
450 696 145 24 sweet-briar,
608 701 25 15 or
644 694 38 21 the
694 694 56 25 vine,

282 734 33 22 Or
326 734 38 21 the
377 733 91 21 twisted
479 731 120 29 eglantine.

196 799 29 23 In
238 798 86 24 Burns'
338 797 53 24 Ode
404 801 25 19 to
451 805 12 15 a
482 796 74 30 Daisy
567 795 88 23 turned
668 795 70 22 down
756 795 58 22 with
835 795 41 23 the
899 795 95 31 Plough,

162 853 35 14 we
209 845 60 22 have
270 858 33 4 —

281 909 63 25 Alas,
355 908 29 21 its
396 916 28 13 no
433 908 40 28 thy
484 909 82 21 neebor
577 912 66 18 sweet

280 947 50 21 The
341 946 82 21 bonnie
434 947 71 25 Lark,
518 948 132 27 companion
661 952 68 22 meet,

280 986 100 27 Bending
392 985 52 21 thee
456 986 73 27 'mang
540 986 38 21 the
590 986 63 27 dewy
663 986 79 25 wheat,

400 1022 43 22 Wi'
457 1023 105 27 speckled
573 1023 82 21 breast.

280 1061 80 27 When,
371 1060 102 28 upward-
477 1060 119 28 springing,
608 1060 77 28 blythe
697 1064 24 17 to
733 1065 60 23 greet

698 1099 50 21 The
759 1100 105 27 purpHng
875 1100 59 22 East.

191 1161 63 29 Pope
265 1160 118 22 mentions
395 1159 40 23 the
447 1159 84 23 Lark's
545 1166 61 23 song
618 1159 25 23 in
655 1159 36 22 his
730 1159 75 31 Essay
818 1167 31 15 on
939 1173 32 4 —

280 1231 23 22 Is
314 1231 17 21 it
342 1231 33 20 for
386 1230 52 21 thee
449 1229 39 22 the
498 1229 59 21 Lark
568 1229 93 21 ascends
673 1229 44 20 and
731 1228 62 29 sings
800 1228 10 21 ?

279 1267 45 28 Joy
335 1267 66 21 times
412 1266 34 21 his
457 1266 69 26 voice,
535 1265 39 29 joy
585 1266 98 21 elevates
694 1266 35 21 his
740 1266 70 28 wings

280 1304 23 21 Is
314 1304 18 21 it
342 1303 34 22 for
387 1303 52 22 thee
450 1303 38 21 the
500 1303 80 21 Linnet
593 1309 67 22 pours
672 1302 33 21 his
717 1302 75 21 throat
799 1302 11 21 ?

279 1342 72 22 Loves
362 1342 26 21 of
395 1342 34 21 his
440 1347 49 15 own
500 1341 44 21 and
554 1344 102 23 raptures
667 1340 61 21 swell
739 1340 38 21 the
789 1343 58 17 note.

196 1411 22 22 It
237 1417 54 24 may
303 1409 30 23 be
352 1409 116 23 observed
488 1409 26 23 of
524 1410 48 22 this
593 1419 108 22 passage,
727 1412 60 26 that,
811 1412 123 31 although,
954 1413 38 23 the

161 1458 75 24 moral
244 1458 20 22 is
272 1457 131 30 admirably
413 1458 128 30 conveyed,
553 1458 46 22 and
609 1458 40 22 the
662 1458 81 30 rythm
755 1458 20 22 is
788 1467 56 22 very
856 1459 85 31 happy,
954 1463 38 27 yet

159 1508 68 23 there
239 1508 19 22 is
271 1515 14 15 a
297 1508 77 22 defect
386 1507 27 23 of
421 1507 102 29 melody,
537 1506 26 23 of
573 1506 77 23 which
663 1506 115 30 probably
790 1506 94 23 neither
898 1506 94 26 Milton,

161 1554 149 31 Shakspeare
330 1562 45 14 nor
393 1553 103 31 Spenser
518 1554 78 23 would
617 1554 61 24 have
697 1555 61 23 been
782 1556 84 30 guilty.
901 1557 55 22 This
974 1557 18 22 is

159 1602 78 31 partly
258 1602 79 30 owing
349 1606 25 19 to
387 1602 41 22 the
447 1602 135 31 exigencies
602 1602 26 23 of
638 1602 91 32 rhyme,
750 1603 78 23 which
841 1605 95 30 obliged
953 1605 39 23 the

159 1649 59 23 Poet
237 1651 25 20 to
275 1649 77 22 throw
365 1649 37 22 his
414 1650 135 30 governing
567 1651 56 22 verb
636 1651 51 22 into
700 1651 41 23 the
761 1656 97 26 present
878 1657 74 23 tense,
966 1662 26 15 so

159 1701 51 22 that
232 1701 30 22 all
275 1701 40 22 the
328 1701 68 22 other
409 1701 70 22 verbs
491 1701 26 22 of
525 1701 41 22 the
580 1704 111 19 sentence
705 1704 63 19 must
781 1701 78 22 follow
881 1701 40 22 the
940 1701 52 22 lead
