1120 1962
166 160 27 21 18

461 166 122 15 POETICAL
602 166 103 15 AVIARY.

196 238 22 22 It
231 238 20 22 is
269 244 159 22 unnecessary
449 239 26 21 to
495 238 74 22 relate
591 238 41 22 the
651 238 61 22 local
730 238 115 22 tradition
864 237 80 23 which
964 237 40 23 has

161 284 60 23 been
235 284 68 23 made
317 292 26 14 so
356 282 102 24 familiar
470 287 25 19 to
508 292 27 14 us
548 284 31 30 by
589 285 42 22 the
677 285 63 23 Irish

311 338 33 27 By
356 338 48 21 that
416 338 50 21 lake
478 338 74 21 whose
563 338 89 28 gloomy
665 338 70 26 shore,

312 376 112 27 Sky-lark
436 382 67 14 never
514 375 94 21 warbles
620 382 45 14 oer.

194 431 29 22 In
235 430 115 23 beautiful
362 432 108 21 contrast
483 429 58 23 with
553 429 41 23 the
607 429 141 23 murderous
762 437 70 16 scene
850 430 73 23 about
936 432 25 21 to
974 431 28 22 be

161 479 69 23 acted
242 479 24 22 in
279 478 138 23 Macbeth's
431 478 90 25 Castle,
534 486 37 14 we
583 477 70 23 have.

161 535 107 21 Duncan.
270 547 29 4 —
301 534 57 21 This
369 533 70 22 castle
451 532 55 22 hath
518 540 13 13 a
542 531 102 29 pleasant
657 533 55 23 seat,
723 529 40 21 the
781 529 32 21 air

307 571 93 28 Nimbly
411 570 45 22 and
467 570 92 28 sweetly
566 570 155 21 recommends
733 569 65 22 itself

308 608 62 22 Unto
382 615 40 14 our
433 608 75 27 gentle
521 614 83 15 senses.

165 643 108 27 Banquo.
275 657 28 2 —
306 642 56 22 This
374 647 65 23 guest
450 644 27 20 of
484 651 103 19 summer,

309 680 50 21 The
371 681 209 29 temple-haunting
591 683 108 26 Mart/et,
712 685 54 21 does
779 693 104 21 approve,

309 718 34 27 By
356 718 36 21 his
402 718 60 21 lov'd
474 726 109 19 masonry,
596 719 49 22 that
657 720 39 21 the
708 720 103 23 heaven's
823 724 78 21 breath

309 752 80 24 Smells
400 756 111 28 wooingly
522 756 60 21 here.
615 756 37 21 No
658 756 69 29 jutty,
737 757 74 27 frieze,
823 759 107 26 buttress,

307 791 49 21 Nor
367 791 80 29 coigne
459 792 26 21 of
492 796 103 24 vantage,
607 793 41 22 but
660 794 44 22 this
715 795 51 22 bird
777 796 55 22 hath
844 798 65 20 made

307 827 44 22 His
362 829 99 27 pendent
473 829 50 27 bed,
536 830 44 21 and
591 836 119 22 procreant
721 834 75 21 cradle
804 843 5 17 ;
821 835 73 22 where
905 836 53 29 they

307 866 64 21 Most
382 867 68 21 breed
463 868 44 21 and
519 868 78 27 haunt,
610 868 11 22 I
632 868 55 22 have
699 871 110 21 observed
820 872 38 21 the
870 879 33 15 au-

307 903 22 21 Is
341 903 104 21 delicate.

191 955 50 23 The
255 956 125 30 following
392 964 114 22 passages
520 959 74 23 relate
606 962 26 20 to
645 960 65 24 birds
725 962 28 22 of
762 962 25 23 ill
799 971 78 15 omen.

275 1011 75 22 Three
361 1011 66 22 times
439 1012 28 21 aU
478 1013 23 21 in
513 1013 39 22 the
564 1015 58 22 dead
634 1017 26 21 of
667 1017 63 28 night

304 1047 22 20 A
338 1047 45 20 bell
395 1055 43 14 was
450 1049 69 22 heard
530 1053 24 18 to
563 1051 56 29 ring,

274 1083 54 21 And
337 1088 22 17 at
372 1083 39 22 her
422 1084 94 22 window
527 1086 114 29 shrieking
653 1088 71 23 thrice

304 1120 50 21 The
366 1121 82 22 Raven
461 1122 82 28 flapp'd
554 1123 34 21 his
600 1124 63 28 wing.

553 1160 96 22 TickeFs
660 1162 82 21 ballad
752 1163 29 28 of
787 1164 64 28 Lucy
863 1166 49 20 and
925 1166 68 22 Colin.

273 1201 50 21 The
334 1202 83 21 Raven
428 1202 96 22 croaked
535 1210 24 14 as
571 1203 39 21 she
622 1207 34 18 sat
667 1207 23 18 at
702 1204 39 21 her
749 1205 58 21 meal

301 1238 54 22 And
367 1238 38 21 the
416 1238 38 22 old
465 1246 86 14 woman
560 1239 65 21 knew
637 1239 60 21 what
705 1239 28 21 he
746 1240 48 21 said
803 1249 4 16 ;

273 1276 54 22 And
339 1276 38 22 she
390 1283 58 21 grew
459 1276 51 28 pale
522 1279 22 18 at
556 1276 38 21 the
607 1276 102 22 Raven's
721 1276 51 27 tale,

304 1315 53 20 And
370 1313 105 26 sicken'd,
488 1314 43 20 and
543 1318 58 17 went
613 1317 24 17 to
649 1314 50 21 bed.

356 1350 119 28 Southey's
487 1351 82 20 ballad
579 1352 31 27 of
616 1350 36 21 the
668 1351 47 20 Old
732 1351 94 21 Woman
839 1353 31 27 of
876 1352 116 28 Berkeley.

272 1396 22 19 Is
306 1395 17 20 it
335 1398 39 17 not
387 1395 104 20 ominous
503 1395 22 20 in
538 1395 29 20 aU
578 1394 115 21 countries

271 1431 73 22 When
360 1433 76 20 Crows
446 1432 45 21 and
503 1433 95 21 Ravens
610 1432 67 21 croak
687 1440 61 21 upon
760 1437 60 18 trees
832 1434 8 21 ?

269 1470 50 22 The
331 1470 87 21 Roman
432 1474 84 20 senate,
528 1469 65 22 when
605 1469 78 22 within

270 1507 49 21 The
331 1507 45 27 city
389 1507 62 20 walls
463 1514 28 13 an
507 1507 52 21 Owl
569 1514 43 14 was
623 1514 60 19 seen,

268 1544 46 21 Did
326 1551 66 13 cause
404 1543 58 21 their
474 1544 81 28 clergy,
567 1544 54 21 with
633 1545 141 26 lustrations,

268 1580 62 29 (Our
342 1581 71 28 synod
425 1586 53 16 cans
490 1581 167 29 humiliations)

267 1618 50 21 The
329 1619 142 21 round-fac'd
483 1619 94 28 prodigy
588 1619 16 22 t'
616 1624 70 23 avert,

267 1655 65 21 From
345 1656 67 28 doing
423 1660 60 17 town
495 1663 25 15 or
532 1660 95 25 country
638 1657 60 22 hurt.

830 1687 127 22 Hudibras.
