1120 1962
143 175 31 20 32

446 178 121 15 POETICAL
587 177 103 16 AVIARY.

177 254 29 22 In
218 260 163 22 consequence
394 252 26 22 of
430 252 41 23 the
485 260 64 15 same
564 251 71 23 Latin
648 250 66 23 word
727 249 117 29 denoting
857 255 12 16 a
882 247 104 24 French-

145 311 55 15 man
213 303 47 22 and
270 310 13 15 a
296 301 66 26 Cock,
377 309 13 15 a
402 304 69 20 stone
483 302 76 29 figure
580 301 26 23 of
616 309 15 15 a
643 301 61 22 Lion
725 299 94 31 tearing
839 302 25 19 to
885 298 79 31 pieces
977 306 12 15 a

144 350 60 23 cock
216 357 48 14 was
276 348 85 31 placed
381 355 57 15 over
449 348 41 22 the
510 348 89 30 portals
619 350 24 20 at
662 346 125 23 Blenheim
796 355 5 17 ;
823 345 46 23 and
890 345 23 22 in
931 345 58 30 king

145 398 65 21 John
223 404 36 15 we
272 396 58 23 find,

399 438 35 20 To
445 437 63 21 thrill
519 437 46 21 and
573 436 68 22 shake

263 474 62 21 Even
337 477 23 18 at
371 473 39 21 the
421 473 77 29 crying
509 473 27 21 of
542 480 56 22 your
609 471 94 22 nation's
719 472 71 21 Crow.

267 510 116 27 Thinking
394 510 34 21 his
439 509 63 22 voice
514 517 28 13 an
554 509 77 21 armed
642 508 147 29 Englishman

281 564 70 22 Birds
363 564 60 22 have
442 563 136 31 performed
598 563 132 30 important
742 565 66 27 parts
820 562 24 22 in
856 562 132 30 Mythology

145 610 48 23 and
213 611 79 22 works
311 611 26 22 of
354 611 90 30 fiction,
467 611 48 23 and
535 611 137 23 sometimes
691 618 60 15 even
769 610 23 22 in
813 610 56 26 real,
889 617 26 15 or
926 610 62 23 what

145 668 81 22 passes
239 661 37 22 for
289 661 48 23 real
350 661 94 29 history.

266 719 67 21 Some
344 718 50 22 half
400 718 38 22 the
452 718 81 21 Senate
570 720 40 18 not
745 723 41 14 can
797 723 46 21 say,

267 757 72 22 Geese
351 757 88 21 nations
451 762 58 19 save,
521 755 44 21 and
576 761 101 20 puppeys
693 753 60 28 plots
764 754 83 27 betray.

874 790 83 26 Young.

180 847 24 22 It
220 847 20 23 is
263 850 43 19 not
320 854 127 23 necessary
460 850 25 19 to
497 846 94 31 explain
604 847 53 23 how
671 848 76 23 Rome
760 856 48 15 was
821 847 71 23 saved
905 847 31 30 by
949 847 39 22 the

146 896 111 31 cackling
269 896 27 23 of
315 904 13 15 a
343 896 88 26 Goose,
456 904 26 15 or
495 900 26 20 to
534 897 69 23 dwell
626 906 31 14 on
679 898 41 22 the
744 898 95 23 ancient
863 905 125 22 ceremony

146 945 210 24 commemorative
377 946 26 22 of
419 946 52 23 that
489 950 78 23 event,
590 955 27 15 or
639 955 31 15 on
687 948 42 23 the
749 948 104 29 keeping
867 947 26 23 of
907 947 81 23 sacred

147 994 77 22 Geese
237 994 24 22 in
275 994 40 22 the
329 993 103 31 Capitol.
469 994 90 31 Bishop
573 996 155 31 Atterbury's
741 996 50 31 plot
806 996 39 31 (to
858 995 78 24 which
948 995 40 23 the

145 1052 107 23 puppeys
265 1044 75 30 refer)
350 1052 48 15 was
411 1044 139 24 discovered
559 1046 32 31 by
600 1055 30 15 an
641 1047 108 26 allusion,
763 1047 24 23 in
798 1055 30 15 an
840 1046 147 31 intercepted

146 1093 77 25 letter,
234 1094 24 21 to
272 1092 38 23 his
322 1092 50 30 dog
383 1092 137 30 Harlequin.
559 1092 68 24 Swift
637 1096 74 20 wrote
725 1100 29 15 an
766 1092 44 23 ode
824 1099 31 15 on
867 1091 41 23 the
921 1099 66 15 occa-

146 1142 60 25 sion,
219 1141 79 23 which
311 1141 31 23 he
355 1141 95 23 intitled
496 1141 39 23 On
559 1141 41 23 the
624 1140 82 23 horrid
731 1139 52 31 plot
805 1138 137 23 discovered
957 1138 31 29 by

180 1228 134 23 Beaumont
327 1229 46 22 and
386 1229 110 22 Fletcher
509 1229 77 22 notice
600 1229 64 22 Leda
677 1229 47 22 and
733 1229 44 22 her
790 1228 78 23 Swan.

268 1283 70 27 Leda,
349 1284 79 29 sailing
440 1291 28 15 on
481 1285 39 21 the
532 1288 83 19 stream

299 1322 34 21 To
346 1323 91 22 deceive
446 1323 39 22 the
497 1323 70 27 hopes
576 1325 27 21 of
609 1332 58 18 man,

267 1359 61 22 Love
341 1360 136 28 accounting
488 1361 40 21 but
540 1368 13 14 a
564 1362 82 25 dream,

296 1397 76 22 Doted
383 1405 28 14 on
422 1406 13 13 a
451 1398 66 21 silver
529 1399 77 20 Swan.

181 1454 23 23 It
212 1454 19 23 is
244 1457 41 20 not
297 1454 111 31 required
420 1457 26 20 to
458 1454 72 24 relate
539 1455 40 23 the
592 1455 195 24 transformation
800 1456 26 23 of
836 1457 93 29 Jupiter
940 1456 49 23 into

148 1513 13 14 a
183 1503 82 23 Swan.
302 1503 23 23 It
341 1504 43 22 has
406 1504 61 23 been
480 1512 12 14 a
505 1504 100 23 favorite
619 1505 93 30 subject
726 1506 55 23 with
796 1510 68 26 great
877 1507 111 29 painters.

148 1551 23 23 It
194 1551 21 23 is
233 1559 14 15 a
259 1551 94 23 curious
367 1551 56 28 fact,
436 1552 54 23 that
502 1552 42 23 the
557 1552 114 31 Bishop's
683 1553 72 26 bible,
769 1554 24 22 in
811 1554 42 22 the
866 1557 47 20 two
937 1554 51 23 first

148 1601 110 26 editions,
275 1601 94 31 printed
386 1601 70 26 1568,
470 1601 47 22 and
533 1600 71 26 1572,
618 1600 23 22 in
654 1600 41 23 the
717 1600 69 30 reign
800 1600 26 23 of
844 1600 84 27 Queen
941 1599 47 22 Eli-

149 1646 93 27 zabeth,
265 1647 51 26 has,
340 1651 24 18 at
387 1647 40 23 the
452 1650 204 20 commencement
678 1646 26 23 of
726 1647 41 23 the
789 1647 90 31 Epistle
900 1650 26 20 to
949 1647 40 23 the

149 1694 124 27 Hebrews,
292 1703 14 14 a
318 1695 91 30 picture
432 1695 26 22 of
479 1695 64 22 Leda
557 1695 56 22 with
624 1702 14 15 a
662 1694 72 23 Swan
754 1695 84 30 sailing
861 1702 55 15 near
938 1695 50 22 her.

568 1737 56 2 -*..,
826 1732 32 7 AC*
910 1738 6 2 .
932 1738 13 2 _
957 1733 11 6 /
1008 1728 17 11 /
1040 1738 8 2 .
