1120 1962
418 149 121 16 POETICAL
560 150 103 16 AVIARY.

927 147 44 21 135

121 221 25 22 of
157 220 94 24 Athens
264 221 25 22 in
301 221 41 23 the
392 222 111 26 Paradise
523 225 125 31 Regained
702 235 13 15 a
728 227 145 32 description
886 229 86 26 which,

120 268 47 24 like
188 268 53 24 that
262 269 28 23 of
312 269 76 24 Rome
411 270 25 23 in
457 271 43 23 the
518 279 66 17 same
604 281 79 23 poem,
703 276 19 22 is
744 276 104 31 perhaps
868 276 104 31 scarcely

121 317 126 31 surpassed
259 318 32 30 by
302 326 46 23 any
362 319 26 23 of
393 320 42 23 the
445 320 73 25 views
530 323 125 25 exhibited
668 326 23 22 in
704 326 41 23 the
760 327 111 22 Paradise
880 328 92 21 Lost-

241 375 43 22 See
296 375 63 22 there
371 375 39 22 the
422 375 58 22 olive
492 384 67 21 grove
571 378 28 21 of
607 378 123 28 Academe,

240 414 84 22 Plato's
335 414 140 26 retirement,
487 415 74 21 where
573 416 39 21 the
625 417 66 21 Attic
703 417 49 22 bird

239 449 68 22 Trills
319 449 40 22 her
370 450 64 22 thick
445 452 108 28 warbling
564 456 66 19 notes
642 453 39 22 the
693 462 99 14 summer
802 455 59 29 long.

240 486 75 22 There
326 486 90 30 flowery
426 487 41 22 hill
478 487 133 30 Hymettus,
622 491 55 22 with
689 491 39 22 the
741 493 72 21 sound

240 524 35 23 Of
283 525 62 22 Bees'
357 525 140 23 industrious
508 535 108 18 murmur,
628 529 33 21 oft
671 529 83 22 invites

240 563 35 22 To
286 565 104 22 studious
400 565 95 27 musing.

155 626 61 23 Mrs.
233 626 107 24 Hemans
362 627 92 23 notices
467 627 42 23 the
521 627 69 24 Bees'
604 627 46 24 low
665 629 56 22 tune
735 627 97 31 coming
851 627 63 23 from
929 628 41 23 the

121 678 158 30 Fox-glove's
290 678 56 26 bell,
367 679 46 22 and
427 678 150 31 Shakspeare
590 679 86 30 speaks
689 679 27 22 of
730 679 67 22 Ariel
808 679 68 31 lying
888 679 48 23 like
958 687 12 14 a

121 725 48 24 Bee
180 726 25 23 in
218 726 41 24 the
274 726 125 31 Cowslip's
412 728 55 23 bell.
503 729 79 23 These
595 729 113 24 allusions
727 730 87 24 induce
831 739 38 15 me
881 734 27 20 to
924 732 46 23 cite

121 775 36 23 for
170 775 63 24 their
252 776 126 31 antiquity,
398 785 25 15 as
438 778 54 23 well
512 786 26 15 as
557 779 64 23 their
641 780 137 30 prettiness,
802 788 66 16 some
890 789 80 15 verses

121 823 126 30 published
260 823 31 32 by
301 823 94 32 Lodge,
409 833 30 15 an
451 826 248 31 ante-Shakspearian
705 828 141 28 Dramatist,
859 829 26 24 in
897 830 73 23 1584.

301 878 62 23 Love
373 879 25 22 in
406 888 36 22 my
455 882 85 28 bosom,
552 884 46 22 like
610 892 13 14 a
634 885 53 26 Bee,

330 917 65 22 Doth
406 919 56 21 suck
473 919 36 22 his
521 925 68 18 sweet
599 930 5 16 ;

302 953 59 22 Now
372 954 53 22 with
437 955 35 23 his
483 956 70 30 wings
565 957 28 23 he
604 958 64 30 plays
679 959 54 22 with
745 967 42 20 me,

330 991 59 22 Now
399 992 54 22 with
467 993 35 23 his
512 994 47 22 feet
567 1004 6 16 ;

301 1029 89 23 Within
401 1038 38 22 my
447 1039 53 21 eyes
511 1033 28 22 he
551 1033 77 22 makes
640 1033 35 22 his
687 1038 56 23 nest,

301 1067 43 22 His
356 1068 44 22 bed
411 1069 83 23 amidst
505 1077 37 20 my
554 1071 80 22 tender
644 1071 84 26 breast,

299 1108 44 30 My
353 1109 72 22 kisses
437 1116 37 14 are
483 1109 35 21 his
530 1109 61 29 daily
601 1109 65 27 feast,

300 1149 55 22 And
364 1152 39 24 yet
414 1149 28 21 he
451 1149 53 21 robs
515 1154 35 15 me
562 1148 28 21 of
601 1154 37 22 my
645 1151 45 18 rest.

155 1213 102 31 Rogers,
278 1214 24 23 in
323 1214 38 23 his
381 1221 71 24 poem
473 1221 32 16 on
721 1213 127 24 attributes
867 1216 26 21 to
915 1215 53 23 that

120 1261 88 31 faculty
227 1262 41 23 the
286 1265 83 20 return
391 1262 26 23 of
445 1262 61 24 Bees
527 1265 26 19 to
566 1261 65 23 their
655 1261 76 26 hives,
747 1261 62 24 after
829 1263 63 23 their
906 1264 62 31 daily

119 1308 67 23 labor
201 1319 5 18 ;
224 1309 30 24 he
268 1318 115 23 supposes
395 1311 54 23 that
461 1311 58 31 they
532 1311 51 23 find
594 1311 65 24 their
671 1320 53 23 way
741 1312 73 25 home
834 1314 33 31 by
886 1323 82 15 means

121 1359 26 22 of
161 1359 156 33 recollecting
338 1361 41 24 the
402 1365 81 20 scents
496 1361 26 23 of
538 1361 41 24 the
593 1362 54 31 day.
685 1362 23 24 It
719 1363 20 23 is
753 1370 12 16 a
778 1363 56 28 fact,
848 1364 120 28 however,

119 1409 53 24 that
185 1410 61 24 Bees
258 1411 32 31 fly
302 1411 72 24 home
387 1412 25 22 in
425 1411 75 24 direct
512 1411 61 24 lines
585 1411 63 24 from
660 1416 69 27 great
748 1413 128 24 distances.
914 1414 54 23 Still

119 1460 58 31 they
190 1469 87 23 appear
296 1465 25 20 to
341 1462 31 23 be
390 1462 137 23 influenced
546 1462 32 31 by
599 1469 111 24 memory
731 1463 24 23 in
777 1463 191 31 distinguishing

119 1509 62 24 their
193 1510 67 24 hives
281 1511 61 23 from
362 1511 83 23 others
459 1511 163 30 surrounding
636 1511 75 23 them.
749 1511 24 22 If
789 1511 65 23 their
872 1519 53 14 own
939 1511 29 22 be

119 1561 112 23 removed
244 1564 25 20 to
283 1569 66 15 some
362 1561 116 26 distance,
493 1560 46 23 and
553 1560 102 23 another
666 1560 86 30 placed
765 1568 31 14 on
808 1559 42 23 the
863 1559 40 23 old
914 1559 54 26 site,

119 1612 57 31 they
187 1611 48 24 will
247 1611 55 24 take
315 1614 25 20 to
353 1610 42 24 the
407 1618 54 15 new
474 1609 64 23 hive.
577 1606 141 23 Successive
732 1613 99 16 swarms
843 1605 63 23 from
925 1604 42 23 the

118 1666 65 15 same
195 1658 55 23 hive
262 1658 61 24 have
336 1658 62 23 been
410 1658 90 22 known
511 1661 26 18 to
551 1658 84 21 return
648 1659 24 19 to
685 1663 14 15 a
709 1655 101 23 window
820 1655 79 23 where
909 1655 58 30 they

118 1715 58 16 once
201 1711 50 20 met
274 1707 60 24 with
356 1707 89 29 honey.
482 1706 57 23 Two
564 1705 106 24 colonies
691 1705 26 22 of
739 1704 63 23 Ants
820 1704 61 23 have
904 1703 62 24 been
