1120 1962
941 141 30 21 55

432 146 119 14 POETICAL
570 146 103 14 AVIARY.

127 220 88 22 abroad
228 220 42 22 her
283 219 86 30 wings,
382 220 84 22 taketh
479 220 43 23 her
534 228 83 23 young
629 221 47 22 and
689 221 99 23 beareth
800 222 66 23 them
882 230 29 15 on
931 222 42 23 her

126 268 85 31 wings,
225 275 27 15 so
264 267 110 24 Jehovah
388 268 40 23 did
439 268 54 23 lead
506 269 73 26 them,
595 270 46 22 and
654 270 69 23 made
733 270 66 23 them
817 275 26 18 to
867 271 50 22 ride
943 280 30 14 on

126 319 41 23 the
177 320 59 30 high
250 319 80 30 places
343 318 26 23 of
380 318 41 23 the
440 319 76 25 earth,
530 318 53 23 that
596 318 59 30 they
668 319 79 29 might
761 319 57 23 suck
839 319 80 29 honey
932 322 41 20 out

127 367 26 23 of
163 367 40 23 the
216 367 69 30 flinty
298 366 66 26 rock,
379 366 46 22 and
440 366 70 22 drink
523 366 41 23 the
576 375 59 22 pure
646 367 73 23 blood
733 368 27 22 of
766 369 41 22 the

159 414 99 31 Among
278 414 109 23 Oriental
408 414 104 27 nations,
527 414 18 23 it
558 415 20 22 is
591 419 43 20 not
645 424 146 17 uncommon
802 422 25 19 to
838 422 64 19 meet
915 418 58 23 with

127 465 105 31 symbols
253 465 72 23 taken
338 464 61 24 from
410 465 75 25 birds,
503 465 133 31 importing
649 465 62 24 their
725 467 156 29 conceptions
894 467 27 22 of
930 466 42 23 the

127 512 79 30 Deity,
227 519 27 15 or
275 512 62 23 their
358 512 111 30 opinions
491 513 148 31 concerning
659 514 41 23 the
722 518 84 20 nature
821 515 26 23 of
856 516 42 22 the
910 515 61 24 soul.

126 559 65 23 Thus
203 566 35 15 we
251 559 70 22 know
329 559 53 22 that
395 559 23 22 in
431 558 41 23 the
485 558 73 24 Inner
570 560 155 27 Tabernacle,
736 569 26 15 or
777 562 63 30 Holy
854 562 26 23 of
889 562 84 23 Holies

127 607 26 22 of
169 607 40 22 the
222 607 73 26 Jews,
309 614 56 15 over
382 607 42 22 the
437 607 42 22 ark
492 607 79 22 which
591 607 129 23 contained
733 607 40 23 the
795 608 77 23 tables
886 608 26 23 of
931 608 41 23 the

126 656 66 28 Law,
214 665 47 14 was
275 656 64 23 fixed
360 664 14 15 a
386 659 148 28 mercy-seat
555 656 26 22 of
600 663 59 22 pure
680 656 66 31 gold,
766 660 25 19 at
811 657 58 23 each
888 658 47 22 end
948 657 27 22 of

126 704 78 24 which
216 712 49 15 was
278 704 138 30 sculptured
428 703 41 23 the
482 703 80 31 image
574 704 27 22 of
612 712 13 14 a
635 703 105 24 Cherub.
777 704 50 23 The
842 704 131 23 Cherubim

126 752 48 23 had
192 752 59 23 each
271 752 53 23 four
337 752 86 31 wings,
443 752 55 31 (the
512 753 126 31 Seraphim
651 755 47 22 had
711 755 50 26 six)
774 756 47 22 and
833 756 54 22 four
899 756 72 27 faces,

126 802 69 24 those
215 802 27 23 of
261 811 30 14 an
309 802 71 31 eagle,
394 811 13 14 a
428 802 57 26 lion,
500 811 29 14 an
543 810 39 18 ox,
596 802 47 22 and
656 811 13 14 a
682 810 63 15 man.
783 802 23 23 It
817 811 55 22 may
886 803 29 23 be
930 803 41 23 ob-

128 852 83 23 served
224 852 52 23 that
289 851 41 23 the
341 851 75 31 eagle,
430 851 49 22 lion
492 851 47 22 and
558 858 32 15 ox
602 850 60 23 have
677 851 57 23 each
748 851 60 23 been
822 852 40 22 the
881 852 92 31 objects

128 900 26 23 of
170 900 139 23 veneration
323 908 90 22 among
425 899 110 23 different
547 899 110 23 Oriental
672 899 102 23 nations.
811 900 51 23 The
881 900 92 31 precise

127 950 87 30 import
236 949 26 22 of
276 949 41 22 the
338 950 64 21 faces
423 949 27 22 of
471 949 42 22 the
528 949 132 22 Cherubim
681 948 19 23 is
727 951 49 23 not,
791 948 9 23 I
817 948 98 27 believe,
930 956 41 15 ex-

127 999 102 31 plained,
240 999 42 22 but
294 999 18 22 it
321 1007 54 22 may
384 999 29 22 be
424 998 136 30 presumed,
570 998 60 25 that,
641 997 31 30 by
682 996 115 31 bringing
809 996 113 31 together
932 997 41 22 the

127 1048 198 31 representatives
338 1048 26 23 of
374 1056 80 23 power
465 1048 47 22 and
522 1055 90 22 energy
624 1047 61 22 from
700 1046 94 22 various
807 1046 130 30 kingdoms
950 1046 25 23 of

127 1095 41 23 the
181 1096 113 25 creation,
313 1095 18 23 it
344 1104 47 14 was
403 1099 82 19 meant
497 1098 26 20 to
534 1095 105 23 indicate
650 1095 41 22 the
703 1094 168 31 omnipotence
885 1095 26 22 of
921 1095 53 23 that

128 1142 77 31 Being
218 1142 53 23 who
314 1142 99 23 maketh
425 1142 41 24 the
477 1142 82 24 clouds
573 1143 36 22 his
623 1143 100 26 chariot,
733 1143 47 23 and
793 1143 103 24 walketh
910 1152 64 23 upon

127 1190 40 24 the
181 1191 77 29 wings
271 1191 26 23 of
304 1192 42 22 the

159 1240 51 23 The
224 1240 92 23 Greeks
330 1247 61 16 were
409 1240 81 23 struck
502 1241 32 30 by
548 1241 41 22 the
602 1240 103 30 analogy
718 1240 78 23 which
809 1240 41 23 the
863 1241 108 23 wonder-

126 1287 34 23 ful
181 1288 211 23 transformations
406 1289 26 22 of
452 1289 41 23 the
505 1289 119 30 Butterfly
644 1289 128 30 presented
793 1292 25 20 to
832 1290 63 23 their
915 1297 57 16 con-

127 1337 107 30 ceptions
247 1337 27 22 of
284 1336 41 23 the
338 1336 94 32 change
446 1336 78 23 which
532 1336 41 23 the
587 1336 52 23 soul
652 1336 78 23 would
744 1337 141 30 experience
904 1337 70 23 when

126 1385 116 23 liberated
263 1385 62 24 from
338 1386 31 23 its
390 1387 82 30 prison
486 1396 32 13 on
540 1387 77 23 earth.
653 1387 68 31 They
733 1388 97 23 noticed
841 1388 41 23 the
896 1388 78 23 Larva

127 1435 115 31 crawling
264 1435 38 22 for
325 1444 14 14 a
358 1435 44 22 few
425 1435 98 23 months
543 1436 61 22 until
617 1436 30 23 its
661 1437 129 31 appointed
804 1438 66 23 work
882 1438 24 23 in
932 1439 40 23 the

126 1483 105 23 creation
256 1485 19 22 is
294 1484 102 23 finished
407 1494 6 16 ;
433 1484 57 23 then
504 1485 98 30 passing
616 1485 51 22 into
680 1493 30 14 an
722 1485 168 23 intermediate
912 1489 62 19 state

126 1534 27 22 of
163 1534 108 31 seeming
295 1534 80 27 death,
389 1534 129 30 becoming
540 1542 13 14 a
566 1533 73 30 Pupa,
659 1532 82 23 bound
764 1540 30 22 up
807 1532 24 22 in
844 1540 13 15 a
871 1532 57 22 kind
949 1531 26 23 of

126 1582 96 24 shroud,
242 1582 47 23 and
302 1583 83 22 buried
398 1582 24 22 in
435 1582 40 23 the
485 1582 76 25 earth,
575 1590 27 14 or
613 1582 77 22 under
709 1584 73 20 water
795 1581 37 22 for
839 1589 15 14 a
864 1581 110 22 destined

125 1630 57 23 time
192 1639 5 17 ;
216 1630 61 23 after
298 1630 80 22 which
401 1630 113 31 bursting
537 1630 64 22 from
616 1630 30 22 its
671 1630 66 30 place
751 1629 26 23 of
799 1630 172 26 concealment,

125 1680 95 30 casting
232 1680 36 23 off
277 1680 31 23 its
321 1684 142 21 cerements,
477 1680 55 25 and,
545 1679 59 23 with
617 1679 40 23 the
671 1679 38 22 aid
722 1679 26 22 of
760 1679 108 31 splendid
888 1679 83 31 wings,
