1120 1962
914 147 42 21 111

412 154 121 15 POETICAL
554 154 103 15 AVIARY.

144 227 170 24 Wordsworth
326 232 74 19 wrote
410 229 92 23 several
514 232 99 20 sonnets
626 237 31 14 on
668 229 41 23 the
722 228 111 23 confined
847 228 76 30 Eagle
937 228 23 22 in

111 274 104 31 Dunolly
227 275 81 26 castle,
321 276 46 22 and
380 276 30 22 he
423 276 83 23 makes
520 277 18 22 it
548 281 26 18 to
586 285 88 15 scream
687 277 25 23 in
724 278 31 22 its
768 285 68 23 cage.
873 277 33 22 At
920 276 40 23 the

111 323 138 24 conclusion
267 324 26 23 of
304 324 41 23 the
359 325 71 23 chase
449 326 24 22 in
486 326 41 22 the
541 326 67 30 Lady
622 326 25 22 of
659 326 41 22 the
718 326 72 26 Lake,
805 326 40 22 the
858 326 102 28 evening

111 370 47 23 had
172 370 81 24 closed
263 371 76 23 round
354 371 66 23 Lock
434 372 101 22 Katrine
536 386 33 3 —

232 425 43 22 But
288 426 47 21 still
347 427 38 21 the
398 427 102 29 Dingle's
513 429 81 22 hoUow
606 430 76 23 throat

232 464 127 29 Prolonged
370 465 39 21 the
422 465 100 29 sweUing
536 467 86 28 bugle's
634 471 61 23 note,

231 502 50 22 The
294 502 87 22 Owlets
392 503 86 21 started
490 502 57 22 from
559 503 59 21 their
630 504 83 26 dream,

232 539 50 22 The
293 540 89 26 Eagles
395 540 115 22 answered
521 540 54 21 with
587 540 58 21 their
657 547 93 14 scream.

462 632 50 13 THE
532 632 77 13 SWAN.

142 675 23 24 It
177 676 20 22 is
210 684 13 15 a
235 676 118 24 favourite
365 678 65 29 topic
442 679 27 22 of
479 683 84 27 poetry
576 683 26 19 to
613 684 124 27 represent
751 681 40 23 the
807 680 71 24 Swan
892 681 67 31 sing-.

112 724 43 32 ing
168 726 97 30 sweetly
279 726 82 24 before
374 727 18 23 it
406 728 58 26 dies,
479 736 25 15 as
517 729 24 22 in
553 729 40 23 the
634 730 66 29 Rape
713 730 26 23 of
748 731 41 23 the
887 745 33 4 —

233 788 21 20 A
267 787 120 29 mourning
398 788 78 28 glance
489 787 35 22 Sir
535 787 96 29 Fopling
642 787 103 28 upwards
757 791 55 23 cast,

260 825 77 21 Those
348 833 53 21 eyes
413 833 36 13 are
461 825 66 21 made
540 832 24 14 so
680 831 45 14 was
736 823 36 22 his
783 824 49 21 last.

233 861 66 22 Thus
310 869 29 14 on
352 861 129 22 Meander's
493 861 90 28 flowery
594 860 86 28 margin
691 860 40 20 lies

233 900 51 22 The
296 900 102 27 expiring
413 901 79 25 Swan,
505 899 44 22 and
560 906 25 14 as
597 898 27 21 he
636 897 68 29 sings,
717 897 27 21 he
756 897 55 21 dies.

147 953 28 23 In
188 954 41 23 the
265 953 129 23 Merchant
417 953 26 22 of
600 950 78 23 whilst
694 950 115 23 Bassanio
823 950 21 22 is
857 949 103 31 viewing

113 1003 41 23 the
166 1003 102 26 caskets,
280 1003 79 23 Portia
369 1010 53 21 says
424 1016 32 2 —

232 1058 44 22 Let
288 1059 71 21 music
371 1059 73 21 sound
456 1058 64 21 while
533 1058 28 21 he
573 1057 56 22 doth
641 1058 65 21 make
718 1058 35 20 his
762 1057 78 22 choice
851 1066 3 17 ;

235 1093 66 22 Then
314 1094 19 21 if
341 1094 27 21 he
381 1094 54 27 lose,
448 1094 27 21 he
487 1094 78 21 makes
577 1101 13 14 a
600 1094 118 22 swan-like
730 1095 45 21 end

233 1132 88 27 Fading
332 1132 22 22 in
363 1132 71 22 music
443 1141 5 17 ;
458 1132 50 22 that
519 1132 39 22 the
570 1132 143 27 comparison

234 1169 55 29 May
299 1170 66 21 stand
376 1176 61 15 more
449 1176 89 22 proper,
548 1176 38 22 my
597 1176 41 22 eye
650 1169 57 22 shall
718 1170 28 21 be
758 1170 40 21 the
810 1173 81 19 stream

233 1207 55 20 And
296 1206 77 27 wat'ry
385 1207 127 22 death-bed
522 1207 34 21 for
568 1207 56 21 him.

146 1264 52 23 The
217 1264 94 23 conceit
336 1264 25 22 in
379 1264 49 22 this
449 1271 102 22 passage
571 1263 116 23 indicates
713 1270 66 16 some
803 1263 106 30 vestiges
939 1263 25 23 of

115 1314 172 30 Shakspeare's
304 1314 57 29 first
387 1322 100 15 manner
506 1314 26 22 of
551 1314 106 31 writing,
680 1314 95 31 though
802 1314 42 23 the
867 1314 97 24 distinct

116 1362 144 29 conception
283 1361 48 23 and
355 1364 87 28 strong
461 1362 169 31 development
649 1364 26 22 of
691 1364 132 27 character,
853 1364 47 23 and
922 1365 41 23 the

114 1411 143 31 thoughtful
269 1412 142 23 sentiments
424 1411 66 23 shew
501 1411 52 23 that
564 1411 49 23 this
623 1411 55 30 play
686 1410 103 31 belongs
799 1414 25 19 to
837 1411 37 22 his
884 1412 80 22 second

113 1466 101 15 manner
225 1469 5 16 ;
249 1457 19 24 it
287 1458 20 23 is
329 1458 124 31 generally
464 1458 142 24 considered
616 1458 41 23 the
668 1459 54 23 best
735 1459 26 23 of
769 1459 38 23 his
826 1459 136 24 Comedies.

115 1507 22 23 It
149 1515 49 15 was
210 1507 96 23 written
319 1506 82 23 before
415 1506 41 23 the
469 1506 65 23 close
545 1506 26 23 of
582 1506 42 23 the
635 1505 122 23 sixteenth
771 1507 100 28 century
883 1513 5 18 ;
900 1513 63 14 none

114 1553 26 23 of
149 1553 172 31 Shakspeare's
332 1553 129 31 tragedies,
473 1557 87 26 except
575 1552 105 23 Richard
695 1552 46 23 III.
753 1552 47 22 and
812 1552 91 23 Romeo
917 1552 46 23 and

113 1601 82 26 Juliet,
209 1601 90 29 belong
311 1604 26 19 to
355 1601 54 22 that
421 1603 109 28 century.
566 1601 52 22 The
630 1601 130 22 Merchant
773 1601 27 22 of
816 1601 90 23 Venice
920 1602 43 23 has

115 1650 139 29 something
266 1649 27 22 of
301 1649 53 23 that
366 1650 174 30 metaphysical
558 1651 123 30 obscurity
695 1651 78 22 which
786 1651 98 24 became
897 1661 66 15 more

115 1702 115 27 apparent
254 1699 25 22 in
299 1697 172 31 Shakspeare's
493 1699 60 23 later
575 1700 75 29 plays,
673 1700 43 22 but
735 1700 17 23 it
773 1700 19 22 is
817 1704 41 19 not
880 1700 84 29 tinged
