1120 1962
411 149 118 15 POETICAL
549 150 103 15 AVIARY.

922 147 27 21 31

136 223 22 23 A
183 223 173 24 stock-broker
380 224 54 23 who
457 227 77 21 wants
559 228 25 20 to
598 225 47 31 buy
659 226 68 22 stock
740 226 19 22 is
781 226 76 23 called
870 226 32 32 by
915 227 35 23 his

102 271 196 24 fellow-brokers
309 280 14 15 a
445 272 47 23 and
503 280 45 16 one
562 273 54 23 who
630 277 76 20 wants
716 277 26 20 to
755 274 43 23 sell
811 282 14 16 a

103 321 47 23 and
163 330 45 14 one
218 321 55 23 who
287 325 88 19 cannot
386 329 46 23 pay
445 329 31 15 on
489 321 42 23 the
544 321 99 31 settling
666 321 58 32 days
737 330 14 14 a
787 321 61 24 lame

102 369 78 23 These
192 377 40 15 are
246 370 71 30 slang
329 373 76 19 terms
418 377 57 23 very
488 370 54 22 well
551 370 89 23 known
653 370 24 23 in
697 371 41 23 the
756 371 56 31 city,
827 372 47 22 and
893 380 57 15 con-

103 419 89 31 stantly
214 420 60 23 used
295 423 25 20 at
374 419 146 23 Jonathan's
543 419 83 24 Coffee
761 421 47 22 and
851 420 99 32 Change

231 469 154 25 Jonathan's,
399 468 60 23 with
472 468 32 23 its
518 467 70 23 stock
601 466 109 27 brokers,
724 466 20 23 is
757 475 13 14 a
789 474 70 16 scene
872 467 25 22 in
910 467 40 23 the

103 517 99 23 modern
215 517 55 29 play
284 517 28 23 of
349 517 23 22 A
384 516 58 23 bold
456 516 82 23 stroke
552 516 37 22 for
603 524 13 14 a

222 574 55 20 And
285 573 65 21 when
359 577 23 18 at
393 573 79 29 length
483 574 55 22 both
552 574 53 21 Bull
618 574 44 22 and
675 574 57 22 Bear

224 610 70 21 Their
306 614 114 18 contracts
431 611 45 21 and
485 611 59 21 their
554 611 57 22 faith
622 612 113 27 forswear,

221 649 55 21 And
288 656 79 14 sooner
378 649 34 21 far
422 649 40 21 the
474 649 59 22 dev'l
544 649 68 21 could
623 648 59 22 raise

223 685 67 22 Than
301 690 108 24 payment
420 694 29 14 on
461 686 39 22 the
511 687 126 28 appointed
648 687 63 29 days.

223 723 36 21 To
271 723 69 28 shape
349 723 27 22 of
383 723 114 22 wretched
508 723 58 22 duck
577 723 149 27 transmuted,

223 759 34 29 By
273 759 61 22 Jews
345 760 155 28 blasphemed,
512 760 30 28 by
554 759 128 23 Christians
693 760 91 27 hooted,

224 795 110 29 Crippled
344 796 54 28 they
409 796 66 21 make
487 803 42 14 one
541 796 119 29 desperate
672 797 63 29 sally,

223 834 55 21 And
289 838 40 17 out
340 834 55 28 they
409 834 91 22 waddle
511 834 58 22 from
584 834 39 22 the
636 835 67 27 alley.

220 872 35 30 By
266 872 135 23 Jonathan's
414 872 105 22 detested
527 872 57 22 door

222 910 53 21 Run
289 910 122 28 quacking,
425 910 45 20 and
479 917 36 13 are
528 917 53 13 seen
593 917 29 14 no
634 917 69 14 more.

135 965 22 22 A
168 964 127 30 metaphor
318 964 44 23 has
383 964 62 22 been
457 964 73 23 taken
543 964 62 23 from
622 965 42 23 the
678 965 119 23 swiftness
810 966 27 22 of
847 966 65 23 birds
925 969 25 20 to

101 1020 99 23 express
213 1012 41 23 the
268 1011 104 32 rapidity
384 1012 59 22 with
456 1013 79 23 which
547 1013 80 25 lovers
640 1015 62 23 wish
715 1016 63 23 their
790 1025 124 24 messages
926 1021 24 19 to

101 1061 29 23 be
142 1060 131 30 conveyed.

220 1116 46 27 Oh,
279 1116 39 22 she
329 1116 19 22 is
360 1117 57 22 lame
430 1118 5 21 !
445 1118 69 23 love's
526 1120 90 23 heralds
628 1121 81 22 should
722 1123 31 21 be
764 1123 115 29 thoughts,

220 1154 84 22 Which
315 1159 39 17 ten
366 1154 66 22 times
444 1155 69 22 faster
524 1156 59 29 glide
595 1157 55 21 than
662 1158 39 21 the
710 1159 60 21 sun's
781 1159 84 27 beams,

221 1192 96 28 Driving
325 1192 59 22 back
396 1192 104 23 shadows
509 1200 52 15 over
572 1193 107 29 lowering
690 1194 53 21 hills
750 1203 5 17 ;

221 1228 124 21 Therefore
356 1229 29 20 do
396 1230 207 26 nimble-pinioned
615 1231 75 22 Doves
707 1232 59 21 draw
777 1232 70 23 Love.

685 1268 85 22 Romeo
782 1270 49 20 and
840 1270 80 20 Juliet.

132 1319 75 23 Juliet
219 1319 87 26 would,
329 1319 125 31 probably,
477 1323 42 19 not
541 1320 61 23 have
621 1320 60 23 been
704 1321 107 23 satisfied
829 1322 58 22 with
909 1322 42 24 the

98 1369 79 22 actual
191 1369 72 30 speed
276 1368 27 23 of
313 1369 89 22 Doves.
439 1368 23 23 It
475 1368 44 23 has
532 1368 62 23 been
612 1369 149 23 ascertained
774 1369 53 22 that
841 1377 44 15 one
898 1369 53 24 flew

97 1418 63 23 from
174 1418 110 31 Cologne
305 1421 25 20 to
344 1418 66 22 Paris
423 1420 25 20 at
466 1417 42 23 the
527 1421 53 20 rate
594 1418 26 23 of
633 1419 47 22 140
704 1418 69 23 miles
792 1418 25 23 in
840 1426 30 15 an
881 1419 68 25 hour,

99 1469 132 30 supposing
242 1469 19 22 it
269 1468 53 23 flew
334 1468 114 30 straight.
478 1468 49 23 But
537 1468 18 23 it
566 1468 43 23 has
621 1468 61 23 been
693 1468 114 30 thought,
818 1468 52 23 that
882 1468 69 23 these

98 1518 66 23 birds
177 1518 95 23 discern
282 1518 63 22 their
357 1521 82 19 routes
450 1518 33 30 by
497 1518 99 30 making
605 1518 83 22 circles
701 1518 25 22 in
738 1518 42 22 the
792 1518 44 22 air.
866 1517 85 30 Flying

100 1570 104 24 Childers
224 1578 75 15 never
327 1569 122 24 exceeded
478 1568 148 32 eighty-two
648 1568 46 22 and
717 1575 15 15 a
752 1566 51 24 half
821 1567 48 22 feet
890 1566 24 23 in
938 1574 13 16 a

98 1618 98 23 second.
234 1618 39 23 He
282 1621 63 19 went
362 1618 78 22 round
452 1618 42 22 the
502 1616 158 24 Newmarket
672 1623 93 18 course,
777 1615 80 23 which
868 1615 20 22 is
901 1616 50 22 400

25 1680 10 12 /
98 1666 71 29 yards
182 1665 47 24 less
242 1665 59 23 than
315 1665 53 23 four
380 1665 76 27 miles,
471 1666 24 22 in
510 1665 35 23 six
558 1665 105 23 minutes
676 1665 48 23 and
737 1665 63 30 forty
814 1665 111 24 seconds.
