1120 1962
146 167 30 20 54

451 177 121 14 POETICAL
594 174 103 16 AVIARY.

265 249 36 20 He
314 249 59 21 tried
382 249 55 21 each
450 253 40 21 art,
502 248 111 29 reproved
625 247 55 21 each
693 246 47 22 dull
753 246 73 28 delay,

267 285 95 21 Allured
374 288 23 18 to
409 285 101 26 brighter
522 285 88 25 worlds,
623 283 44 21 and
680 283 36 20 led
729 282 39 22 the
781 290 54 20 way.

356 350 52 21 God
419 351 92 20 himself
522 350 20 21 is
554 350 69 23 there,

268 387 61 21 Even
341 387 22 22 in
375 388 38 20 the
426 388 57 21 bush
496 388 59 28 (tho'
569 391 40 17 not
622 395 25 13 as
659 387 65 21 when
737 392 23 17 to
773 387 80 22 Moses

268 423 36 22 He
316 423 69 22 shone
397 424 22 21 in
431 424 104 28 beaming
546 424 96 28 majesty
653 425 122 26 revealed).

267 460 109 21 Nathless
387 461 151 28 conspicuous
550 462 22 19 in
584 461 38 21 the
634 462 91 21 linnet's
737 462 75 22 throat

268 497 22 20 Is
302 497 35 21 his
349 498 138 21 unbounded
498 499 118 27 goodness.
649 500 71 26 Thee,
732 500 39 22 her
784 500 85 27 Maker,

269 533 71 28 Thee,
353 534 40 22 her
404 534 126 28 Preserver,
543 536 79 22 chants
635 537 38 21 she
685 538 24 21 in
721 539 39 21 her
771 546 61 20 song.

872 577 85 19 Smart.

268 648 83 21 Whom
363 648 43 20 call
417 655 32 13 we
461 655 42 21 gay
514 648 10 20 ?
541 647 50 22 that
600 647 71 22 honor
682 648 39 21 has
733 649 56 20 been
800 648 53 28 long

269 685 50 21 The
331 686 64 20 boast
407 685 27 21 of
440 692 60 14 mere
512 685 132 28 pretenders
655 688 23 17 to
690 684 38 21 the
741 692 71 13 name.

269 721 50 22 The
331 721 107 22 innocent
450 729 37 14 are
499 729 48 21 gay,
559 722 39 21 the
610 723 65 20 Lark
686 722 19 21 is
716 730 43 20 gay

270 760 61 22 That
344 760 59 22 dries
414 760 35 22 his
461 760 99 22 feathers
572 764 99 18 saturate
683 760 54 21 with
749 760 49 21 dew

269 799 103 21 Beneath
384 798 39 21 the
434 805 51 21 rosy
496 798 74 25 cloud,
583 798 64 20 while
658 801 38 25 yet
705 798 38 20 the
755 798 76 20 beams

271 834 35 22 Of
310 834 132 29 day-spring
453 834 119 21 overshoot
584 834 34 21 his
630 834 91 21 humble
730 837 57 19 nest.

269 872 45 21 But
327 879 51 14 save
389 879 35 14 me
436 871 57 21 from
504 870 39 22 the
558 870 74 29 gaiety
644 871 26 22 of
677 871 65 21 those

267 908 84 22 Whose
362 908 140 21 head-aches
514 908 45 21 nail
572 909 62 21 them
645 912 24 18 to
680 916 13 14 a
704 909 117 28 noon-day
833 909 50 26 bed,

268 946 55 21 And
334 953 51 14 save
397 953 36 14 me
443 949 39 18 too
493 946 57 21 from
562 946 77 21 their's
650 946 76 22 whose
737 947 98 28 haggard
847 954 50 21 eyes

268 981 69 22 Flash
349 981 151 28 desperation,
512 982 45 21 and
568 983 79 27 betray
658 983 60 21 their
729 991 71 19 pangs

268 1019 44 21 For
322 1023 106 24 property
439 1020 67 27 stript
517 1020 34 21 off
558 1020 30 28 by
599 1021 61 21 cruel
672 1021 93 26 chance,

268 1055 67 21 From
346 1056 75 28 gaiety
432 1056 50 21 that
494 1056 41 21 fills
547 1056 39 21 the
597 1057 69 21 bones
678 1058 54 21 with
743 1058 72 28 pains,

268 1091 50 23 The
329 1092 80 22 mouth
421 1092 54 22 with
487 1092 140 28 blasphemy,
640 1092 38 22 the
690 1093 64 21 heart
765 1093 53 21 with
831 1102 53 13 woe.

853 1132 101 27 Cowper.

183 1206 27 22 In
222 1205 55 26 Job,
292 1204 58 23 with
362 1204 101 22 allusion
484 1207 25 19 to
524 1205 80 26 death,
625 1205 19 22 it
656 1205 20 23 is
693 1206 50 23 said
790 1207 69 23 there
871 1207 19 23 is
903 1215 14 15 a
929 1208 55 29 path

148 1257 79 22 which
240 1263 30 16 no
283 1255 65 23 Fowl
360 1254 121 25 knoweth,
495 1253 48 23 and
564 1253 79 23 which
664 1254 40 23 the
727 1254 116 22 Vulture's
863 1263 41 22 eye
927 1255 57 23 hath

147 1307 44 20 not
215 1311 56 15 seen
323 1301 47 23 and
382 1304 63 20 most
458 1301 26 23 of
494 1308 28 15 us
542 1301 61 22 have
632 1300 137 23 sometimes
793 1301 155 29 participated
961 1301 23 22 in

147 1351 42 22 the
201 1351 61 22 wish
274 1350 27 23 of
321 1350 41 22 the
375 1350 110 22 Psalmist
487 1362 33 3 —
549 1349 22 23 O
583 1350 53 22 that
649 1349 10 22 I
672 1350 48 22 had
735 1350 78 30 wings
826 1350 47 23 like
886 1358 12 15 a
911 1351 71 27 Dove,

147 1398 54 22 that
214 1397 11 22 I
239 1397 77 29 might
329 1397 32 29 fly
373 1404 66 22 away
450 1396 47 22 and
509 1396 30 22 be
551 1400 25 18 at

181 1445 10 22 I
213 1453 55 15 may
279 1445 57 22 here
350 1444 106 22 mention
480 1451 13 15 a
512 1443 115 22 beautiful
639 1444 79 30 image
733 1445 27 22 of
777 1452 30 15 an
829 1445 74 30 Eagle
923 1445 59 31 quit-

146 1494 53 29 ting
218 1493 31 22 its
261 1500 62 22 aery,
345 1490 46 23 and
403 1490 146 32 instructing
569 1491 30 23 its
613 1500 82 22 young
708 1497 25 19 to
746 1494 39 29 fly,
798 1494 62 23 from
881 1495 101 22 Moses's

146 1542 76 30 Song.
286 1540 38 22 He
345 1539 74 23 found
440 1539 38 22 his
489 1539 83 29 people
594 1539 25 22 in
633 1547 12 14 a
667 1539 79 22 desert
759 1539 62 26 land,
841 1540 46 22 and
899 1540 25 22 in
943 1540 39 22 the

146 1591 73 19 waste
238 1586 107 30 howling
364 1585 137 23 wilderness
511 1594 5 17 ;
537 1585 30 23 he
579 1586 39 22 led
639 1586 65 23 them
718 1587 80 26 about,
810 1588 29 23 he
852 1588 130 23 instructed

143 1636 75 25 them,
242 1634 30 23 he
284 1634 57 30 kept
363 1634 66 22 them
443 1642 26 14 as
489 1634 41 23 the
543 1634 67 31 apple
632 1635 25 23 of
668 1636 36 22 his
724 1644 51 22 eye.
810 1638 35 22 As
867 1645 29 16 an
909 1638 73 30 Eagle

145 1683 97 24 stirreth
266 1691 30 22 up
309 1683 44 23 her
372 1687 61 23 nest,
456 1683 123 23 fluttereth
602 1692 56 15 over
682 1685 44 23 her
744 1694 89 21 young,
857 1686 125 29 spreadeth
