1120 1962
900 148 44 20 115

399 154 121 14 POETICAL
539 154 106 14 AVIARY.

96 227 78 23 which
188 235 35 15 we
235 227 60 23 have
305 228 50 29 just
369 228 60 23 been
440 229 124 29 speaking,
579 229 40 22 did
632 229 58 31 they
702 229 60 23 form
777 237 66 15 some
856 229 91 30 picture

96 277 47 23 like
157 276 108 24 Sterne's
282 279 24 20 to
326 276 63 23 their
410 276 87 26 minds,
520 277 79 26 when,
623 277 46 23 like
719 277 109 30 choughs
850 277 25 22 of
887 277 58 29 deep

186 325 58 28 they
257 327 81 26 repeat
349 324 40 22 the
403 331 86 22 prayer
500 323 37 23 for
575 323 30 22 all
619 323 120 30 prisoners
753 323 47 22 and

401 423 51 14 THE
472 422 168 15 RED-BREAST.

131 475 27 22 In
174 475 129 29 Southey's
314 475 74 22 Poem
401 482 32 15 on
447 472 205 30 Contemplation,
666 480 35 14 we
715 472 60 22 have
777 485 31 2 —

217 532 57 21 Now
285 531 38 22 the
335 532 93 28 pleased
439 538 40 21 eye
491 530 57 22 from
559 538 45 21 yon
615 531 51 21 lone
678 534 90 24 cottage
782 537 48 14 sees

218 568 37 23 On
268 568 38 23 the
318 576 66 21 green
396 568 66 22 mead
474 568 38 22 the
525 568 77 21 smoke
613 568 54 28 long
679 568 130 27 shadowing
820 567 57 28 play,

216 607 51 21 The
279 607 145 21 Red-breast
435 613 29 14 on
476 606 39 21 the
527 605 130 22 blossomed
669 611 66 20 spray

276 644 103 21 Warbles
392 644 46 21 still
449 644 40 21 her
499 644 69 21 latest
580 644 43 28 lay.
820 644 30 25 (/.

215 680 55 21 And
281 680 34 21 lo!
334 679 39 22 the
385 680 76 22 Rooks
473 684 24 18 to
508 687 43 21 yon
563 680 143 29 high-tufted
718 684 67 21 trees,
802 676 102 26 /'ol-^L
918 680 37 27 /u-

216 717 76 29 Wing,
304 717 22 20 in
338 717 54 29 long
402 717 56 27 files,
469 718 127 22 vociferous
607 718 60 22 their
678 725 55 21 way.

216 754 66 22 Calm
294 754 192 29 Contemplation,
498 755 36 21 'tis
546 755 39 29 thy
597 755 93 22 favorite
702 755 64 21 hour.
799 751 30 25 X,'
876 757 13 16 /
917 755 6 3 '
949 770 6 16 t

217 791 71 21 Come
302 792 170 25 tranquillizing
485 792 76 22 Power
571 794 4 20 !
774 809 8 8 ,
804 802 13 11 >
829 794 32 23 ~/

129 862 125 22 Thomson
276 862 43 22 has
341 869 13 15 a
366 865 80 27 pretty
469 862 147 30 description
638 862 26 22 of
683 862 41 22 the
739 861 78 23 Robin
830 861 115 30 glancing

97 908 37 23 his
156 916 42 22 eye
222 908 103 23 askance
340 911 23 20 at
376 916 13 15 a
402 909 81 29 family
498 909 82 23 seated
603 909 78 22 round
704 916 13 15 a
737 907 208 26 breakfast-table,

97 956 46 23 and
157 957 98 30 picking
267 956 40 23 the
321 957 105 23 crumbs.
463 957 170 23 Wordsworth
647 959 43 22 has
704 958 92 23 several
815 958 92 23 notices
921 958 26 22 of

97 1005 40 22 the
152 1005 166 23 Red-breast's
331 1009 70 19 notes
412 1016 5 16 ;
438 1006 18 22 it
468 1006 21 22 is
501 1006 42 23 the
556 1006 56 31 only
624 1006 54 23 bird
691 1006 30 22 he
735 1006 87 22 admits
835 1006 51 22 into
907 1005 38 22 his

97 1059 85 19 sonnet
194 1064 30 14 on
237 1056 41 22 the
301 1055 126 23 Trosachs.
465 1054 28 23 In
506 1063 14 14 a
532 1063 70 22 poem
616 1063 31 13 on
660 1063 13 13 a
686 1053 195 24 Westmoreland
895 1056 50 19 cot-

97 1108 55 25 tage
167 1104 29 22 he
209 1104 78 22 has-

218 1178 84 21 Driven
315 1177 21 21 in
349 1178 29 27 by
389 1176 114 22 autumn's
515 1175 136 28 sharpening
663 1175 33 21 air

217 1215 68 21 From
296 1214 127 27 half-stript
434 1213 82 25 woods,
529 1212 44 21 and
585 1215 103 24 pastures
700 1211 59 25 bare,

217 1253 66 20 Brisk
296 1252 74 21 Robin
383 1251 65 21 seeks
460 1258 12 13 a
483 1249 98 21 kindlier
592 1249 74 21 home.

218 1288 47 22 Not
277 1288 46 21 Hke
334 1295 13 14 a
358 1288 84 28 beggar
452 1287 20 21 is
483 1287 28 21 he
521 1294 70 18 come,

217 1327 45 21 But
274 1330 76 18 enters
361 1333 24 14 as
397 1332 13 15 a
421 1325 129 22 looked-for
561 1327 73 25 guest,

218 1363 122 28 Confiding
352 1363 23 20 in
387 1362 35 21 his
434 1362 73 28 ruddy
519 1362 84 24 breast,

217 1399 34 21 As
262 1399 21 21 if
290 1399 17 21 it
319 1407 57 13 were
389 1407 12 13 a
413 1399 91 21 natural
516 1398 80 26 shield,

218 1437 107 29 Charged
336 1437 54 21 with
403 1445 13 12 a
427 1437 79 21 blazon
519 1444 28 13 on
560 1435 39 22 the
611 1435 60 27 field,

217 1476 51 21 Due
279 1480 24 17 to
315 1475 50 21 that
377 1475 58 28 good
447 1474 45 22 and
504 1474 64 28 pious
581 1473 58 21 deed

217 1512 34 22 Of
259 1512 73 21 which
344 1519 32 14 we
389 1512 22 21 in
423 1511 38 22 the
474 1511 76 21 ballad
561 1510 61 21 read.

218 1549 34 22 He
264 1549 64 29 plays
339 1549 39 21 the
390 1551 79 26 expert
481 1546 164 27 ventriloquist,

217 1588 53 20 And
282 1587 83 28 caught
378 1587 28 27 by
418 1586 107 29 glimpses
538 1592 56 18 now,
608 1591 49 14 now
666 1583 91 24 missed,

218 1623 94 22 Puzzles
324 1623 38 22 the
373 1623 92 21 listener
478 1623 54 20 with
544 1629 12 13 a
568 1622 79 24 doubt,

216 1662 24 21 If
247 1662 39 21 the
300 1661 44 21 soft
356 1660 63 21 voice
431 1659 28 21 he
472 1659 83 21 throws
566 1658 77 24 about,

218 1698 83 21 Comes
314 1698 57 20 from
384 1695 77 22 within
473 1695 75 24 doors,
560 1701 24 15 or
596 1693 100 21 without.

301 1751 16 16 Q
336 1744 13 21 2
