1120 1962
135 154 46 22 144

427 160 121 14 POETICAL
567 159 104 15 AVIARY.

166 237 110 24 Valerius
289 236 122 24 Maximus
421 236 86 24 relates
517 236 52 24 that
580 237 125 30 Augustus
715 234 124 25 entrusted
847 234 37 23 his
896 234 78 24 friend

132 283 96 22 Fulvius
247 283 59 22 with
317 290 14 15 a
350 285 77 20 secret
439 283 27 22 of
481 291 66 15 some
570 287 115 19 moment.
723 283 38 23 He
780 283 52 22 told
852 283 18 23 it
891 287 26 19 to
938 283 36 23 his

131 333 53 23 wife
196 343 5 17 ;
222 333 42 22 she
276 333 90 23 related
378 333 18 23 it
415 337 24 19 to
453 333 74 27 Livia,
542 334 46 23 and
601 334 62 23 from
683 334 43 23 her
738 334 19 23 it
776 342 66 15 came
857 334 71 31 again
948 337 26 19 to

130 382 43 23 her
184 382 110 23 husband
306 382 41 23 the
359 382 123 32 Emperor.
520 384 50 23 The
582 388 59 19 next
649 383 112 32 morning
770 383 98 23 Fulvius
876 384 94 22 attend-

131 428 30 23 ed
173 437 26 14 as
212 428 66 23 usual
290 432 26 20 to
337 430 75 23 salute
426 430 132 31 Augustus,
571 432 72 31 using
660 432 41 23 the
714 436 138 26 customary
873 434 62 20 term
949 431 25 23 of

160 477 54 23 Hail
340 492 34 3 —
405 479 111 25 Farewell
662 482 107 30 rejoined
781 482 42 22 the
843 481 125 30 Emperor,

129 527 77 23 which
217 528 20 22 is
247 528 64 24 what
323 537 48 15 was
383 529 50 23 said
445 533 25 20 to
482 530 41 23 the
537 531 82 29 dying.
642 530 96 23 Fulvius
749 532 63 20 went
820 529 79 26 home,
913 527 55 26 and,

131 579 88 30 calling
236 579 38 22 his
293 579 52 23 wife
348 592 32 3 —
531 578 51 23 said
593 578 38 25 he,
675 577 83 22 knows
778 575 11 23 I
810 574 111 24 revealed
933 573 37 23 his

130 629 76 19 secret
223 628 26 20 to
267 633 55 23 you,
344 626 46 22 and
409 626 42 23 has
468 627 130 22 sentenced
609 634 39 15 me
669 630 25 19 to
780 639 34 3 —
841 625 56 22 And
922 631 47 23 you

130 672 98 23 deserve
303 672 41 24 she
356 674 92 29 replied
458 684 5 16 ;
570 676 76 30 ought
659 680 24 18 to
695 676 61 23 have
768 676 89 22 known
869 684 41 23 my
919 675 50 23 ina-

129 720 69 31 bility
222 724 25 19 to
260 721 59 30 keep
341 729 14 14 a
367 725 77 19 secret
455 730 5 18 ;
480 721 51 27 but,
543 722 120 28 however,
677 724 11 22 I
709 724 47 23 will
764 724 30 23 be
807 724 82 23 before

131 769 97 31 Having
241 770 51 23 said
304 770 56 26 this,
374 769 42 24 she
430 770 101 23 stabbed
543 770 90 23 herself
643 770 26 23 in
680 770 38 23 his
730 779 122 21 presence.

164 820 61 23 Mrs.
241 819 122 24 Centlivre
382 820 74 23 raises
468 827 14 15 a
493 819 89 31 logical
603 819 120 24 inference
743 819 26 23 of
785 819 41 23 the
845 818 125 30 exception

129 868 102 31 proving
243 868 40 23 the
296 868 59 26 rule,
368 868 25 22 in
405 868 44 22 her
460 868 100 30 popular
571 868 55 30 play
637 868 75 22 called
751 867 51 23 The
814 867 115 26 Wonder,
944 874 26 15 or

129 924 15 16 a
162 917 105 23 Woman
284 917 73 29 keeps
372 923 14 16 a
409 919 77 20 secret
552 915 62 22 Miss
635 914 80 26 Aikin,
730 914 24 22 in
773 913 44 23 her
836 913 97 31 anxiety
945 916 25 19 to

129 963 47 23 add
189 963 100 23 another
300 962 99 28 wreath,
412 962 78 23 which
503 971 48 14 was
563 966 43 19 not
627 970 135 23 necessary,
776 965 26 20 to
814 962 42 23 the
872 970 98 14 renown

129 1011 27 23 of
170 1011 113 23 feminine
295 1011 154 26 attachment,
463 1011 79 23 would
553 1011 68 22 make
635 1013 41 20 out
694 1010 53 23 that
759 1010 43 23 the
816 1009 154 30 Gunpowder

129 1058 54 23 Plot
190 1066 49 15 was
250 1058 115 31 betrayed
377 1058 31 31 by
421 1066 13 15 a
442 1066 101 15 woman.
575 1058 87 31 Otway
671 1058 82 23 makes
763 1058 133 26 Belvidera,
910 1058 60 24 after

129 1108 90 23 herself
227 1107 74 32 citing
311 1107 42 23 the
363 1107 108 31 example
484 1106 26 23 of
526 1106 81 23 Portia
620 1110 24 19 to
657 1106 89 26 Jaffier,
759 1106 72 30 bring
843 1106 73 22 about
929 1106 41 22 the

129 1154 123 30 discovery
265 1153 26 23 of
306 1154 40 23 the
367 1154 54 23 Plot
440 1153 26 23 in
800 1152 167 24 Sallustattri-

129 1203 69 23 butes
217 1203 42 23 the
280 1203 123 30 discovery
416 1202 26 23 of
464 1202 41 24 the
519 1202 156 23 Catilinarian
689 1202 140 31 conspiracy
837 1205 26 20 to
875 1202 92 23 Fulvia.

129 1253 40 24 On
179 1254 41 23 the
233 1253 68 24 other
312 1254 73 25 hand,
405 1261 32 15 no
450 1261 45 16 one
515 1260 55 16 ever
582 1253 132 30 pretended
727 1256 26 20 to
774 1253 61 23 have
847 1253 123 24 extracted

129 1301 61 23 from
203 1309 46 23 any
261 1301 94 22 Roman
366 1300 55 32 lady
433 1300 42 23 the
485 1299 85 24 female
582 1300 125 31 mysteries
720 1300 27 22 of
755 1300 69 22 Bona
836 1299 59 23 Dea.
914 1299 56 23 And

129 1349 41 22 the
183 1351 67 28 great
263 1352 76 19 secret
352 1348 26 23 of
394 1348 124 30 antiquity,
532 1347 110 24 revealed
653 1351 24 19 at
690 1347 41 23 the
750 1347 113 23 Eleusian
880 1349 88 28 myste-

129 1394 54 26 ries,
197 1395 21 22 is
232 1403 13 14 a
256 1395 81 22 theme
347 1394 36 22 for
393 1395 178 31 contradictory
583 1403 107 23 guesses,
701 1395 95 31 though
806 1403 92 15 women
909 1403 61 16 were

129 1444 114 31 certainly
255 1443 117 23 admitted
383 1447 26 19 to
421 1443 67 23 these
501 1443 133 31 mysteries,
645 1443 47 23 and
704 1443 59 31 they
786 1451 62 15 were
870 1443 100 30 reputed

129 1498 25 20 to
175 1495 60 23 have
256 1494 61 23 been
337 1493 106 23 founded
455 1493 31 31 by
499 1501 13 14 a
533 1492 119 23 Goddess.
689 1492 28 22 In
739 1492 49 23 this
810 1496 62 19 state
887 1492 26 23 of
929 1492 41 23 the

129 1541 116 30 question,
271 1541 11 23 I
305 1541 85 23 should
409 1541 29 23 be
451 1541 52 23 loth
521 1544 26 20 to
560 1541 120 30 predicate
692 1541 119 31 anything
824 1549 66 16 more
912 1543 58 23 than

129 1591 52 23 that
194 1591 67 24 there
273 1591 20 23 is
306 1599 66 15 some
384 1591 66 23 truth
460 1591 25 22 in
498 1590 40 23 the
551 1589 123 30 following
687 1597 62 22 song
762 1599 4 14 :

399 1658 28 22 So
439 1658 20 22 if
470 1658 54 29 kept
534 1658 57 22 from
603 1665 39 15 our
653 1658 54 22 view

399 1696 51 27 Any
461 1696 58 27 good
532 1696 69 27 thing,
614 1703 23 15 or
649 1703 55 19 new,
