1120 1962
987 141 54 30 67

209 223 58 23 And
280 224 80 31 again,
374 224 63 23 from
451 224 40 23 the
506 224 81 24 Greek
589 239 32 2 —

297 284 73 21 Drink
382 289 24 17 to
419 291 34 15 me
466 284 53 28 only
529 284 54 21 with
597 283 63 21 thine
670 290 59 22 eyes,

326 323 54 22 And
392 323 10 21 I
413 323 45 21 will
469 323 81 27 pledge
563 322 53 21 with
628 321 68 27 mine,

298 360 33 22 Or
342 360 62 22 leave
416 367 13 14 a
441 361 46 20 kiss
499 361 41 21 but
551 360 23 21 in
586 360 38 21 the
637 367 50 20 cup,

324 397 54 21 And
390 397 35 21 I'll
437 400 39 18 not
488 397 41 21 ask
540 396 35 21 for
586 396 64 21 wine.

208 451 101 24 Herrick
323 451 108 32 explains
443 451 41 23 the
497 450 94 31 subject
604 450 165 30 elementarily
782 453 25 19 to
817 450 70 23 those
898 449 54 23 who
961 449 60 23 have

173 505 42 20 not
228 502 103 23 devoted
343 501 73 23 much
426 500 114 30 previous
553 500 120 23 attention
683 502 26 20 to
723 499 26 23 it.

293 555 92 28 Among
397 555 40 28 thy
449 554 85 22 fancies
546 554 40 22 tell
597 561 36 14 me
646 553 44 21 this

298 592 73 22 What
382 592 19 21 is
410 592 39 21 the
461 592 65 29 thing
537 599 33 14 we
582 592 44 21 call
637 599 13 14 a
661 592 46 21 kiss
718 592 10 20 ?

293 629 50 21 Has
354 628 18 22 it
384 637 13 12 a
406 629 110 29 speaking
526 628 74 22 virtue
608 628 11 22 ?
635 636 48 22 yes.

294 667 59 22 How
365 667 81 29 speaks
458 667 24 26 it,
496 674 39 21 say
544 666 10 21 ?
571 666 38 22 Do
618 674 45 21 you
674 666 42 21 but
725 665 54 22 this.

292 704 53 22 Part
356 712 57 21 your
421 704 79 29 joined
511 704 52 28 lips,
575 704 55 22 then
640 704 80 28 speaks
731 711 57 21 your
796 704 54 27 kiss,

293 743 52 22 And
357 743 45 22 this
414 743 67 22 love's
495 746 104 18 sweetest
610 742 110 28 language
729 741 26 22 is.

293 781 66 22 Then
369 785 23 18 to
404 781 39 22 the
453 781 59 27 chin,
523 781 39 22 the
574 781 65 26 neck,
652 781 39 21 the
703 788 39 15 ear

292 817 21 21 It
322 817 75 27 frisks,
409 817 17 22 it
438 817 55 27 flies,
506 825 50 14 now
568 818 60 26 here,
641 825 50 14 now
702 818 63 22 there
773 826 6 18 ;

291 855 50 22 'Tis
350 863 49 13 now
406 855 34 21 far
451 855 36 25 off,
500 855 45 21 and
556 863 50 13 now
617 854 36 22 'tis
666 862 60 18 near,

290 893 55 21 And
354 900 37 20 up,
403 892 45 22 and
459 892 72 26 down,
539 892 46 21 and
594 898 66 21 every
672 892 79 21 where.

205 945 32 24 So
250 944 72 23 much
334 944 37 23 for
382 952 43 15 our
436 943 106 24 Parrot's
552 944 84 26 smack,
640 957 33 2 —
674 943 99 32 Dryden
786 943 25 23 in
822 943 37 23 his
900 943 117 23 Absolom

170 996 47 22 and
436 994 24 22 in
481 992 79 24 which
571 992 31 23 he
615 992 93 22 attacks
723 991 77 23 Settle
810 991 31 31 by
856 991 40 22 the
910 998 70 16 name
994 992 25 22 of

170 1046 77 29 Doeg,
261 1045 48 23 and
331 1043 128 27 Shadwell,
481 1043 53 29 (the
553 1043 93 23 laureat
658 1041 27 23 of
695 1041 41 23 the
750 1041 156 29 Revolution)
921 1041 32 31 by
965 1041 53 23 that

169 1096 27 23 of
206 1096 48 31 Og,
269 1096 85 31 speaks
366 1095 57 23 thus
436 1094 27 23 of
473 1094 70 30 Doeg
544 1107 33 2 —

288 1152 25 21 If
317 1151 28 22 he
357 1151 44 22 call
409 1157 71 22 rogue
489 1149 46 22 and
547 1148 83 22 rascal
644 1137 58 31 ft€m
714 1154 13 14 a
739 1149 81 25 garret,

288 1188 37 22 He
337 1195 77 14 means
420 1195 45 21 you
477 1194 29 14 no
517 1193 61 14 more
587 1184 108 23 mischief
702 1184 55 22 than
768 1191 13 14 a
792 1188 82 24 parrot,

288 1224 51 21 The
353 1225 72 20 words
436 1224 35 21 for
479 1223 75 22 friend
565 1231 25 14 or
601 1223 35 22 foe
649 1223 58 21 alike
719 1230 58 14 were
795 1223 67 20 made

288 1261 36 20 To
336 1261 67 20 fetter
415 1260 63 21 them
486 1260 23 21 in
519 1267 63 14 verse
594 1260 19 21 is
623 1260 29 21 all
663 1260 35 21 his
710 1260 72 21 trade.

202 1314 28 22 In
243 1313 83 31 Lilly's
376 1313 100 23 Mother
636 1313 84 23 before
742 1312 104 27 noticed,
861 1321 35 15 we
921 1312 61 24 have
983 1327 32 3 —

288 1372 51 22 The
351 1380 69 21 goose
431 1372 55 22 does
497 1372 54 26 hiss,
563 1372 40 21 the
616 1372 61 21 duck
689 1372 57 21 cries
758 1372 74 28 quack

314 1410 22 22 A
420 1409 39 22 the
473 1409 79 21 Parrot
563 1409 34 21 for
609 1408 56 21 each
677 1408 66 22 back.

201 1466 91 26 Butler,
305 1466 55 22 who
385 1465 78 23 revels
486 1466 25 22 in
525 1466 147 29 quotations,
686 1466 68 23 takes
768 1466 41 23 the
952 1468 64 23 from

166 1514 71 31 LiUy,
251 1514 47 23 and
318 1514 69 23 other
408 1514 78 23 words
509 1515 91 29 spoken
623 1515 32 30 by
679 1523 14 15 a
714 1516 87 22 Parrot
820 1516 64 22 from
895 1516 118 23 Jonson's

195 1563 152 31 Magnetical
482 1563 48 22 and
547 1562 91 31 applies
659 1563 68 22 them
739 1566 27 19 to
786 1562 43 23 the
848 1563 122 23 members
991 1563 25 23 of

166 1611 151 23 Cromwell's
331 1611 154 23 Parliament.

286 1669 77 22 Could
374 1668 40 22 tell
425 1668 60 22 what
497 1669 97 21 subtlest
608 1668 90 21 Parrots
710 1675 71 19 mean,

288 1706 63 21 That
363 1705 64 22 think
440 1706 45 21 and
497 1705 68 28 speak
578 1709 105 23 contrary
695 1703 64 23 clean
768 1713 5 18 ;

370 1759 16 13 k
407 1753 12 19 2
