1120 1962
912 149 43 22 141

415 152 121 17 POETICAL
558 154 101 15 AVIARY.

112 227 34 22 air
159 233 47 16 was
217 226 111 23 finished.
365 226 22 23 A
399 226 80 23 Green
492 227 93 26 Parrot,
599 227 78 23 which
696 228 55 23 died
763 228 24 23 in
805 229 70 26 1802,
900 228 59 23 used

111 281 25 19 to
149 277 55 22 beat
216 277 57 22 time
286 279 25 20 to
324 276 30 22 its
367 278 79 23 tunes,
460 275 27 23 of
505 275 79 23 which
596 276 18 23 it
627 276 69 23 knew
709 277 73 22 about
795 277 53 30 fifty
856 286 6 17 ;
882 277 46 22 and
941 277 18 22 if

111 331 53 28 part
177 327 26 23 of
212 335 14 15 a
238 330 56 19 tune
307 334 48 15 was
368 326 123 26 hummed,
502 326 18 23 it
532 327 77 22 would
622 327 55 23 take
690 336 30 22 up
732 328 41 23 the
786 332 58 19 tune
856 327 103 23 without

111 376 125 31 repeating
248 376 64 22 what
331 375 47 23 had
391 375 61 22 been
463 374 95 31 already
569 376 126 22 executed.
732 376 58 22 This
802 376 62 27 bird,
878 377 79 23 which

111 426 63 23 lived
186 426 94 30 beyond
290 425 41 23 the
343 431 45 23 age
402 423 25 23 of
437 423 83 31 thirty,
538 431 49 14 was
600 423 120 24 dissected
733 424 31 30 by
777 424 49 23 Mr.
841 425 117 25 Brookes,

112 475 47 23 and
171 474 40 23 the
223 472 103 24 muscles
339 472 26 23 of
381 471 31 23 its
425 471 84 31 larynx
531 478 64 15 were
613 470 75 24 found
701 476 25 18 to
736 472 30 23 be
787 472 171 31 uncommonly

111 527 94 27 strong.
241 522 158 31 Shakspeare,
412 521 25 23 in
449 520 41 24 the
669 521 27 23 of
834 522 43 23 has
885 522 73 31 finely

111 574 95 23 noticed
218 573 41 23 the
271 572 83 24 effects
366 570 26 24 of
399 570 76 23 music
488 578 31 14 on
537 569 42 23 the
596 569 70 23 brute
679 569 105 23 creation
794 579 5 17 ;
821 569 47 23 and
889 569 68 23 Job's

111 622 132 24 war-horse
288 620 62 24 saith
362 623 59 19 unto
433 619 41 22 the
486 621 119 26 trumpets
616 617 40 24 Ha
666 617 6 24 !
691 617 33 24 ha

413 708 50 15 THE
482 708 164 15 BULL-FINCH.

144 762 28 23 In
186 760 123 31 Cowper's
321 759 45 24 ode
379 767 30 14 on
422 758 42 23 the
476 757 79 23 Death
568 757 26 22 of
605 756 67 30 Lady
680 756 201 31 Throgmorton's
892 757 63 23 Bull-

111 810 63 23 finch
187 809 73 23 killed
272 809 32 30 by
317 816 14 14 a
344 807 46 23 Rat
403 814 34 15 we
448 806 60 23 have
510 818 32 4 —

230 868 84 22 Where
325 868 94 21 Rhenus
431 869 72 25 strays
514 865 35 21 his
561 864 66 22 views
639 871 88 22 among,

230 905 50 21 The
292 911 41 21 egg
343 910 45 14 was
398 901 47 22 laid
454 902 57 21 from
523 901 72 22 which
606 901 29 21 he
646 907 84 22 sprung
741 909 4 17 ;

229 941 53 21 And
293 939 45 23 tho'
351 940 28 27 by
391 943 79 18 nature
481 943 70 22 mute,

228 979 34 22 Or
273 979 52 26 only
336 978 54 22 with
401 985 13 14 a
425 978 87 22 whistle
523 978 64 27 blest,

228 1017 61 22 Well
300 1016 81 28 taught
391 1016 29 21 he
434 1015 30 21 all
475 1015 39 22 the
526 1015 85 22 sounds
622 1016 121 28 expressed

232 1053 34 23 Of
272 1053 105 29 flageolot
388 1060 26 14 or
423 1052 62 22 flute.

144 1116 50 22 The
210 1114 121 24 Bullfinch
343 1113 19 23 is
375 1112 120 31 supposed
519 1115 25 19 to
564 1111 92 23 imitate
677 1111 90 23 human
784 1112 75 23 music
880 1112 78 24 better

111 1162 58 23 than
179 1170 47 23 any
238 1161 69 23 other
320 1160 91 32 species
425 1160 26 23 of
459 1160 63 23 bird.
559 1160 23 22 It
594 1160 20 23 is
627 1161 160 27 remarkable,
801 1162 53 23 that
864 1162 19 23 it
890 1163 20 22 is
918 1163 40 23 the

111 1209 55 31 only
177 1209 59 23 kind
247 1209 26 23 of
282 1209 54 23 bird
348 1208 79 24 which
437 1208 179 23 bird-catchers
629 1216 45 15 can
689 1208 76 31 decoy
779 1210 31 29 by
821 1209 41 23 the
873 1210 85 22 female

111 1259 52 23 call.
199 1259 67 30 Lady
284 1258 189 31 Throgmorton,
494 1254 124 32 Cowper's
638 1254 88 27 Maria,
741 1254 55 23 died
817 1254 73 24 about
911 1259 47 19 two

111 1314 66 23 years
191 1315 46 22 ago
248 1315 5 18 ;
268 1306 42 23 she
322 1304 129 33 possessed
464 1304 92 24 several
570 1304 27 22 of
608 1304 41 22 the
662 1303 78 31 poet's
754 1304 80 23 relics.

446 1394 51 14 THE
517 1393 101 15 PLOVER.

143 1442 80 24 When
242 1442 147 23 Fitz-James
401 1442 20 22 is
434 1442 107 31 walking
553 1442 58 23 with
624 1442 138 25 Rhoderick
773 1444 63 26 Dhu,
849 1444 61 24 after
920 1445 39 22 the

111 1493 61 23 Clan
183 1493 87 31 Alpine
281 1492 111 23 warriors
416 1492 48 23 had
481 1492 61 23 sunk
555 1493 51 23 into
619 1493 42 23 the
683 1493 101 23 heather
806 1493 62 23 from
881 1492 78 23 which

110 1543 56 31 they
177 1543 49 23 had
238 1543 61 23 been
311 1542 77 23 raised
400 1542 32 31 by
450 1541 42 23 the
505 1541 93 23 whistle
612 1541 26 23 of
649 1541 63 23 their
725 1541 78 26 Chief,
812 1541 38 22 his
861 1540 98 30 misgiv-

110 1590 54 30 ings
176 1589 159 30 occasionally
345 1588 114 24 recurred
462 1601 32 3 —

229 1653 54 21 And
294 1652 23 22 in
329 1652 39 22 the
381 1651 105 23 Plover's
497 1650 78 27 shriUy
587 1648 75 26 strain,

230 1690 50 22 The
293 1689 71 28 signal
376 1688 87 22 whistle
475 1687 70 22 heard
557 1685 72 29 again.
