1120 1962
412 156 120 16 POETICAL
552 158 105 14 AVIARY.

923 155 28 22 75

135 230 51 24 The
201 230 246 32 Chimney-Sweeper
461 235 56 27 puts
529 240 45 16 one
588 233 23 23 in
625 234 67 22 mind
706 234 26 23 of
750 242 30 15 an
793 234 112 32 Epitaph,
928 236 24 23 in

101 279 40 23 the
153 279 126 24 collection
291 279 70 24 made
374 280 32 30 by
419 280 41 24 the
470 281 152 29 antiquarian
631 282 117 28 Camden,
760 291 31 15 on
804 283 50 24 Mr.
866 284 84 23 Sands.

220 337 59 22 Who
291 338 74 22 would
376 338 43 22 live
431 339 22 21 in
465 339 85 22 other's
561 339 79 22 breath
650 340 10 21 ?

248 374 70 22 Fame
330 375 104 22 deceives
446 376 39 22 the
496 377 60 21 dead
567 378 71 21 man's
651 383 65 16 trust.

218 411 74 22 When
304 420 42 13 our
356 420 79 15 names
446 414 29 21 do
487 414 86 30 change
585 416 30 28 by
627 416 74 22 death.

249 449 79 23 Sands
341 450 11 22 I
363 458 51 18 was,
428 451 40 21 but
480 459 50 14 now
542 451 11 22 I
565 460 36 14 am
613 454 72 22 Dust.

132 505 51 23 The
204 506 103 32 original
320 506 27 23 of
358 506 40 23 the
419 505 201 32 Grave-diggers'
635 505 69 32 Song
717 506 24 22 in
755 505 105 27 Hamlet,
871 506 77 23 which

98 554 49 15 was
167 547 97 24 written
284 548 32 30 by
336 548 64 23 Lord
414 547 79 27 Vaux,
514 548 58 23 does
594 548 78 23 honor
684 551 25 20 to
733 556 44 15 our
799 549 147 23 ante-Eliza-

98 587 88 23 bethan
198 591 93 27 poetry.
758 598 22 20 y
827 604 6 6 ,

248 644 51 22 The
311 645 119 28 harbinger
442 644 26 21 of
475 643 68 22 death

278 679 36 22 To
325 688 36 13 me
373 680 11 21 I
396 688 37 13 see
444 679 48 22 him
504 679 56 27 ride,

247 718 50 21 The
309 718 81 28 cough,
402 717 39 21 the
453 717 59 25 cold,
524 716 39 21 the
576 715 95 29 gasping
683 715 79 22 breath

277 754 64 22 Doth
355 754 38 21 bid
404 761 36 14 me
452 759 23 16 to
487 753 93 28 provide

247 792 22 22 A
281 792 95 28 pickaxe
389 792 45 21 and
446 798 12 14 a
470 790 70 29 spade
550 798 5 17 ;

277 828 55 21 And
344 828 41 21 eke
397 836 14 13 a
422 827 99 28 winding
532 826 65 22 sheet
607 835 3 12 :

250 868 20 21 A
281 867 71 22 house
364 868 27 20 of
399 867 50 28 clay
459 867 34 20 for
505 870 24 17 to
540 866 28 21 be
579 864 72 26 made,

276 904 46 21 For
333 903 55 22 such
400 911 13 14 a
424 908 66 23 guest
501 906 59 18 most
572 906 67 18 meet.

433 999 50 14 THE
502 998 92 15 RAVEN.

129 1046 129 31 Coleridge
280 1046 121 23 describes
413 1054 14 14 a
440 1046 83 23 Raven
535 1046 53 22 that
599 1046 48 22 had
661 1046 109 22 watched
783 1046 41 22 the
837 1050 59 23 tree,
917 1046 24 23 in

94 1096 78 23 which
190 1096 31 23 its
234 1100 53 19 nest
310 1097 48 22 had
380 1096 60 23 been
459 1096 69 27 built,
541 1096 63 22 from
627 1096 31 22 its
669 1096 74 30 being
762 1099 41 19 cut
816 1096 78 27 down,
917 1100 24 19 to

93 1144 31 23 its
136 1145 130 31 becoming
278 1148 55 27 part
346 1145 26 22 of
382 1152 14 15 a
408 1144 62 30 ship,
485 1144 26 23 of
521 1144 80 23 which
613 1144 31 22 he
656 1143 130 23 witnessed
799 1143 40 23 the
851 1144 90 23 wreck-

92 1190 50 31 ing,
155 1192 48 23 and
212 1192 56 23 thus
281 1200 49 15 was
341 1192 131 29 revenged.

153 1255 50 22 The
216 1255 50 28 ship
277 1255 19 21 it
308 1262 45 14 was
364 1254 121 26 launched,
497 1254 42 20 but
550 1253 23 20 in
585 1251 60 30 sight
656 1252 27 21 of
690 1252 38 21 the
739 1252 61 26 land,

152 1292 61 22 Such
225 1300 12 13 a
250 1296 70 18 storm
331 1292 65 21 there
408 1291 39 21 did
463 1291 44 21 rise
518 1298 25 13 as
554 1297 30 14 no
596 1289 49 28 ship
658 1289 68 22 could
737 1289 130 27 withstand,

152 1329 22 22 It
186 1329 84 28 bulged
281 1336 29 14 on
323 1336 13 14 a
347 1328 61 26 rock,
421 1327 45 22 and
477 1327 39 22 the
528 1334 73 14 waves
612 1327 84 21 rushed
705 1327 23 21 in
739 1327 52 27 fast,

150 1366 85 22 Round
247 1366 45 21 and
303 1365 73 21 round
387 1365 48 21 flew
447 1365 39 21 the
499 1364 85 26 Raven,
596 1365 44 21 and
652 1366 81 21 cawed
744 1368 23 18 to
779 1365 39 21 the
830 1366 65 22 blast.

377 1461 50 13 THE
446 1460 98 14 TURTLE
563 1459 75 15 DOVE.

210 1512 31 22 So
252 1515 45 18 two
308 1510 55 22 kind
375 1508 101 24 Turtles,
488 1506 64 21 when
564 1512 14 14 a
590 1509 69 17 storm
671 1504 19 21 is
702 1504 61 28 nigh,

211 1548 64 22 Each
286 1547 56 23 caUs
352 1546 37 22 his
400 1548 61 18 mate
472 1548 24 17 to
509 1543 85 22 shelter
605 1543 23 20 in
639 1542 39 21 the
690 1548 88 22 groves,

209 1586 109 28 Leaving,
330 1584 22 21 in
364 1589 108 19 murmur,
484 1581 60 22 their
555 1580 123 22 unfinish'd
688 1580 70 21 loves.

209 1621 104 23 Perched
324 1628 28 14 on
364 1626 62 16 some
438 1617 112 29 dropping
561 1617 84 21 branch
657 1616 55 28 they
724 1615 29 22 sit
765 1615 70 25 alone,

209 1659 55 22 And
275 1664 46 19 coo,
335 1656 45 22 and
391 1654 98 22 hearken
501 1658 24 17 to
538 1653 55 22 each
606 1653 84 22 other's
703 1659 74 15 moan.

801 1689 104 26 Dryden.

295 1751 13 13 L
329 1743 13 21 2
