1120 1962
955 151 30 21 59

435 158 120 14 POETICAL
576 158 103 14 AVIARY.

167 234 65 23 Lord
247 234 80 23 Bacon
348 238 73 19 wrote
435 242 29 15 an
482 241 68 22 essay
570 241 62 22 upon
653 241 118 22 masques.
803 232 42 23 Dr.
866 232 118 27 Johnson,

134 281 23 22 in
171 281 36 23 his
228 281 124 23 definition
366 282 26 22 of
400 291 118 22 masques,
542 291 54 16 says
619 283 51 22 that
684 283 57 30 they
760 291 39 15 are
819 283 95 23 written
935 283 24 23 in
972 291 12 15 a

134 330 76 30 tragic
228 331 70 31 style.
344 331 51 24 The
417 332 126 31 following
562 336 93 19 extract
675 332 61 23 from
756 341 46 14 one
821 333 26 22 of
868 332 115 24 Jonson's

133 387 110 22 masques
263 379 47 23 will
330 380 65 23 shew
417 381 53 23 that
488 382 42 23 the
550 382 125 23 definition
693 383 46 23 will
753 387 43 19 not
808 383 58 23 hold
887 384 94 23 univu-

133 429 66 23 sallv.

253 484 14 21 f
272 486 64 21 oom!
355 486 85 22 Room!
459 487 65 21 make
536 495 63 14 room
610 488 34 20 for
657 488 38 21 the
708 489 113 27 bouncing
835 488 69 28 Belly,

250 523 60 22 First
322 524 74 22 father
407 526 27 20 of
442 533 73 19 sauce,
529 527 44 20 and
586 527 88 21 deviser
686 527 25 21 of
721 527 63 29 jelly,

253 561 73 22 Prime
339 567 83 17 master
433 563 27 21 of
466 567 54 22 arts,
532 564 44 20 and
589 563 38 21 the
640 563 61 29 giver
713 564 27 20 of
747 564 44 25 wit,

250 599 59 22 Who
321 600 70 21 found
403 605 40 16 out
455 600 49 21 that
516 600 113 22 excellent
641 600 89 28 engine,
746 600 39 21 the
797 600 53 28 spit.

251 636 36 22 He
289 650 28 3 —
320 637 28 21 he
361 637 47 21 first
421 637 106 21 invented
539 637 38 21 the
596 637 117 29 hogshead
725 637 44 21 and
781 640 48 23 tun,

251 675 50 22 The
311 676 85 28 gimlet,
410 676 44 21 and
466 675 47 21 vice
524 679 45 22 too,
582 675 44 21 and
638 675 81 29 taught
732 675 63 21 them
807 679 24 17 to
844 683 48 13 run.

250 714 67 22 Hail!
335 714 61 27 Hail,
409 715 32 21 fat
450 714 89 29 paunch
550 714 4 21 !
569 713 21 23 O
603 714 38 20 the
653 713 95 22 founder
760 713 26 21 of
802 716 66 23 taste,

249 752 44 21 For
310 752 61 22 fresh
383 755 78 22 meats,
475 759 24 13 or
511 751 127 29 powdered,
650 750 34 21 for
694 750 74 29 pickle
780 758 25 13 or
816 754 72 24 paste,

250 790 118 22 Devourer
379 790 26 21 of
413 789 94 26 broiled,
521 788 80 26 baked,
614 788 98 25 roasted,
724 794 24 14 or
761 788 47 25 sod,

249 829 55 21 And
315 828 96 27 emptier
422 827 27 22 of
456 834 55 21 cups
523 826 28 22 be
563 826 53 28 they
630 832 56 15 even
698 832 24 14 or
736 825 52 22 odd.

164 886 22 22 A
199 893 57 22 very
269 884 110 31 pleasing
392 883 70 23 effect
475 884 64 20 must
553 881 60 23 have
632 881 61 22 been
707 880 121 29 produced
839 880 24 22 in
883 880 94 22 ancient

129 939 109 22 masques
251 931 48 22 and
317 930 200 23 entertainments
531 929 26 23 of
573 937 14 15 a
598 929 47 23 like
659 932 83 20 nature
762 929 30 30 by
812 930 86 22 echoes
920 930 57 23 with

128 981 40 21 the
181 981 130 21 assistance
325 980 26 22 of
367 980 47 22 fine
428 979 83 23 music.
550 978 28 22 In
595 978 110 23 Milton's
720 978 89 24 Comus
819 980 68 22 there
907 981 20 21 is
946 988 31 14 an

129 1031 142 30 echo-song,
285 1031 80 22 where
383 1030 61 23 echo
464 1030 19 21 is
504 1029 75 23 called
629 1029 80 23 Sweet
731 1029 83 28 Queen
836 1031 26 22 of

129 1082 149 31 Shakspeare
306 1081 56 24 calls
385 1081 43 23 her
477 1080 116 29 babbling
741 1079 50 23 Ben
812 1079 94 24 Jonson
926 1080 24 23 in
963 1088 13 15 a

128 1140 103 21 masque,
246 1131 137 23 introduces
398 1130 59 23 echo
468 1130 55 22 thus
526 1142 34 3 —

246 1187 43 21 See
300 1186 73 21 where
386 1186 38 21 the
438 1185 65 21 silver
514 1185 62 22 saves
588 1184 29 21 do
629 1183 30 22 sit

245 1223 51 22 The
308 1223 97 29 nymphs
417 1223 26 21 of
450 1222 65 21 wood
526 1222 45 20 and
583 1225 76 21 water,

245 1260 62 22 Each
320 1260 66 22 tree's
399 1261 44 20 and
454 1258 122 22 fountain's
587 1258 118 28 daughter,

245 1296 44 27 Go,
301 1297 53 21 take
366 1296 63 22 them
440 1296 70 26 forth,
521 1296 18 21 it
552 1296 44 20 will
609 1296 26 20 be
648 1296 64 27 good,

245 1334 35 22 To
292 1342 37 14 see
342 1342 62 14 some
416 1334 68 22 waive
496 1334 18 22 it
525 1334 45 22 like
582 1341 13 14 a
608 1334 72 27 wood,

245 1373 53 21 And
310 1373 76 21 others
398 1372 57 21 wind
466 1372 17 21 it
495 1371 45 21 like
552 1378 13 14 a
576 1370 67 26 flood,

394 1409 27 21 In
433 1409 94 28 springs,

394 1448 55 20 And
460 1447 67 27 rings,

246 1485 46 22 Till
304 1486 38 21 the
355 1485 108 29 applause
475 1485 18 21 it
504 1485 78 28 brings

245 1523 84 21 Wakes
341 1523 57 21 echo
410 1523 57 21 from
479 1523 41 21 her
532 1528 54 22 seat,

244 1562 50 21 The
306 1562 73 21 closes
391 1566 24 17 to
427 1565 83 23 repeat.

274 1600 85 28 (Echo.
377 1599 51 21 The
441 1599 72 21 closes
525 1603 23 17 to
559 1599 97 28 repeat.)

243 1638 71 25 Echo,
327 1638 38 21 the
377 1640 72 18 truest
461 1636 74 21 oracle
548 1643 28 13 on
588 1634 89 29 ground

245 1675 98 27 Though
355 1673 95 29 nothing
462 1673 40 21 but
515 1681 12 12 a
540 1672 80 25 sound,

276 1712 83 27 (Echo.
393 1710 98 28 Though
504 1710 96 28 nothing
613 1710 39 20 but
668 1716 12 13 a
693 1708 91 23 sound,)

328 1766 8 12 i
356 1759 13 19 2
