1120 1962
127 169 12 20 6

425 170 119 15 POETICAL
565 169 102 16 AVIARY.

159 249 50 23 The
224 249 87 22 Craven
329 255 49 15 was
400 255 13 14 a
434 246 120 29 cowardly
578 245 71 23 cock.
683 243 52 22 The
755 246 63 19 term
837 249 49 14 was
908 240 66 22 often

125 300 93 29 applied
243 303 25 19 to
286 299 89 22 human
397 295 108 24 cowards
527 295 24 21 in
575 294 41 22 the
631 292 57 29 days
712 290 25 22 of
760 289 116 29 chivalry,
899 295 26 14 as
951 286 23 22 in

126 348 158 29 Shakspeare,
302 349 10 20 1
331 346 63 23 Hen.
408 345 45 23 VI.

275 409 36 21 To
322 413 48 17 tear
378 408 40 27 thy
430 411 74 24 garter
514 406 57 21 from
583 404 39 28 thy
639 405 112 20 Cravens
762 401 42 29 leg.

157 471 51 22 The
233 468 116 24 coxcomb
362 474 49 15 was
422 466 43 23 the
486 465 113 29 ordinary
617 466 64 20 crest
694 470 67 14 worn
782 470 31 14 on
826 462 42 23 the
881 471 57 22 caps
951 463 25 22 of

124 518 61 23 fools
197 518 57 29 kept
267 516 31 31 by
311 516 97 22 Princes
421 514 46 23 and
486 513 69 23 other
569 516 69 27 great
651 520 110 23 persons.
803 512 132 32 Formerly,
948 522 26 15 as

124 566 24 22 in
172 566 134 22 Beaumont
330 563 48 23 and
402 561 134 24 Fletcher's
561 561 56 31 play
641 560 26 23 of
679 560 42 23 the
933 561 40 23 the

124 621 68 15 name
205 621 48 15 was
267 612 95 30 applied
373 616 26 18 to
412 620 13 14 a
439 611 138 31 simpleton.

452 671 37 20 He
500 676 83 15 cannot
596 671 26 20 be

275 708 29 21 So
315 709 107 20 innocent
433 715 13 14 a
458 710 109 20 coxcomb
580 717 4 13 ;
602 709 28 21 he
638 716 42 14 can
693 710 39 20 tell
744 714 45 16 ten,
800 717 56 13 sure.

157 773 28 22 In
197 771 111 29 Young's
322 770 92 23 Satires
428 778 34 15 we
477 770 61 23 have
540 787 28 3 —

273 832 85 23 Others
369 832 54 21 with
435 832 91 21 curious
538 836 46 17 arts
596 832 59 21 their
663 832 89 22 charms
764 833 81 26 revive,

271 870 54 20 And
336 869 100 28 triumph
448 869 23 21 in
483 869 39 21 the
535 869 75 21 bloom
622 869 27 21 of
656 869 106 28 fifty-five
765 883 28 3 —

271 905 59 26 You,
342 906 23 20 in
378 906 39 21 the
428 913 72 18 morn,
512 913 14 13 a
537 905 134 22 fair-haired
683 907 86 28 nymph
781 907 77 22 invite.

272 942 35 22 To
318 943 58 28 keep
388 943 40 21 her
439 944 87 31 word^a
537 944 170 23 brown-haired
719 953 76 15 comes
807 951 23 18 at
842 947 68 28 night.

271 980 62 22 Next
345 981 43 28 day
400 980 40 22 she
452 980 76 22 shines
540 980 23 22 in
576 981 75 29 glossy
663 982 74 26 black,
751 983 46 20 and
809 982 54 22 then

272 1018 107 22 Resolves
390 1019 49 21 into
450 1019 41 21 her
502 1019 75 22 native
589 1020 41 21 red
641 1021 73 27 again.

273 1056 56 22 Like
340 1064 13 14 a
365 1057 151 26 dove's-neck,
529 1057 39 22 she
581 1057 66 22 shifts
659 1058 40 22 her
711 1059 111 21 transient
835 1059 53 29 dyes

272 1093 54 21 And
338 1093 18 21 is
368 1093 41 21 her
420 1101 49 13 own
482 1094 54 21 dear
547 1095 56 21 rival
615 1095 23 21 in
651 1103 42 14 our
703 1103 60 20 eyes.

156 1158 28 22 In
197 1165 13 14 a
223 1157 139 22 contention
384 1157 109 22 between
704 1157 47 22 and
945 1158 22 22 in

123 1207 116 24 Greene's
251 1215 69 21 poem
334 1207 26 22 of
370 1207 41 22 the
564 1218 33 3 —

272 1270 46 21 But
329 1270 63 20 when
404 1270 52 21 blue
469 1277 61 21 eyes,
540 1276 62 14 more
616 1268 68 29 softly
697 1269 75 28 bright.

273 1306 89 21 Diffuse
371 1306 107 27 benignly
490 1306 80 21 humid
581 1306 65 27 light,

273 1345 42 21 We
328 1351 61 21 gaze,
402 1344 44 21 and
456 1350 38 15 see
505 1343 39 22 the
557 1343 90 28 smiling
658 1343 69 26 loves,

273 1383 54 21 And
337 1381 133 28 Cytherea's
482 1380 75 29 gentle
570 1381 87 21 Doves.

157 1445 93 24 Parnell
269 1445 120 23 describes
406 1444 78 31 Cupid
496 1452 26 15 as
573 1444 110 31 fledging
702 1444 38 23 his
856 1444 59 22 from
929 1444 38 22 the

123 1494 111 31 plumage
247 1494 26 22 of
295 1493 111 23 different
425 1494 74 25 birds,
521 1501 26 15 so
560 1502 26 15 as
598 1498 25 19 to
638 1495 48 22 suit
709 1495 41 23 the
763 1495 104 31 peculiar
879 1499 53 19 turn
945 1494 24 23 of

123 1545 67 22 mind
202 1545 24 22 in
239 1544 37 23 his
290 1543 104 23 victims.

275 1602 56 22 Shot
343 1603 29 28 by
384 1602 38 22 the
435 1602 123 22 Peacock's
570 1603 94 28 painted
673 1611 39 20 eye

274 1641 50 21 The
337 1641 50 21 vain
398 1640 46 22 and
455 1640 47 29 airy
514 1640 72 22 lovers
598 1641 44 21 die.

276 1678 44 21 For
328 1677 84 22 careful
424 1677 85 26 dames,
522 1678 44 21 and
577 1678 74 29 frugal
663 1686 51 13 men

274 1715 50 22 The
333 1715 71 22 shafts
416 1722 37 14 are
466 1715 108 29 speckled
582 1716 29 28 by
624 1715 38 21 the
674 1714 43 23 hen.
