1120 1962
176 154 46 20 120

473 164 120 14 POETICAL
613 163 102 15 AVIARY.

412 237 52 22 And
476 238 96 28 winking
584 238 137 29 Mary-buds
732 239 65 28 begin

353 272 35 22 To
400 281 41 21 ope
453 274 58 21 their
522 276 81 27 golden
615 283 58 21 eyes,

411 311 62 21 With
485 320 65 21 every
561 313 65 29 thing
637 314 49 21 that
698 319 74 24 pretty
782 315 44 26 bin,

472 349 40 29 My
523 350 52 29 lady
587 355 74 21 sweet,
677 351 64 21 arise.

513 387 74 27 Arise,
599 387 63 22 arise.

205 447 57 22 This
276 447 19 22 is
311 454 13 15 a
336 446 43 23 fair
392 446 119 30 specimen
525 446 25 23 of
566 446 172 30 Shakspeare's
759 446 70 31 lyrics
839 457 5 16 ;
864 447 18 23 it
904 456 54 22 may
980 448 26 23 be

172 494 90 24 classed
275 494 58 23 with
371 494 90 23 Where
473 494 40 22 the
533 494 43 22 bee
598 494 70 22 sucks
682 494 67 22 there
763 494 57 22 suck
835 494 10 22 I
931 495 75 24 Come

172 546 57 17 unto
242 541 66 22 these
322 541 83 30 yellow
417 540 72 23 sands
566 540 72 26 Take,
653 540 22 23 O
687 540 54 23 take
754 541 71 22 those
847 541 45 29 lips
905 548 65 24 away

200 591 66 22 Blow
276 591 69 25 blow,
358 591 59 22 thou
426 590 84 23 winter
522 589 62 23 wind
660 589 52 23 Full
722 589 92 23 fathom
825 589 45 23 five
879 590 42 30 thy
930 590 76 23 father

170 638 43 24 lies
301 635 83 26 Under
405 638 40 22 the
466 638 143 30 greenwood
749 639 72 24 Their
847 640 158 29 comparative

170 688 83 22 merits
267 687 75 22 afford
355 690 67 26 great
435 693 70 22 scope
519 685 36 22 for
567 686 42 22 the
621 687 105 22 exercise
737 687 27 22 of
779 690 71 20 taste.

204 736 29 23 In
242 736 41 23 the
294 735 83 23 Lark's
387 742 69 23 song,
671 743 63 22 may,
744 735 109 30 perhaps,
864 735 29 23 be
903 735 101 31 thought

169 789 26 19 to
207 785 60 23 have
439 784 96 22 himself
543 784 57 22 with
613 791 13 15 a
638 784 90 22 feather
771 784 61 22 from
842 784 67 30 Lilly,
922 784 81 27 Queen

170 834 145 22 Elizabeth's
326 833 75 23 Court
414 833 140 23 Dramatist.
591 833 28 22 In
632 833 82 30 Lilly's
726 833 136 23 Alexander
874 833 45 22 and
933 833 68 23 Cam-

169 892 81 23 paspe,
273 884 69 23 acted
360 884 81 22 before
455 884 84 27 Queen
556 882 133 26 Elizabeth,
703 882 29 22 A.
748 881 29 23 D.
794 882 71 25 15S4,
880 881 66 23 there
958 881 20 22 is
990 889 13 14 a

170 942 61 22 song
243 933 132 31 beginning

347 994 50 21 The
409 994 58 21 Lark
480 1001 23 14 so
515 993 62 21 shrill
589 994 44 20 and
644 993 65 24 clear,

346 1030 58 21 How
415 1034 22 17 at
449 1030 103 21 heaven's
562 1033 54 24 gate
628 1030 39 20 she
681 1030 61 28 claps
754 1030 39 20 her
803 1030 70 28 wings
882 1030 3 20 !

345 1067 49 21 The
406 1074 61 14 morn
480 1071 38 17 not
530 1066 86 27 waking
627 1066 35 22 till
674 1066 40 21 she
726 1066 66 27 sings.

201 1117 88 23 Milton
308 1125 48 15 was
378 1118 81 22 struck
472 1118 57 22 with
542 1119 40 22 the
594 1120 145 28 expression,
755 1121 76 22 which
844 1121 30 22 he
888 1121 49 22 also
958 1121 41 22 has

167 1165 57 22 used

532 1223 33 21 Ye
577 1224 59 20 birds

287 1259 68 27 That,
367 1260 94 29 singing,
472 1268 31 21 up
515 1265 23 16 to
550 1261 159 29 Heaven-gate
721 1263 88 25 ascend,

286 1299 56 21 Bear
353 1307 29 13 on
392 1307 56 20 your
459 1299 75 28 wings,
544 1299 44 21 and
599 1299 22 21 in
632 1307 56 20 your
699 1303 66 18 notes
776 1300 35 21 his
822 1300 78 27 praise.

201 1357 39 23 Sir
249 1357 23 24 J.
282 1357 95 27 Davies,
386 1359 41 22 the
435 1359 94 30 lawyer,
539 1359 161 31 philosopher,
712 1362 45 22 and
769 1362 93 26 dancer,
874 1364 124 29 composed

166 1408 49 22 also
225 1417 14 14 a
257 1409 72 22 series
342 1409 26 22 of
384 1409 140 31 twenty-six
544 1409 114 23 acrostics
675 1418 64 21 upon
763 1410 84 27 Queen
868 1410 129 26 Elizabeth,

165 1458 188 30 corresponding
377 1458 58 22 with
456 1458 41 22 the
519 1458 83 22 letters
642 1458 126 22 Elizabeth
941 1458 56 22 This

164 1507 58 22 kind
241 1507 27 23 of
295 1508 156 30 composition
477 1514 46 15 was
548 1514 58 15 once
642 1507 71 22 much
737 1508 125 28 practised.
907 1508 90 22 Double

164 1556 120 25 acrostics,
299 1556 57 22 with
369 1556 40 22 the
422 1555 66 22 word
500 1554 77 23 which
590 1562 48 14 was
657 1554 41 23 the
720 1555 92 30 subject
826 1555 26 22 of
867 1555 40 23 the
919 1563 77 15 acros-

163 1602 33 22 tic
206 1602 129 31 appearing
349 1610 29 14 on
392 1602 40 22 the
445 1602 65 30 right
524 1602 46 22 and
582 1601 43 23 left
636 1609 60 15 were
718 1609 65 15 more
805 1602 83 31 highly
909 1602 86 30 prized.

163 1648 143 23 Puttenham
331 1649 24 22 in
374 1649 37 22 his
424 1649 44 22 Art
489 1649 25 22 of
530 1649 86 30 Poetry
635 1649 28 29 (a
684 1649 65 23 work
770 1650 23 22 in
814 1650 77 23 which
914 1650 82 27 Queen

162 1695 146 22 Elizabeth's
321 1702 79 15 verses
414 1703 39 14 are
467 1695 91 30 puffed)
571 1695 66 31 gives
650 1696 62 23 rules
725 1698 37 22 for
775 1698 96 30 writing
884 1706 77 16 verses
972 1699 23 22 in
