1120 1962
170 169 46 22 134

475 177 119 16 POETICAL
613 178 102 15 AVIARY.

202 254 39 23 On
265 254 40 24 the
329 254 69 24 other
421 254 64 23 hand
506 254 40 24 the
569 255 133 24 inversions
727 255 113 32 requisite
864 255 39 24 for
928 256 83 31 giving

168 304 94 32 dignity
275 308 25 19 to
316 305 155 23 blank-verse
492 305 54 23 lead
566 308 25 20 to
605 306 130 24 anomalies
757 306 105 31 scarcely
875 306 47 24 less
942 306 69 23 strik-

168 354 50 31 ing.
256 355 28 22 In
297 355 40 23 the
352 355 46 23 fine
420 355 125 23 exordium
564 359 25 20 to
602 356 41 24 the
658 357 111 24 Paradise
784 357 59 24 Lost
860 358 18 22 it
891 357 20 23 is
923 360 43 20 not
978 357 33 23 till

167 414 35 15 we
216 410 41 27 get
269 407 40 23 the
322 407 65 23 sixth
398 407 48 23 line
464 407 53 23 that
529 414 35 16 we
583 406 63 31 light
666 414 31 15 on
710 406 41 24 the
766 406 57 23 verb
837 406 53 22 that
903 405 108 23 unravels

167 454 41 23 the
221 455 73 23 tissue
308 455 95 23 created
414 456 32 30 by
459 463 13 16 a
484 456 75 24 dozen
574 458 161 23 substantives
752 458 49 22 and
813 458 129 30 adjectives
955 458 56 22 with

166 504 62 23 their
238 504 125 23 attendant
375 504 120 29 particles.

199 552 22 22 A
234 552 94 22 curious
340 552 58 22 kind
418 552 25 22 of
454 555 75 20 metre
542 552 20 22 is
583 556 25 19 to
620 552 30 23 be
664 552 75 23 found
760 552 82 22 before
854 552 41 22 the
918 552 58 22 time
989 551 25 23 of

167 599 108 23 Chaucer
287 600 24 22 in
324 607 13 15 a
355 607 58 23 very
425 601 147 23 remarkable
592 611 79 22 poem,
696 603 74 23 called
784 603 67 23 Piers
870 603 142 23 Plowman's

166 647 93 26 Vision,
272 647 31 31 by
315 647 134 32 Langland.
478 650 22 22 It
514 651 108 22 contains
635 660 13 14 a
659 660 85 23 prayer
752 656 25 19 to
786 652 92 23 heaven
888 656 25 19 to
927 652 86 23 amend

166 696 40 22 the
225 696 72 31 Pope,
311 696 47 22 and
375 704 13 15 a
401 697 120 32 prophecy
543 699 54 23 that
609 707 14 15 a
635 700 68 31 King
725 701 81 22 would
819 701 63 22 seize
895 708 63 22 upon
971 700 40 23 the

166 747 166 23 monasteries.
369 746 50 24 The
429 755 81 15 ,/verse
535 748 122 23 consisted
678 749 25 22 of
723 756 13 15 a
755 748 90 24 certain
867 748 100 23 number
988 747 25 23 of

165 798 101 30 poetical
288 797 56 26 feet,
358 797 149 27 and.certain
519 798 57 22 laws
591 797 26 23 of
626 797 153 26 alliteration,
795 797 43 22 but
852 796 99 23 without
965 804 45 22 any

167 844 93 29 rhyme.
296 844 51 23 The
359 844 124 29 following
493 845 20 22 is
527 853 29 14 an
570 844 108 29 example
693 856 4 12 :

435 917 110 27 Feveries,
557 918 44 21 and
613 918 77 26 fluxes,

226 955 111 29 Coughes,
349 955 130 27 cardiacles,
491 963 95 21 cramps,
597 956 45 21 and
653 955 152 28 tooth-aches,

224 993 107 26 Rheums,
343 994 44 20 and
395 993 133 28 redegunds,
540 993 45 21 and
595 1000 97 21 roynous
704 993 76 21 skalds
790 1000 5 18 ;

225 1031 87 27 Boyles,
324 1032 44 21 and
379 1031 101 25 botches,
492 1031 44 21 and
548 1031 129 27 brennynge
690 1038 68 20 agues
768 1038 5 17 ;

224 1068 145 30 Frennesyes,
381 1069 44 21 and
436 1068 47 22 foul
494 1068 62 26 evils,
569 1068 120 28 forageries
701 1068 26 21 of
740 1068 73 29 kynde
827 1068 101 28 (nature)
938 1076 2 19 ;

225 1106 74 22 There
311 1114 45 14 was
398 1106 86 21 harrow
496 1106 44 21 and
551 1105 67 29 helpe
630 1105 5 21 !
653 1105 53 21 here
719 1105 90 21 Cometh
822 1105 74 28 kynde

223 1142 64 21 With
299 1143 75 20 Death
386 1143 49 20 that
447 1143 19 20 is
478 1143 102 20 dreadful
591 1147 23 16 to
626 1143 76 20 undon
714 1150 26 13 us
752 1143 37 20 all.

225 1178 49 21 The
285 1178 49 22 lord
345 1178 49 22 that
406 1178 59 22 lived
475 1179 34 21 for
519 1179 36 21 his
566 1179 53 26 lust,
631 1180 28 21 he
670 1180 55 22 loud
737 1181 72 22 cricde

224 1216 66 21 After
302 1216 108 26 Comfort,
423 1224 12 13 a
446 1216 96 29 Knight,
553 1220 24 18 to
589 1225 63 13 come
663 1218 45 20 and
718 1218 54 21 bear
790 1218 34 21 his
844 1219 89 21 banner.

222 1255 87 27 Alarm,
321 1255 85 27 Alarm,
418 1256 70 28 quoth
501 1256 49 21 that
563 1256 94 28 Knight,
669 1256 55 21 each
732 1256 38 21 life
779 1256 57 29 keep
846 1256 36 22 his
889 1264 55 14 own.

223 1294 50 26 Age
285 1293 38 22 the
334 1293 76 27 hoary,
423 1293 28 21 he
463 1300 45 14 was
519 1293 23 21 in
554 1292 38 22 the
605 1292 122 26 van-ward,

223 1329 54 21 And
288 1330 52 21 bare
352 1329 38 21 the
403 1330 83 20 banner
495 1330 75 21 before
580 1330 75 21 Death
664 1338 5 17 ;
681 1330 29 28 by
716 1330 59 28 right
783 1330 28 22 he
818 1330 18 22 it
846 1330 102 22 claimed.

223 1368 74 22 Death
309 1375 61 15 came
382 1369 87 28 driving
480 1369 56 21 after
544 1376 4 17 ;
565 1369 45 20 and
621 1368 31 21 all
663 1371 24 18 to
699 1368 52 21 dust
763 1368 93 28 pashed,

221 1408 79 26 Kings,
309 1408 45 20 and
366 1407 96 25 Caisers,
475 1407 118 27 Knightes,
606 1407 44 20 and
663 1406 79 28 Popes.

196 1471 50 23 The
265 1471 78 30 image
363 1470 26 23 of
405 1470 75 31 hoary
501 1470 54 31 Age
579 1470 114 30 claiming
714 1469 26 23 of
759 1470 66 31 right
847 1474 26 19 to
893 1470 57 23 bear
968 1469 39 23 the

163 1522 91 23 banner
265 1521 82 24 before
361 1520 79 24 Death
452 1520 46 22 will
509 1519 115 32 probably
638 1519 30 22 be
681 1518 115 22 admired.
833 1518 51 22 The
908 1521 99 19 muster-

163 1570 44 23 roll
221 1570 25 23 of
257 1570 103 23 diseases
374 1570 43 22 has
441 1568 122 31 obviously
576 1568 61 23 been
657 1567 111 23 imitated
780 1568 32 29 by
825 1567 97 26 Milton,
935 1567 24 23 in
972 1566 35 23 his

163 1618 144 28 description
321 1618 25 22 of
357 1618 40 23 the
408 1618 170 27 Lazar-house,
592 1618 24 22 in
624 1618 41 23 the
674 1618 111 23 Paradise
799 1618 68 23 Lost.

195 1665 110 23 Another
333 1665 110 31 splendid
471 1666 146 31 description
644 1666 31 31 by
700 1666 89 23 Milton
813 1667 48 23 will
887 1667 70 31 bring
983 1674 26 15 us

162 1717 61 22 back
237 1716 61 23 from
317 1716 48 23 this
387 1716 142 31 digression.
567 1715 61 23 Bees
642 1723 39 16 are
698 1715 98 23 noticed
815 1715 24 22 in
860 1715 41 23 the
918 1715 90 30 picture
