1120 1962
944 141 44 21 143

442 145 120 15 POETICAL
582 147 102 13 AVIARY.

264 217 69 27 That,
346 226 50 14 save
408 219 35 21 his
455 219 43 26 wif,
510 220 63 20 there
585 220 50 20 wist
649 220 26 21 of
687 220 18 22 it
716 227 29 15 no
757 227 42 19 mo,

263 253 36 22 He
310 254 66 21 loved
388 255 47 21 hire
447 260 67 21 most,
526 256 45 21 and
582 257 89 21 trusted
682 258 49 21 hire
743 259 53 20 also.

261 292 36 22 He
309 293 78 27 praied
397 293 48 21 hire
457 293 50 21 that
519 297 23 17 to
553 300 30 14 no
594 297 102 18 creature

263 330 44 22 She
318 331 74 21 n'olde
404 331 69 21 tellen
485 331 27 21 of
523 331 36 22 his
571 331 111 27 disfigure.

262 368 45 21 She
319 375 69 14 swore
400 368 46 21 him
458 375 50 22 nay,
520 369 34 20 for
565 369 30 20 all
606 369 39 21 the
655 370 70 21 world
736 375 24 16 to
771 370 79 27 winne,

263 406 44 21 She
319 406 73 21 n'olde
401 406 30 21 do
443 406 49 21 that
504 405 80 21 vilanie
597 413 28 13 ne
637 406 71 24 siune,

262 444 34 21 To
308 444 65 21 make
384 443 48 21 hire
444 443 104 21 husband
559 442 57 21 have
628 450 24 13 so
664 442 60 21 foule
736 450 13 13 a
760 450 71 19 name,

262 482 45 22 She
318 482 73 22 n'olde
403 485 39 17 not
454 480 41 22 tell
506 480 17 22 it
534 480 34 21 for
579 480 48 21 hire
638 486 63 15 owen
714 479 84 22 shame.

261 519 45 21 But
318 519 99 21 nathless
428 518 49 22 hire
489 518 97 28 thought
598 518 50 21 that
660 518 39 20 she
712 517 66 22 diede

262 557 24 22 If
298 557 39 22 she
349 564 24 14 so
384 557 67 28 longe
460 555 79 22 shulde
551 562 14 13 a
576 557 73 18 secret
658 553 61 21 hide.

261 595 54 21 And
328 594 44 21 sith
384 593 40 21 she
436 592 58 22 dirst
505 596 39 17 nat
555 591 55 21 telle
621 590 18 22 it
651 595 24 17 to
689 598 30 14 no
731 598 60 20 man,

261 631 68 21 Doun
341 634 23 17 to
376 637 14 14 a
401 629 80 22 mareis
492 629 57 21 faste
561 629 30 26 by
603 628 40 22 she
654 635 40 14 ran
702 636 5 18 ;

260 670 39 21 Til
310 669 39 21 she
361 675 62 14 came
434 667 64 22 there
510 667 47 21 hire
569 667 64 21 herte
644 673 43 15 was
699 673 12 14 a
722 667 47 26 fire,

260 706 55 22 And
326 712 24 14 as
362 712 12 14 a
386 706 97 20 Bitoure
495 704 114 22 bumbleth
621 704 23 21 in
655 704 39 22 the
705 705 64 25 mire,

263 743 44 22 She
318 742 46 22 laid
374 741 49 21 hire
434 740 79 21 mouth
525 745 56 16 unto
594 739 39 22 the
644 744 70 17 water
725 740 68 27 doun,

262 781 92 28 Bewrey
365 787 36 14 me
412 783 46 22 not,
471 778 54 22 then
537 782 75 22 water,
624 776 54 22 with
690 776 41 29 thy
743 783 62 20 soun,

261 818 79 26 Quoth
352 817 39 22 she
401 826 5 18 ;
423 821 24 18 to
459 816 52 22 thee
523 816 12 21 I
546 816 41 21 tell
595 816 26 27 it,
633 816 44 21 and
688 822 29 15 no
728 822 44 20 mo,

283 856 64 22 Mine
358 855 104 22 husband
474 855 55 21 hath
540 855 54 28 long
605 861 61 15 asses
678 861 49 15 ears

260 893 61 21 Here
329 899 28 22 ye
368 899 52 22 may
429 899 44 19 see,
485 891 59 22 thou
555 899 32 14 we
600 899 12 14 a
624 892 55 21 time
691 892 74 27 abide,

259 932 45 22 Yet
315 935 40 18 out
366 931 18 21 it
395 934 61 18 must
465 938 5 17 ;
487 938 32 13 we
532 937 40 14 can
584 937 30 14 no
626 933 73 18 secret
710 929 61 22 hide.

174 1005 110 23 Chaucer
307 1003 44 23 has
374 1010 57 23 very
455 1002 185 30 mischievously
660 1002 80 23 varied
763 1002 41 23 the
822 1002 48 24 tale
893 1003 91 23 related

139 1053 32 29 by
192 1051 71 26 Ovid,
276 1050 55 23 who
348 1050 82 23 makes
443 1049 90 24 Midas'
553 1050 73 27 slave,
649 1052 47 22 and
708 1055 43 20 not
771 1053 38 23 his
829 1053 63 27 wife,
905 1054 79 23 reveal

138 1101 42 24 the
202 1104 76 20 secret
291 1103 26 20 to
329 1099 42 23 the
391 1103 83 19 water.
512 1098 151 32 Shakspeare
683 1104 138 26 represents
841 1104 48 19 two
910 1100 74 24 ladies

139 1151 107 31 agitated
257 1151 32 30 by
301 1159 14 14 a
327 1150 95 23 natural
434 1150 115 31 curiosity
562 1153 26 20 to
599 1150 100 23 become
717 1150 142 31 acquainted
872 1151 59 23 with
943 1151 41 24 the

139 1203 88 21 secrets
240 1200 25 23 of
275 1199 62 23 their
348 1199 131 23 husbands.
517 1198 54 24 One
583 1199 19 22 is
617 1198 132 32 Hotspur's
757 1199 62 26 wife,
834 1200 55 22 who
902 1200 81 24 threa-

138 1253 53 18 tens
203 1251 25 19 to
241 1247 73 23 break
334 1247 37 22 his
390 1247 63 22 little
475 1247 86 31 finger,
576 1247 18 22 if
611 1247 30 23 he
661 1247 48 23 will
730 1251 44 19 not
794 1247 43 23 teU
856 1248 52 24 her.
946 1249 38 23 He

137 1300 84 29 replies
223 1313 33 3 —

483 1358 45 22 For
544 1364 89 21 secresy

256 1397 36 22 No
303 1396 53 28 lady
368 1396 78 26 closer,
457 1396 34 20 for
503 1395 12 21 I
526 1395 45 21 will
583 1394 91 25 beHeve,

255 1433 68 22 Thou
335 1433 46 21 wilt
393 1436 40 17 not
445 1435 67 22 utter,
524 1432 60 21 what
597 1431 57 21 thou
666 1431 51 21 dost
730 1435 40 17 not
782 1431 71 22 know.

256 1470 54 21 And
322 1477 24 13 so
357 1469 33 21 far
401 1469 45 21 will
457 1469 12 21 I
480 1473 59 17 trust
550 1469 61 27 thee,
623 1469 76 27 gentle
711 1469 60 22 Kate
781 1470 4 20 !

168 1540 80 23 Portia
260 1539 99 23 wounds
367 1538 96 25 herself,
473 1538 48 22 and
528 1537 59 22 then
600 1536 58 23 with
671 1544 30 14 an
711 1535 106 23 heroical
826 1543 43 15 non
882 1535 100 30 sequitur

135 1590 111 22 exclaims
259 1593 26 19 to
296 1590 89 22 Brutus
389 1600 31 3 —

315 1651 50 22 Can
377 1650 12 22 I
399 1650 54 22 bear
465 1650 52 22 that
528 1648 54 21 with
594 1646 113 29 patience,

313 1689 55 21 And
379 1691 40 18 not
430 1694 37 19 my
478 1683 125 25 husband's
615 1687 84 18 secrets
708 1683 8 20 ?
