1120 1962
134 168 31 21 34

438 175 120 14 POETICAL
577 172 103 16 AVIARY.

255 249 20 20 A
289 255 108 14 ravenous
408 248 97 21 Vulture
517 248 22 21 in
550 247 35 22 his
600 246 82 29 open'd
693 245 48 21 side

255 284 50 21 Her
312 285 99 20 crooked
422 285 63 26 beak,
498 285 44 21 and
553 284 62 21 cruel
626 284 74 20 talons
711 281 89 22 tried-

257 320 51 21 Still
315 320 34 21 for
360 320 38 21 the
408 321 98 29 growing
522 321 55 21 fiver
594 320 76 28 digg'd
678 320 36 21 his
721 320 76 21 breast
809 327 4 19 ;

257 359 50 21 The
318 359 99 29 growing
423 359 55 21 liver
490 359 47 21 still
549 358 105 28 suppfied
665 358 39 21 the
715 358 66 21 feast.

257 395 51 22 Still
319 402 37 15 are
365 396 39 21 the
413 396 92 22 entrails
516 396 89 21 fruitful
616 399 24 17 to
652 395 59 21 their
722 395 72 27 pains,

256 432 50 21 The
317 432 113 22 immortal
441 433 86 28 hunger
534 433 63 24 lasts,
609 432 39 21 the
659 432 112 21 immortal
782 432 54 21 food
846 431 102 22 remains.

170 484 138 23 Divination
321 485 31 29 by
365 493 83 15 means
467 485 27 22 of
513 485 67 23 birds
605 485 20 22 is
647 494 13 14 a
682 486 94 22 curious
798 486 89 23 feature
900 486 23 23 in
936 487 41 23 the

137 539 106 18 customs
268 535 26 22 of
305 535 41 22 the
360 535 104 22 Ancient
485 535 115 22 Romans.
638 534 84 23 Cicero
744 534 111 23 observes
875 534 52 23 that
948 534 28 23 he

137 590 114 22 supposes
266 591 45 15 one
323 584 112 30 Aruspex
445 584 72 23 could
530 584 104 31 scarcely
644 588 64 20 meet
721 585 99 23 another
830 585 25 23 of
864 586 40 22 the
913 594 62 14 same

136 631 71 23 order
228 632 101 23 without
351 633 97 31 smiling
460 643 5 18 ;
486 642 26 14 so
532 637 69 28 great
622 642 49 14 was
693 634 41 23 the
756 634 114 32 credulity
891 635 25 22 of
936 635 39 22 the

136 683 114 29 populace
262 684 25 22 in
296 684 63 22 their
371 684 53 26 Art,
436 684 47 22 and
495 692 27 14 so
534 683 126 29 profitable
673 686 25 20 to
710 683 138 29 Aruspices.

257 739 21 21 A
290 739 52 21 flam
353 747 61 14 more
426 739 109 22 senseless
546 739 55 22 than
612 739 39 21 the
662 746 94 21 roguery

258 777 35 23 Of
300 778 38 21 old
349 778 126 27 auruspicy,
487 778 45 20 and
543 783 92 22 augury.

257 815 68 21 From
336 815 65 29 flight
412 815 27 21 of
447 815 66 25 birds,
523 822 25 13 or
559 813 106 22 chickens
676 811 97 29 picking,

258 850 94 22 Success
363 852 27 20 of
401 855 62 23 great
472 855 108 23 attempts
589 855 24 16 to
624 850 90 21 reckon.

170 905 71 23 Birds
266 906 60 23 have
346 907 61 23 been
423 908 57 22 used
501 908 25 22 in
546 907 168 26 incantations,
737 915 24 14 as
782 906 24 23 in
819 907 155 24 Middleton's

292 957 78 23 which
384 965 47 14 was
443 956 106 29 brought
561 958 41 20 out
611 954 82 23 before
705 954 149 22 Macbeth—

554 993 19 11 -r

254 1010 80 23 Here's
345 1012 39 21 the
395 1012 70 21 blood
473 1012 30 28 of
509 1020 13 12 a
535 1011 46 21 bat.

254 1048 45 22 Put
308 1048 22 22 in
342 1048 57 27 that,
412 1048 21 22 O
445 1053 41 23 put
497 1048 23 22 in
532 1048 56 22 that.

254 1085 80 23 Here's
345 1087 88 21 Hzard's
444 1087 70 24 brain,

254 1123 45 23 Put
310 1124 23 22 in
345 1131 12 14 a
369 1125 67 27 grain.

256 1160 49 22 The
314 1161 60 28 juice
386 1162 26 20 of
419 1162 54 21 toad
482 1162 44 21 and
535 1161 31 21 oil
577 1161 26 21 of
610 1161 76 25 adder,

255 1198 61 22 That
328 1199 44 21 will
382 1200 64 21 make
458 1199 38 22 the
507 1199 101 26 younker
619 1198 97 22 madder.

256 1236 57 28 Nay,
325 1236 71 22 here's
407 1236 64 22 three
480 1243 83 15 ounces
575 1236 25 21 of
607 1243 13 14 a
631 1235 130 22 red-haired
771 1235 84 21 wench.

170 1280 148 29 Shakspeare
333 1281 42 23 has
378 1295 31 3 —

256 1330 47 28 Eye
315 1330 27 22 of
353 1335 65 22 newt,
431 1331 45 21 and
486 1335 37 17 toe
535 1332 26 20 of
573 1331 55 29 frog,

257 1368 66 22 Wool
334 1369 27 20 of
367 1369 45 26 bat,
423 1369 44 22 and
478 1373 83 24 tongue
571 1369 26 22 of
605 1369 43 28 dog
657 1377 4 17 ;

256 1404 97 22 Adder's
365 1405 56 27 fork,
433 1406 44 21 and
487 1406 162 22 blind-worm's
660 1407 66 28 sting,

256 1442 100 21 Lizard's
372 1443 43 28 leg,
428 1443 44 21 and
480 1443 85 22 owlet's
577 1444 57 27 wing
643 1452 5 18 ;

255 1479 67 22 Liver
333 1479 26 22 of
367 1479 155 28 blaspheming
533 1480 56 22 Jew.

169 1538 51 23 The
240 1537 54 26 owl,
314 1537 25 22 in
358 1536 95 23 ancient
466 1536 150 31 mythology,
629 1545 49 14 was
697 1537 86 22 sacred
804 1540 25 19 to
848 1536 111 23 Minerva
967 1546 4 17 ;

135 1590 19 22 it
167 1596 48 15 was
228 1587 76 24 called
316 1587 40 23 the
404 1586 58 23 Bird
475 1585 25 23 of
638 1585 47 23 and
698 1593 99 24 appears
810 1593 31 15 on
855 1584 117 23 Athenian

138 1639 75 21 coins.

256 1687 25 21 In
294 1685 78 22 classic
384 1692 51 22 ages
447 1691 52 15 men
511 1682 117 29 perceived
639 1689 13 13 a
664 1681 50 22 soul

256 1722 34 23 Of
302 1722 104 27 sapience
419 1722 23 21 in
454 1721 40 28 thy
506 1724 82 25 aspect,
600 1719 104 22 headless
718 1719 52 21 Owl
778 1718 7 22 !
