1120 1962
384 150 119 15 POETICAL
523 150 102 15 AVIARY.

892 143 30 22 29

76 222 61 22 lines
157 229 40 16 are
216 222 72 23 taken
309 223 18 23 is
346 223 84 23 liberal
443 232 27 14 or
483 224 129 31 niggardly
626 225 27 23 of
663 226 87 30 praise.
787 226 23 23 It
823 233 100 23 appears

75 277 25 18 to
118 281 39 15 me
176 276 26 20 to
221 273 30 23 be
271 281 13 15 a
303 281 56 23 very
373 280 120 23 generous
513 272 97 32 eulogy,
626 272 55 26 and,
696 272 101 31 coupled
810 272 58 23 with
882 272 41 23 the

73 329 82 15 verses
167 321 80 23 which
266 321 94 23 Jonson
382 324 75 20 wrote
469 321 77 23 under
558 321 42 23 the
620 321 63 23 Title
695 328 62 24 page
776 321 102 30 portrait
900 321 23 22 in

73 371 43 22 the
128 371 52 22 first
190 370 91 23 edition
292 370 26 23 of
326 369 174 31 Shakspeare's
508 371 88 25 works,
610 370 113 27 indicate,
734 371 65 22 what
808 370 30 23 he
850 373 73 20 states

74 421 25 22 in
111 421 39 22 his
393 420 54 22 that
459 419 31 24 he
502 419 48 23 had
563 426 13 15 a
589 422 69 27 great
671 418 112 31 personal
795 418 88 31 regard
896 426 26 15 as

74 467 53 23 well
146 475 25 15 as
196 467 144 23 admiration
364 468 38 22 for
425 467 161 31 Shakspeare.
624 469 28 22 In
677 476 67 16 some
763 469 46 23 few
832 470 27 22 of
880 470 42 23 the

74 518 126 30 requisites
219 518 38 23 for
275 526 13 15 a
307 521 69 27 great
395 517 135 26 dramatist,
543 516 40 27 he,
596 524 33 15 no
642 516 83 26 doubt,
740 517 127 31 surpassed
882 517 41 24 the

75 568 71 23 Swan
160 569 26 22 of
196 570 80 21 Avon.

110 636 28 22 In
151 636 114 23 Milton's
276 635 27 23 L'
306 634 102 29 Allegro
420 640 36 15 we
464 631 61 22 have
527 642 33 4 —

197 697 66 22 Then
275 701 24 18 to
311 696 39 22 the
362 694 115 23 well-trod
490 697 62 24 stage
564 699 59 15 anon

194 736 26 22 If
226 735 94 23 Jonson'
324 743 9 14 s
344 733 92 23 learned
448 732 54 22 sock
516 732 27 20 be
555 738 36 19 on,

195 774 34 22 Or
240 775 104 20 sweetest
355 771 148 27 Shakspeare,
516 768 95 28 Fancy's
628 767 67 26 child,

201 810 95 21 Warble
307 809 35 21 his
354 807 76 23 native
442 807 144 23 ivood-notes
599 807 61 21 wild.

107 878 51 23 The
171 877 140 30 expression
359 875 102 31 Fancy's
574 874 20 23 is
607 875 73 22 taken
694 874 62 24 from
768 874 153 33 Shakspeare

73 925 104 27 himself,
202 933 25 14 as
252 925 41 22 the
343 923 66 24 Sock
432 923 75 30 being
599 923 20 22 is
646 923 72 22 taken
743 923 63 23 from
819 923 103 25 Jonson.

72 974 23 23 A
107 981 102 23 passage
221 973 25 22 in
259 972 112 23 Milton's
385 979 70 22 prose
467 971 80 23 works
559 970 104 31 relating
675 974 26 20 to
718 970 149 32 Shakspeare
880 973 44 22 has

72 1022 62 23 been
146 1028 58 24 very
216 1020 73 24 much
302 1019 211 31 misrepresented,
527 1027 26 15 as
566 1019 96 31 though
674 1019 89 23 Milton
780 1028 64 16 were
857 1022 65 29 puri-

72 1069 113 31 tanically
208 1068 146 32 upbraiding
380 1067 68 32 King
467 1067 101 23 Charles
591 1067 37 23 for
651 1067 100 31 making
771 1067 151 32 Shakspeare

72 1116 39 23 his
136 1116 76 23 closet
236 1115 155 30 companion.
427 1116 23 22 It
472 1116 20 23 is
506 1116 48 23 this
558 1129 33 4 —
619 1117 12 22 I
645 1117 61 22 shall
719 1122 43 19 not
773 1118 107 25 instance
894 1128 29 15 an

72 1166 110 22 abstruse
201 1165 86 23 author
306 1165 108 23 wherein
431 1166 42 22 the
491 1166 61 31 king
574 1166 79 31 might
666 1166 30 23 be
709 1166 48 24 less
770 1172 152 23 conversant,

72 1218 44 23 but
129 1225 45 15 one
183 1217 80 22 whom
277 1225 36 14 we
326 1216 54 23 weU
390 1216 73 22 know
486 1223 48 15 was
547 1215 41 23 the
602 1216 76 22 closet
691 1216 144 29 companion
848 1216 26 22 of
884 1216 38 23 his

72 1267 110 26 solitude,
196 1266 108 23 William
323 1266 160 29 Shakspeare,
503 1264 55 22 who
577 1262 144 23 introduced
738 1262 42 23 the
797 1271 88 22 person
899 1264 26 22 of

72 1314 106 23 Richard
193 1313 56 27 III.,
264 1313 117 31 speaking
393 1313 26 23 in
431 1321 26 15 as
469 1312 60 31 high
542 1320 13 15 a
569 1311 74 24 strain
657 1312 26 23 of
694 1312 65 31 piety
773 1313 46 22 and
839 1315 83 22 morti-

72 1364 96 23 fication
179 1371 25 16 as
217 1364 20 22 is
248 1363 95 24 uttered
351 1362 25 23 in
389 1370 47 23 any
447 1368 102 24 passage
558 1360 27 22 of
591 1360 49 22 this
652 1359 64 23 book
728 1359 55 30 (the
796 1359 92 32 Eikon)
889 1374 34 3 —

72 1414 48 23 and
133 1413 138 24 sometimes
283 1415 26 21 to
323 1412 41 24 the
376 1419 66 16 same
464 1418 69 15 sense
547 1409 47 23 and
607 1416 104 23 purpose
724 1416 26 15 as
764 1416 67 15 some
842 1410 80 22 words

71 1465 25 22 in
118 1463 49 23 this
186 1463 76 30 place.
327 1461 10 23 I
498 1459 65 28 (says
587 1455 41 24 the
652 1454 71 31 king)
773 1458 43 18 not
828 1454 57 31 only
897 1459 26 19 to

72 1511 80 30 oblige
162 1519 41 22 my
213 1509 91 24 friends
316 1509 44 23 but
370 1508 65 23 mine
605 1503 51 22 The
669 1502 49 23 like
731 1501 64 24 saith
806 1501 113 24 Richard.

194 1572 11 22 I
217 1572 30 21 do
258 1575 40 17 not
309 1570 67 22 know
387 1569 50 22 that
449 1568 148 29 EngHshman
607 1567 58 21 alive

193 1608 66 22 With
271 1608 72 21 whom
353 1614 38 21 my
403 1606 50 22 soul
463 1606 18 21 is
493 1613 43 20 any
546 1604 35 29 jot
599 1608 23 17 at
634 1604 56 21 odds

193 1646 67 22 More
272 1644 54 22 than
337 1644 39 21 the
392 1643 72 21 infant
475 1642 50 21 that
537 1642 19 21 is
568 1642 55 21 born
634 1641 100 28 to-night
736 1653 30 5 —

194 1683 11 21 I
217 1681 72 22 thank
301 1688 37 21 my
350 1680 53 22 God
414 1680 34 22 for
459 1687 37 20 my
506 1680 112 27 humility.
