1120 1962
392 156 121 16 POETICAL
533 158 103 15 AVIARY.

931 159 25 22 71

230 224 48 22 Her
289 226 60 29 body
361 227 65 28 light,
436 228 41 22 she
493 229 55 22 tries
559 230 40 21 her
612 231 77 30 wings,

229 262 54 21 And
295 270 76 14 scorns
384 264 38 22 the
434 266 94 28 ground,
541 267 44 21 and
597 269 93 27 upward
702 270 94 29 springs,

227 298 77 22 While
317 300 30 21 all
359 300 38 22 the
409 302 77 28 parish
498 310 24 15 as
535 305 39 22 she
587 305 55 28 flies,

228 335 74 22 Hears
315 338 84 22 sounds
411 338 147 24 harmonious
568 342 57 21 from
638 343 39 22 the
690 344 66 21 skies.

142 396 28 22 In
182 396 160 24 Goldsmith's
392 398 119 23 Deserted
638 414 32 2 —

230 465 50 21 The
292 465 64 28 noisy
368 465 74 22 Geese
454 465 51 22 that
516 466 103 27 gabbled
629 465 45 22 o'er
685 466 39 21 the
736 467 53 28 pool

229 503 50 21 The
291 503 85 27 playful
388 503 102 22 children
498 502 49 28 just
558 503 33 22 let
602 504 61 21 loose
675 504 57 21 from
742 504 83 22 school.

455 590 51 14 THE
526 590 73 14 COCK.

141 637 39 22 An
212 636 121 23 imitation
366 635 26 23 of
414 635 42 23 the
487 634 68 24 Cock
578 634 20 23 is
629 634 73 31 given
727 634 24 24 in
784 634 173 33 Shakspeare's

107 684 114 29 Tempest
222 697 33 3 —

230 738 72 26 Hark,
315 738 55 22 hark
382 739 4 21 !
406 738 12 22 I
428 739 54 22 hear

228 776 51 21 The
292 776 70 21 strain
373 776 26 21 of
407 777 109 30 strutting
528 779 145 28 chanticlere,

229 815 47 28 Cry
287 815 234 23 cock-a-doodle-do.

140 885 58 22 And
210 885 25 22 in
248 884 121 31 Rowley's
382 884 55 30 play
452 883 26 23 of
490 884 40 23 the
580 883 106 31 Spanish
842 885 41 23 the
898 885 59 32 Gip-

107 944 41 19 sey
160 935 107 24 foretells
269 949 33 3 —

227 999 51 22 You
289 1006 37 14 are
339 999 47 26 sad,
399 1006 24 14 or
434 999 59 26 mad,
506 1005 26 15 or
543 999 54 28 glad

227 1035 45 22 For
283 1043 12 13 a
306 1035 81 29 couple
399 1035 27 21 of
433 1035 77 22 Cocks
523 1035 50 22 that
585 1040 83 18 cannot
681 1037 27 21 be
720 1037 53 27 had,
838 1029 18 29 /-.

228 1071 45 22 Yet
284 1072 64 21 when
360 1072 84 22 abroad
456 1072 54 29 they
521 1073 57 22 have
590 1074 83 28 picked
685 1079 60 18 store
757 1077 27 20 of
791 1077 65 28 grain,

230 1109 149 23 Doodle-doo
392 1110 79 28 they'll
480 1118 38 21 cry
527 1118 30 14 on
569 1119 57 20 your
638 1112 104 29 dunghill
753 1114 72 29 again.

442 1193 50 14 THE
512 1193 109 15 CUCKOO.

142 1233 173 31 Shakspeare's
328 1233 54 22 well
393 1233 90 22 known
497 1241 63 23 song
578 1241 49 15 was
646 1234 119 23 rendered
776 1244 58 22 very
847 1237 109 30 popular,

106 1284 72 23 about
196 1283 52 23 half
259 1292 13 14 a
282 1285 101 29 century
399 1290 54 23 ago,
467 1282 31 31 by
512 1282 167 30 substituting,
696 1282 98 27 Cannon,
811 1283 97 27 Cannon,
920 1284 36 23 for

106 1332 114 27 Cuckow,
234 1332 107 22 Cuckow
351 1341 5 18 ;
369 1332 41 22 the
424 1331 76 23 music
514 1330 113 31 emitting
640 1337 13 16 a
693 1331 78 22 sound
784 1331 26 23 of
909 1332 47 24 like

105 1383 41 23 the
160 1382 127 31 discharge
302 1382 26 22 of
337 1389 14 15 a
364 1381 103 23 Cannon
478 1389 5 17 ;
498 1379 18 23 it
528 1387 48 14 was
589 1378 94 31 applied
696 1382 25 19 to
734 1386 13 15 a
758 1377 106 25 German
875 1380 80 23 Baron

105 1431 54 23 who
171 1431 48 22 had
232 1431 42 22 hid
284 1430 100 23 himself
395 1429 89 29 during
497 1437 13 14 a
521 1427 84 24 battle.

226 1494 50 21 The
290 1493 97 22 Cuckow
401 1500 49 14 now
462 1500 28 14 on
502 1500 66 20 every
579 1496 54 22 tree,

184 1547 6 14 ,
226 1531 82 22 Mocks
319 1531 97 22 married
427 1537 59 19 men,
497 1530 34 21 for
542 1529 54 22 thus
607 1528 61 29 sings
680 1528 27 26 he,

248 1567 106 25 Cuckow,
508 1565 21 23 O
541 1565 61 22 word
613 1565 27 21 of
648 1566 47 20 fear
703 1565 4 21 !

225 1603 139 29 Unpleasing
375 1608 24 17 to
411 1603 39 22 the
463 1603 95 22 married
572 1609 45 15 ear.

138 1667 22 24 It
182 1667 20 23 is
215 1670 43 20 not
279 1666 122 31 generally
423 1666 88 23 known
524 1666 54 23 that
600 1665 41 24 the
655 1665 127 24 Cuckow's
795 1670 57 20 note
874 1668 78 23 varies

104 1721 58 23 very
180 1713 134 31 materially
327 1713 88 31 during
428 1713 41 23 the
482 1722 105 14 summer
602 1723 5 18 ;
627 1714 30 23 its
671 1715 130 25 variations
814 1717 60 24 have
894 1718 60 23 been
