1120 1962
401 163 121 15 POETICAL
543 164 102 14 AVIARY.

937 162 29 21 99

264 232 31 27 By
308 233 38 21 the
359 234 73 21 hero's
444 236 77 21 armed
533 236 80 22 shades

242 272 125 30 Glittering
378 273 99 29 through
489 274 38 22 the
538 276 92 27 gloomy

151 339 33 23 At
204 338 31 24 all
248 343 91 23 events,
362 340 49 23 this
425 341 54 30 play
493 349 31 15 on
548 342 84 24 letters
646 344 56 31 only
715 346 106 30 gratifies
835 347 69 23 when
926 348 40 23 the

117 387 67 24 mind
203 388 21 23 is
247 390 76 21 under
345 389 41 23 the
410 390 118 23 influence
562 392 26 22 of
610 393 70 23 those
708 396 156 23 associations
889 397 77 23 which

118 446 39 16 are
172 439 79 23 suited
263 443 25 19 to
301 439 19 23 it
333 440 70 22 when
416 447 30 15 no
461 443 88 19 matter
561 440 27 23 of
599 450 29 13 an
642 443 107 30 exciting
762 451 27 15 or
801 444 61 31 lofty
883 448 83 20 nature

117 490 20 23 is
146 490 128 30 presented
294 494 25 19 to
333 498 44 14 our
397 490 128 23 attention.
563 490 80 31 Every
654 499 89 22 person
756 495 64 19 must
832 492 29 22 be
875 492 91 23 offend-

118 540 30 22 ed
175 540 59 23 with
262 540 43 23 the
327 539 90 24 second
439 539 47 23 line
510 538 27 23 of
556 538 41 23 the
619 538 124 31 following
763 539 96 30 couplet
879 539 24 22 in
925 539 41 23 the

145 588 77 31 Essay
235 596 31 15 on
388 588 79 23 which
490 588 76 23 forms
580 595 14 15 a
606 590 54 27 part
674 587 26 23 of
710 595 13 15 a
736 595 57 23 very
806 587 102 24 sublime
923 588 41 23 de-

118 636 114 30 scription
246 637 26 23 of
281 637 42 24 the
336 638 78 23 divine
426 645 81 22 power
518 647 5 14 :

238 713 109 22 Breathes
358 714 22 21 in
392 722 41 14 our
445 716 56 26 soul,
513 716 92 22 informs
616 724 41 14 our
668 718 80 21 mortal
760 722 56 24 part,

240 753 33 20 As
285 753 48 26 full,
345 760 24 14 as
381 753 86 27 perfect
478 754 22 20 in
512 761 13 14 a
537 754 55 25 Aair,
604 761 24 14 as
639 754 74 22 Aeart.

152 827 29 23 In
205 827 160 33 Shakspeare,
379 837 89 23 among
482 837 128 16 numerous
632 830 120 23 instances
771 831 26 22 of
815 831 150 28 alliteration,

119 883 34 15 we
166 876 61 22 have
229 890 33 3 —

238 950 23 22 A
273 950 66 22 sailor
347 958 10 14 s
368 950 49 22 wife
429 950 45 22 had
486 951 108 22 chesnuts
605 951 22 21 in
639 951 40 22 her
690 952 44 28 lap,

239 989 55 21 And
304 989 135 27 mounched,
451 990 45 20 and
507 989 135 27 mounched,
654 990 45 20 and
710 988 137 28 mounched,

262 1027 57 22 Give
392 1027 72 28 quoth
477 1027 18 22 I.

240 1065 85 22 Aroint
337 1065 52 22 thee
402 1065 74 27 witch,
489 1065 38 22 the
544 1065 119 28 rump-fed
680 1072 87 21 ronyon
779 1065 68 21 cried.

152 1147 81 23 While
246 1147 124 24 literature
382 1155 49 15 was
443 1148 56 23 onlv
511 1148 111 30 partially
634 1148 101 23 diffused
746 1148 108 30 through
862 1149 104 31 English

120 1196 100 31 society,
249 1196 49 22 and
318 1204 14 14 a
353 1196 89 31 degree
456 1196 26 22 of
502 1196 98 23 wonder
624 1196 113 23 attached
759 1199 25 19 to
803 1196 122 23 instances
945 1196 28 24 of

120 1254 80 22 power
221 1246 100 23 exerted
342 1254 58 15 over
420 1245 129 31 language,
571 1245 103 23 without
695 1245 87 31 regard
801 1248 26 19 to
849 1245 29 22 its
895 1246 74 30 being

119 1293 122 32 tastefully
254 1301 28 15 or
295 1293 179 31 appropriately
488 1293 65 25 used,
566 1293 145 22 alliteration
722 1293 48 22 had
783 1302 13 14 a
806 1298 69 26 great
885 1294 83 23 charm

118 1345 37 23 for
168 1345 80 31 public
270 1345 138 23 audiences.
446 1344 29 22 In
488 1353 14 13 a
523 1352 57 22 very
594 1352 74 23 grave
682 1348 61 19 state
765 1343 54 25 trial
839 1354 66 22 upon
927 1347 42 23 the

118 1395 79 23 Jesuit
210 1394 102 26 Garnet,
327 1392 129 32 arraigned
474 1392 37 23 for
530 1391 60 32 high
602 1395 98 20 treason
712 1392 26 23 in
751 1393 41 23 the
814 1393 155 31 Gunpowder

981 1428 1 12 t

119 1442 61 26 Plot,
191 1441 38 23 Sir
240 1441 29 23 E.
281 1441 68 23 Coke
363 1440 57 24 calls
431 1440 41 24 the
485 1441 110 30 prisoner
607 1449 14 15 a
634 1441 43 23 Dr.
689 1442 26 22 of
723 1442 46 23 five
780 1442 53 23 D.'s
843 1443 122 22 Z)issimu-
981 1458 2 8 /

117 1491 69 26 lator,
198 1490 111 31 Deposer
317 1489 27 23 of
352 1489 105 27 Princes,
472 1489 118 30 Disposer
603 1489 26 22 of
641 1489 146 30 Kingdoms,
801 1489 118 23 Deterrer
941 1490 25 22 of

118 1541 113 31 subjects,
242 1540 48 22 and
301 1540 144 31 Destroyer.
482 1539 56 22 And
548 1539 151 30 Shakspeare
709 1539 139 22 introduces
860 1539 106 27 Hamlet,

117 1592 31 30 by
158 1590 85 32 giving
252 1594 26 18 to
291 1589 41 23 the
345 1588 53 23 first
411 1592 112 19 sentence
536 1586 80 23 which
628 1586 31 22 he
671 1589 85 22 utters,
771 1585 140 31 something
922 1586 41 23 be-

117 1641 77 19 tween
203 1645 13 15 a
224 1636 78 24 literal
315 1636 47 23 and
373 1635 82 23 verbal
466 1634 128 23 conceit—
