1120 1962
912 139 44 23 117

405 145 123 15 POETICAL
549 146 106 14 AVIARf.

112 218 57 22 with
190 218 62 23 their
273 218 56 23 final
348 219 42 29 (s.)
427 219 51 22 The
496 219 83 27 result,
599 220 24 22 in
642 220 48 22 this
706 228 62 18 case,
782 220 20 22 is
821 220 138 31 something

112 277 66 15 more
194 268 47 24 like
255 269 40 23 the
309 269 94 29 hissing
417 269 26 23 of
454 277 13 14 a
480 272 97 26 serpent
589 268 59 23 than
661 268 41 23 the
715 268 88 22 warble
817 268 25 22 of
860 276 14 14 a
886 268 72 22 Lark.

112 316 63 31 Pope
187 325 10 14 s
220 317 129 27 instances,
363 318 25 22 in
401 318 37 23 his
452 318 77 30 Essay
542 326 31 15 on
587 318 129 26 Criticism,
730 327 30 14 on
773 319 41 23 the
827 319 90 30 suiting
937 319 26 22 of

112 366 40 23 the
166 367 77 22 sound
253 371 25 19 to
289 368 41 22 the
344 375 68 16 sense
426 375 40 15 are
479 368 119 29 regarded
612 375 25 15 as
651 367 105 23 failures.
784 368 38 22 He
832 375 48 14 was
893 375 67 15 more
970 386 3 4 .

111 415 79 31 happy
203 416 25 22 in
241 416 41 24 the
303 417 118 30 painting,
435 417 59 22 than
507 417 25 22 in
553 416 40 23 the
615 417 75 22 music
703 416 27 23 of
741 419 92 27 poetry.
884 416 37 22 He
935 416 25 22 in

970 445 3 11 «

110 465 49 23 fact
179 466 150 23 understood
350 466 111 31 painting
473 475 5 14 :
499 466 69 23 there
589 467 20 22 is
631 469 84 20 extant
736 474 12 15 a
768 466 100 30 portrait
881 465 79 22 which

111 515 29 23 he
155 516 98 30 painted
266 516 26 23 of
301 516 38 22 his
352 515 79 23 friend
444 515 137 25 Betterton,
604 513 41 22 the
667 512 137 23 celebrated
825 514 74 20 actor.
937 510 22 21 It

111 562 79 22 would
212 562 28 22 be
254 562 100 23 difficult
377 567 27 18 to
417 562 50 23 find
481 570 45 23 any
539 562 72 29 thing
631 568 67 16 more
714 560 97 30 happily
829 559 129 31 expressed

112 618 30 14 on
157 610 40 23 the
211 616 36 18 art
262 612 26 22 of
299 613 112 29 painting
423 612 60 23 than
495 613 69 23 these
577 613 61 23 lines
650 613 26 22 of
686 613 64 29 Pope
751 626 33 3 —

232 665 30 22 So
273 665 65 22 when
350 666 39 21 the
400 666 92 22 faithful
504 667 75 29 pencil
590 668 41 21 has
643 667 110 29 designed

232 704 67 21 Some
311 704 76 28 bright
398 704 52 22 idea
463 705 26 21 of
497 705 38 21 the
547 705 102 21 master's
660 704 64 22 mind
734 713 4 17 ;

230 743 76 21 When
318 751 12 14 a
341 751 49 14 new
401 743 70 22 world
482 743 62 28 leaps
556 748 40 17 out
608 747 23 17 at
643 743 34 21 his
689 743 126 25 command,

231 781 55 22 And
302 781 69 28 ready
383 786 79 17 nature
474 781 64 22 waits
550 788 61 21 upon
623 781 35 20 his
671 780 61 21 hand
743 787 5 17 ;

230 819 76 21 When
318 819 38 21 the
368 819 48 28 ripe
428 819 72 21 colors
513 819 74 21 soften
599 819 44 21 and
655 818 71 26 unite,

230 856 56 21 And
297 856 92 29 sweetly
400 857 56 21 melt
467 857 49 21 into
525 857 48 28 just
585 857 69 21 shade
665 857 45 21 and
721 857 65 28 light.

229 894 76 21 When
317 894 128 28 mellowing
455 901 65 21 years
531 894 59 21 their
601 894 42 21 full
654 893 125 29 perfection
791 892 55 29 give,

233 931 55 21 And
299 930 56 22 each
367 931 53 21 bold
433 931 69 28 figure
511 930 49 29 just
577 931 78 29 begins
667 935 24 18 to
702 930 52 27 live,

230 969 51 21 The
293 968 146 22 treacherous
450 969 73 21 colors
534 968 40 22 the
585 968 42 21 fair
638 971 35 18 art
684 969 86 27 betray,

229 1004 55 21 And
295 1004 29 21 all
335 1004 39 21 the
386 1004 76 28 bright
474 1004 100 22 creation
586 1005 63 21 fades
661 1012 69 20 away.

144 1069 85 31 Pope's
239 1068 113 24 criticism
362 1077 31 14 on
403 1068 97 31 painted
511 1068 100 31 ceilings
623 1068 42 23 has
676 1068 61 23 been
747 1068 73 22 much
831 1068 110 23 admired
953 1077 4 17 ;

111 1120 43 22 but
167 1119 30 22 its
211 1118 70 24 effect
301 1118 20 22 is
334 1118 82 31 owing
428 1121 25 19 to
467 1118 40 22 the
521 1125 41 15 use
577 1117 24 23 of
613 1124 14 16 a
647 1116 57 23 verb
718 1115 79 23 which
810 1115 86 22 Daniel
909 1115 48 22 had

108 1166 83 23 before
203 1165 95 31 applied
311 1168 25 20 to
351 1166 41 22 the
406 1165 98 31 painted
516 1166 89 30 ceiling
618 1166 26 23 of
654 1166 151 24 Mortimer's
820 1166 73 23 castle
895 1179 33 3 —

232 1229 37 22 On
281 1229 94 28 painted
386 1229 94 29 ceilings
491 1237 46 21 you
548 1229 107 28 devoutly
668 1233 67 22 stare,

228 1267 84 22 Where
325 1267 89 27 sprawl
424 1267 39 21 the
476 1267 70 21 saints
557 1267 27 21 of
591 1266 80 22 Verrio
684 1266 45 21 and
740 1266 120 28 Laguerre.

140 1329 77 23 What
230 1337 44 15 can
287 1329 119 23 resemble
420 1337 65 14 more
505 1329 23 22 in
543 1329 87 31 Poetry
643 1330 41 22 the
710 1330 111 31 coloring
834 1330 26 23 of
875 1331 79 23 Titian

108 1380 58 22 than
179 1379 85 31 Pope's
279 1379 147 31 description
439 1378 28 23 of
477 1379 41 23 the
563 1378 83 32 Dying
818 1379 24 23 in
850 1380 42 22 the
905 1380 51 23 first

106 1433 54 28 part
173 1430 26 24 of
214 1430 49 23 this
276 1429 135 26 collection,
427 1437 27 14 or
467 1428 64 23 what
544 1427 93 23 remind
657 1436 28 14 us
699 1435 66 15 more
786 1427 26 22 of
822 1427 41 23 the
880 1427 74 23 clear-

107 1477 100 23 obscure
220 1477 26 23 of
257 1477 118 30 Corregio
389 1476 58 23 than
460 1475 42 23 the
522 1475 125 30 following
660 1475 146 30 description
819 1474 27 23 of
857 1474 97 31 Sylphs,

106 1527 24 23 in
143 1527 42 23 the
200 1527 65 30 Rape
279 1527 27 22 of
317 1527 40 22 the
373 1526 66 23 Lock
440 1538 34 3 —

226 1582 37 22 He
276 1588 115 15 summons
404 1579 96 27 straight
512 1579 37 21 his
560 1577 110 22 denizens
682 1576 26 22 of
715 1576 39 25 air,

227 1621 51 22 The
290 1620 62 22 lucid
364 1619 126 28 squadrons
501 1617 75 22 round
587 1616 39 21 the
638 1614 53 22 sails
702 1613 74 28 repair
788 1621 5 18 ;

227 1658 50 21 Soft
289 1657 45 22 o'er
347 1657 39 21 the
399 1656 96 22 shrouds
507 1654 69 22 aerial
588 1653 107 28 whispers
707 1651 94 22 breathe

226 1694 158 28 That,seem'd
395 1694 42 21 but
450 1692 96 29 zephyrs
558 1695 24 17 to
594 1690 38 22 the
645 1690 59 21 train
716 1689 98 22 beneath
827 1697 5 17 ;
