1120 1962
412 154 120 16 POETICAL
552 156 105 15 AVIARY.

912 153 45 21 103

230 223 56 22 And
297 224 66 22 while
375 225 39 22 the
426 227 110 29 bubbling
547 229 45 21 and
604 229 53 21 loud
670 229 86 29 hissing
765 237 40 14 urn

229 261 95 23 Throws
341 270 31 21 up
384 270 12 15 a
408 267 87 25 steamy
507 265 98 25 column,
617 266 45 21 and
674 266 38 21 the
725 273 56 22 cups

230 300 61 22 That
304 301 74 27 cheer,
392 301 40 22 but
444 306 39 17 not
494 302 118 27 inebriate,
625 301 52 22 wait
687 310 28 14 on
727 303 55 21 each
792 312 5 17 ;

232 339 30 22 So
273 340 32 22 let
318 347 25 15 us
356 340 106 22 welcome
474 340 104 28 peaceful
589 340 96 28 evening
696 341 30 21 in.

141 403 48 23 But
199 403 41 24 the
253 405 106 22 mention
373 405 26 22 of
410 405 103 30 evening
533 403 85 24 recalls
632 412 28 15 us
673 408 26 19 to
712 412 43 16 our
767 404 182 31 Nightingales.

107 452 45 23 We
165 453 60 22 have
238 454 24 21 in
275 454 116 21 Beattie's
407 454 96 21 Hermit
506 467 33 3 —

227 520 45 27 Ah,
285 521 49 29 why
347 522 30 21 all
389 522 134 22 abandoned
535 527 24 17 to
571 524 109 21 darkness
692 525 45 21 and
749 532 53 18 woe,

224 557 61 29 Why
296 558 52 22 lone
362 558 133 28 Philomela,
507 560 51 22 that
569 561 145 28 languishing
724 561 39 22 fall
773 561 9 22 ?

225 596 44 22 For
282 598 76 28 spring
370 598 58 21 shall
439 602 86 23 return,
537 599 45 21 and
593 606 12 14 a
615 599 62 21 lover
688 599 94 26 bestow,

225 635 55 22 And
292 643 82 14 sorrow
386 644 29 14 no
427 636 78 29 longer
516 636 40 29 thy
568 637 80 20 bosom
659 636 97 21 enthral.

227 671 45 22 But
285 671 20 22 if
309 671 50 28 pity
370 672 83 27 inspire
465 672 60 27 thee,
537 679 72 14 renew
622 671 39 22 the
674 672 40 21 sad
724 671 44 28 lay,

226 710 92 27 Mourn,
330 714 104 18 sweetest
446 710 146 28 complainer,
605 717 50 14 man
668 710 54 21 calls
734 709 53 22 thee
799 713 24 18 to
838 716 80 15 mourn
929 719 4 16 ;

225 748 21 22 O
260 749 79 21 soothe
351 749 54 26 him,
417 749 76 22 whose
502 749 117 28 pleasures
631 749 46 21 Hke
688 749 63 21 thine
763 756 52 20 pass
825 756 69 21 away,

225 785 52 22 FuU
289 786 91 27 quickly
391 786 55 27 they
457 793 60 20 pass,
528 786 41 21 but
581 785 55 28 they
647 793 68 13 never
726 788 84 18 return.

138 847 57 23 And
207 847 25 22 in
246 846 120 30 Dryden's
380 846 78 30 Elegy
470 854 30 14 on
512 845 85 23 Purcel
597 859 32 3 —

224 904 67 21 Mark
302 904 51 21 how
364 904 39 21 the
416 904 59 21 Lark
487 904 45 21 and
544 904 83 21 Linnet
639 904 49 29 sing
701 913 5 18 ;

283 941 64 20 With
359 942 57 19 rival
428 945 65 16 notes

224 981 66 29 They
301 981 71 22 strain
383 981 60 22 their
454 980 108 28 warbling
573 980 88 21 throats

283 1019 36 21 To
331 1019 106 21 welcome
448 1018 22 21 in
482 1018 40 21 the
533 1017 77 29 spring
622 1025 5 18 ;

283 1054 46 22 But
340 1055 23 20 in
373 1055 39 21 the
425 1055 60 21 close
498 1054 26 21 of
531 1053 65 28 night

224 1091 77 22 AVhen
313 1091 112 22 Philomel
436 1091 79 29 begins
527 1091 39 22 her
577 1091 111 28 heavenly
699 1091 42 28 lay,

221 1127 66 29 They
298 1135 65 14 cease
375 1128 59 22 their
445 1130 88 20 mutual
545 1129 59 27 spite
614 1137 6 18 ;

282 1164 74 21 Drink
367 1165 23 21 in
401 1165 40 22 her
453 1166 72 21 music
537 1167 54 21 with
604 1167 94 29 delight,

280 1203 63 27 And,
354 1204 115 27 listening,
483 1204 91 27 silently
583 1205 66 26 obey.

135 1262 100 31 Dryden
246 1262 44 23 has
302 1262 63 24 been
384 1262 115 24 indebted
519 1267 25 19 to
557 1271 14 14 a
583 1263 49 22 still
653 1267 96 27 greater
762 1263 116 23 musician
892 1263 58 23 than

101 1316 101 23 Purcell.
248 1316 48 23 For
329 1316 97 23 Handel
457 1318 37 20 set
518 1318 26 20 to
568 1314 76 23 music
669 1313 121 31 Dryden's
815 1312 135 23 celebrated

128 1364 160 23 Alexander's
445 1363 50 22 The
518 1362 34 22 air
584 1360 192 31 accompanying
798 1359 42 23 the
870 1357 80 24 words

129 1412 79 27 fallen,
231 1412 81 27 fallen,
334 1412 81 23 fallen,
565 1411 43 23 has
639 1411 62 22 been
730 1408 72 24 much
831 1406 117 25 admired.

99 1456 97 28 Milton,
212 1466 24 15 as
256 1458 53 23 well
323 1467 26 14 as
362 1458 92 24 Waller
467 1458 48 23 and
528 1458 94 26 Carew,
642 1458 61 23 have
716 1456 137 24 celebrated
867 1456 83 22 Lawes

101 1507 24 28 (a
136 1508 66 31 pupil
220 1508 26 23 of
255 1508 65 23 John
335 1507 75 32 Cope,
422 1506 137 31 commonly
570 1506 77 23 called
660 1504 119 24 Giovanni
793 1500 155 33 Coperario),

98 1558 54 23 who
172 1562 75 20 wrote
269 1560 42 22 the
325 1559 99 23 anthem
437 1566 31 15 on
481 1558 41 22 the
537 1555 164 26 Restoration,
722 1554 38 22 for
773 1552 92 30 setting
882 1550 65 23 their

97 1610 85 28 poetry
203 1610 26 20 to
252 1607 85 23 music.
385 1607 99 26 Milton,
508 1607 55 22 who
585 1605 97 23 himself
702 1602 121 25 inherited
848 1600 100 24 musical

97 1656 97 27 talents,
216 1657 24 23 in
265 1657 38 23 his
328 1660 88 20 sonnet
441 1657 131 23 addressed
595 1660 26 18 to
646 1655 92 26 Lawes,
759 1660 54 24 says
814 1666 34 2 —
878 1651 70 23 Thou

95 1706 116 25 honorest
365 1707 100 23 Boileau
493 1704 106 30 thought
630 1700 182 33 disparagingly
831 1699 24 22 of
873 1698 75 23 music
