1120 1962
140 167 30 20 86

444 174 120 14 POETICAL
586 174 104 14 AVIARY.

252 247 49 23 The
316 248 71 31 Daisy
400 257 55 17 was,
470 250 23 22 in
508 250 147 23 troubadour
669 253 92 26 poetry,
775 257 14 15 a
802 247 110 26 mystical
926 252 54 27 type

136 299 26 22 of
174 299 111 30 chastity,
300 307 26 15 as
339 300 24 21 in
376 300 130 23 Chaucer's
546 300 101 29 Legend
660 299 26 23 of
697 298 71 23 Good
904 311 33 3 —

540 362 58 21 Hele
611 363 44 20 and
667 362 85 21 honour

256 397 35 21 To
303 399 77 20 trouth
393 400 25 20 of
427 400 153 25 womauhede,
592 401 45 20 and
649 403 24 18 to
685 400 45 21 this
742 400 76 21 floure.

169 459 28 22 In
211 459 39 23 the
270 468 70 22 poem
352 461 26 23 of
388 461 40 23 the
469 462 92 23 Flower
573 464 46 22 and
633 463 41 23 the
778 463 110 24 Chaucer
902 464 74 23 intro-

134 510 71 23 duces
227 511 42 23 the
288 512 160 31 worshippers
462 513 26 22 of
500 513 39 23 ths
560 513 81 23 flower
654 514 47 22 and
713 514 70 22 those
802 512 27 23 of
846 513 41 23 the
900 513 48 22 leaf
955 513 25 23 of

133 561 41 22 the
187 561 81 31 Daisy,
283 562 130 31 according
426 566 25 19 to
463 562 41 23 the
517 561 157 23 Troubadour
685 561 105 26 notions,
801 561 32 30 by
846 561 131 30 supposing

132 610 66 22 them
211 613 25 20 to
248 610 68 23 burst
329 618 31 15 on
371 611 37 22 his
421 611 66 30 sight
497 610 79 23 whilst
588 611 31 22 he
632 610 19 22 is
661 610 69 30 lying
740 610 23 22 in
774 617 14 15 a
798 609 81 23 bower
892 609 83 23 listen-

131 657 43 30 ing
194 660 25 19 to
238 665 127 23 responses
386 659 107 23 between
517 667 14 15 a
550 659 162 31 Nightingale
733 660 48 22 and
801 667 13 15 a
836 659 138 27 Goldfinch,

131 704 69 23 After
213 704 137 32 describing
362 706 41 23 the
422 706 129 24 Goldfinch
562 708 97 30 leaping
671 707 63 23 from
747 708 84 30 bough
851 711 25 19 to
888 708 84 30 bough

135 753 47 22 and
200 753 82 30 eating
291 754 70 27 buds,
382 755 46 22 and
442 755 139 23 afterwards
595 756 97 31 singing
733 756 100 31 passing

131 797 30 23 he
175 798 81 22 writes
258 812 33 4 —

250 866 50 22 The
313 867 145 29 Nightingale
470 867 54 21 with
536 875 24 14 so
572 875 78 22 merry
663 875 12 13 a
686 872 53 17 note

249 905 123 21 Answered
384 905 53 26 him,
449 905 50 22 that
511 905 30 20 aU
552 904 39 21 the
603 905 64 21 wood
678 912 63 20 rong.

162 970 106 31 Dryden,
282 971 24 22 in
319 971 37 22 his
369 970 153 23 modernized
535 969 95 23 version
642 969 27 23 of
683 969 41 22 the
765 968 92 23 Flower
869 968 47 23 and
928 968 38 23 the

226 1018 42 23 has
282 1018 89 23 altered
383 1019 41 22 the
437 1019 79 22 voices
530 1018 26 23 of
565 1018 60 23 both
638 1018 74 23 birds.
740 1017 34 24 Of
784 1018 41 23 the
840 1018 126 23 Goldfinch

128 1068 29 21 he
171 1068 79 21 writes
251 1081 33 4 —

248 1130 44 22 She
304 1131 98 21 warbled
413 1131 22 21 in
447 1132 40 21 her
500 1131 81 25 throat,

247 1168 53 21 And
312 1168 71 22 tuned
394 1168 40 22 her
445 1169 62 21 voice
520 1174 23 16 to
554 1176 67 21 many
632 1176 13 14 a
656 1176 76 21 merry
743 1172 60 22 note,

246 1206 45 22 But
303 1206 123 26 indistinct,
439 1207 44 21 and
492 1206 89 22 neither
592 1209 76 22 sweet,
680 1212 40 14 nor
732 1205 67 25 clear,

245 1243 45 22 Yet
302 1244 55 21 such
369 1251 24 14 as
405 1244 95 22 soothed
511 1251 36 19 my
560 1242 49 22 soul
620 1242 45 21 and
676 1240 92 29 pleased
780 1247 36 21 my
829 1247 43 15 ear.

161 1311 33 24 Of
205 1312 40 22 the
259 1312 160 29 Nightingale
432 1312 98 29 Dryden
542 1312 59 22 adds
603 1324 32 4 —

246 1385 30 21 So
288 1390 74 21 sweet,
376 1393 24 13 so
413 1385 68 26 shrill,
495 1394 25 13 so
532 1386 113 28 variously
657 1386 39 21 she
708 1393 64 21 sung,

244 1422 61 22 That
317 1423 39 21 the
368 1429 66 20 grove
446 1422 93 26 echoed,
552 1422 42 22 and
608 1422 39 22 the
658 1422 77 22 vallies
747 1430 62 19 rung.

157 1491 27 21 In
199 1490 129 22 Chaucer's
369 1490 120 22 Romaunt
503 1490 26 22 of
539 1490 41 22 the
687 1498 35 14 we
735 1490 50 22 find
786 1503 32 2 —

243 1552 50 22 The
305 1552 61 21 birds
378 1551 49 22 that
437 1552 55 21 have
503 1552 40 22 left
556 1552 34 21 hir
603 1560 60 22 song,

241 1592 75 22 While
328 1591 54 28 they
393 1590 55 21 have
461 1590 97 21 suffered
570 1590 49 21 cold
631 1590 41 21 fuU
683 1590 58 28 long,

241 1630 25 21 In
278 1628 116 23 weather's
406 1627 70 30 grille,
489 1627 43 22 and
544 1627 55 22 derk
612 1632 24 17 to
649 1627 66 29 sight,

241 1668 47 20 Ben
300 1667 22 20 in
335 1666 54 28 May
400 1666 34 21 for
445 1665 38 22 the
496 1673 70 14 sunne
578 1665 74 28 bright

242 1705 29 21 So
282 1704 58 28 glad,
353 1704 49 22 that
415 1704 52 28 they
479 1704 59 22 shew
549 1704 23 22 in
584 1704 87 28 singing
