1120 1962
909 140 29 21 25

393 146 120 14 POETICAL
532 145 102 15 AVIARY.

90 223 43 24 the
155 222 47 24 last
222 224 27 23 of
264 223 42 24 the
327 222 92 23 British
442 221 87 30 Kings.
569 219 83 31 Henry
674 218 59 23 VII.
737 219 19 22 's
779 218 92 23 banner
884 219 58 22 with

91 271 48 23 this
152 270 112 26 emblem,
277 269 70 23 made
360 269 27 22 of
404 276 74 23 green
492 268 47 23 and
550 268 72 22 white
635 267 55 26 silk,
704 267 58 23 used
776 268 24 22 in
812 267 43 23 the
867 267 75 23 battle

91 321 26 23 of
135 320 127 24 Bosworth
275 319 64 27 field,
352 326 49 15 was
414 318 67 29 hung
494 324 31 22 up
539 316 25 22 in
577 314 37 24 St.
624 314 80 23 Paul's
713 313 138 24 Cathedral.
888 313 55 24 One

91 368 27 23 of
134 368 42 22 the
189 368 173 22 Poursuivants
382 369 26 20 to
420 366 49 23 this
482 365 47 31 day
542 365 19 22 is
575 364 77 23 called
665 364 87 31 Rouge
767 364 109 31 Dragon.
913 363 30 23 In

91 416 42 23 the
150 423 58 23 year
229 416 64 22 1616
308 414 87 23 Garter
408 423 49 14 was
478 414 149 31 imprisoned
644 414 38 22 for
694 413 116 32 granting
823 422 13 14 a
850 417 53 19 coat
917 413 27 23 of

91 473 64 15 arms
168 468 26 19 to
206 464 42 23 the
261 472 114 15 common
387 464 124 30 hangman
527 464 112 31 Gregory,
653 464 54 24 who
722 473 61 22 gave
797 473 14 14 a
824 472 71 15 name
917 468 25 19 to

91 512 41 22 the
145 512 137 29 fraternity,
296 512 79 22 which
387 512 43 22 has
444 512 95 29 yielded
553 517 26 19 to
591 514 54 23 that
659 514 26 23 of
694 515 85 22 Ketch.

125 562 54 23 One
204 562 27 22 of
266 561 41 23 the
332 561 91 23 medals
445 561 26 23 of
499 561 42 23 the
567 561 210 24 Commonwealth
802 566 138 27 represents

92 610 82 23 Ireton
187 617 30 16 on
230 617 46 16 one
289 610 59 26 side,
362 609 47 23 and
422 617 31 15 on
465 610 42 23 the
521 610 70 23 other
604 618 14 15 a
637 611 99 22 warrior
756 611 57 23 with
837 619 14 14 a
872 611 68 22 torch

91 661 24 22 in
127 661 38 22 his
177 660 65 23 hand
255 659 115 30 climbing
383 668 32 22 up
428 668 14 15 a
454 661 59 22 rock
524 664 25 19 to
561 661 41 22 fire
616 668 29 15 an
657 661 96 30 Eagle's
765 664 61 19 nest.
846 660 94 23 Under-

92 711 73 23 neath
177 711 21 22 is
210 711 97 22 written
355 710 93 23 Justice
461 710 48 23 and
523 709 129 30 Necessity

227 758 77 23 Much
314 759 44 23 has
370 759 61 23 been
442 759 96 23 written
552 767 30 15 on
596 760 40 22 the
651 760 156 22 conversation
820 760 26 22 of
855 759 71 23 Birds
936 768 4 16 ;

91 808 48 23 and
168 808 24 22 in
213 808 42 23 the
277 808 85 30 region
387 807 26 23 of
435 807 81 26 Fable,
540 809 73 22 much
637 808 76 23 moral
737 808 144 23 instruction
899 808 42 23 has

92 856 61 22 been
166 856 83 22 drawn
261 857 62 21 from
337 856 63 22 their
412 856 81 22 beaks.

212 909 11 22 I
232 909 57 22 shall
301 914 39 17 not
348 910 39 21 ask
401 909 52 22 lean
466 910 97 29 Iacques
575 912 124 28 Rousseau,

212 945 24 21 If
243 945 61 22 birds
317 946 152 27 confabulate,
479 954 24 15 or
512 955 30 15 no
549 957 6 16 ;

210 983 50 21 'Tis
271 983 60 21 clear
342 983 50 21 that
404 984 55 29 they
470 993 57 14 were
537 987 82 28 always
630 988 49 21 able

211 1022 36 21 To
259 1022 54 21 hold
325 1022 123 26 discourse,
460 1027 23 18 at
495 1024 58 22 least
564 1025 22 22 in
598 1025 67 22 fable.

809 1057 100 25 Cowper.

125 1104 29 22 In
165 1112 13 15 a
191 1112 57 24 very
262 1113 81 16 scarce
356 1106 65 24 book
434 1107 76 23 called
559 1109 99 26 Beware
671 1111 42 23 the
813 1112 127 30 published

91 1154 30 22 A.
144 1153 30 23 D.
201 1155 71 25 1561,
296 1154 27 23 of
342 1155 87 27 which,
453 1156 10 22 I
485 1156 101 28 believe,
608 1158 69 23 there
696 1158 22 23 is
739 1158 56 32 only
816 1167 46 14 one
879 1166 61 23 copy

91 1205 92 23 extant,
199 1202 42 22 the
264 1203 170 23 conversation
448 1204 26 23 of
484 1205 67 23 birds
568 1206 19 23 is
600 1207 95 23 treated
707 1208 27 22 of
745 1217 5 17 ;
771 1208 47 22 and
832 1208 107 22 mention

90 1252 20 22 is
132 1252 69 23 made
225 1252 27 23 of
266 1261 14 14 a
297 1253 56 31 play
370 1253 141 30 performed
535 1254 23 23 in
580 1255 41 23 the
638 1256 69 29 reign
728 1256 26 22 of
772 1255 105 23 Edward
893 1254 46 23 VI.

89 1301 77 22 called
214 1301 100 31 Æsop's
444 1301 25 23 in
483 1301 79 24 which
575 1302 29 22 all
614 1302 43 23 the
667 1306 79 19 actors
765 1310 63 15 were
841 1301 99 23 dressed

91 1357 25 14 as
130 1349 76 24 birds.
244 1350 22 22 It
287 1357 49 16 was
348 1351 119 30 probably
480 1358 46 15 one
545 1351 27 23 of
582 1352 42 23 the
642 1351 134 27 moralities,
794 1351 79 23 which
886 1360 54 23 may

89 1398 29 23 be
127 1399 83 23 traced
220 1406 26 16 so
260 1399 66 31 early
338 1406 27 16 as
375 1399 41 23 the
428 1399 69 30 reign
509 1399 27 23 of
549 1399 84 31 Henry
647 1399 44 24 VI.
711 1400 35 23 As
757 1400 99 30 regards
864 1399 75 31 plays,

116 1447 116 24 Gammer
246 1448 115 24 Garton's
508 1456 49 16 was
569 1449 60 30 long
641 1449 144 23 considered
802 1453 26 19 to
847 1450 30 23 be
896 1457 44 15 our

89 1496 95 24 earliest
195 1506 4 17 ;
221 1497 43 23 but
277 1500 83 20 recent
374 1496 145 23 discoveries
532 1496 60 23 have
613 1495 118 23 disclosed
746 1504 29 14 an
789 1495 84 23 earlier
885 1504 54 18 one,

119 1548 79 29 Ralph
211 1548 106 29 Royster
475 1545 81 24 which
569 1552 49 16 was
630 1544 25 23 in
666 1544 123 22 existence
801 1544 25 22 in
841 1544 72 22 1551.

122 1595 22 22 A
157 1603 71 23 poem
248 1595 106 31 relating
365 1604 15 14 a
400 1595 170 23 conversation
588 1595 111 22 between
711 1594 41 22 the
892 1595 47 23 and

88 1645 41 23 the
409 1645 20 22 is
449 1648 93 23 extant,
571 1644 80 22 which
680 1651 47 15 was
750 1643 95 23 written
867 1644 72 23 about

88 1692 41 24 the
142 1700 57 22 year
215 1693 73 25 1200,
315 1693 70 23 when
406 1700 44 16 our
470 1692 121 30 language
605 1699 48 16 was
666 1692 24 23 in
713 1700 13 15 a
739 1695 62 21 state
814 1693 26 22 of
851 1693 88 23 transi-

299 1749 9 13 E
