1120 1962
402 142 120 15 POETICAL
543 142 103 15 AVIARY.

898 138 43 21 125

311 215 46 23 and
404 222 54 23 pur-
599 215 51 23 The
675 216 130 22 admission
830 216 26 22 of
874 216 67 23 these

92 264 122 23 drolleries
233 264 51 23 into
303 271 110 23 masques
438 271 49 15 was
507 263 47 23 less
573 264 185 29 objectionable,
773 265 58 23 than
844 265 41 22 the
899 265 41 22 de-

92 313 54 30 sign
160 312 27 23 of
196 313 42 22 the
251 313 90 30 clergy,
364 313 25 22 in
401 312 63 23 their
478 312 130 23 moralities
628 313 48 22 and
689 313 134 30 mysteries,
837 317 25 18 to
875 313 65 30 edify

91 361 42 23 the
146 361 86 31 people
245 361 31 31 by
299 361 156 31 introducing
475 361 108 31 Divinity
607 363 145 29 personified
765 371 32 14 on
809 363 41 23 the
864 366 76 27 stage,

92 409 105 31 wearing
210 409 85 26 banns,
306 409 47 22 and
367 409 59 22 with
440 418 13 14 a
467 410 127 23 scratched
609 410 51 24 face
674 411 106 24 inflicted
792 412 33 31 by
837 412 104 22 Contro-

91 468 70 23 versy
171 470 5 17 ;
200 467 27 15 or
240 459 99 30 making
351 459 83 22 Moses
446 459 59 22 hold
517 467 30 22 up
570 459 41 23 the
624 460 163 23 transformed
800 465 97 26 serpent
909 461 32 30 by

91 509 41 22 the
145 508 49 25 tail,
207 507 80 23 whilst
301 507 110 23 Pharaoh
433 508 114 22 exclaims
549 520 33 4 —
612 508 94 26 Certes,
726 516 48 22 you
793 516 40 15 are
845 517 14 14 a
871 509 70 22 sotell

94 564 94 24 swayne
236 564 26 15 or
276 557 94 29 seating
378 556 97 23 Balaam
490 564 30 14 on
534 564 13 13 a
560 556 95 30 talking
669 557 54 24 Ass,
737 564 27 14 or
778 556 98 30 putting
889 556 50 23 into

93 603 130 23 Rebecca's
242 610 85 23 greasy
346 603 78 22 hands
444 611 13 14 a
475 603 85 31 piping
582 603 43 22 hot
652 604 41 22 kid
713 612 45 23 pye
769 614 5 16 ;
796 613 27 14 or
841 605 99 31 making

92 650 73 24 Noah
177 650 66 23 drive
256 650 37 23 his
306 649 53 24 wife
372 650 51 23 into
435 651 40 23 the
488 652 42 22 ark
541 652 57 22 with
613 661 13 14 a
640 653 69 27 stick,
720 654 81 23 whilst
812 654 42 24 she
862 658 77 20 wants

91 702 25 20 to
129 702 53 28 stay
194 698 127 32 gossiping
332 699 59 22 with
404 699 70 23 other
486 700 41 22 old
540 708 101 16 women.

123 749 52 22 The
198 748 71 23 mode
289 747 27 23 of
335 748 109 30 drawing
463 748 67 31 King
543 748 47 23 and
611 748 86 28 Queen
709 757 32 14 on
753 749 187 31 Twelfth-night

94 797 117 30 anciently
229 804 49 15 was
291 797 31 30 by
340 804 82 15 means
436 796 26 23 of
478 799 48 20 two
540 796 78 27 cakes,
632 804 46 15 one
692 797 37 22 for
747 797 59 22 each
830 805 51 15 sex.
917 797 23 22 A

94 845 61 23 bean
168 852 49 15 was
230 845 82 23 mixed
325 852 30 22 up
370 845 59 22 with
442 845 40 23 the
496 846 121 22 materials
631 847 27 22 of
675 855 52 19 one,
742 848 47 22 and
800 857 14 14 a
825 857 44 22 pea
882 848 58 23 with

94 895 66 23 those
173 895 27 22 of
215 895 42 23 the
271 894 78 23 other.
388 894 22 23 It
422 895 19 22 is
455 895 95 23 alluded
562 899 25 19 to
601 896 24 22 in
648 896 120 31 Rowley's
781 897 54 31 play
848 897 26 23 of
917 897 22 22 A

94 946 104 21 Woman
211 952 73 15 never
393 945 46 22 and
452 945 32 22 by
496 945 102 22 Herrick
610 946 56 21 thus
668 959 33 3 —

332 1011 57 21 Now
401 1017 50 14 now
463 1010 39 21 the
514 1009 69 21 mirth
594 1016 75 15 comes

330 1047 65 21 With
404 1047 38 21 the
455 1047 55 21 cake
522 1047 41 21 full
574 1047 26 21 of
607 1047 97 28 plumbs,

271 1084 83 22 Where
365 1084 77 22 bean's
454 1084 38 21 the
505 1084 53 28 king
569 1084 26 21 of
602 1083 39 22 the
653 1087 62 24 sport
726 1083 52 21 here

330 1122 94 22 Besides
436 1129 32 15 we
480 1125 61 18 must
553 1122 73 25 know,

427 1160 50 21 The
486 1167 47 20 pea
544 1160 54 27 also,

208 1197 65 22 Must
284 1197 61 21 revel
356 1204 24 13 as
394 1196 80 24 Queen
488 1197 22 20 in
522 1197 40 21 the
574 1200 64 18 court
649 1197 58 21 here.

439 1285 50 14 THIS
509 1285 71 14 COCK.

209 1328 75 21 While
296 1328 40 22 the
350 1327 64 23 Cock
425 1328 54 21 with
489 1329 66 28 lively
568 1329 38 21 din

210 1369 100 21 Scatters
321 1369 39 21 the
372 1376 50 13 rear
433 1369 26 21 of
466 1369 108 21 darkness
586 1370 55 20 thin.

814 1408 85 20 Milton

209 1453 51 21 The
273 1452 82 23 Cock's
367 1452 63 22 shrill
442 1452 84 21 clarion
535 1459 25 15 or
572 1452 38 21 the
622 1452 165 29 echoing-horn

207 1489 38 22 No
257 1497 61 13 more
330 1489 58 22 shall
399 1497 66 13 rouse
478 1488 62 22 them
552 1488 58 21 from
621 1488 60 22 their
689 1489 65 27 lowly
766 1489 43 21 bed

832 1525 73 26 Gray.

208 1573 98 29 Sweetly
317 1573 121 25 ferocious,
450 1573 74 21 round
535 1573 35 20 his
583 1573 75 20 native
670 1573 69 20 walks

207 1610 76 21 Proud
295 1610 26 21 of
324 1610 35 21 his
371 1609 154 26 sister-wives,
538 1608 39 22 the
588 1608 108 21 monarch
709 1607 70 21 stalks
789 1615 4 17 ;

208 1648 124 28 Spur-clad
344 1648 34 20 his
390 1655 97 13 nervous
499 1647 53 25 feet,
566 1646 44 21 and
621 1646 50 21 firm
683 1646 35 21 his
730 1646 63 21 tread.

207 1687 22 21 A
240 1690 60 18 crest
312 1686 26 21 of
345 1685 80 28 purple
437 1689 52 24 tops
500 1684 39 21 the
551 1682 109 22 warrior's
671 1682 66 21 head.
