1120 1962
431 150 120 17 POETICAL
572 153 101 15 AVIARY.

962 151 14 21 3

279 221 46 22 Till
335 229 45 21 you
392 229 60 21 grow
464 225 79 21 tender
555 234 25 13 us
592 235 14 12 a
619 227 61 22 chick.

309 260 40 21 I'm
361 261 48 21 dull
420 269 24 14 as
457 269 42 20 any
512 267 50 22 post
573 272 2 17 ;

274 298 43 22 Let
330 306 33 18 us,
375 299 45 21 like
432 300 61 25 burs,
507 301 104 27 together
624 302 55 21 stick,

305 335 54 21 And
370 343 69 14 warm
451 344 24 14 as
487 344 44 20 any
543 342 59 19 toast

260 395 95 25 Similar
377 401 25 19 to
435 399 68 22 these
529 399 122 31 examples
680 409 38 15 are
741 402 89 23 several
853 403 119 24 idiomatic

122 444 99 30 phrases
234 446 27 22 of
272 447 96 30 speech,
382 455 26 15 as
421 448 80 23 where
522 449 123 24 Hudibras
657 455 77 19 wants
752 456 25 19 to
797 454 117 29 persuade
936 455 36 22 his

122 498 78 28 squire
210 498 94 29 Ralpho
317 502 26 19 to
357 499 109 31 undergo
479 500 143 31 vicariously
635 509 13 14 a
663 501 122 31 whipping
796 502 77 22 which
883 502 29 23 he
926 502 46 24 had

120 551 79 15 sworn
211 548 26 20 to
249 546 42 24 the
304 547 85 23 widow
402 551 26 19 to
442 548 75 24 inflict
536 558 31 14 on
581 550 111 27 himself;
718 553 81 23 whilst
817 554 40 22 the
876 555 95 29 puritan

120 592 78 28 squire
212 601 48 15 was
304 595 258 27 tender-conscienced
575 600 27 23 of
612 601 37 23 his

270 679 72 21 Canst
354 679 55 22 thou
422 681 74 22 refuse
508 686 24 17 to
544 683 53 20 bear
608 691 13 13 a
633 688 49 23 part

269 714 50 22 I'th'
332 716 76 27 public
420 718 67 26 work,
498 719 54 21 base
564 727 24 14 as
600 721 56 21 thou
668 725 34 18 art
710 722 9 20 ?

269 752 35 22 To
314 753 74 28 higgle
400 754 53 22 thus
465 756 34 20 for
512 764 13 12 a
536 757 42 20 few
590 758 77 26 blows,

269 790 35 22 To
316 791 51 28 gain
380 791 39 29 thy
431 792 80 29 knight
524 801 27 13 an
564 794 83 28 op'lent
661 802 87 22 spouse.

268 828 25 20 If
300 832 46 22 not,
359 830 93 24 resolve,
465 830 77 21 before
553 838 33 14 we
598 838 27 20 go

267 868 60 21 That
339 874 46 21 you
397 869 45 20 and
454 869 10 20 I
477 873 59 17 must
545 870 54 25 pull
610 877 14 14 a
635 878 66 13 crow.

113 934 21 22 A
148 941 55 15 man
225 933 62 26 who,
301 933 25 23 in
349 940 13 15 a
375 934 68 25 hunt,
470 933 120 23 stretches
611 933 36 23 his
669 935 61 22 neck
751 941 57 16 over
821 943 13 14 a
847 935 79 32 hedge
939 936 23 24 in

112 981 71 23 order
201 985 25 19 to
245 989 39 15 see
304 981 64 23 what
387 981 58 23 kind
465 982 26 21 of
508 981 67 23 ditch
594 990 53 22 may
660 982 29 23 be
709 990 31 15 on
754 983 41 23 the
814 984 70 23 other
903 985 58 26 side,

111 1040 64 21 upon
188 1033 41 22 the
243 1032 115 29 principle
371 1031 27 23 of
408 1031 100 30 looking
522 1030 80 23 before
618 1030 29 23 he
661 1030 74 31 leaps,
749 1031 19 22 is
783 1031 51 23 said
848 1035 25 19 to
887 1040 74 18 crane,

260 1108 55 21 And
327 1115 49 14 now
387 1108 22 21 in
422 1108 45 21 this
480 1116 47 14 new
541 1109 59 26 field,
613 1110 53 21 with
680 1117 61 15 some
754 1112 115 28 applause,

260 1145 36 22 He
308 1145 90 22 cleared
409 1145 79 29 hedge,
502 1147 70 27 ditch,
586 1148 148 29 double-post
746 1150 44 21 and
801 1150 48 26 rail,

260 1183 54 20 And
326 1189 66 14 never
404 1184 93 19 craned.

763 1226 68 20 Lord
842 1227 84 26 Byron.

141 1291 76 30 Many
241 1290 69 24 other
332 1291 121 23 instances
476 1291 27 23 of
520 1299 14 15 a
552 1292 47 23 like
618 1296 84 20 nature
720 1294 79 28 might
821 1294 29 22 be
869 1294 85 24 added.

106 1340 73 22 Some
192 1347 101 23 persons
315 1343 88 19 cannot
417 1348 42 23 say
503 1339 27 23 bo
543 1344 26 18 to
589 1348 13 14 a
735 1349 27 14 or
776 1341 59 24 have
849 1343 105 22 retorted

105 1398 31 14 on
146 1389 70 23 those
229 1390 54 22 who
302 1389 162 31 imprudently
484 1388 51 24 told
553 1388 67 23 them
635 1397 34 18 so,
685 1389 32 31 by
730 1389 144 32 addressing
893 1390 61 22 their

103 1443 104 22 libellers
229 1441 59 23 with
300 1449 14 15 a
326 1441 34 23 bo.
399 1440 73 24 Some
495 1439 108 32 persons'
646 1447 72 23 geese
743 1447 39 14 are
803 1438 31 22 all

103 1497 66 15 some
188 1488 85 32 people
292 1488 61 24 have
397 1489 62 22 lived
479 1492 40 18 too
534 1487 58 32 long
605 1488 24 22 in
646 1496 14 14 a
674 1488 69 22 wood
756 1491 25 19 to
795 1488 28 22 be
841 1488 75 22 afraid
929 1488 25 22 of

102 1545 30 14 an
143 1537 42 22 owl
239 1544 27 15 or
278 1544 40 15 are
338 1544 27 15 as
405 1537 67 22 blind
486 1544 24 15 as
612 1544 27 15 or
652 1543 25 16 as
691 1536 88 23 beetles.
818 1536 75 31 Many
907 1545 43 14 un-

100 1588 110 31 pleasant
231 1587 114 31 speeches
394 1587 61 23 stick
478 1587 24 22 in
521 1586 106 31 people's
809 1586 47 23 For
868 1595 81 14 exam-

99 1639 46 30 ple,
160 1638 19 23 if
189 1646 13 15 a
221 1637 56 27 lady
290 1646 31 14 on
334 1638 41 22 the
389 1646 84 22 wrong
493 1637 50 22 side
557 1637 26 22 of
603 1636 77 31 thirty
692 1643 62 15 were
776 1636 50 22 told
841 1636 52 22 that
907 1636 43 23 she

98 1693 50 15 was
188 1693 30 15 no
389 1686 21 22 It
425 1686 45 22 will
484 1686 29 22 be
527 1686 117 22 sufficient
666 1690 25 18 to
705 1686 116 22 illustrate
836 1686 40 22 the
891 1694 57 14 very
