1120 1962
910 129 28 23 17

391 137 120 15 POETICAL
531 137 105 15 AVIARY.

243 210 71 29 Slept,
326 210 45 22 and
382 210 53 21 thus
447 209 101 28 sleeping
559 208 86 22 thither
656 208 48 22 flew

240 247 23 22 A
275 248 79 21 Robin
365 248 64 21 Red-
436 247 90 26 Breast,
537 247 57 26 who,
610 251 23 18 at
642 247 62 26 view,

242 285 47 23 Not
302 285 76 28 seeing
389 285 41 22 her
441 290 23 17 at
475 285 29 22 all
516 289 24 18 to
552 285 47 27 stir,

241 323 103 29 Brought
355 323 74 21 leaves
440 323 46 21 and
496 330 61 14 moss
568 326 24 18 to
603 330 67 14 cover
681 323 45 21 her.

241 360 46 22 But
299 360 65 21 while
376 360 29 21 he
416 359 95 29 perking
522 359 64 22 there
598 359 40 22 did
648 367 49 21 pry,

240 396 81 22 About
333 396 38 22 the
382 396 54 22 arch
448 396 26 22 of
481 395 73 23 either
565 404 48 19 eye,

240 431 52 22 The
303 431 32 22 Hd
346 432 72 28 began
429 435 25 18 to
465 432 32 21 let
508 436 40 18 out
557 433 51 28 day,

239 471 34 21 At
282 470 73 21 which
366 478 55 20 poor
432 470 75 21 Robin
518 470 49 21 flew
576 478 67 20 away.

241 506 54 22 And
307 506 76 29 seeing
394 506 40 22 her
446 511 40 17 not
498 507 65 27 dead,
576 508 40 21 but
628 508 30 21 all
676 508 124 28 disleaved,

243 545 36 21 He
292 545 94 26 chirped
397 545 34 21 for
438 544 40 27 joy
491 548 24 18 to
526 545 46 21 find
584 545 94 21 himself
685 545 114 22 deceived.

125 617 23 23 It
159 625 49 14 was
221 624 13 15 a
248 616 81 24 Greek
351 617 164 30 superstition,
529 616 48 23 and
589 616 20 23 is
632 617 115 29 repeated
768 617 32 30 by
823 617 114 23 Petrarch

91 666 48 23 and
151 666 82 27 Tasso,
246 666 54 23 that
310 666 41 23 the
367 666 119 30 Halcyon,
501 673 27 16 or
542 666 175 30 Kings-fisher,
733 666 48 23 had
802 666 42 23 the
857 674 80 23 power

92 716 27 22 of
129 716 93 29 stilling
233 716 42 22 the
289 723 77 15 waves
379 716 27 22 of
416 715 42 23 the
471 723 49 15 sea.
536 715 40 23 W.
592 715 105 23 Browne
708 716 81 22 writes
794 727 33 5 —

241 782 70 26 Blow,
322 782 43 22 but
377 781 77 29 gently
465 781 66 25 blow,
543 780 42 21 fair
595 779 66 27 wind,

242 818 68 22 From
321 817 39 23 the
371 817 106 22 forsaken
490 817 75 25 shore,

241 855 54 22 And
307 856 35 26 be,
355 863 25 13 as
388 860 24 17 to
423 854 39 23 the
476 856 114 27 Halcyon,
602 855 60 27 kind,

242 893 47 20 TiU
300 901 32 12 we
344 893 56 20 have
413 893 82 20 ferried
507 892 52 21 o'er.

125 959 29 23 In
167 959 41 23 the
222 959 51 23 first
286 962 54 26 part
354 959 26 23 of
388 959 85 29 Henry
486 959 44 23 VI.
543 967 34 15 we
590 959 61 23 have
654 973 30 4 —

241 1020 58 22 This
310 1020 64 29 night
386 1021 39 22 the
437 1022 59 29 siege
508 1024 117 28 assuredly
637 1024 36 21 I'll
684 1024 57 22 raise
752 1033 5 18 ;

240 1059 89 28 Expect
342 1059 63 22 Saint
417 1060 105 23 Martin's
534 1070 104 19 summer,
650 1063 98 29 halcyon
760 1065 61 28 days.

123 1128 23 24 It
158 1136 48 15 was
219 1136 14 15 a
250 1128 155 30 superstition
418 1129 53 23 that
492 1129 41 24 the
545 1131 87 24 stuffed
647 1133 112 30 Halcyon,
778 1135 70 23 when
869 1135 67 32 hung

90 1185 31 23 up
134 1177 24 23 in
179 1185 90 18 rooms,
283 1177 81 22 would
376 1180 56 20 turn
445 1178 31 23 its
488 1178 62 23 beak
561 1182 26 20 to
600 1179 42 23 the
655 1184 97 26 quarter
775 1181 62 23 from
857 1182 79 23 which

90 1230 43 23 the
145 1230 66 23 wind
223 1230 62 22 blew
296 1239 5 15 ;
316 1237 26 15 as
355 1230 24 22 in
393 1230 69 22 Lear.

241 1291 64 21 Turn
317 1290 60 22 their
389 1290 98 27 halcyon
499 1291 69 21 beaks

239 1329 65 23 With
316 1338 66 19 every
394 1329 49 28 gale
454 1329 45 21 and
510 1336 54 21 vary
574 1328 27 21 of
608 1327 58 23 their
677 1331 95 18 masters,

123 1398 28 23 In
165 1397 82 23 Swifts
294 1396 72 23 Edict
378 1395 27 24 of
551 1395 68 24 there
631 1396 20 22 is
669 1404 13 15 a
691 1396 78 24 clever
787 1398 146 30 prohibition

89 1448 95 31 against
197 1447 30 23 all
239 1446 42 23 the
293 1445 223 31 hackney-phrases
537 1445 27 22 of
574 1449 94 27 poetry,
692 1445 79 23 which
791 1445 29 23 he
834 1446 95 22 humor-

89 1497 68 30 ously
167 1496 107 24 collects.

243 1560 24 21 If
274 1559 86 22 Anna's
371 1559 76 28 happy
455 1556 63 31 reign
529 1565 45 22 you
586 1557 73 29 praise

241 1597 58 28 Pray
311 1600 40 18 not
362 1604 13 12 a
386 1596 62 21 word
459 1596 26 20 of
492 1595 98 29 halcyon
602 1596 60 27 days.

239 1634 24 21 If
269 1641 46 21 you
326 1633 102 22 describe
438 1640 14 14 a
463 1633 74 28 lovely
548 1633 48 27 girl,

239 1672 38 21 No
289 1671 43 28 lips
344 1671 26 21 of
377 1671 67 26 coral,
457 1671 62 22 teeth
532 1671 26 21 of
565 1671 70 28 pearl.

294 1728 11 12 B
