1120 1962
908 149 44 22 105

404 162 122 15 POETICAL
545 160 103 16 AVIARY.

225 232 49 24 Nor
285 241 56 15 were
354 234 16 22 it
383 233 166 22 contradiction
562 237 24 17 to
598 232 78 26 affirm,

225 271 43 21 His
281 272 52 27 long
345 272 109 21 vacation
466 271 112 21 hastened
590 278 28 13 on
630 270 35 21 his
678 274 64 18 term.

225 311 59 22 Ease
295 319 45 14 was
351 311 35 22 his
397 311 64 22 chief
468 311 95 25 disease,
576 310 45 21 and
633 314 23 17 to
665 310 71 28 judge
748 309 66 29 right,

222 350 37 22 He
271 350 53 21 died
335 350 34 21 for
380 349 121 22 heaviness
513 347 50 22 that
574 346 36 22 his
619 350 49 18 cart
679 354 45 13 was
736 346 66 29 light.

224 387 43 21 His
278 387 80 20 letters
370 393 37 14 are
419 385 115 21 delivered
546 384 29 21 all
586 384 46 21 and
643 392 66 20 gone,

223 425 61 27 Only
296 423 96 22 remains
403 423 46 22 this
461 421 184 30 superscription.

137 482 111 23 Milton's
268 482 97 30 epitaph
383 490 31 15 on
428 482 160 31 Shakspeare,
601 483 63 27 who,
678 483 30 23 he
722 491 61 23 says,
802 482 96 23 erected
915 482 38 22 his

104 538 54 15 own
170 530 76 25 tomb,
259 530 32 30 by
304 530 99 30 making
416 538 27 15 us
455 531 91 22 marble
558 540 4 17 ;
578 531 47 23 and
638 538 31 16 on
679 538 14 16 a
706 530 72 27 child,
791 530 81 24 whom
882 529 69 24 Win-

104 584 37 19 ter
161 579 73 23 killed
246 579 31 30 by
291 579 107 31 wanting
416 583 25 19 to
464 579 58 27 kiss,
544 587 40 15 are
606 579 61 23 little
689 579 86 23 better.
822 577 46 23 His
888 579 65 21 most

104 627 120 24 elaborate
252 627 70 23 effort
353 636 49 15 was
427 628 41 24 the
494 628 97 31 epitaph
612 637 32 14 on
673 628 41 24 the
736 628 167 23 Marchioness
929 626 25 24 of

104 678 162 26 Winchester,
280 678 79 23 which
372 678 19 22 is
403 678 25 22 in
441 678 41 23 the
496 686 66 15 same
574 677 61 30 style
637 689 33 4 —

284 745 55 21 And
351 752 49 13 now
412 744 53 22 with
478 744 84 21 second
573 743 58 28 hope
644 743 39 21 she
695 750 61 21 goes,

284 784 55 21 And
350 783 55 21 calls
418 783 87 21 Lucina
516 786 24 17 to
551 782 41 21 her
603 782 84 26 throes,

284 822 52 26 But,
348 821 102 21 whether
462 821 29 28 by
503 819 137 28 mischance,
652 827 26 14 or
689 819 81 27 blame,

284 858 102 27 Atropos
397 858 35 22 for
443 858 88 22 Lucina
542 865 71 15 came.

137 924 56 23 And
214 924 41 23 the
276 924 146 31 concluding
443 924 47 22 line
503 924 20 22 is
535 931 26 15 as
583 924 149 30 undignified
751 924 24 22 in
788 924 41 23 the
849 932 100 23 concep-

104 978 59 27 tion,
177 985 26 16 as
216 978 19 22 it
247 978 19 22 is
279 977 79 29 paltry
370 976 24 23 in
407 976 41 23 the
461 974 134 24 antithesis.

285 1034 36 22 No
333 1034 160 26 marchioness,
506 1033 40 22 but
559 1040 49 14 now
619 1040 13 14 a
643 1040 80 20 queen.

138 1084 51 23 Ben
212 1084 93 23 Jonson
329 1088 74 19 wrote
423 1093 30 14 an
474 1085 70 31 elegy
563 1093 31 15 on
615 1085 50 23 this
688 1094 65 15 same
778 1086 171 26 marchioness,

104 1134 77 22 which
201 1134 85 29 begins
299 1133 147 31 beautifully,
468 1133 48 23 and
529 1133 43 23 has
593 1134 62 22 been
667 1134 84 30 copied
766 1134 32 30 by
811 1134 63 30 Pope
894 1140 55 24 very

103 1183 89 30 closely
192 1197 33 3 —

224 1239 70 22 What
306 1239 75 29 gentle
393 1239 67 28 ghost
472 1239 107 27 besprent
591 1237 54 22 with
657 1237 66 28 April
735 1237 54 26 dew,

221 1277 66 21 Hails
298 1284 37 14 me
347 1283 24 15 so
384 1275 110 29 solemnly
505 1278 24 18 to
540 1274 87 29 yonder
638 1281 57 21 yew.

222 1312 55 21 And
288 1312 127 28 beckoning
427 1319 60 13 woos
499 1319 36 13 me
546 1315 25 17 to
582 1310 39 22 the
633 1310 55 22 fatal
699 1314 47 18 tree

222 1349 37 21 To
270 1349 69 26 pluck
350 1355 14 14 a
375 1349 93 26 garland
479 1349 34 21 for
524 1348 88 22 herself
619 1355 25 15 or
655 1355 36 15 me
701 1349 10 21 ?

137 1401 27 23 In
177 1402 65 29 Pope
254 1410 36 15 we
303 1402 61 23 have
364 1415 33 3 —

221 1455 71 21 What
303 1456 127 29 beckoning
441 1457 66 28 ghost
519 1457 67 29 along
598 1458 38 21 the
649 1459 127 28 moonUght
789 1459 76 27 shade,

222 1492 86 22 Invites
319 1500 37 21 my
368 1497 70 25 steps,
451 1494 45 21 and
506 1495 76 27 points
594 1499 24 17 to
629 1496 86 28 yonder
727 1497 66 27 glade
805 1498 10 20 ?

135 1556 48 23 But
192 1556 111 23 Milton's
493 1557 20 22 is
527 1564 30 15 an
570 1557 183 29 extraordinary
772 1557 133 22 exhibition
929 1559 25 22 of

101 1603 93 31 genius.
231 1603 42 23 Dr.
296 1603 112 23 Johnson
433 1603 44 23 has
496 1603 88 31 carped
605 1607 24 18 at
651 1603 31 22 its
706 1603 105 30 pastoral
835 1603 116 33 imagery.

100 1652 50 23 The
175 1660 92 16 answer
287 1657 26 18 to
337 1653 38 22 his
399 1653 134 30 objections
551 1654 28 26 is,
593 1653 53 23 that
667 1654 41 22 the
728 1655 121 30 examples
868 1656 26 22 of
913 1657 41 22 the

100 1701 86 24 Italian
199 1702 79 26 Poets,
292 1702 27 23 of
327 1701 113 30 Spenser,
462 1701 106 30 Sydney,
584 1701 110 25 Browne,
717 1701 47 23 and
778 1706 64 19 most
866 1702 26 23 of
911 1711 43 14 our
