<?xml version="1.0" encoding="UTF-8"?>
<alto xmlns:xsi="http://www.w3.org/2001/XMLSchema-instance" xsi:noNamespaceSchemaLocation="http://www.bl.uk/schemas/alto/alto-1-4.xsd" xmlns:xlink="http://www.w3.org/1999/xlink">
	<Description>
		<MeasurementUnit>mm10</MeasurementUnit>
		<sourceImageInformation>
			<fileName>//head1/IN/2008-26/A0011759050/008100.jp2</fileName>
		</sourceImageInformation>
		<OCRProcessing ID="OCRPROCESSING_1">
			<preProcessingStep>
				<processingSoftware>
					<softwareCreator>CCS Content Conversion Specialists GmbH, Germany</softwareCreator>
					<softwareName>CCS docWORKS</softwareName>
					<softwareVersion>6.1-0.67</softwareVersion>
				</processingSoftware>
			</preProcessingStep>
			<ocrProcessingStep>
				<processingSoftware>
					<softwareCreator>ABBYY (BIT Software), Russia</softwareCreator>
					<softwareName>Finereader</softwareName>
				</processingSoftware>
			</ocrProcessingStep>
		</OCRProcessing>
	</Description>
	<Styles>
		<TextStyle ID="TXT_0" FONTSIZE="10" FONTFAMILY="Courier New"/>
		<TextStyle ID="TXT_1" FONTSIZE="9" FONTFAMILY="Courier New"/>
		<ParagraphStyle ID="PAR_LEFT" ALIGN="Left"/>
		<ParagraphStyle ID="PAR_CENTER" ALIGN="Center"/>
		<ParagraphStyle ID="PAR_RIGHT" ALIGN="Right"/>
	</Styles>
	<Layout>
		<Page ID="P108" PHYSICAL_IMG_NR="108" HEIGHT="1962" WIDTH="1120" PRINTED_IMG_NR="98" POSITION="Left" ACCURACY="74.72">
			<TopMargin ID="P108_TM00001" HPOS="0" VPOS="0" WIDTH="1120" HEIGHT="194">
				<TextBlock ID="P108_TB00001" HPOS="132" VPOS="171" WIDTH="31" HEIGHT="22" STYLEREFS="TXT_0 PAR_LEFT">
					<TextLine ID="P108_TL00001" HPOS="132" VPOS="171" WIDTH="31" HEIGHT="22">
						<String ID="P108_ST00001" HPOS="132" VPOS="171" WIDTH="31" HEIGHT="22" CONTENT="98" WC="1.00" CC="00"/>
					</TextLine>
				</TextBlock>
				<TextBlock ID="P108_TB00002" HPOS="434" VPOS="176" WIDTH="242" HEIGHT="16" STYLEREFS="TXT_1 PAR_CENTER">
					<TextLine ID="P108_TL00002" HPOS="434" VPOS="177" WIDTH="242" HEIGHT="15">
						<String ID="P108_ST00002" HPOS="434" VPOS="178" WIDTH="120" HEIGHT="14" CONTENT="POETICAL" WC="0.70" CC="71505300"/>
						<SP ID="P108_SP00001" HPOS="554" VPOS="192" WIDTH="21"/>
						<String ID="P108_ST00003" HPOS="575" VPOS="177" WIDTH="101" HEIGHT="15" CONTENT="AVIARY." WC="0.55" CC="9840430"/>
					</TextLine>
				</TextBlock>
			</TopMargin>
			<LeftMargin ID="P108_LM00001" HPOS="0" VPOS="194" WIDTH="2" HEIGHT="1560"/>
			<RightMargin ID="P108_RM00001" HPOS="984" VPOS="194" WIDTH="136" HEIGHT="1560"/>
			<BottomMargin ID="P108_BM00001" HPOS="0" VPOS="1754" WIDTH="1120" HEIGHT="207"/>
			<PrintSpace ID="P108_PS00001" HPOS="2" VPOS="194" WIDTH="982" HEIGHT="1560">
				<TextBlock ID="P108_TB00003" HPOS="164" VPOS="251" WIDTH="810" HEIGHT="31" STYLEREFS="TXT_1 PAR_RIGHT">
					<TextLine ID="P108_TL00003" HPOS="165" VPOS="251" WIDTH="809" HEIGHT="31">
						<String ID="P108_ST00004" HPOS="165" VPOS="251" WIDTH="50" HEIGHT="25" CONTENT="The" WC="1.00" CC="000"/>
						<SP ID="P108_SP00002" HPOS="215" VPOS="276" WIDTH="10"/>
						<String ID="P108_ST00005" HPOS="225" VPOS="251" WIDTH="123" HEIGHT="31" CONTENT="following" WC="0.79" CC="514300020"/>
						<SP ID="P108_SP00003" HPOS="348" VPOS="282" WIDTH="13"/>
						<String ID="P108_ST00006" HPOS="361" VPOS="260" WIDTH="39" HEIGHT="15" CONTENT="are" WC="1.00" CC="000"/>
						<SP ID="P108_SP00004" HPOS="400" VPOS="282" WIDTH="13"/>
						<String ID="P108_ST00007" HPOS="413" VPOS="253" WIDTH="121" HEIGHT="29" CONTENT="examples" WC="0.56" CC="09970106"/>
						<SP ID="P108_SP00005" HPOS="534" VPOS="282" WIDTH="12"/>
						<String ID="P108_ST00008" HPOS="546" VPOS="253" WIDTH="24" HEIGHT="22" CONTENT="in" WC="0.78" CC="30"/>
						<SP ID="P108_SP00006" HPOS="570" VPOS="282" WIDTH="14"/>
						<String ID="P108_ST00009" HPOS="584" VPOS="252" WIDTH="106" HEIGHT="30" CONTENT="Spenser" WC="0.71" CC="6302700"/>
						<SP ID="P108_SP00007" HPOS="690" VPOS="282" WIDTH="13"/>
						<String ID="P108_ST00010" HPOS="703" VPOS="252" WIDTH="26" HEIGHT="23" CONTENT="of" WC="0.84" CC="03"/>
						<SP ID="P108_SP00008" HPOS="729" VPOS="282" WIDTH="11"/>
						<String ID="P108_ST00011" HPOS="740" VPOS="252" WIDTH="116" HEIGHT="24" CONTENT="alternate" WC="0.87" CC="000047000"/>
						<SP ID="P108_SP00009" HPOS="856" VPOS="282" WIDTH="19"/>
						<String ID="P108_ST00012" HPOS="875" VPOS="253" WIDTH="99" HEIGHT="23" CONTENT="allitera-" WC="0.71" CC="942240002"/>
					</TextLine>
				</TextBlock>
				<TextBlock ID="P108_TB00004" HPOS="132" VPOS="301" WIDTH="50" HEIGHT="23" STYLEREFS="TXT_1 PAR_LEFT">
					<TextLine ID="P108_TL00004" HPOS="133" VPOS="302" WIDTH="49" HEIGHT="22">
						<String ID="P108_ST00013" HPOS="133" VPOS="302" WIDTH="49" HEIGHT="22" CONTENT="tion" WC="0.83" CC="0150"/>
					</TextLine>
				</TextBlock>
				<TextBlock ID="P108_TB00005" HPOS="252" VPOS="348" WIDTH="585" HEIGHT="104" STYLEREFS="TXT_1 PAR_LEFT">
					<TextLine ID="P108_TL00005" HPOS="252" VPOS="349" WIDTH="472" HEIGHT="29">
						<String ID="P108_ST00014" HPOS="252" VPOS="351" WIDTH="14" HEIGHT="10" CONTENT='"' WC="0.86" CC="1"/>
						<SP ID="P108_SP00010" HPOS="266" VPOS="361" WIDTH="10"/>
						<String ID="P108_ST00015" HPOS="276" VPOS="349" WIDTH="22" HEIGHT="22" CONTENT="A" WC="1.00" CC="0"/>
						<SP ID="P108_SP00011" HPOS="298" VPOS="371" WIDTH="11"/>
						<String ID="P108_ST00016" HPOS="309" VPOS="349" WIDTH="103" HEIGHT="28" CONTENT="ramping" WC="0.77" CC="9100400"/>
						<SP ID="P108_SP00012" HPOS="412" VPOS="377" WIDTH="13"/>
						<String ID="P108_ST00017" HPOS="425" VPOS="350" WIDTH="56" HEIGHT="21" CONTENT="Lion" WC="0.54" CC="0548"/>
						<SP ID="P108_SP00013" HPOS="481" VPOS="377" WIDTH="13"/>
						<String ID="P108_ST00018" HPOS="494" VPOS="350" WIDTH="84" HEIGHT="22" CONTENT="rushed" WC="0.59" CC="915700"/>
						<SP ID="P108_SP00014" HPOS="578" VPOS="377" WIDTH="14"/>
						<String ID="P108_ST00019" HPOS="592" VPOS="350" WIDTH="132" HEIGHT="28" CONTENT='suddenly."' WC="0.81" CC="6200054000"/>
					</TextLine>
					<TextLine ID="P108_TL00006" HPOS="252" VPOS="386" WIDTH="549" HEIGHT="29">
						<String ID="P108_ST00020" HPOS="252" VPOS="388" WIDTH="13" HEIGHT="13" CONTENT='"' WC="0.24" CC="7"/>
						<SP ID="P108_SP00015" HPOS="265" VPOS="401" WIDTH="12"/>
						<String ID="P108_ST00021" HPOS="277" VPOS="387" WIDTH="52" HEIGHT="21" CONTENT="And" WC="1.00" CC="000"/>
						<SP ID="P108_SP00016" HPOS="329" VPOS="408" WIDTH="11"/>
						<String ID="P108_ST00022" HPOS="340" VPOS="387" WIDTH="41" HEIGHT="22" CONTENT="sad" WC="1.00" CC="000"/>
						<SP ID="P108_SP00017" HPOS="381" VPOS="409" WIDTH="11"/>
						<String ID="P108_ST00023" HPOS="392" VPOS="390" WIDTH="24" HEIGHT="19" CONTENT="to" WC="0.70" CC="50"/>
						<SP ID="P108_SP00018" HPOS="416" VPOS="409" WIDTH="12"/>
						<String ID="P108_ST00024" HPOS="428" VPOS="394" WIDTH="36" HEIGHT="15" CONTENT="see" WC="0.88" CC="030"/>
						<SP ID="P108_SP00019" HPOS="464" VPOS="409" WIDTH="13"/>
						<String ID="P108_ST00025" HPOS="477" VPOS="388" WIDTH="39" HEIGHT="21" CONTENT="her" WC="0.74" CC="403"/>
						<SP ID="P108_SP00020" HPOS="516" VPOS="409" WIDTH="11"/>
						<String ID="P108_ST00026" HPOS="527" VPOS="387" WIDTH="117" HEIGHT="22" CONTENT="sorrowful" WC="0.70" CC="923000370"/>
						<SP ID="P108_SP00021" HPOS="644" VPOS="409" WIDTH="12"/>
						<String ID="P108_ST00027" HPOS="656" VPOS="386" WIDTH="145" HEIGHT="29" CONTENT='complaint."' WC="0.88" CC="33000014000"/>
					</TextLine>
					<TextLine ID="P108_TL00007" HPOS="253" VPOS="424" WIDTH="584" HEIGHT="28">
						<String ID="P108_ST00028" HPOS="253" VPOS="427" WIDTH="12" HEIGHT="9" CONTENT='"' WC="0.31" CC="6"/>
						<SP ID="P108_SP00022" HPOS="265" VPOS="436" WIDTH="13"/>
						<String ID="P108_ST00029" HPOS="278" VPOS="424" WIDTH="54" HEIGHT="21" CONTENT="And" WC="0.77" CC="060"/>
						<SP ID="P108_SP00023" HPOS="332" VPOS="445" WIDTH="11"/>
						<String ID="P108_ST00030" HPOS="343" VPOS="431" WIDTH="29" HEIGHT="14" CONTENT="on" WC="0.76" CC="40"/>
						<SP ID="P108_SP00024" HPOS="372" VPOS="445" WIDTH="11"/>
						<String ID="P108_ST00031" HPOS="383" VPOS="424" WIDTH="39" HEIGHT="21" CONTENT="the" WC="0.80" CC="050"/>
						<SP ID="P108_SP00025" HPOS="422" VPOS="445" WIDTH="11"/>
						<String ID="P108_ST00032" HPOS="433" VPOS="432" WIDTH="61" HEIGHT="20" CONTENT="grass" WC="0.49" CC="05936"/>
						<SP ID="P108_SP00026" HPOS="494" VPOS="452" WIDTH="11"/>
						<String ID="P108_ST00033" HPOS="505" VPOS="425" WIDTH="40" HEIGHT="21" CONTENT="her" WC="0.68" CC="206"/>
						<SP ID="P108_SP00027" HPOS="545" VPOS="452" WIDTH="12"/>
						<String ID="P108_ST00034" HPOS="557" VPOS="425" WIDTH="79" HEIGHT="27" CONTENT="dainty" WC="0.82" CC="700300"/>
						<SP ID="P108_SP00028" HPOS="636" VPOS="452" WIDTH="12"/>
						<String ID="P108_ST00035" HPOS="648" VPOS="425" WIDTH="68" HEIGHT="22" CONTENT="/imbs" WC="0.57" CC="73072"/>
						<SP ID="P108_SP00029" HPOS="716" VPOS="452" WIDTH="12"/>
						<String ID="P108_ST00036" HPOS="728" VPOS="425" WIDTH="41" HEIGHT="21" CONTENT="did" WC="0.61" CC="730"/>
						<SP ID="P108_SP00030" HPOS="769" VPOS="452" WIDTH="12"/>
						<String ID="P108_ST00037" HPOS="781" VPOS="424" WIDTH="56" HEIGHT="28" CONTENT='lay."' WC="0.52" CC="61807"/>
					</TextLine>
				</TextBlock>
				<TextBlock ID="P108_TB00006" HPOS="134" VPOS="480" WIDTH="843" HEIGHT="132" STYLEREFS="TXT_1 PAR_LEFT">
					<TextLine ID="P108_TL00008" HPOS="168" VPOS="481" WIDTH="809" HEIGHT="33">
						<String ID="P108_ST00038" HPOS="168" VPOS="482" WIDTH="11" HEIGHT="22" CONTENT="I" WC="0.82" CC="1"/>
						<SP ID="P108_SP00031" HPOS="179" VPOS="504" WIDTH="13"/>
						<String ID="P108_ST00039" HPOS="192" VPOS="481" WIDTH="48" HEIGHT="23" CONTENT="will" WC="0.74" CC="0063"/>
						<SP ID="P108_SP00032" HPOS="240" VPOS="504" WIDTH="20"/>
						<String ID="P108_ST00040" HPOS="260" VPOS="482" WIDTH="46" HEIGHT="22" CONTENT="add" WC="0.58" CC="390"/>
						<SP ID="P108_SP00033" HPOS="306" VPOS="504" WIDTH="12"/>
						<String ID="P108_ST00041" HPOS="318" VPOS="489" WIDTH="45" HEIGHT="15" CONTENT="one" WC="0.84" CC="040"/>
						<SP ID="P108_SP00034" HPOS="363" VPOS="504" WIDTH="22"/>
						<String ID="P108_ST00042" HPOS="385" VPOS="489" WIDTH="65" HEIGHT="16" CONTENT="more" WC="0.89" CC="4000"/>
						<SP ID="P108_SP00035" HPOS="450" VPOS="505" WIDTH="20"/>
						<String ID="P108_ST00043" HPOS="470" VPOS="482" WIDTH="107" HEIGHT="24" CONTENT="instance" WC="0.80" CC="50330300"/>
						<SP ID="P108_SP00036" HPOS="577" VPOS="506" WIDTH="22"/>
						<String ID="P108_ST00044" HPOS="599" VPOS="483" WIDTH="61" HEIGHT="23" CONTENT="from" WC="0.67" CC="2531"/>
						<SP ID="P108_SP00037" HPOS="660" VPOS="506" WIDTH="24"/>
						<String ID="P108_ST00045" HPOS="684" VPOS="483" WIDTH="113" HEIGHT="31" CONTENT="Spenser," WC="0.60" CC="60057066"/>
						<SP ID="P108_SP00038" HPOS="797" VPOS="514" WIDTH="21"/>
						<String ID="P108_ST00046" HPOS="818" VPOS="491" WIDTH="26" HEIGHT="15" CONTENT="as" WC="0.71" CC="05"/>
						<SP ID="P108_SP00039" HPOS="844" VPOS="514" WIDTH="24"/>
						<String ID="P108_ST00047" HPOS="868" VPOS="483" WIDTH="109" HEIGHT="31" CONTENT="showing" WC="0.71" CC="5500170"/>
					</TextLine>
					<TextLine ID="P108_TL00009" HPOS="135" VPOS="532" WIDTH="842" HEIGHT="33">
						<String ID="P108_ST00048" HPOS="135" VPOS="535" WIDTH="30" HEIGHT="30" CONTENT="by" WC="1.00" CC="00"/>
						<SP ID="P108_SP00040" HPOS="165" VPOS="565" WIDTH="14"/>
						<String ID="P108_ST00049" HPOS="179" VPOS="534" WIDTH="40" HEIGHT="23" CONTENT="the" WC="0.75" CC="070"/>
						<SP ID="P108_SP00041" HPOS="219" VPOS="565" WIDTH="9"/>
						<String ID="P108_ST00050" HPOS="228" VPOS="541" WIDTH="59" HEIGHT="23" CONTENT="way," WC="1.00" CC="0000"/>
						<SP ID="P108_SP00042" HPOS="287" VPOS="565" WIDTH="13"/>
						<String ID="P108_ST00051" HPOS="300" VPOS="533" WIDTH="52" HEIGHT="22" CONTENT="that" WC="0.82" CC="0700"/>
						<SP ID="P108_SP00043" HPOS="352" VPOS="565" WIDTH="13"/>
						<String ID="P108_ST00052" HPOS="365" VPOS="532" WIDTH="187" HEIGHT="25" CONTENT="Americanisms" WC="0.75" CC="030023027603"/>
						<SP ID="P108_SP00044" HPOS="552" VPOS="565" WIDTH="13"/>
						<String ID="P108_ST00053" HPOS="565" VPOS="542" WIDTH="48" HEIGHT="17" CONTENT="are," WC="0.92" CC="0003"/>
						<SP ID="P108_SP00045" HPOS="613" VPOS="565" WIDTH="12"/>
						<String ID="P108_ST00054" HPOS="625" VPOS="533" WIDTH="24" HEIGHT="23" CONTENT="in" WC="0.65" CC="42"/>
						<SP ID="P108_SP00046" HPOS="649" VPOS="565" WIDTH="11"/>
						<String ID="P108_ST00055" HPOS="660" VPOS="542" WIDTH="72" HEIGHT="23" CONTENT="many" WC="0.85" CC="0060"/>
						<SP ID="P108_SP00047" HPOS="732" VPOS="565" WIDTH="11"/>
						<String ID="P108_ST00056" HPOS="743" VPOS="540" WIDTH="75" HEIGHT="19" CONTENT="cases," WC="0.62" CC="077061"/>
						<SP ID="P108_SP00048" HPOS="818" VPOS="565" WIDTH="13"/>
						<String ID="P108_ST00057" HPOS="831" VPOS="532" WIDTH="39" HEIGHT="23" CONTENT="old" WC="0.68" CC="450"/>
						<SP ID="P108_SP00049" HPOS="870" VPOS="565" WIDTH="8"/>
						<String ID="P108_ST00058" HPOS="878" VPOS="532" WIDTH="99" HEIGHT="32" CONTENT="English" WC="0.67" CC="5501270"/>
					</TextLine>
					<TextLine ID="P108_TL00010" HPOS="135" VPOS="584" WIDTH="108" HEIGHT="28">
						<String ID="P108_ST00059" HPOS="135" VPOS="584" WIDTH="108" HEIGHT="28" CONTENT="phrases." WC="0.67" CC="05607051"/>
					</TextLine>
				</TextBlock>
				<TextBlock ID="P108_TB00007" HPOS="248" VPOS="608" WIDTH="518" HEIGHT="105" STYLEREFS="TXT_1 PAR_LEFT">
					<TextLine ID="P108_TL00011" HPOS="254" VPOS="633" WIDTH="508" HEIGHT="31">
						<String ID="P108_ST00060" HPOS="254" VPOS="633" WIDTH="26" HEIGHT="21" CONTENT="In" WC="0.63" CC="07"/>
						<SP ID="P108_SP00050" HPOS="280" VPOS="654" WIDTH="12"/>
						<String ID="P108_ST00061" HPOS="292" VPOS="634" WIDTH="55" HEIGHT="21" CONTENT="such" WC="0.58" CC="6216"/>
						<SP ID="P108_SP00051" HPOS="347" VPOS="655" WIDTH="12"/>
						<String ID="P108_ST00062" HPOS="359" VPOS="634" WIDTH="116" HEIGHT="22" CONTENT="luxurious" WC="0.60" CC="038025536"/>
						<SP ID="P108_SP00052" HPOS="475" VPOS="656" WIDTH="7"/>
						<String ID="P108_ST00063" HPOS="482" VPOS="635" WIDTH="82" HEIGHT="29" CONTENT="plenty" WC="0.74" CC="800700"/>
						<SP ID="P108_SP00053" HPOS="564" VPOS="664" WIDTH="12"/>
						<String ID="P108_ST00064" HPOS="576" VPOS="636" WIDTH="27" HEIGHT="21" CONTENT="of" WC="0.99" CC="00"/>
						<SP ID="P108_SP00054" HPOS="603" VPOS="664" WIDTH="7"/>
						<String ID="P108_ST00065" HPOS="610" VPOS="636" WIDTH="29" HEIGHT="21" CONTENT="all" WC="0.80" CC="050"/>
						<SP ID="P108_SP00055" HPOS="639" VPOS="664" WIDTH="8"/>
						<String ID="P108_ST00066" HPOS="647" VPOS="636" WIDTH="115" HEIGHT="28" CONTENT="pleasure," WC="0.66" CC="802276030"/>
					</TextLine>
					<TextLine ID="P108_TL00012" HPOS="257" VPOS="669" WIDTH="499" HEIGHT="31">
						<String ID="P108_ST00067" HPOS="257" VPOS="669" WIDTH="21" HEIGHT="22" CONTENT="It" WC="1.00" CC="00"/>
						<SP ID="P108_SP00056" HPOS="278" VPOS="691" WIDTH="12"/>
						<String ID="P108_ST00068" HPOS="290" VPOS="671" WIDTH="91" HEIGHT="20" CONTENT="seemed" WC="0.99" CC="000000"/>
						<SP ID="P108_SP00057" HPOS="381" VPOS="691" WIDTH="11"/>
						<String ID="P108_ST00069" HPOS="392" VPOS="677" WIDTH="12" HEIGHT="14" CONTENT="a" WC="1.00" CC="0"/>
						<SP ID="P108_SP00058" HPOS="404" VPOS="691" WIDTH="12"/>
						<String ID="P108_ST00070" HPOS="416" VPOS="671" WIDTH="86" HEIGHT="21" CONTENT="second" WC="0.50" CC="534068"/>
						<SP ID="P108_SP00059" HPOS="502" VPOS="692" WIDTH="12"/>
						<String ID="P108_ST00071" HPOS="514" VPOS="672" WIDTH="117" HEIGHT="26" CONTENT="Paradise," WC="0.75" CC="905002400"/>
						<SP ID="P108_SP00060" HPOS="631" VPOS="698" WIDTH="13"/>
						<String ID="P108_ST00072" HPOS="644" VPOS="674" WIDTH="18" HEIGHT="20" CONTENT="I" WC="1.00" CC="0"/>
						<String ID="P108_ST00073" HPOS="668" VPOS="673" WIDTH="88" HEIGHT="27" CONTENT="ghesse." WC="0.71" CC="8003700"/>
					</TextLine>
				</TextBlock>
				<TextBlock ID="P108_TB00008" HPOS="138" VPOS="723" WIDTH="839" HEIGHT="83" STYLEREFS="TXT_1 PAR_LEFT">
					<TextLine ID="P108_TL00013" HPOS="172" VPOS="724" WIDTH="805" HEIGHT="34">
						<String ID="P108_ST00074" HPOS="172" VPOS="725" WIDTH="63" HEIGHT="29" CONTENT="Pope" WC="0.85" CC="5000"/>
						<SP ID="P108_SP00061" HPOS="235" VPOS="754" WIDTH="22"/>
						<String ID="P108_ST00075" HPOS="257" VPOS="724" WIDTH="44" HEIGHT="23" CONTENT="has" WC="0.64" CC="603"/>
						<SP ID="P108_SP00062" HPOS="301" VPOS="754" WIDTH="20"/>
						<String ID="P108_ST00076" HPOS="321" VPOS="725" WIDTH="61" HEIGHT="22" CONTENT="been" WC="0.66" CC="7006"/>
						<SP ID="P108_SP00063" HPOS="382" VPOS="754" WIDTH="13"/>
						<String ID="P108_ST00077" HPOS="395" VPOS="732" WIDTH="58" HEIGHT="24" CONTENT="very" WC="0.76" CC="4040"/>
						<SP ID="P108_SP00064" HPOS="453" VPOS="756" WIDTH="19"/>
						<String ID="P108_ST00078" HPOS="472" VPOS="726" WIDTH="130" HEIGHT="22" CONTENT="successful" WC="0.57" CC="7634176060"/>
						<SP ID="P108_SP00065" HPOS="602" VPOS="756" WIDTH="20"/>
						<String ID="P108_ST00079" HPOS="622" VPOS="726" WIDTH="25" HEIGHT="22" CONTENT="in" WC="1.00" CC="00"/>
						<SP ID="P108_SP00066" HPOS="647" VPOS="756" WIDTH="18"/>
						<String ID="P108_ST00080" HPOS="665" VPOS="727" WIDTH="115" HEIGHT="31" CONTENT="applying" WC="0.83" CC="00060600"/>
						<SP ID="P108_SP00067" HPOS="780" VPOS="758" WIDTH="13"/>
						<String ID="P108_ST00081" HPOS="793" VPOS="726" WIDTH="142" HEIGHT="24" CONTENT="alliteration" WC="0.82" CC="151400000143"/>
						<SP ID="P108_SP00068" HPOS="935" VPOS="758" WIDTH="18"/>
						<String ID="P108_ST00082" HPOS="953" VPOS="731" WIDTH="24" HEIGHT="20" CONTENT="to" WC="0.80" CC="03"/>
					</TextLine>
					<TextLine ID="P108_TL00014" HPOS="138" VPOS="775" WIDTH="805" HEIGHT="31">
						<String ID="P108_ST00083" HPOS="138" VPOS="775" WIDTH="89" HEIGHT="31" CONTENT="lighter" WC="0.68" CC="6507002"/>
						<SP ID="P108_SP00069" HPOS="227" VPOS="806" WIDTH="13"/>
						<String ID="P108_ST00084" HPOS="240" VPOS="779" WIDTH="92" HEIGHT="27" CONTENT="poetry," WC="0.81" CC="0600600"/>
						<SP ID="P108_SP00070" HPOS="332" VPOS="806" WIDTH="14"/>
						<String ID="P108_ST00085" HPOS="346" VPOS="783" WIDTH="26" HEIGHT="15" CONTENT="as" WC="0.63" CC="06"/>
						<SP ID="P108_SP00071" HPOS="372" VPOS="806" WIDTH="12"/>
						<String ID="P108_ST00086" HPOS="384" VPOS="775" WIDTH="25" HEIGHT="22" CONTENT="in" WC="0.37" CC="65"/>
						<SP ID="P108_SP00072" HPOS="409" VPOS="806" WIDTH="10"/>
						<String ID="P108_ST00087" HPOS="419" VPOS="775" WIDTH="41" HEIGHT="23" CONTENT="the" WC="0.77" CC="060"/>
						<SP ID="P108_SP00073" HPOS="460" VPOS="806" WIDTH="13"/>
						<String ID="P108_ST00088" HPOS="473" VPOS="775" WIDTH="145" HEIGHT="30" CONTENT="description" WC="0.77" CC="20630200504"/>
						<SP ID="P108_SP00074" HPOS="618" VPOS="806" WIDTH="14"/>
						<String ID="P108_ST00089" HPOS="632" VPOS="775" WIDTH="26" HEIGHT="22" CONTENT="of" WC="0.92" CC="01"/>
						<SP ID="P108_SP00075" HPOS="658" VPOS="806" WIDTH="10"/>
						<String ID="P108_ST00090" HPOS="668" VPOS="783" WIDTH="14" HEIGHT="14" CONTENT="a" WC="1.00" CC="0"/>
						<SP ID="P108_SP00076" HPOS="682" VPOS="806" WIDTH="18"/>
						<String ID="P108_ST00091" HPOS="700" VPOS="775" WIDTH="77" HEIGHT="30" CONTENT="lady's" WC="0.72" CC="108006"/>
						<SP ID="P108_SP00077" HPOS="777" VPOS="806" WIDTH="14"/>
						<String ID="P108_ST00092" HPOS="791" VPOS="775" WIDTH="152" HEIGHT="22" CONTENT="toilet-table." WC="0.83" CC="0020030106600"/>
					</TextLine>
				</TextBlock>
				<TextBlock ID="P108_TB00009" HPOS="258" VPOS="830" WIDTH="562" HEIGHT="66" STYLEREFS="TXT_1 PAR_LEFT">
					<TextLine ID="P108_TL00015" HPOS="258" VPOS="830" WIDTH="559" HEIGHT="33">
						<String ID="P108_ST00093" HPOS="258" VPOS="830" WIDTH="61" HEIGHT="22" CONTENT="Here" WC="0.80" CC="6010"/>
						<SP ID="P108_SP00078" HPOS="319" VPOS="852" WIDTH="11"/>
						<String ID="P108_ST00094" HPOS="330" VPOS="831" WIDTH="48" HEIGHT="21" CONTENT="files" WC="0.82" CC="00305"/>
						<SP ID="P108_SP00079" HPOS="378" VPOS="852" WIDTH="13"/>
						<String ID="P108_ST00095" HPOS="391" VPOS="831" WIDTH="26" HEIGHT="21" CONTENT="of" WC="0.64" CC="15"/>
						<SP ID="P108_SP00080" HPOS="417" VPOS="852" WIDTH="7"/>
						<String ID="P108_ST00096" HPOS="424" VPOS="832" WIDTH="50" HEIGHT="28" CONTENT="pins" WC="0.35" CC="9176"/>
						<SP ID="P108_SP00081" HPOS="474" VPOS="860" WIDTH="12"/>
						<String ID="P108_ST00097" HPOS="486" VPOS="833" WIDTH="84" HEIGHT="21" CONTENT="extend" WC="0.73" CC="090050"/>
						<SP ID="P108_SP00082" HPOS="570" VPOS="860" WIDTH="11"/>
						<String ID="P108_ST00098" HPOS="581" VPOS="833" WIDTH="59" HEIGHT="21" CONTENT="their" WC="0.72" CC="07070"/>
						<SP ID="P108_SP00083" HPOS="640" VPOS="860" WIDTH="12"/>
						<String ID="P108_ST00099" HPOS="652" VPOS="834" WIDTH="88" HEIGHT="29" CONTENT="shining" WC="0.73" CC="5710400"/>
						<SP ID="P108_SP00084" HPOS="740" VPOS="863" WIDTH="11"/>
						<String ID="P108_ST00100" HPOS="751" VPOS="841" WIDTH="66" HEIGHT="20" CONTENT="rows," WC="0.74" CC="41060"/>
					</TextLine>
					<TextLine ID="P108_TL00016" HPOS="258" VPOS="868" WIDTH="562" HEIGHT="28">
						<String ID="P108_ST00101" HPOS="258" VPOS="868" WIDTH="69" HEIGHT="27" CONTENT="Puffs," WC="0.73" CC="720060"/>
						<SP ID="P108_SP00085" HPOS="327" VPOS="895" WIDTH="12"/>
						<String ID="P108_ST00102" HPOS="339" VPOS="869" WIDTH="108" HEIGHT="27" CONTENT="powders," WC="0.81" CC="00053060"/>
						<SP ID="P108_SP00086" HPOS="447" VPOS="896" WIDTH="12"/>
						<String ID="P108_ST00103" HPOS="459" VPOS="869" WIDTH="101" HEIGHT="27" CONTENT="patches," WC="0.87" CC="00220060"/>
						<SP ID="P108_SP00087" HPOS="560" VPOS="896" WIDTH="12"/>
						<String ID="P108_ST00104" HPOS="572" VPOS="869" WIDTH="80" HEIGHT="27" CONTENT="bibles," WC="0.57" CC="7465410"/>
						<SP ID="P108_SP00088" HPOS="652" VPOS="896" WIDTH="12"/>
						<String ID="P108_ST00105" HPOS="664" VPOS="870" WIDTH="156" HEIGHT="22" CONTENT="biUets-doux." WC="0.70" CC="238004270500"/>
					</TextLine>
				</TextBlock>
				<TextBlock ID="P108_TB00010" HPOS="138" VPOS="927" WIDTH="841" HEIGHT="77" STYLEREFS="TXT_1 PAR_LEFT">
					<TextLine ID="P108_TL00017" HPOS="173" VPOS="927" WIDTH="806" HEIGHT="31">
						<String ID="P108_ST00106" HPOS="173" VPOS="929" WIDTH="56" HEIGHT="22" CONTENT="And" WC="0.41" CC="097"/>
						<SP ID="P108_SP00089" HPOS="229" VPOS="951" WIDTH="12"/>
						<String ID="P108_ST00107" HPOS="241" VPOS="929" WIDTH="24" HEIGHT="22" CONTENT="in" WC="0.81" CC="12"/>
						<SP ID="P108_SP00090" HPOS="265" VPOS="951" WIDTH="9"/>
						<String ID="P108_ST00108" HPOS="274" VPOS="928" WIDTH="53" HEIGHT="23" CONTENT="that" WC="0.80" CC="5020"/>
						<SP ID="P108_SP00091" HPOS="327" VPOS="951" WIDTH="13"/>
						<String ID="P108_ST00109" HPOS="340" VPOS="929" WIDTH="27" HEIGHT="22" CONTENT="of" WC="1.00" CC="00"/>
						<SP ID="P108_SP00092" HPOS="367" VPOS="951" WIDTH="11"/>
						<String ID="P108_ST00110" HPOS="378" VPOS="936" WIDTH="12" HEIGHT="15" CONTENT="a" WC="0.03" CC="9"/>
						<SP ID="P108_SP00093" HPOS="390" VPOS="951" WIDTH="8"/>
						<String ID="P108_ST00111" HPOS="398" VPOS="928" WIDTH="55" HEIGHT="30" CONTENT="lady" WC="0.83" CC="6000"/>
						<SP ID="P108_SP00094" HPOS="453" VPOS="958" WIDTH="14"/>
						<String ID="P108_ST00112" HPOS="467" VPOS="928" WIDTH="26" HEIGHT="23" CONTENT="of" WC="0.42" CC="56"/>
						<SP ID="P108_SP00095" HPOS="493" VPOS="958" WIDTH="16"/>
						<String ID="P108_ST00113" HPOS="509" VPOS="928" WIDTH="115" HEIGHT="23" CONTENT="fashion's" WC="0.62" CC="207710545"/>
						<SP ID="P108_SP00096" HPOS="624" VPOS="958" WIDTH="18"/>
						<String ID="P108_ST00114" HPOS="642" VPOS="928" WIDTH="77" HEIGHT="25" CONTENT="heart," WC="0.75" CC="710501"/>
						<SP ID="P108_SP00097" HPOS="719" VPOS="958" WIDTH="13"/>
						<String ID="P108_ST00115" HPOS="732" VPOS="927" WIDTH="79" HEIGHT="24" CONTENT="where" WC="1.00" CC="00000"/>
						<SP ID="P108_SP00098" HPOS="811" VPOS="958" WIDTH="14"/>
						<String ID="P108_ST00116" HPOS="825" VPOS="927" WIDTH="40" HEIGHT="24" CONTENT="the" WC="0.87" CC="120"/>
						<SP ID="P108_SP00099" HPOS="865" VPOS="958" WIDTH="10"/>
						<String ID="P108_ST00117" HPOS="875" VPOS="928" WIDTH="69" HEIGHT="23" CONTENT="effect" WC="0.96" CC="000002"/>
						<SP ID="P108_SP00100" HPOS="944" VPOS="958" WIDTH="18"/>
						<String ID="P108_ST00118" HPOS="962" VPOS="928" WIDTH="17" HEIGHT="23" CONTENT="is" WC="0.65" CC="15"/>
					</TextLine>
					<TextLine ID="P108_TL00018" HPOS="140" VPOS="974" WIDTH="588" HEIGHT="30">
						<String ID="P108_ST00119" HPOS="140" VPOS="974" WIDTH="122" HEIGHT="25" CONTENT="increased" WC="0.73" CC="552012500"/>
						<SP ID="P108_SP00101" HPOS="262" VPOS="999" WIDTH="10"/>
						<String ID="P108_ST00120" HPOS="272" VPOS="974" WIDTH="32" HEIGHT="30" CONTENT="by" WC="0.70" CC="50"/>
						<SP ID="P108_SP00102" HPOS="304" VPOS="1004" WIDTH="12"/>
						<String ID="P108_ST00121" HPOS="316" VPOS="974" WIDTH="40" HEIGHT="23" CONTENT="the" WC="0.75" CC="070"/>
						<SP ID="P108_SP00103" HPOS="356" VPOS="1004" WIDTH="13"/>
						<String ID="P108_ST00122" HPOS="369" VPOS="975" WIDTH="128" HEIGHT="29" CONTENT="repetition" WC="0.69" CC="2090000566"/>
						<SP ID="P108_SP00104" HPOS="497" VPOS="1004" WIDTH="14"/>
						<String ID="P108_ST00123" HPOS="511" VPOS="976" WIDTH="27" HEIGHT="22" CONTENT="of" WC="0.88" CC="20"/>
						<SP ID="P108_SP00105" HPOS="538" VPOS="1004" WIDTH="9"/>
						<String ID="P108_ST00124" HPOS="547" VPOS="976" WIDTH="77" HEIGHT="23" CONTENT="whole" WC="0.77" CC="02260"/>
						<SP ID="P108_SP00106" HPOS="624" VPOS="1004" WIDTH="16"/>
						<String ID="P108_ST00125" HPOS="640" VPOS="976" WIDTH="88" HEIGHT="24" CONTENT="words." WC="0.83" CC="030070"/>
					</TextLine>
				</TextBlock>
				<TextBlock ID="P108_TB00011" HPOS="198" VPOS="1034" WIDTH="782" HEIGHT="64" STYLEREFS="TXT_1 PAR_LEFT">
					<TextLine ID="P108_TL00019" HPOS="199" VPOS="1034" WIDTH="781" HEIGHT="30">
						<String ID="P108_ST00126" HPOS="199" VPOS="1035" WIDTH="84" HEIGHT="21" CONTENT="Where" WC="0.87" CC="06000"/>
						<SP ID="P108_SP00107" HPOS="283" VPOS="1056" WIDTH="11"/>
						<String ID="P108_ST00127" HPOS="294" VPOS="1035" WIDTH="53" HEIGHT="29" CONTENT="wigs" WC="0.67" CC="0606"/>
						<SP ID="P108_SP00108" HPOS="347" VPOS="1064" WIDTH="12"/>
						<String ID="P108_ST00128" HPOS="359" VPOS="1035" WIDTH="53" HEIGHT="21" CONTENT="with" WC="0.79" CC="0602"/>
						<SP ID="P108_SP00109" HPOS="412" VPOS="1064" WIDTH="11"/>
						<String ID="P108_ST00129" HPOS="423" VPOS="1035" WIDTH="60" HEIGHT="28" CONTENT="wigs," WC="0.88" CC="04001"/>
						<SP ID="P108_SP00110" HPOS="483" VPOS="1064" WIDTH="13"/>
						<String ID="P108_ST00130" HPOS="496" VPOS="1035" WIDTH="53" HEIGHT="21" CONTENT="with" WC="0.83" CC="0006"/>
						<SP ID="P108_SP00111" HPOS="549" VPOS="1064" WIDTH="13"/>
						<String ID="P108_ST00131" HPOS="562" VPOS="1035" WIDTH="153" HEIGHT="21" CONTENT="sword-knots" WC="0.78" CC="50200301406"/>
						<SP ID="P108_SP00112" HPOS="715" VPOS="1064" WIDTH="18"/>
						<String ID="P108_ST00132" HPOS="733" VPOS="1034" WIDTH="153" HEIGHT="22" CONTENT="sword-knots" WC="0.72" CC="60650402005"/>
						<SP ID="P108_SP00113" HPOS="886" VPOS="1064" WIDTH="11"/>
						<String ID="P108_ST00133" HPOS="897" VPOS="1034" WIDTH="69" HEIGHT="22" CONTENT="strive" WC="0.61" CC="603670"/>
						<SP ID="P108_SP00114" HPOS="966" VPOS="1064" WIDTH="10"/>
						<String ID="P108_ST00134" HPOS="976" VPOS="1043" WIDTH="4" HEIGHT="18" CONTENT=";" WC="0.63" CC="3"/>
					</TextLine>
					<TextLine ID="P108_TL00020" HPOS="202" VPOS="1073" WIDTH="609" HEIGHT="25">
						<String ID="P108_ST00135" HPOS="202" VPOS="1073" WIDTH="77" HEIGHT="22" CONTENT="Beaux" WC="0.60" CC="01458"/>
						<SP ID="P108_SP00115" HPOS="279" VPOS="1095" WIDTH="11"/>
						<String ID="P108_ST00136" HPOS="290" VPOS="1073" WIDTH="80" HEIGHT="22" CONTENT="banish" WC="0.72" CC="000663"/>
						<SP ID="P108_SP00116" HPOS="370" VPOS="1095" WIDTH="11"/>
						<String ID="P108_ST00137" HPOS="381" VPOS="1073" WIDTH="80" HEIGHT="25" CONTENT="beaux," WC="0.57" CC="609090"/>
						<SP ID="P108_SP00117" HPOS="461" VPOS="1098" WIDTH="13"/>
						<String ID="P108_ST00138" HPOS="474" VPOS="1073" WIDTH="44" HEIGHT="22" CONTENT="and" WC="0.56" CC="570"/>
						<SP ID="P108_SP00118" HPOS="518" VPOS="1098" WIDTH="11"/>
						<String ID="P108_ST00139" HPOS="529" VPOS="1074" WIDTH="95" HEIGHT="21" CONTENT="coaches" WC="0.60" CC="0140766"/>
						<SP ID="P108_SP00119" HPOS="624" VPOS="1098" WIDTH="12"/>
						<String ID="P108_ST00140" HPOS="636" VPOS="1076" WIDTH="96" HEIGHT="21" CONTENT="coaches" WC="0.71" CC="5003604"/>
						<SP ID="P108_SP00120" HPOS="732" VPOS="1098" WIDTH="11"/>
						<String ID="P108_ST00141" HPOS="743" VPOS="1076" WIDTH="68" HEIGHT="21" CONTENT="drive." WC="0.94" CC="000200"/>
					</TextLine>
				</TextBlock>
				<TextBlock ID="P108_TB00012" HPOS="141" VPOS="1127" WIDTH="840" HEIGHT="79" STYLEREFS="TXT_1 PAR_LEFT">
					<TextLine ID="P108_TL00021" HPOS="174" VPOS="1128" WIDTH="807" HEIGHT="34">
						<String ID="P108_ST00142" HPOS="174" VPOS="1128" WIDTH="64" HEIGHT="26" CONTENT="And," WC="0.60" CC="5603"/>
						<SP ID="P108_SP00121" HPOS="238" VPOS="1154" WIDTH="19"/>
						<String ID="P108_ST00143" HPOS="257" VPOS="1128" WIDTH="24" HEIGHT="22" CONTENT="in" WC="0.92" CC="10"/>
						<SP ID="P108_SP00122" HPOS="281" VPOS="1154" WIDTH="13"/>
						<String ID="P108_ST00144" HPOS="294" VPOS="1128" WIDTH="40" HEIGHT="23" CONTENT="the" WC="0.75" CC="070"/>
						<SP ID="P108_SP00123" HPOS="334" VPOS="1154" WIDTH="14"/>
						<String ID="P108_ST00145" HPOS="348" VPOS="1128" WIDTH="45" HEIGHT="23" CONTENT="ode" WC="1.00" CC="000"/>
						<SP ID="P108_SP00124" HPOS="393" VPOS="1154" WIDTH="13"/>
						<String ID="P108_ST00146" HPOS="406" VPOS="1137" WIDTH="31" HEIGHT="14" CONTENT="on" WC="0.76" CC="40"/>
						<SP ID="P108_SP00125" HPOS="437" VPOS="1154" WIDTH="13"/>
						<String ID="P108_ST00147" HPOS="450" VPOS="1128" WIDTH="37" HEIGHT="24" CONTENT="St." WC="0.64" CC="550"/>
						<SP ID="P108_SP00126" HPOS="487" VPOS="1154" WIDTH="15"/>
						<String ID="P108_ST00148" HPOS="502" VPOS="1129" WIDTH="108" HEIGHT="24" CONTENT="Cecilia's" WC="0.68" CC="000344907"/>
						<SP ID="P108_SP00127" HPOS="610" VPOS="1154" WIDTH="10"/>
						<String ID="P108_ST00149" HPOS="620" VPOS="1131" WIDTH="59" HEIGHT="30" CONTENT="Day," WC="0.92" CC="2000"/>
						<SP ID="P108_SP00128" HPOS="679" VPOS="1161" WIDTH="14"/>
						<String ID="P108_ST00150" HPOS="693" VPOS="1132" WIDTH="136" HEIGHT="30" CONTENT="describing" WC="0.83" CC="0050043300"/>
						<SP ID="P108_SP00129" HPOS="829" VPOS="1162" WIDTH="12"/>
						<String ID="P108_ST00151" HPOS="841" VPOS="1132" WIDTH="40" HEIGHT="23" CONTENT="the" WC="0.79" CC="060"/>
						<SP ID="P108_SP00130" HPOS="881" VPOS="1162" WIDTH="11"/>
						<String ID="P108_ST00152" HPOS="892" VPOS="1132" WIDTH="89" HEIGHT="30" CONTENT="closing" WC="0.56" CC="0606519"/>
					</TextLine>
					<TextLine ID="P108_TL00022" HPOS="141" VPOS="1177" WIDTH="282" HEIGHT="29">
						<String ID="P108_ST00153" HPOS="141" VPOS="1180" WIDTH="71" HEIGHT="20" CONTENT="notes" WC="0.63" CC="65005"/>
						<SP ID="P108_SP00131" HPOS="212" VPOS="1200" WIDTH="13"/>
						<String ID="P108_ST00154" HPOS="225" VPOS="1177" WIDTH="26" HEIGHT="22" CONTENT="of" WC="0.76" CC="40"/>
						<SP ID="P108_SP00132" HPOS="251" VPOS="1200" WIDTH="11"/>
						<String ID="P108_ST00155" HPOS="262" VPOS="1184" WIDTH="29" HEIGHT="15" CONTENT="an" WC="0.62" CC="52"/>
						<SP ID="P108_SP00133" HPOS="291" VPOS="1200" WIDTH="14"/>
						<String ID="P108_ST00156" HPOS="305" VPOS="1177" WIDTH="84" HEIGHT="29" CONTENT="Organ" WC="0.88" CC="00005"/>
						<String ID="P108_ST00157" HPOS="390" VPOS="1190" WIDTH="33" HEIGHT="4" CONTENT="—" WC="0.20" CC="8"/>
					</TextLine>
				</TextBlock>
				<TextBlock ID="P108_TB00013" HPOS="265" VPOS="1227" WIDTH="436" HEIGHT="29" STYLEREFS="TXT_1 PAR_CENTER">
					<TextLine ID="P108_TL00023" HPOS="265" VPOS="1228" WIDTH="436" HEIGHT="28">
						<String ID="P108_ST00158" HPOS="265" VPOS="1228" WIDTH="54" HEIGHT="27" CONTENT="TiU," WC="0.65" CC="0670"/>
						<SP ID="P108_SP00134" HPOS="319" VPOS="1255" WIDTH="12"/>
						<String ID="P108_ST00159" HPOS="331" VPOS="1229" WIDTH="30" HEIGHT="27" CONTENT="by" WC="0.67" CC="60"/>
						<SP ID="P108_SP00135" HPOS="361" VPOS="1256" WIDTH="11"/>
						<String ID="P108_ST00160" HPOS="372" VPOS="1228" WIDTH="94" HEIGHT="28" CONTENT="degrees" WC="0.86" CC="0100007"/>
						<SP ID="P108_SP00136" HPOS="466" VPOS="1256" WIDTH="11"/>
						<String ID="P108_ST00161" HPOS="477" VPOS="1232" WIDTH="86" HEIGHT="18" CONTENT="remote" WC="0.74" CC="509000"/>
						<SP ID="P108_SP00137" HPOS="563" VPOS="1256" WIDTH="13"/>
						<String ID="P108_ST00162" HPOS="576" VPOS="1229" WIDTH="44" HEIGHT="21" CONTENT="and" WC="0.76" CC="070"/>
						<SP ID="P108_SP00138" HPOS="620" VPOS="1256" WIDTH="12"/>
						<String ID="P108_ST00163" HPOS="632" VPOS="1230" WIDTH="69" HEIGHT="26" CONTENT="small," WC="0.68" CC="690030"/>
					</TextLine>
				</TextBlock>
				<TextBlock ID="P108_TB00014" HPOS="324" VPOS="1265" WIDTH="231" HEIGHT="27" STYLEREFS="TXT_1 PAR_LEFT">
					<TextLine ID="P108_TL00024" HPOS="324" VPOS="1266" WIDTH="231" HEIGHT="26">
						<String ID="P108_ST00164" HPOS="324" VPOS="1266" WIDTH="51" HEIGHT="22" CONTENT="The" WC="0.86" CC="040"/>
						<SP ID="P108_SP00139" HPOS="375" VPOS="1288" WIDTH="12"/>
						<String ID="P108_ST00165" HPOS="387" VPOS="1266" WIDTH="80" HEIGHT="22" CONTENT="strains" WC="0.71" CC="6000525"/>
						<SP ID="P108_SP00140" HPOS="467" VPOS="1288" WIDTH="12"/>
						<String ID="P108_ST00166" HPOS="479" VPOS="1266" WIDTH="76" HEIGHT="26" CONTENT="decay," WC="1.00" CC="000000"/>
					</TextLine>
				</TextBlock>
				<TextBlock ID="P108_TB00015" HPOS="353" VPOS="1303" WIDTH="199" HEIGHT="26" STYLEREFS="TXT_1 PAR_LEFT">
					<TextLine ID="P108_TL00025" HPOS="355" VPOS="1303" WIDTH="197" HEIGHT="26">
						<String ID="P108_ST00167" HPOS="355" VPOS="1304" WIDTH="53" HEIGHT="20" CONTENT="And" WC="0.75" CC="070"/>
						<SP ID="P108_SP00141" HPOS="408" VPOS="1324" WIDTH="11"/>
						<String ID="P108_ST00168" HPOS="419" VPOS="1303" WIDTH="55" HEIGHT="21" CONTENT="melt" WC="0.98" CC="0000"/>
						<SP ID="P108_SP00142" HPOS="474" VPOS="1324" WIDTH="11"/>
						<String ID="P108_ST00169" HPOS="485" VPOS="1309" WIDTH="67" HEIGHT="20" CONTENT="away," WC="0.95" CC="00200"/>
					</TextLine>
				</TextBlock>
				<TextBlock ID="P108_TB00016" HPOS="327" VPOS="1339" WIDTH="265" HEIGHT="30" STYLEREFS="TXT_1 PAR_LEFT">
					<TextLine ID="P108_TL00026" HPOS="328" VPOS="1339" WIDTH="264" HEIGHT="30">
						<String ID="P108_ST00170" HPOS="328" VPOS="1342" WIDTH="25" HEIGHT="21" CONTENT="In" WC="0.78" CC="40"/>
						<SP ID="P108_SP00143" HPOS="353" VPOS="1363" WIDTH="12"/>
						<String ID="P108_ST00171" HPOS="365" VPOS="1349" WIDTH="13" HEIGHT="13" CONTENT="a" WC="1.00" CC="0"/>
						<SP ID="P108_SP00144" HPOS="378" VPOS="1363" WIDTH="11"/>
						<String ID="P108_ST00172" HPOS="389" VPOS="1341" WIDTH="68" HEIGHT="28" CONTENT="dying" WC="0.64" CC="08260"/>
						<SP ID="P108_SP00145" HPOS="457" VPOS="1369" WIDTH="12"/>
						<String ID="P108_ST00173" HPOS="469" VPOS="1340" WIDTH="68" HEIGHT="29" CONTENT="dying" WC="0.76" CC="00470"/>
						<SP ID="P108_SP00146" HPOS="537" VPOS="1369" WIDTH="12"/>
						<String ID="P108_ST00174" HPOS="549" VPOS="1339" WIDTH="43" HEIGHT="21" CONTENT="faU." WC="0.76" CC="0180"/>
					</TextLine>
				</TextBlock>
				<TextBlock ID="P108_TB00017" HPOS="143" VPOS="1394" WIDTH="841" HEIGHT="273" STYLEREFS="TXT_1 PAR_LEFT">
					<TextLine ID="P108_TL00027" HPOS="179" VPOS="1394" WIDTH="803" HEIGHT="34">
						<String ID="P108_ST00175" HPOS="179" VPOS="1399" WIDTH="72" HEIGHT="29" CONTENT="Pope," WC="0.90" CC="40000"/>
						<SP ID="P108_SP00147" HPOS="251" VPOS="1428" WIDTH="13"/>
						<String ID="P108_ST00176" HPOS="264" VPOS="1398" WIDTH="120" HEIGHT="24" CONTENT="however," WC="0.74" CC="72002044"/>
						<SP ID="P108_SP00148" HPOS="384" VPOS="1428" WIDTH="22"/>
						<String ID="P108_ST00177" HPOS="406" VPOS="1403" WIDTH="99" HEIGHT="23" CONTENT="appears" WC="0.81" CC="0000056"/>
						<SP ID="P108_SP00149" HPOS="505" VPOS="1428" WIDTH="22"/>
						<String ID="P108_ST00178" HPOS="527" VPOS="1399" WIDTH="25" HEIGHT="19" CONTENT="to" WC="1.00" CC="00"/>
						<SP ID="P108_SP00150" HPOS="552" VPOS="1428" WIDTH="12"/>
						<String ID="P108_ST00179" HPOS="564" VPOS="1395" WIDTH="61" HEIGHT="23" CONTENT="have" WC="0.84" CC="0060"/>
						<SP ID="P108_SP00151" HPOS="625" VPOS="1428" WIDTH="13"/>
						<String ID="P108_ST00180" HPOS="638" VPOS="1394" WIDTH="92" HEIGHT="23" CONTENT="carried" WC="0.87" CC="0004400"/>
						<SP ID="P108_SP00152" HPOS="730" VPOS="1428" WIDTH="11"/>
						<String ID="P108_ST00181" HPOS="741" VPOS="1395" WIDTH="37" HEIGHT="22" CONTENT="his" WC="0.40" CC="745"/>
						<SP ID="P108_SP00153" HPOS="778" VPOS="1428" WIDTH="15"/>
						<String ID="P108_ST00182" HPOS="793" VPOS="1403" WIDTH="41" HEIGHT="15" CONTENT="use" WC="0.69" CC="630"/>
						<SP ID="P108_SP00154" HPOS="834" VPOS="1428" WIDTH="13"/>
						<String ID="P108_ST00183" HPOS="847" VPOS="1395" WIDTH="26" HEIGHT="23" CONTENT="of" WC="0.89" CC="02"/>
						<SP ID="P108_SP00155" HPOS="873" VPOS="1428" WIDTH="10"/>
						<String ID="P108_ST00184" HPOS="883" VPOS="1395" WIDTH="99" HEIGHT="23" CONTENT="allitera" SUBS_TYPE="HypPart1" SUBS_CONTENT="alliteration" WC="0.80" CC="056400000"/>
						<HYP CONTENT="-"/>
					</TextLine>
					<TextLine ID="P108_TL00028" HPOS="145" VPOS="1443" WIDTH="838" HEIGHT="31">
						<String ID="P108_ST00185" HPOS="145" VPOS="1446" WIDTH="51" HEIGHT="23" CONTENT="tion" SUBS_TYPE="HypPart2" SUBS_CONTENT="alliteration" WC="0.68" CC="0137"/>
						<SP ID="P108_SP00156" HPOS="196" VPOS="1469" WIDTH="22"/>
						<String ID="P108_ST00186" HPOS="218" VPOS="1448" WIDTH="25" HEIGHT="20" CONTENT="to" WC="0.86" CC="20"/>
						<SP ID="P108_SP00157" HPOS="243" VPOS="1469" WIDTH="13"/>
						<String ID="P108_ST00187" HPOS="256" VPOS="1453" WIDTH="29" HEIGHT="15" CONTENT="an" WC="0.73" CC="05"/>
						<SP ID="P108_SP00158" HPOS="285" VPOS="1469" WIDTH="13"/>
						<String ID="P108_ST00188" HPOS="298" VPOS="1452" WIDTH="92" HEIGHT="15" CONTENT="excess." WC="0.69" CC="0900650"/>
						<SP ID="P108_SP00159" HPOS="390" VPOS="1469" WIDTH="37"/>
						<String ID="P108_ST00189" HPOS="427" VPOS="1443" WIDTH="57" HEIGHT="22" CONTENT="This" WC="0.76" CC="0450"/>
						<SP ID="P108_SP00160" HPOS="484" VPOS="1469" WIDTH="18"/>
						<String ID="P108_ST00190" HPOS="502" VPOS="1451" WIDTH="56" HEIGHT="23" CONTENT="may" WC="0.77" CC="060"/>
						<SP ID="P108_SP00161" HPOS="558" VPOS="1474" WIDTH="12"/>
						<String ID="P108_ST00191" HPOS="570" VPOS="1443" WIDTH="102" HEIGHT="30" CONTENT="perhaps" WC="0.75" CC="0006505"/>
						<SP ID="P108_SP00162" HPOS="672" VPOS="1474" WIDTH="13"/>
						<String ID="P108_ST00192" HPOS="685" VPOS="1443" WIDTH="29" HEIGHT="22" CONTENT="be" WC="0.71" CC="50"/>
						<SP ID="P108_SP00163" HPOS="714" VPOS="1474" WIDTH="14"/>
						<String ID="P108_ST00193" HPOS="728" VPOS="1443" WIDTH="106" HEIGHT="30" CONTENT="imputed" WC="0.59" CC="1666600"/>
						<SP ID="P108_SP00164" HPOS="834" VPOS="1474" WIDTH="21"/>
						<String ID="P108_ST00194" HPOS="855" VPOS="1448" WIDTH="25" HEIGHT="18" CONTENT="to" WC="0.78" CC="04"/>
						<SP ID="P108_SP00165" HPOS="880" VPOS="1474" WIDTH="12"/>
						<String ID="P108_ST00195" HPOS="892" VPOS="1444" WIDTH="37" HEIGHT="22" CONTENT="his" WC="0.67" CC="035"/>
						<SP ID="P108_SP00166" HPOS="929" VPOS="1474" WIDTH="20"/>
						<String ID="P108_ST00196" HPOS="949" VPOS="1448" WIDTH="34" HEIGHT="18" CONTENT="at" SUBS_TYPE="HypPart1" SUBS_CONTENT="attachment" WC="1.00" CC="000"/>
						<HYP CONTENT="-"/>
					</TextLine>
					<TextLine ID="P108_TL00029" HPOS="143" VPOS="1491" WIDTH="841" HEIGHT="33">
						<String ID="P108_ST00197" HPOS="143" VPOS="1493" WIDTH="124" HEIGHT="23" CONTENT="tachment" SUBS_TYPE="HypPart2" SUBS_CONTENT="attachment" WC="0.65" CC="09074060"/>
						<SP ID="P108_SP00167" HPOS="267" VPOS="1516" WIDTH="13"/>
						<String ID="P108_ST00198" HPOS="280" VPOS="1495" WIDTH="26" HEIGHT="20" CONTENT="to" WC="0.51" CC="36"/>
						<SP ID="P108_SP00168" HPOS="306" VPOS="1516" WIDTH="13"/>
						<String ID="P108_ST00199" HPOS="319" VPOS="1491" WIDTH="113" HEIGHT="31" CONTENT="Spenser." WC="0.66" CC="45066040"/>
						<SP ID="P108_SP00169" HPOS="432" VPOS="1522" WIDTH="38"/>
						<String ID="P108_ST00200" HPOS="470" VPOS="1491" WIDTH="39" HEIGHT="23" CONTENT="He" WC="0.70" CC="60"/>
						<SP ID="P108_SP00170" HPOS="509" VPOS="1522" WIDTH="24"/>
						<String ID="P108_ST00201" HPOS="533" VPOS="1498" WIDTH="55" HEIGHT="23" CONTENT="says" WC="0.65" CC="3603"/>
						<SP ID="P108_SP00171" HPOS="588" VPOS="1522" WIDTH="22"/>
						<String ID="P108_ST00202" HPOS="610" VPOS="1492" WIDTH="53" HEIGHT="23" CONTENT="that" WC="1.00" CC="0000"/>
						<SP ID="P108_SP00172" HPOS="663" VPOS="1522" WIDTH="24"/>
						<String ID="P108_ST00203" HPOS="687" VPOS="1492" WIDTH="31" HEIGHT="23" CONTENT="he" WC="1.00" CC="00"/>
						<SP ID="P108_SP00173" HPOS="718" VPOS="1522" WIDTH="21"/>
						<String ID="P108_ST00204" HPOS="739" VPOS="1493" WIDTH="59" HEIGHT="22" CONTENT="read" WC="0.73" CC="6004"/>
						<SP ID="P108_SP00174" HPOS="798" VPOS="1522" WIDTH="21"/>
						<String ID="P108_ST00205" HPOS="819" VPOS="1493" WIDTH="41" HEIGHT="22" CONTENT="the" WC="0.75" CC="070"/>
						<SP ID="P108_SP00175" HPOS="860" VPOS="1522" WIDTH="25"/>
						<String ID="P108_ST00206" HPOS="885" VPOS="1496" WIDTH="14" HEIGHT="10" CONTENT='"' WC="0.51" CC="4"/>
						<SP ID="P108_SP00176" HPOS="899" VPOS="1522" WIDTH="11"/>
						<String ID="P108_ST00207" HPOS="910" VPOS="1493" WIDTH="74" HEIGHT="31" CONTENT="Faery" WC="0.78" CC="40060"/>
					</TextLine>
					<TextLine ID="P108_TL00030" HPOS="146" VPOS="1541" WIDTH="838" HEIGHT="31">
						<String ID="P108_ST00208" HPOS="146" VPOS="1542" WIDTH="100" HEIGHT="29" CONTENT='Queen"' WC="0.79" CC="010073"/>
						<SP ID="P108_SP00177" HPOS="246" VPOS="1571" WIDTH="20"/>
						<String ID="P108_ST00209" HPOS="266" VPOS="1542" WIDTH="60" HEIGHT="22" CONTENT="with" WC="0.71" CC="0406"/>
						<SP ID="P108_SP00178" HPOS="326" VPOS="1571" WIDTH="12"/>
						<String ID="P108_ST00210" HPOS="338" VPOS="1544" WIDTH="53" HEIGHT="20" CONTENT="vast" WC="0.59" CC="6540"/>
						<SP ID="P108_SP00179" HPOS="391" VPOS="1571" WIDTH="21"/>
						<String ID="P108_ST00211" HPOS="412" VPOS="1541" WIDTH="93" HEIGHT="31" CONTENT="delight" WC="0.88" CC="0020050"/>
						<SP ID="P108_SP00180" HPOS="505" VPOS="1572" WIDTH="19"/>
						<String ID="P108_ST00212" HPOS="524" VPOS="1544" WIDTH="24" HEIGHT="20" CONTENT="at" WC="0.82" CC="03"/>
						<SP ID="P108_SP00181" HPOS="548" VPOS="1572" WIDTH="12"/>
						<String ID="P108_ST00213" HPOS="560" VPOS="1541" WIDTH="41" HEIGHT="23" CONTENT="the" WC="0.91" CC="020"/>
						<SP ID="P108_SP00182" HPOS="601" VPOS="1572" WIDTH="22"/>
						<String ID="P108_ST00214" HPOS="623" VPOS="1549" WIDTH="45" HEIGHT="23" CONTENT="age" WC="1.00" CC="000"/>
						<SP ID="P108_SP00183" HPOS="668" VPOS="1572" WIDTH="14"/>
						<String ID="P108_ST00215" HPOS="682" VPOS="1542" WIDTH="26" HEIGHT="22" CONTENT="of" WC="1.00" CC="00"/>
						<SP ID="P108_SP00184" HPOS="708" VPOS="1572" WIDTH="9"/>
						<String ID="P108_ST00216" HPOS="717" VPOS="1542" WIDTH="95" HEIGHT="26" CONTENT="twelve," WC="0.90" CC="0000600"/>
						<SP ID="P108_SP00185" HPOS="812" VPOS="1572" WIDTH="23"/>
						<String ID="P108_ST00217" HPOS="835" VPOS="1542" WIDTH="46" HEIGHT="22" CONTENT="and" WC="0.63" CC="055"/>
						<SP ID="P108_SP00186" HPOS="881" VPOS="1572" WIDTH="13"/>
						<String ID="P108_ST00218" HPOS="894" VPOS="1542" WIDTH="52" HEIGHT="23" CONTENT="that" WC="1.00" CC="0000"/>
						<SP ID="P108_SP00187" HPOS="946" VPOS="1572" WIDTH="21"/>
						<String ID="P108_ST00219" HPOS="967" VPOS="1542" WIDTH="17" HEIGHT="22" CONTENT="it" WC="0.88" CC="20"/>
					</TextLine>
					<TextLine ID="P108_TL00031" HPOS="145" VPOS="1588" WIDTH="839" HEIGHT="34">
						<String ID="P108_ST00220" HPOS="145" VPOS="1596" WIDTH="61" HEIGHT="23" CONTENT="gave" WC="0.61" CC="9050"/>
						<SP ID="P108_SP00188" HPOS="206" VPOS="1619" WIDTH="18"/>
						<String ID="P108_ST00221" HPOS="224" VPOS="1588" WIDTH="51" HEIGHT="23" CONTENT="him" WC="0.75" CC="610"/>
						<SP ID="P108_SP00189" HPOS="275" VPOS="1619" WIDTH="13"/>
						<String ID="P108_ST00222" HPOS="288" VPOS="1588" WIDTH="41" HEIGHT="23" CONTENT="the" WC="0.73" CC="070"/>
						<SP ID="P108_SP00190" HPOS="329" VPOS="1619" WIDTH="13"/>
						<String ID="P108_ST00223" HPOS="342" VPOS="1596" WIDTH="64" HEIGHT="15" CONTENT="same" WC="0.92" CC="3000"/>
						<SP ID="P108_SP00191" HPOS="406" VPOS="1619" WIDTH="20"/>
						<String ID="P108_ST00224" HPOS="426" VPOS="1588" WIDTH="108" HEIGHT="31" CONTENT="pleasure" WC="0.75" CC="04005630"/>
						<SP ID="P108_SP00192" HPOS="534" VPOS="1619" WIDTH="13"/>
						<String ID="P108_ST00225" HPOS="547" VPOS="1589" WIDTH="25" HEIGHT="22" CONTENT="in" WC="0.42" CC="47"/>
						<SP ID="P108_SP00193" HPOS="572" VPOS="1619" WIDTH="13"/>
						<String ID="P108_ST00226" HPOS="585" VPOS="1589" WIDTH="122" HEIGHT="24" CONTENT="advanced" WC="0.79" CC="90501000"/>
						<SP ID="P108_SP00194" HPOS="707" VPOS="1619" WIDTH="13"/>
						<String ID="P108_ST00227" HPOS="720" VPOS="1599" WIDTH="54" HEIGHT="23" CONTENT="age." WC="0.96" CC="0001"/>
						<SP ID="P108_SP00195" HPOS="774" VPOS="1622" WIDTH="36"/>
						<String ID="P108_ST00228" HPOS="810" VPOS="1592" WIDTH="51" HEIGHT="22" CONTENT="The" WC="0.75" CC="070"/>
						<SP ID="P108_SP00196" HPOS="861" VPOS="1622" WIDTH="23"/>
						<String ID="P108_ST00229" HPOS="884" VPOS="1592" WIDTH="100" HEIGHT="23" CONTENT="allitera" SUBS_TYPE="HypPart1" SUBS_CONTENT="alliterations" WC="0.92" CC="001500000"/>
						<HYP CONTENT="-"/>
					</TextLine>
					<TextLine ID="P108_TL00032" HPOS="145" VPOS="1636" WIDTH="697" HEIGHT="31">
						<String ID="P108_ST00230" HPOS="145" VPOS="1636" WIDTH="63" HEIGHT="22" CONTENT="tions" SUBS_TYPE="HypPart2" SUBS_CONTENT="alliterations" WC="0.70" CC="07070"/>
						<SP ID="P108_SP00197" HPOS="208" VPOS="1658" WIDTH="14"/>
						<String ID="P108_ST00231" HPOS="222" VPOS="1636" WIDTH="23" HEIGHT="22" CONTENT="in" WC="0.47" CC="63"/>
						<SP ID="P108_SP00198" HPOS="245" VPOS="1658" WIDTH="13"/>
						<String ID="P108_ST00232" HPOS="258" VPOS="1636" WIDTH="41" HEIGHT="22" CONTENT="the" WC="1.00" CC="000"/>
						<SP ID="P108_SP00199" HPOS="299" VPOS="1658" WIDTH="10"/>
						<String ID="P108_ST00233" HPOS="309" VPOS="1636" WIDTH="124" HEIGHT="31" CONTENT="following" WC="0.57" CC="000559259"/>
						<SP ID="P108_SP00200" HPOS="433" VPOS="1667" WIDTH="12"/>
						<String ID="P108_ST00234" HPOS="445" VPOS="1636" WIDTH="60" HEIGHT="23" CONTENT="lines" WC="0.73" CC="53004"/>
						<SP ID="P108_SP00201" HPOS="505" VPOS="1667" WIDTH="12"/>
						<String ID="P108_ST00235" HPOS="517" VPOS="1645" WIDTH="48" HEIGHT="19" CONTENT="are," WC="0.88" CC="0013"/>
						<SP ID="P108_SP00202" HPOS="565" VPOS="1667" WIDTH="13"/>
						<String ID="P108_ST00236" HPOS="578" VPOS="1638" WIDTH="111" HEIGHT="29" CONTENT="perhaps," WC="0.59" CC="90970033"/>
						<SP ID="P108_SP00203" HPOS="689" VPOS="1667" WIDTH="15"/>
						<String ID="P108_ST00237" HPOS="704" VPOS="1640" WIDTH="121" HEIGHT="23" CONTENT="excessive" WC="0.65" CC="090026550"/>
						<SP ID="P108_SP00204" HPOS="825" VPOS="1667" WIDTH="12"/>
						<String ID="P108_ST00238" HPOS="837" VPOS="1650" WIDTH="5" HEIGHT="14" CONTENT=":" WC="1.00" CC="0"/>
					</TextLine>
				</TextBlock>
				<TextBlock ID="P108_TB00018" HPOS="264" VPOS="1684" WIDTH="540" HEIGHT="70" STYLEREFS="TXT_1 PAR_LEFT">
					<TextLine ID="P108_TL00033" HPOS="266" VPOS="1685" WIDTH="538" HEIGHT="34">
						<String ID="P108_ST00239" HPOS="266" VPOS="1686" WIDTH="13" HEIGHT="10" CONTENT='"' WC="1.00" CC="0"/>
						<SP ID="P108_SP00205" HPOS="279" VPOS="1696" WIDTH="10"/>
						<String ID="P108_ST00240" HPOS="289" VPOS="1685" WIDTH="62" HEIGHT="21" CONTENT="Each" WC="0.55" CC="0466"/>
						<SP ID="P108_SP00206" HPOS="351" VPOS="1706" WIDTH="11"/>
						<String ID="P108_ST00241" HPOS="362" VPOS="1685" WIDTH="63" HEIGHT="22" CONTENT="chief" WC="0.65" CC="60650"/>
						<SP ID="P108_SP00207" HPOS="425" VPOS="1707" WIDTH="7"/>
						<String ID="P108_ST00242" HPOS="432" VPOS="1686" WIDTH="35" HEIGHT="21" CONTENT="his" WC="0.69" CC="026"/>
						<SP ID="P108_SP00208" HPOS="467" VPOS="1707" WIDTH="11"/>
						<String ID="P108_ST00243" HPOS="478" VPOS="1687" WIDTH="115" HEIGHT="22" CONTENT="sevenfold" WC="0.69" CC="907070030"/>
						<SP ID="P108_SP00209" HPOS="593" VPOS="1709" WIDTH="11"/>
						<String ID="P108_ST00244" HPOS="604" VPOS="1689" WIDTH="72" HEIGHT="22" CONTENT="shield" WC="0.63" CC="074640"/>
						<SP ID="P108_SP00210" HPOS="676" VPOS="1711" WIDTH="11"/>
						<String ID="P108_ST00245" HPOS="687" VPOS="1690" WIDTH="117" HEIGHT="29" CONTENT="displayed" WC="0.77" CC="863010000"/>
					</TextLine>
					<TextLine ID="P108_TL00034" HPOS="264" VPOS="1723" WIDTH="517" HEIGHT="31">
						<String ID="P108_ST00246" HPOS="264" VPOS="1723" WIDTH="54" HEIGHT="21" CONTENT="And" WC="0.75" CC="070"/>
						<SP ID="P108_SP00211" HPOS="318" VPOS="1744" WIDTH="11"/>
						<String ID="P108_ST00247" HPOS="329" VPOS="1724" WIDTH="55" HEIGHT="20" CONTENT="each" WC="0.53" CC="5056"/>
						<SP ID="P108_SP00212" HPOS="384" VPOS="1744" WIDTH="12"/>
						<String ID="P108_ST00248" HPOS="396" VPOS="1724" WIDTH="142" HEIGHT="22" CONTENT="unsAeathed" WC="0.68" CC="3480210550"/>
						<SP ID="P108_SP00213" HPOS="538" VPOS="1746" WIDTH="11"/>
						<String ID="P108_ST00249" HPOS="549" VPOS="1725" WIDTH="34" HEIGHT="22" CONTENT="his" WC="0.47" CC="735"/>
						<SP ID="P108_SP00214" HPOS="583" VPOS="1747" WIDTH="11"/>
						<String ID="P108_ST00250" HPOS="594" VPOS="1726" WIDTH="89" HEIGHT="28" CONTENT="sAining" WC="0.53" CC="9058620"/>
						<SP ID="P108_SP00215" HPOS="683" VPOS="1754" WIDTH="11"/>
						<String ID="P108_ST00251" HPOS="694" VPOS="1727" WIDTH="87" HEIGHT="22" CONTENT='blade."' WC="0.77" CC="4200502"/>
					</TextLine>
				</TextBlock>
			</PrintSpace>
		</Page>
	</Layout>
</alto>
