<?xml version="1.0" encoding="UTF-8"?>
<alto xmlns:xsi="http://www.w3.org/2001/XMLSchema-instance" xsi:noNamespaceSchemaLocation="http://www.bl.uk/schemas/alto/alto-1-4.xsd" xmlns:xlink="http://www.w3.org/1999/xlink">
	<Description>
		<MeasurementUnit>mm10</MeasurementUnit>
		<sourceImageInformation>
			<fileName>//head1/IN/2008-26/A0011759050/008130.jp2</fileName>
		</sourceImageInformation>
		<OCRProcessing ID="OCRPROCESSING_1">
			<preProcessingStep>
				<processingSoftware>
					<softwareCreator>CCS Content Conversion Specialists GmbH, Germany</softwareCreator>
					<softwareName>CCS docWORKS</softwareName>
					<softwareVersion>6.1-0.67</softwareVersion>
				</processingSoftware>
			</preProcessingStep>
			<ocrProcessingStep>
				<processingSoftware>
					<softwareCreator>ABBYY (BIT Software), Russia</softwareCreator>
					<softwareName>Finereader</softwareName>
				</processingSoftware>
			</ocrProcessingStep>
		</OCRProcessing>
	</Description>
	<Styles>
		<TextStyle ID="TXT_0" FONTSIZE="10" FONTFAMILY="Courier New"/>
		<TextStyle ID="TXT_1" FONTSIZE="9" FONTFAMILY="Courier New"/>
		<ParagraphStyle ID="PAR_LEFT" ALIGN="Left"/>
		<ParagraphStyle ID="PAR_CENTER" ALIGN="Center"/>
	</Styles>
	<Layout>
		<Page ID="P138" PHYSICAL_IMG_NR="138" HEIGHT="1962" WIDTH="1120" PRINTED_IMG_NR="128" POSITION="Left" ACCURACY="74.64">
			<TopMargin ID="P138_TM00001" HPOS="0" VPOS="0" WIDTH="1120" HEIGHT="194">
				<TextBlock ID="P138_TB00001" HPOS="164" VPOS="171" WIDTH="45" HEIGHT="22" STYLEREFS="TXT_0 PAR_LEFT">
					<TextLine ID="P138_TL00001" HPOS="164" VPOS="171" WIDTH="45" HEIGHT="22">
						<String ID="P138_ST00001" HPOS="164" VPOS="171" WIDTH="45" HEIGHT="22" CONTENT="128" WC="1.00" CC="000"/>
					</TextLine>
				</TextBlock>
				<TextBlock ID="P138_TB00002" HPOS="458" VPOS="176" WIDTH="239" HEIGHT="16" STYLEREFS="TXT_1 PAR_CENTER">
					<TextLine ID="P138_TL00002" HPOS="459" VPOS="177" WIDTH="238" HEIGHT="15">
						<String ID="P138_ST00002" HPOS="459" VPOS="177" WIDTH="118" HEIGHT="15" CONTENT="POETICAL" WC="0.46" CC="20197199"/>
						<SP ID="P138_SP00001" HPOS="577" VPOS="192" WIDTH="20"/>
						<String ID="P138_ST00003" HPOS="597" VPOS="177" WIDTH="100" HEIGHT="15" CONTENT="AVIARY." WC="0.66" CC="0430770"/>
					</TextLine>
				</TextBlock>
			</TopMargin>
			<LeftMargin ID="P138_LM00001" HPOS="0" VPOS="194" WIDTH="161" HEIGHT="1524"/>
			<RightMargin ID="P138_RM00001" HPOS="999" VPOS="194" WIDTH="121" HEIGHT="1524"/>
			<BottomMargin ID="P138_BM00001" HPOS="0" VPOS="1718" WIDTH="1120" HEIGHT="243"/>
			<PrintSpace ID="P138_PS00001" HPOS="161" VPOS="194" WIDTH="838" HEIGHT="1524">
				<TextBlock ID="P138_TB00003" HPOS="161" VPOS="250" WIDTH="837" HEIGHT="76" STYLEREFS="TXT_1 PAR_LEFT">
					<TextLine ID="P138_TL00003" HPOS="163" VPOS="250" WIDTH="835" HEIGHT="31">
						<String ID="P138_ST00004" HPOS="163" VPOS="251" WIDTH="45" HEIGHT="22" CONTENT="and" WC="0.54" CC="930"/>
						<SP ID="P138_SP00002" HPOS="208" VPOS="273" WIDTH="19"/>
						<String ID="P138_ST00005" HPOS="227" VPOS="251" WIDTH="62" HEIGHT="22" CONTENT="their" WC="0.76" CC="05023"/>
						<SP ID="P138_SP00003" HPOS="289" VPOS="273" WIDTH="12"/>
						<String ID="P138_ST00006" HPOS="301" VPOS="250" WIDTH="73" HEIGHT="30" CONTENT="being" WC="0.61" CC="75060"/>
						<SP ID="P138_SP00004" HPOS="374" VPOS="280" WIDTH="14"/>
						<String ID="P138_ST00007" HPOS="388" VPOS="250" WIDTH="125" HEIGHT="30" CONTENT="oviparous" WC="0.75" CC="057000035"/>
						<SP ID="P138_SP00005" HPOS="513" VPOS="280" WIDTH="20"/>
						<String ID="P138_ST00008" HPOS="533" VPOS="251" WIDTH="46" HEIGHT="22" CONTENT="and" WC="0.96" CC="010"/>
						<SP ID="P138_SP00006" HPOS="579" VPOS="280" WIDTH="12"/>
						<String ID="P138_ST00009" HPOS="591" VPOS="255" WIDTH="42" HEIGHT="18" CONTENT="not" WC="0.85" CC="400"/>
						<SP ID="P138_SP00007" HPOS="633" VPOS="280" WIDTH="14"/>
						<String ID="P138_ST00010" HPOS="647" VPOS="250" WIDTH="143" HEIGHT="31" CONTENT="viviparous," WC="0.81" CC="41100500240"/>
						<SP ID="P138_SP00008" HPOS="790" VPOS="281" WIDTH="16"/>
						<String ID="P138_ST00011" HPOS="806" VPOS="258" WIDTH="39" HEIGHT="15" CONTENT="are" WC="0.91" CC="020"/>
						<SP ID="P138_SP00009" HPOS="845" VPOS="281" WIDTH="14"/>
						<String ID="P138_ST00012" HPOS="859" VPOS="258" WIDTH="88" HEIGHT="23" CONTENT="among" WC="0.83" CC="06020"/>
						<SP ID="P138_SP00010" HPOS="947" VPOS="281" WIDTH="11"/>
						<String ID="P138_ST00013" HPOS="958" VPOS="250" WIDTH="40" HEIGHT="23" CONTENT="the" WC="0.76" CC="070"/>
					</TextLine>
					<TextLine ID="P138_TL00004" HPOS="162" VPOS="296" WIDTH="808" HEIGHT="30">
						<String ID="P138_ST00014" HPOS="162" VPOS="296" WIDTH="131" HEIGHT="23" CONTENT="wonderful" WC="0.83" CC="003004061"/>
						<SP ID="P138_SP00011" HPOS="293" VPOS="319" WIDTH="11"/>
						<String ID="P138_ST00015" HPOS="304" VPOS="296" WIDTH="141" HEIGHT="23" CONTENT="indications" WC="0.59" CC="66620523047"/>
						<SP ID="P138_SP00012" HPOS="445" VPOS="319" WIDTH="14"/>
						<String ID="P138_ST00016" HPOS="459" VPOS="297" WIDTH="26" HEIGHT="22" CONTENT="of" WC="0.98" CC="00"/>
						<SP ID="P138_SP00013" HPOS="485" VPOS="319" WIDTH="9"/>
						<String ID="P138_ST00017" HPOS="494" VPOS="297" WIDTH="84" HEIGHT="29" CONTENT="design" WC="0.65" CC="806401"/>
						<SP ID="P138_SP00014" HPOS="578" VPOS="326" WIDTH="13"/>
						<String ID="P138_ST00018" HPOS="591" VPOS="297" WIDTH="79" HEIGHT="23" CONTENT="which" WC="0.73" CC="05204"/>
						<SP ID="P138_SP00015" HPOS="670" VPOS="326" WIDTH="12"/>
						<String ID="P138_ST00019" HPOS="682" VPOS="297" WIDTH="104" HEIGHT="29" CONTENT="pervade" WC="0.94" CC="0030000"/>
						<SP ID="P138_SP00016" HPOS="786" VPOS="326" WIDTH="12"/>
						<String ID="P138_ST00020" HPOS="798" VPOS="297" WIDTH="41" HEIGHT="23" CONTENT="the" WC="0.77" CC="060"/>
						<SP ID="P138_SP00017" HPOS="839" VPOS="326" WIDTH="14"/>
						<String ID="P138_ST00021" HPOS="853" VPOS="297" WIDTH="117" HEIGHT="23" CONTENT="universe." WC="0.69" CC="063505500"/>
					</TextLine>
				</TextBlock>
				<TextBlock ID="P138_TB00004" HPOS="161" VPOS="343" WIDTH="838" HEIGHT="746" STYLEREFS="TXT_1 PAR_LEFT">
					<TextLine ID="P138_TL00005" HPOS="196" VPOS="344" WIDTH="803" HEIGHT="31">
						<String ID="P138_ST00022" HPOS="196" VPOS="346" WIDTH="22" HEIGHT="22" CONTENT="It" WC="0.69" CC="06"/>
						<SP ID="P138_SP00018" HPOS="218" VPOS="368" WIDTH="22"/>
						<String ID="P138_ST00023" HPOS="240" VPOS="347" WIDTH="20" HEIGHT="21" CONTENT="is" WC="0.42" CC="55"/>
						<SP ID="P138_SP00019" HPOS="260" VPOS="368" WIDTH="21"/>
						<String ID="P138_ST00024" HPOS="281" VPOS="345" WIDTH="91" HEIGHT="23" CONTENT="certain" WC="0.65" CC="0063904"/>
						<SP ID="P138_SP00020" HPOS="372" VPOS="368" WIDTH="18"/>
						<String ID="P138_ST00025" HPOS="390" VPOS="345" WIDTH="53" HEIGHT="22" CONTENT="that" WC="0.66" CC="0760"/>
						<SP ID="P138_SP00021" HPOS="443" VPOS="368" WIDTH="14"/>
						<String ID="P138_ST00026" HPOS="457" VPOS="345" WIDTH="71" HEIGHT="22" CONTENT="about" WC="0.60" CC="07542"/>
						<SP ID="P138_SP00022" HPOS="528" VPOS="368" WIDTH="19"/>
						<String ID="P138_ST00027" HPOS="547" VPOS="348" WIDTH="91" HEIGHT="27" CONTENT="twenty" WC="0.77" CC="360300"/>
						<SP ID="P138_SP00023" HPOS="638" VPOS="375" WIDTH="11"/>
						<String ID="P138_ST00028" HPOS="649" VPOS="344" WIDTH="71" HEIGHT="22" CONTENT="kinds" WC="0.85" CC="00600"/>
						<SP ID="P138_SP00024" HPOS="720" VPOS="375" WIDTH="14"/>
						<String ID="P138_ST00029" HPOS="734" VPOS="344" WIDTH="25" HEIGHT="22" CONTENT="of" WC="0.47" CC="63"/>
						<SP ID="P138_SP00025" HPOS="759" VPOS="375" WIDTH="11"/>
						<String ID="P138_ST00030" HPOS="770" VPOS="344" WIDTH="66" HEIGHT="22" CONTENT="birds" WC="0.86" CC="00006"/>
						<SP ID="P138_SP00026" HPOS="836" VPOS="375" WIDTH="19"/>
						<String ID="P138_ST00031" HPOS="855" VPOS="351" WIDTH="39" HEIGHT="15" CONTENT="are" WC="0.88" CC="030"/>
						<SP ID="P138_SP00027" HPOS="894" VPOS="375" WIDTH="14"/>
						<String ID="P138_ST00032" HPOS="908" VPOS="351" WIDTH="55" HEIGHT="15" CONTENT="seen" WC="0.71" CC="6031"/>
						<SP ID="P138_SP00028" HPOS="963" VPOS="375" WIDTH="13"/>
						<String ID="P138_ST00033" HPOS="976" VPOS="344" WIDTH="23" HEIGHT="22" CONTENT="in" WC="1.00" CC="00"/>
					</TextLine>
					<TextLine ID="P138_TL00006" HPOS="163" VPOS="390" WIDTH="835" HEIGHT="33">
						<String ID="P138_ST00034" HPOS="163" VPOS="393" WIDTH="111" HEIGHT="30" CONTENT="England" WC="0.55" CC="0696070"/>
						<SP ID="P138_SP00029" HPOS="274" VPOS="423" WIDTH="13"/>
						<String ID="P138_ST00035" HPOS="287" VPOS="392" WIDTH="55" HEIGHT="30" CONTENT="only" WC="0.71" CC="4600"/>
						<SP ID="P138_SP00030" HPOS="342" VPOS="423" WIDTH="12"/>
						<String ID="P138_ST00036" HPOS="354" VPOS="392" WIDTH="24" HEIGHT="22" CONTENT="in" WC="0.45" CC="45"/>
						<SP ID="P138_SP00031" HPOS="378" VPOS="423" WIDTH="14"/>
						<String ID="P138_ST00037" HPOS="392" VPOS="392" WIDTH="41" HEIGHT="22" CONTENT="the" WC="0.73" CC="160"/>
						<SP ID="P138_SP00032" HPOS="433" VPOS="423" WIDTH="14"/>
						<String ID="P138_ST00038" HPOS="447" VPOS="392" WIDTH="83" HEIGHT="30" CONTENT="spring" WC="0.79" CC="600050"/>
						<SP ID="P138_SP00033" HPOS="530" VPOS="423" WIDTH="13"/>
						<String ID="P138_ST00039" HPOS="543" VPOS="392" WIDTH="46" HEIGHT="22" CONTENT="and" WC="0.54" CC="048"/>
						<SP ID="P138_SP00034" HPOS="589" VPOS="423" WIDTH="14"/>
						<String ID="P138_ST00040" HPOS="603" VPOS="399" WIDTH="104" HEIGHT="15" CONTENT="summer" WC="0.76" CC="605002"/>
						<SP ID="P138_SP00035" HPOS="707" VPOS="423" WIDTH="11"/>
						<String ID="P138_ST00041" HPOS="718" VPOS="400" WIDTH="4" HEIGHT="18" CONTENT=";" WC="0.69" CC="3"/>
						<SP ID="P138_SP00036" HPOS="722" VPOS="423" WIDTH="24"/>
						<String ID="P138_ST00042" HPOS="746" VPOS="391" WIDTH="41" HEIGHT="22" CONTENT="the" WC="0.80" CC="060"/>
						<SP ID="P138_SP00037" HPOS="787" VPOS="423" WIDTH="20"/>
						<String ID="P138_ST00043" HPOS="807" VPOS="390" WIDTH="71" HEIGHT="23" CONTENT="times" WC="0.86" CC="00007"/>
						<SP ID="P138_SP00038" HPOS="878" VPOS="423" WIDTH="21"/>
						<String ID="P138_ST00044" HPOS="899" VPOS="390" WIDTH="26" HEIGHT="23" CONTENT="of" WC="0.77" CC="40"/>
						<SP ID="P138_SP00039" HPOS="925" VPOS="423" WIDTH="16"/>
						<String ID="P138_ST00045" HPOS="941" VPOS="391" WIDTH="57" HEIGHT="22" CONTENT="each" WC="0.59" CC="0906"/>
					</TextLine>
					<TextLine ID="P138_TL00007" HPOS="163" VPOS="438" WIDTH="836" HEIGHT="32">
						<String ID="P138_ST00046" HPOS="163" VPOS="440" WIDTH="89" HEIGHT="30" CONTENT="species" WC="0.75" CC="5020305"/>
						<SP ID="P138_SP00040" HPOS="252" VPOS="470" WIDTH="14"/>
						<String ID="P138_ST00047" HPOS="266" VPOS="439" WIDTH="129" HEIGHT="30" CONTENT="appearing" WC="0.72" CC="000007349"/>
						<SP ID="P138_SP00041" HPOS="395" VPOS="470" WIDTH="11"/>
						<String ID="P138_ST00048" HPOS="406" VPOS="447" WIDTH="38" HEIGHT="14" CONTENT="are" WC="0.89" CC="030"/>
						<SP ID="P138_SP00042" HPOS="444" VPOS="470" WIDTH="14"/>
						<String ID="P138_ST00049" HPOS="458" VPOS="443" WIDTH="36" HEIGHT="18" CONTENT="set" WC="0.77" CC="600"/>
						<SP ID="P138_SP00043" HPOS="494" VPOS="470" WIDTH="10"/>
						<String ID="P138_ST00050" HPOS="504" VPOS="440" WIDTH="69" HEIGHT="21" CONTENT="down" WC="0.60" CC="0690"/>
						<SP ID="P138_SP00044" HPOS="573" VPOS="470" WIDTH="12"/>
						<String ID="P138_ST00051" HPOS="585" VPOS="440" WIDTH="24" HEIGHT="21" CONTENT="in" WC="1.00" CC="00"/>
						<SP ID="P138_SP00045" HPOS="609" VPOS="470" WIDTH="12"/>
						<String ID="P138_ST00052" HPOS="621" VPOS="440" WIDTH="84" HEIGHT="22" CONTENT="tables." WC="0.64" CC="0066560"/>
						<SP ID="P138_SP00046" HPOS="705" VPOS="470" WIDTH="21"/>
						<String ID="P138_ST00053" HPOS="726" VPOS="440" WIDTH="20" HEIGHT="21" CONTENT="A" WC="1.00" CC="0"/>
						<SP ID="P138_SP00047" HPOS="746" VPOS="470" WIDTH="14"/>
						<String ID="P138_ST00054" HPOS="760" VPOS="439" WIDTH="131" HEIGHT="22" CONTENT="somewhat" WC="0.73" CC="70600700"/>
						<SP ID="P138_SP00048" HPOS="891" VPOS="470" WIDTH="14"/>
						<String ID="P138_ST00055" HPOS="905" VPOS="438" WIDTH="94" HEIGHT="23" CONTENT="smaller" WC="0.70" CC="6070104"/>
					</TextLine>
					<TextLine ID="P138_TL00008" HPOS="162" VPOS="487" WIDTH="835" HEIGHT="30">
						<String ID="P138_ST00056" HPOS="162" VPOS="488" WIDTH="91" HEIGHT="29" CONTENT="variety" WC="0.80" CC="7005000"/>
						<SP ID="P138_SP00049" HPOS="253" VPOS="517" WIDTH="13"/>
						<String ID="P138_ST00057" HPOS="266" VPOS="487" WIDTH="26" HEIGHT="23" CONTENT="of" WC="0.76" CC="03"/>
						<SP ID="P138_SP00050" HPOS="292" VPOS="517" WIDTH="10"/>
						<String ID="P138_ST00058" HPOS="302" VPOS="487" WIDTH="65" HEIGHT="22" CONTENT="birds" WC="0.74" CC="06006"/>
						<SP ID="P138_SP00051" HPOS="367" VPOS="517" WIDTH="22"/>
						<String ID="P138_ST00059" HPOS="389" VPOS="494" WIDTH="39" HEIGHT="16" CONTENT="are" WC="0.83" CC="031"/>
						<SP ID="P138_SP00052" HPOS="428" VPOS="517" WIDTH="13"/>
						<String ID="P138_ST00060" HPOS="441" VPOS="494" WIDTH="55" HEIGHT="16" CONTENT="seen" WC="0.74" CC="5004"/>
						<SP ID="P138_SP00053" HPOS="496" VPOS="517" WIDTH="19"/>
						<String ID="P138_ST00061" HPOS="515" VPOS="488" WIDTH="23" HEIGHT="21" CONTENT="in" WC="0.34" CC="66"/>
						<SP ID="P138_SP00054" HPOS="538" VPOS="517" WIDTH="14"/>
						<String ID="P138_ST00062" HPOS="552" VPOS="488" WIDTH="111" HEIGHT="29" CONTENT="England" WC="0.61" CC="0496060"/>
						<SP ID="P138_SP00055" HPOS="663" VPOS="517" WIDTH="13"/>
						<String ID="P138_ST00063" HPOS="676" VPOS="488" WIDTH="56" HEIGHT="22" CONTENT="only" WC="0.67" CC="2730"/>
						<SP ID="P138_SP00056" HPOS="732" VPOS="517" WIDTH="14"/>
						<String ID="P138_ST00064" HPOS="746" VPOS="488" WIDTH="87" HEIGHT="29" CONTENT="during" WC="0.56" CC="086460"/>
						<SP ID="P138_SP00057" HPOS="833" VPOS="517" WIDTH="19"/>
						<String ID="P138_ST00065" HPOS="852" VPOS="488" WIDTH="40" HEIGHT="22" CONTENT="the" WC="0.75" CC="070"/>
						<SP ID="P138_SP00058" HPOS="892" VPOS="517" WIDTH="13"/>
						<String ID="P138_ST00066" HPOS="905" VPOS="488" WIDTH="92" HEIGHT="22" CONTENT="winter." WC="0.89" CC="0004110"/>
					</TextLine>
					<TextLine ID="P138_TL00009" HPOS="162" VPOS="535" WIDTH="837" HEIGHT="30">
						<String ID="P138_ST00067" HPOS="162" VPOS="538" WIDTH="23" HEIGHT="23" CONTENT="It" WC="1.00" CC="00"/>
						<SP ID="P138_SP00059" HPOS="185" VPOS="561" WIDTH="12"/>
						<String ID="P138_ST00068" HPOS="197" VPOS="538" WIDTH="20" HEIGHT="22" CONTENT="is" WC="0.45" CC="37"/>
						<SP ID="P138_SP00060" HPOS="217" VPOS="561" WIDTH="12"/>
						<String ID="P138_ST00069" HPOS="229" VPOS="537" WIDTH="53" HEIGHT="22" CONTENT="well" WC="0.69" CC="0065"/>
						<SP ID="P138_SP00061" HPOS="282" VPOS="561" WIDTH="12"/>
						<String ID="P138_ST00070" HPOS="294" VPOS="537" WIDTH="86" HEIGHT="22" CONTENT="known" WC="0.97" CC="00001"/>
						<SP ID="P138_SP00062" HPOS="380" VPOS="561" WIDTH="13"/>
						<String ID="P138_ST00071" HPOS="393" VPOS="537" WIDTH="50" HEIGHT="22" CONTENT="also" WC="0.84" CC="0060"/>
						<SP ID="P138_SP00063" HPOS="443" VPOS="561" WIDTH="12"/>
						<String ID="P138_ST00072" HPOS="455" VPOS="540" WIDTH="25" HEIGHT="19" CONTENT="to" WC="0.83" CC="12"/>
						<SP ID="P138_SP00064" HPOS="480" VPOS="561" WIDTH="13"/>
						<String ID="P138_ST00073" HPOS="493" VPOS="537" WIDTH="182" HEIGHT="25" CONTENT="bird-catchers," WC="0.78" CC="20000000472463"/>
						<SP ID="P138_SP00065" HPOS="675" VPOS="562" WIDTH="12"/>
						<String ID="P138_ST00074" HPOS="687" VPOS="537" WIDTH="53" HEIGHT="22" CONTENT="who" WC="0.51" CC="940"/>
						<SP ID="P138_SP00066" HPOS="740" VPOS="562" WIDTH="14"/>
						<String ID="P138_ST00075" HPOS="754" VPOS="536" WIDTH="54" HEIGHT="29" CONTENT="only" WC="0.94" CC="1010"/>
						<SP ID="P138_SP00067" HPOS="808" VPOS="565" WIDTH="13"/>
						<String ID="P138_ST00076" HPOS="821" VPOS="536" WIDTH="56" HEIGHT="22" CONTENT="look" WC="0.86" CC="0050"/>
						<SP ID="P138_SP00068" HPOS="877" VPOS="565" WIDTH="13"/>
						<String ID="P138_ST00077" HPOS="890" VPOS="535" WIDTH="60" HEIGHT="23" CONTENT="after" WC="0.80" CC="05003"/>
						<SP ID="P138_SP00069" HPOS="950" VPOS="565" WIDTH="10"/>
						<String ID="P138_ST00078" HPOS="960" VPOS="536" WIDTH="39" HEIGHT="22" CONTENT="the" WC="1.00" CC="000"/>
					</TextLine>
					<TextLine ID="P138_TL00010" HPOS="162" VPOS="583" WIDTH="837" HEIGHT="32">
						<String ID="P138_ST00079" HPOS="162" VPOS="587" WIDTH="81" HEIGHT="25" CONTENT="males," WC="0.54" CC="755062"/>
						<SP ID="P138_SP00070" HPOS="243" VPOS="612" WIDTH="19"/>
						<String ID="P138_ST00080" HPOS="262" VPOS="593" WIDTH="31" HEIGHT="15" CONTENT="on" WC="0.72" CC="05"/>
						<SP ID="P138_SP00071" HPOS="293" VPOS="612" WIDTH="23"/>
						<String ID="P138_ST00081" HPOS="316" VPOS="588" WIDTH="101" HEIGHT="19" CONTENT="account" WC="0.85" CC="5040000"/>
						<SP ID="P138_SP00072" HPOS="417" VPOS="612" WIDTH="13"/>
						<String ID="P138_ST00082" HPOS="430" VPOS="584" WIDTH="25" HEIGHT="23" CONTENT="of" WC="0.65" CC="41"/>
						<SP ID="P138_SP00073" HPOS="455" VPOS="612" WIDTH="19"/>
						<String ID="P138_ST00083" HPOS="474" VPOS="584" WIDTH="63" HEIGHT="23" CONTENT="their" WC="0.77" CC="07003"/>
						<SP ID="P138_SP00074" HPOS="537" VPOS="612" WIDTH="21"/>
						<String ID="P138_ST00084" HPOS="558" VPOS="592" WIDTH="69" HEIGHT="23" CONTENT="song," WC="0.70" CC="43700"/>
						<SP ID="P138_SP00075" HPOS="627" VPOS="615" WIDTH="15"/>
						<String ID="P138_ST00085" HPOS="642" VPOS="584" WIDTH="52" HEIGHT="22" CONTENT="that" WC="0.57" CC="0790"/>
						<SP ID="P138_SP00076" HPOS="694" VPOS="615" WIDTH="13"/>
						<String ID="P138_ST00086" HPOS="707" VPOS="584" WIDTH="41" HEIGHT="22" CONTENT="the" WC="0.79" CC="060"/>
						<SP ID="P138_SP00077" HPOS="748" VPOS="615" WIDTH="18"/>
						<String ID="P138_ST00087" HPOS="766" VPOS="583" WIDTH="82" HEIGHT="23" CONTENT="vernal" WC="0.84" CC="200700"/>
						<SP ID="P138_SP00078" HPOS="848" VPOS="615" WIDTH="13"/>
						<String ID="P138_ST00088" HPOS="861" VPOS="583" WIDTH="61" HEIGHT="23" CONTENT="male" WC="1.00" CC="0000"/>
						<SP ID="P138_SP00079" HPOS="922" VPOS="615" WIDTH="13"/>
						<String ID="P138_ST00089" HPOS="935" VPOS="583" WIDTH="64" HEIGHT="22" CONTENT="birds" WC="0.76" CC="60005"/>
					</TextLine>
					<TextLine ID="P138_TL00011" HPOS="163" VPOS="629" WIDTH="834" HEIGHT="31">
						<String ID="P138_ST00090" HPOS="163" VPOS="631" WIDTH="67" HEIGHT="22" CONTENT="make" WC="0.70" CC="6050"/>
						<SP ID="P138_SP00080" HPOS="230" VPOS="653" WIDTH="13"/>
						<String ID="P138_ST00091" HPOS="243" VPOS="631" WIDTH="63" HEIGHT="22" CONTENT="their" WC="0.70" CC="07034"/>
						<SP ID="P138_SP00081" HPOS="306" VPOS="653" WIDTH="11"/>
						<String ID="P138_ST00092" HPOS="317" VPOS="637" WIDTH="147" HEIGHT="22" CONTENT="appearance" WC="0.77" CC="0000247710"/>
						<SP ID="P138_SP00082" HPOS="464" VPOS="659" WIDTH="20"/>
						<String ID="P138_ST00093" HPOS="484" VPOS="631" WIDTH="73" HEIGHT="22" CONTENT="about" WC="0.74" CC="07500"/>
						<SP ID="P138_SP00083" HPOS="557" VPOS="659" WIDTH="14"/>
						<String ID="P138_ST00094" HPOS="571" VPOS="638" WIDTH="12" HEIGHT="15" CONTENT="a" WC="1.00" CC="0"/>
						<SP ID="P138_SP00084" HPOS="583" VPOS="659" WIDTH="22"/>
						<String ID="P138_ST00095" HPOS="605" VPOS="630" WIDTH="119" HEIGHT="30" CONTENT="fortnight" WC="0.63" CC="220444077"/>
						<SP ID="P138_SP00085" HPOS="724" VPOS="660" WIDTH="20"/>
						<String ID="P138_ST00096" HPOS="744" VPOS="630" WIDTH="82" HEIGHT="22" CONTENT="before" WC="0.97" CC="000010"/>
						<SP ID="P138_SP00086" HPOS="826" VPOS="660" WIDTH="12"/>
						<String ID="P138_ST00097" HPOS="838" VPOS="630" WIDTH="42" HEIGHT="22" CONTENT="the" WC="0.73" CC="070"/>
						<SP ID="P138_SP00087" HPOS="880" VPOS="660" WIDTH="12"/>
						<String ID="P138_ST00098" HPOS="892" VPOS="629" WIDTH="105" HEIGHT="23" CONTENT="females." WC="0.81" CC="10402060"/>
					</TextLine>
					<TextLine ID="P138_TL00012" HPOS="163" VPOS="675" WIDTH="834" HEIGHT="32">
						<String ID="P138_ST00099" HPOS="163" VPOS="680" WIDTH="33" HEIGHT="23" CONTENT="Of" WC="0.81" CC="21"/>
						<SP ID="P138_SP00088" HPOS="196" VPOS="703" WIDTH="11"/>
						<String ID="P138_ST00100" HPOS="207" VPOS="680" WIDTH="40" HEIGHT="22" CONTENT="the" WC="1.00" CC="000"/>
						<SP ID="P138_SP00089" HPOS="247" VPOS="703" WIDTH="12"/>
						<String ID="P138_ST00101" HPOS="259" VPOS="679" WIDTH="66" HEIGHT="22" CONTENT="birds" WC="0.64" CC="70406"/>
						<SP ID="P138_SP00090" HPOS="325" VPOS="703" WIDTH="15"/>
						<String ID="P138_ST00102" HPOS="340" VPOS="678" WIDTH="77" HEIGHT="22" CONTENT="which" WC="0.59" CC="07426"/>
						<SP ID="P138_SP00091" HPOS="417" VPOS="703" WIDTH="13"/>
						<String ID="P138_ST00103" HPOS="430" VPOS="678" WIDTH="90" HEIGHT="22" CONTENT="remain" WC="0.59" CC="406363"/>
						<SP ID="P138_SP00092" HPOS="520" VPOS="703" WIDTH="13"/>
						<String ID="P138_ST00104" HPOS="533" VPOS="677" WIDTH="24" HEIGHT="22" CONTENT="in" WC="0.58" CC="44"/>
						<SP ID="P138_SP00093" HPOS="557" VPOS="703" WIDTH="14"/>
						<String ID="P138_ST00105" HPOS="571" VPOS="676" WIDTH="111" HEIGHT="31" CONTENT="England" WC="0.62" CC="0780460"/>
						<SP ID="P138_SP00094" HPOS="682" VPOS="707" WIDTH="13"/>
						<String ID="P138_ST00106" HPOS="695" VPOS="675" WIDTH="88" HEIGHT="30" CONTENT="during" WC="0.78" CC="050070"/>
						<SP ID="P138_SP00095" HPOS="783" VPOS="707" WIDTH="9"/>
						<String ID="P138_ST00107" HPOS="792" VPOS="675" WIDTH="42" HEIGHT="23" CONTENT="the" WC="0.69" CC="063"/>
						<SP ID="P138_SP00096" HPOS="834" VPOS="707" WIDTH="13"/>
						<String ID="P138_ST00108" HPOS="847" VPOS="675" WIDTH="76" HEIGHT="22" CONTENT="whole" WC="0.57" CC="67330"/>
						<SP ID="P138_SP00097" HPOS="923" VPOS="707" WIDTH="13"/>
						<String ID="P138_ST00109" HPOS="936" VPOS="683" WIDTH="61" HEIGHT="22" CONTENT="year," WC="0.70" CC="00950"/>
					</TextLine>
					<TextLine ID="P138_TL00013" HPOS="163" VPOS="723" WIDTH="836" HEIGHT="32">
						<String ID="P138_ST00110" HPOS="163" VPOS="726" WIDTH="92" HEIGHT="23" CONTENT="several" WC="0.75" CC="4061130"/>
						<SP ID="P138_SP00098" HPOS="255" VPOS="749" WIDTH="13"/>
						<String ID="P138_ST00111" HPOS="268" VPOS="725" WIDTH="90" HEIGHT="30" CONTENT="species" WC="0.68" CC="0900507"/>
						<SP ID="P138_SP00099" HPOS="358" VPOS="755" WIDTH="13"/>
						<String ID="P138_ST00112" HPOS="371" VPOS="725" WIDTH="104" HEIGHT="30" CONTENT="perform" WC="0.69" CC="0303076"/>
						<SP ID="P138_SP00100" HPOS="475" VPOS="755" WIDTH="23"/>
						<String ID="P138_ST00113" HPOS="498" VPOS="724" WIDTH="93" HEIGHT="23" CONTENT="limited" WC="0.73" CC="3006008"/>
						<SP ID="P138_SP00101" HPOS="591" VPOS="755" WIDTH="21"/>
						<String ID="P138_ST00114" HPOS="612" VPOS="724" WIDTH="142" HEIGHT="29" CONTENT="migrations" WC="0.62" CC="5405440561"/>
						<SP ID="P138_SP00102" HPOS="754" VPOS="755" WIDTH="13"/>
						<String ID="P138_ST00115" HPOS="767" VPOS="723" WIDTH="64" HEIGHT="22" CONTENT="from" WC="0.56" CC="4309"/>
						<SP ID="P138_SP00103" HPOS="831" VPOS="755" WIDTH="13"/>
						<String ID="P138_ST00116" HPOS="844" VPOS="731" WIDTH="45" HEIGHT="15" CONTENT="one" WC="0.91" CC="020"/>
						<SP ID="P138_SP00104" HPOS="889" VPOS="755" WIDTH="19"/>
						<String ID="P138_ST00117" HPOS="908" VPOS="726" WIDTH="54" HEIGHT="27" CONTENT="part" WC="0.72" CC="0370"/>
						<SP ID="P138_SP00105" HPOS="962" VPOS="755" WIDTH="13"/>
						<String ID="P138_ST00118" HPOS="975" VPOS="723" WIDTH="24" HEIGHT="22" CONTENT="of" WC="0.77" CC="40"/>
					</TextLine>
					<TextLine ID="P138_TL00014" HPOS="162" VPOS="769" WIDTH="836" HEIGHT="35">
						<String ID="P138_ST00119" HPOS="162" VPOS="776" WIDTH="41" HEIGHT="23" CONTENT="the" WC="0.76" CC="070"/>
						<SP ID="P138_SP00106" HPOS="203" VPOS="799" WIDTH="12"/>
						<String ID="P138_ST00120" HPOS="215" VPOS="778" WIDTH="101" HEIGHT="26" CONTENT="country" WC="0.71" CC="0651050"/>
						<SP ID="P138_SP00107" HPOS="316" VPOS="804" WIDTH="12"/>
						<String ID="P138_ST00121" HPOS="328" VPOS="778" WIDTH="25" HEIGHT="19" CONTENT="to" WC="0.47" CC="64"/>
						<SP ID="P138_SP00108" HPOS="353" VPOS="804" WIDTH="14"/>
						<String ID="P138_ST00122" HPOS="367" VPOS="774" WIDTH="100" HEIGHT="23" CONTENT="another" WC="0.58" CC="4750604"/>
						<SP ID="P138_SP00109" HPOS="467" VPOS="804" WIDTH="13"/>
						<String ID="P138_ST00123" HPOS="480" VPOS="776" WIDTH="24" HEIGHT="19" CONTENT="at" WC="0.90" CC="02"/>
						<SP ID="P138_SP00110" HPOS="504" VPOS="804" WIDTH="9"/>
						<String ID="P138_ST00124" HPOS="513" VPOS="771" WIDTH="129" HEIGHT="31" CONTENT="particular" WC="0.85" CC="9000004000"/>
						<SP ID="P138_SP00111" HPOS="642" VPOS="804" WIDTH="12"/>
						<String ID="P138_ST00125" HPOS="654" VPOS="778" WIDTH="107" HEIGHT="15" CONTENT="seasons." WC="0.68" CC="60060631"/>
						<SP ID="P138_SP00112" HPOS="761" VPOS="804" WIDTH="37"/>
						<String ID="P138_ST00126" HPOS="798" VPOS="769" WIDTH="50" HEIGHT="23" CONTENT="The" WC="0.77" CC="060"/>
						<SP ID="P138_SP00113" HPOS="848" VPOS="804" WIDTH="11"/>
						<String ID="P138_ST00127" HPOS="859" VPOS="773" WIDTH="67" HEIGHT="26" CONTENT="poets" WC="0.91" CC="00004"/>
						<SP ID="P138_SP00114" HPOS="926" VPOS="804" WIDTH="13"/>
						<String ID="P138_ST00128" HPOS="939" VPOS="769" WIDTH="59" HEIGHT="24" CONTENT="have" WC="0.86" CC="0050"/>
					</TextLine>
					<TextLine ID="P138_TL00015" HPOS="164" VPOS="819" WIDTH="834" HEIGHT="33">
						<String ID="P138_ST00129" HPOS="164" VPOS="830" WIDTH="71" HEIGHT="22" CONTENT="many" WC="0.82" CC="7000"/>
						<SP ID="P138_SP00115" HPOS="235" VPOS="852" WIDTH="12"/>
						<String ID="P138_ST00130" HPOS="247" VPOS="822" WIDTH="113" HEIGHT="22" CONTENT="allusions" WC="0.61" CC="414632136"/>
						<SP ID="P138_SP00116" HPOS="360" VPOS="852" WIDTH="18"/>
						<String ID="P138_ST00131" HPOS="378" VPOS="824" WIDTH="26" HEIGHT="19" CONTENT="to" WC="1.00" CC="00"/>
						<SP ID="P138_SP00117" HPOS="404" VPOS="852" WIDTH="21"/>
						<String ID="P138_ST00132" HPOS="425" VPOS="821" WIDTH="68" HEIGHT="22" CONTENT="these" WC="0.78" CC="05040"/>
						<SP ID="P138_SP00118" HPOS="493" VPOS="852" WIDTH="18"/>
						<String ID="P138_ST00133" HPOS="511" VPOS="820" WIDTH="143" HEIGHT="31" CONTENT="migrations" WC="0.86" CC="0000604002"/>
						<SP ID="P138_SP00119" HPOS="654" VPOS="852" WIDTH="22"/>
						<String ID="P138_ST00134" HPOS="676" VPOS="820" WIDTH="27" HEIGHT="22" CONTENT="of" WC="0.70" CC="50"/>
						<SP ID="P138_SP00120" HPOS="703" VPOS="852" WIDTH="10"/>
						<String ID="P138_ST00135" HPOS="713" VPOS="820" WIDTH="66" HEIGHT="22" CONTENT="birds" WC="0.52" CC="74074"/>
						<SP ID="P138_SP00121" HPOS="779" VPOS="852" WIDTH="12"/>
						<String ID="P138_ST00136" HPOS="791" VPOS="819" WIDTH="31" HEIGHT="31" CONTENT="by" WC="1.00" CC="00"/>
						<SP ID="P138_SP00122" HPOS="822" VPOS="852" WIDTH="12"/>
						<String ID="P138_ST00137" HPOS="834" VPOS="820" WIDTH="64" HEIGHT="22" CONTENT="what" WC="0.72" CC="0703"/>
						<SP ID="P138_SP00123" HPOS="898" VPOS="852" WIDTH="14"/>
						<String ID="P138_ST00138" HPOS="912" VPOS="819" WIDTH="86" HEIGHT="23" CONTENT="Milton" WC="0.85" CC="003004"/>
					</TextLine>
					<TextLine ID="P138_TL00016" HPOS="163" VPOS="869" WIDTH="835" HEIGHT="31">
						<String ID="P138_ST00139" HPOS="163" VPOS="870" WIDTH="57" HEIGHT="23" CONTENT="calls" WC="0.85" CC="00007"/>
						<SP ID="P138_SP00124" HPOS="220" VPOS="893" WIDTH="22"/>
						<String ID="P138_ST00140" HPOS="242" VPOS="870" WIDTH="63" HEIGHT="23" CONTENT="their" WC="0.59" CC="07065"/>
						<SP ID="P138_SP00125" HPOS="305" VPOS="893" WIDTH="18"/>
						<String ID="P138_ST00141" HPOS="323" VPOS="873" WIDTH="14" HEIGHT="10" CONTENT='"' WC="0.25" CC="7"/>
						<SP ID="P138_SP00126" HPOS="337" VPOS="893" WIDTH="14"/>
						<String ID="P138_ST00142" HPOS="351" VPOS="870" WIDTH="49" HEIGHT="30" CONTENT="airy" WC="0.85" CC="0500"/>
						<SP ID="P138_SP00127" HPOS="400" VPOS="900" WIDTH="29"/>
						<String ID="P138_ST00143" HPOS="429" VPOS="869" WIDTH="139" HEIGHT="22" CONTENT='caravans."' WC="0.81" CC="0000506105"/>
						<SP ID="P138_SP00128" HPOS="568" VPOS="900" WIDTH="36"/>
						<String ID="P138_ST00144" HPOS="604" VPOS="869" WIDTH="93" HEIGHT="26" CONTENT="Timon," WC="0.62" CC="069230"/>
						<SP ID="P138_SP00129" HPOS="697" VPOS="900" WIDTH="29"/>
						<String ID="P138_ST00145" HPOS="726" VPOS="869" WIDTH="24" HEIGHT="22" CONTENT="in" WC="1.00" CC="00"/>
						<SP ID="P138_SP00130" HPOS="750" VPOS="900" WIDTH="23"/>
						<String ID="P138_ST00146" HPOS="773" VPOS="869" WIDTH="157" HEIGHT="30" CONTENT="Shakspeare," WC="0.73" CC="54006000424"/>
						<SP ID="P138_SP00131" HPOS="930" VPOS="900" WIDTH="33"/>
						<String ID="P138_ST00147" HPOS="963" VPOS="878" WIDTH="35" HEIGHT="14" CONTENT="re" SUBS_TYPE="HypPart1" SUBS_CONTENT="reproaches" WC="0.91" CC="200"/>
						<HYP CONTENT="-"/>
					</TextLine>
					<TextLine ID="P138_TL00017" HPOS="163" VPOS="916" WIDTH="835" HEIGHT="30">
						<String ID="P138_ST00148" HPOS="163" VPOS="916" WIDTH="115" HEIGHT="30" CONTENT="proaches" SUBS_TYPE="HypPart2" SUBS_CONTENT="reproaches" WC="0.65" CC="01362606"/>
						<SP ID="P138_SP00132" HPOS="278" VPOS="946" WIDTH="12"/>
						<String ID="P138_ST00149" HPOS="290" VPOS="916" WIDTH="37" HEIGHT="21" CONTENT="his" WC="0.87" CC="003"/>
						<SP ID="P138_SP00133" HPOS="327" VPOS="946" WIDTH="13"/>
						<String ID="P138_ST00150" HPOS="340" VPOS="916" WIDTH="116" HEIGHT="22" CONTENT="flatterers" WC="0.77" CC="4400005006"/>
						<SP ID="P138_SP00134" HPOS="456" VPOS="946" WIDTH="13"/>
						<String ID="P138_ST00151" HPOS="469" VPOS="916" WIDTH="31" HEIGHT="30" CONTENT="by" WC="0.63" CC="70"/>
						<SP ID="P138_SP00135" HPOS="500" VPOS="946" WIDTH="13"/>
						<String ID="P138_ST00152" HPOS="513" VPOS="916" WIDTH="41" HEIGHT="23" CONTENT="the" WC="0.73" CC="070"/>
						<SP ID="P138_SP00136" HPOS="554" VPOS="946" WIDTH="14"/>
						<String ID="P138_ST00153" HPOS="568" VPOS="924" WIDTH="69" HEIGHT="15" CONTENT="name" WC="0.82" CC="7000"/>
						<SP ID="P138_SP00137" HPOS="637" VPOS="946" WIDTH="14"/>
						<String ID="P138_ST00154" HPOS="651" VPOS="917" WIDTH="25" HEIGHT="22" CONTENT="of" WC="0.94" CC="01"/>
						<SP ID="P138_SP00138" HPOS="676" VPOS="946" WIDTH="11"/>
						<String ID="P138_ST00155" HPOS="687" VPOS="919" WIDTH="14" HEIGHT="10" CONTENT='"' WC="0.38" CC="6"/>
						<SP ID="P138_SP00139" HPOS="701" VPOS="946" WIDTH="14"/>
						<String ID="P138_ST00156" HPOS="715" VPOS="918" WIDTH="183" HEIGHT="22" CONTENT="summer-birds" WC="0.75" CC="367020000306"/>
						<SP ID="P138_SP00140" HPOS="898" VPOS="946" WIDTH="12"/>
						<String ID="P138_ST00157" HPOS="910" VPOS="918" WIDTH="23" HEIGHT="27" CONTENT=';"' WC="0.92" CC="01"/>
						<SP ID="P138_SP00141" HPOS="933" VPOS="946" WIDTH="19"/>
						<String ID="P138_ST00158" HPOS="952" VPOS="919" WIDTH="46" HEIGHT="22" CONTENT="and" WC="0.76" CC="070"/>
					</TextLine>
					<TextLine ID="P138_TL00018" HPOS="163" VPOS="964" WIDTH="836" HEIGHT="30">
						<String ID="P138_ST00159" HPOS="163" VPOS="964" WIDTH="40" HEIGHT="22" CONTENT="the" WC="0.77" CC="060"/>
						<SP ID="P138_SP00142" HPOS="203" VPOS="986" WIDTH="20"/>
						<String ID="P138_ST00160" HPOS="223" VPOS="964" WIDTH="100" HEIGHT="30" CONTENT="prophet" WC="0.92" CC="0100004"/>
						<SP ID="P138_SP00143" HPOS="323" VPOS="994" WIDTH="19"/>
						<String ID="P138_ST00161" HPOS="342" VPOS="964" WIDTH="120" HEIGHT="23" CONTENT="Jeremiah" WC="0.84" CC="00700004"/>
						<SP ID="P138_SP00144" HPOS="462" VPOS="994" WIDTH="21"/>
						<String ID="P138_ST00162" HPOS="483" VPOS="965" WIDTH="99" HEIGHT="26" CONTENT="notices," WC="0.83" CC="32002040"/>
						<String ID="P138_ST00163" HPOS="585" VPOS="979" WIDTH="32" HEIGHT="3" CONTENT="—" WC="0.20" CC="8"/>
						<String ID="P138_ST00164" HPOS="621" VPOS="969" WIDTH="14" HEIGHT="8" CONTENT='"' WC="0.51" CC="4"/>
						<SP ID="P138_SP00145" HPOS="635" VPOS="994" WIDTH="11"/>
						<String ID="P138_ST00165" HPOS="646" VPOS="966" WIDTH="49" HEIGHT="23" CONTENT="The" WC="0.90" CC="002"/>
						<SP ID="P138_SP00146" HPOS="695" VPOS="994" WIDTH="23"/>
						<String ID="P138_ST00166" HPOS="718" VPOS="968" WIDTH="67" HEIGHT="22" CONTENT="stork" WC="0.82" CC="30500"/>
						<SP ID="P138_SP00147" HPOS="785" VPOS="994" WIDTH="20"/>
						<String ID="P138_ST00167" HPOS="805" VPOS="968" WIDTH="24" HEIGHT="22" CONTENT="in" WC="0.71" CC="13"/>
						<SP ID="P138_SP00148" HPOS="829" VPOS="994" WIDTH="20"/>
						<String ID="P138_ST00168" HPOS="849" VPOS="968" WIDTH="40" HEIGHT="22" CONTENT="the" WC="0.61" CC="470"/>
						<SP ID="P138_SP00149" HPOS="889" VPOS="994" WIDTH="19"/>
						<String ID="P138_ST00169" HPOS="908" VPOS="968" WIDTH="91" HEIGHT="22" CONTENT="heaven" WC="0.75" CC="003604"/>
					</TextLine>
					<TextLine ID="P138_TL00019" HPOS="163" VPOS="1014" WIDTH="835" HEIGHT="30">
						<String ID="P138_ST00170" HPOS="163" VPOS="1014" WIDTH="111" HEIGHT="22" CONTENT="knoweth" WC="0.88" CC="0400003"/>
						<SP ID="P138_SP00150" HPOS="274" VPOS="1036" WIDTH="12"/>
						<String ID="P138_ST00171" HPOS="286" VPOS="1014" WIDTH="42" HEIGHT="22" CONTENT="her" WC="0.82" CC="005"/>
						<SP ID="P138_SP00151" HPOS="328" VPOS="1036" WIDTH="13"/>
						<String ID="P138_ST00172" HPOS="341" VPOS="1014" WIDTH="126" HEIGHT="30" CONTENT="appointed" WC="0.77" CC="080046000"/>
						<SP ID="P138_SP00152" HPOS="467" VPOS="1044" WIDTH="23"/>
						<String ID="P138_ST00173" HPOS="490" VPOS="1014" WIDTH="70" HEIGHT="22" CONTENT="times" WC="0.77" CC="04006"/>
						<SP ID="P138_SP00153" HPOS="560" VPOS="1044" WIDTH="10"/>
						<String ID="P138_ST00174" HPOS="570" VPOS="1023" WIDTH="4" HEIGHT="17" CONTENT=";" WC="1.00" CC="0"/>
						<SP ID="P138_SP00154" HPOS="574" VPOS="1044" WIDTH="21"/>
						<String ID="P138_ST00175" HPOS="595" VPOS="1014" WIDTH="46" HEIGHT="22" CONTENT="and" WC="0.68" CC="530"/>
						<SP ID="P138_SP00155" HPOS="641" VPOS="1044" WIDTH="18"/>
						<String ID="P138_ST00176" HPOS="659" VPOS="1014" WIDTH="41" HEIGHT="22" CONTENT="the" WC="0.75" CC="070"/>
						<SP ID="P138_SP00156" HPOS="700" VPOS="1044" WIDTH="14"/>
						<String ID="P138_ST00177" HPOS="714" VPOS="1014" WIDTH="154" HEIGHT="26" CONTENT="turtle-dove," WC="0.82" CC="025001001503"/>
						<SP ID="P138_SP00157" HPOS="868" VPOS="1044" WIDTH="23"/>
						<String ID="P138_ST00178" HPOS="891" VPOS="1015" WIDTH="46" HEIGHT="22" CONTENT="and" WC="0.76" CC="700"/>
						<SP ID="P138_SP00158" HPOS="937" VPOS="1044" WIDTH="21"/>
						<String ID="P138_ST00179" HPOS="958" VPOS="1015" WIDTH="40" HEIGHT="22" CONTENT="the" WC="1.00" CC="000"/>
					</TextLine>
					<TextLine ID="P138_TL00020" HPOS="163" VPOS="1061" WIDTH="798" HEIGHT="28">
						<String ID="P138_ST00180" HPOS="163" VPOS="1071" WIDTH="77" HEIGHT="18" CONTENT="crane," WC="0.91" CC="000301"/>
						<SP ID="P138_SP00159" HPOS="240" VPOS="1089" WIDTH="14"/>
						<String ID="P138_ST00181" HPOS="254" VPOS="1063" WIDTH="47" HEIGHT="22" CONTENT="and" WC="0.51" CC="059"/>
						<SP ID="P138_SP00160" HPOS="301" VPOS="1089" WIDTH="10"/>
						<String ID="P138_ST00182" HPOS="311" VPOS="1063" WIDTH="40" HEIGHT="22" CONTENT="the" WC="0.96" CC="100"/>
						<SP ID="P138_SP00161" HPOS="351" VPOS="1089" WIDTH="13"/>
						<String ID="P138_ST00183" HPOS="364" VPOS="1062" WIDTH="102" HEIGHT="23" CONTENT="swallow" WC="0.54" CC="4845610"/>
						<SP ID="P138_SP00162" HPOS="466" VPOS="1089" WIDTH="13"/>
						<String ID="P138_ST00184" HPOS="479" VPOS="1062" WIDTH="98" HEIGHT="22" CONTENT="observe" WC="0.68" CC="0750161"/>
						<SP ID="P138_SP00163" HPOS="577" VPOS="1089" WIDTH="14"/>
						<String ID="P138_ST00185" HPOS="591" VPOS="1061" WIDTH="40" HEIGHT="23" CONTENT="the" WC="0.77" CC="060"/>
						<SP ID="P138_SP00164" HPOS="631" VPOS="1089" WIDTH="13"/>
						<String ID="P138_ST00186" HPOS="644" VPOS="1061" WIDTH="70" HEIGHT="23" CONTENT="times" WC="0.87" CC="03200"/>
						<SP ID="P138_SP00165" HPOS="714" VPOS="1089" WIDTH="13"/>
						<String ID="P138_ST00187" HPOS="727" VPOS="1061" WIDTH="27" HEIGHT="22" CONTENT="of" WC="0.89" CC="02"/>
						<SP ID="P138_SP00166" HPOS="754" VPOS="1089" WIDTH="9"/>
						<String ID="P138_ST00188" HPOS="763" VPOS="1061" WIDTH="63" HEIGHT="22" CONTENT="their" WC="0.74" CC="06014"/>
						<SP ID="P138_SP00167" HPOS="826" VPOS="1089" WIDTH="13"/>
						<String ID="P138_ST00189" HPOS="839" VPOS="1061" WIDTH="122" HEIGHT="28" CONTENT='coming."' WC="0.70" CC="05924002"/>
					</TextLine>
				</TextBlock>
				<TextBlock ID="P138_TB00005" HPOS="456" VPOS="1131" WIDTH="256" HEIGHT="14" STYLEREFS="TXT_1 PAR_CENTER">
					<TextLine ID="P138_TL00021" HPOS="457" VPOS="1131" WIDTH="255" HEIGHT="14">
						<String ID="P138_ST00190" HPOS="457" VPOS="1131" WIDTH="49" HEIGHT="14" CONTENT="THE" WC="0.85" CC="040"/>
						<SP ID="P138_SP00168" HPOS="506" VPOS="1145" WIDTH="27"/>
						<String ID="P138_ST00191" HPOS="533" VPOS="1131" WIDTH="179" HEIGHT="14" CONTENT="WOODPECKER." WC="0.86" CC="03102700000"/>
					</TextLine>
				</TextBlock>
				<TextBlock ID="P138_TB00006" HPOS="163" VPOS="1170" WIDTH="836" HEIGHT="548" STYLEREFS="TXT_1 PAR_LEFT">
					<TextLine ID="P138_TL00022" HPOS="196" VPOS="1172" WIDTH="802" HEIGHT="31">
						<String ID="P138_ST00192" HPOS="196" VPOS="1172" WIDTH="51" HEIGHT="22" CONTENT="The" WC="0.75" CC="070"/>
						<SP ID="P138_SP00169" HPOS="247" VPOS="1194" WIDTH="24"/>
						<String ID="P138_ST00193" HPOS="271" VPOS="1172" WIDTH="149" HEIGHT="29" CONTENT="Woodpecker" WC="0.58" CC="2430575560"/>
						<SP ID="P138_SP00170" HPOS="420" VPOS="1201" WIDTH="24"/>
						<String ID="P138_ST00194" HPOS="444" VPOS="1172" WIDTH="19" HEIGHT="22" CONTENT="is" WC="0.43" CC="55"/>
						<SP ID="P138_SP00171" HPOS="463" VPOS="1201" WIDTH="25"/>
						<String ID="P138_ST00195" HPOS="488" VPOS="1172" WIDTH="56" HEIGHT="29" CONTENT="only" WC="0.74" CC="0630"/>
						<SP ID="P138_SP00172" HPOS="544" VPOS="1201" WIDTH="23"/>
						<String ID="P138_ST00196" HPOS="567" VPOS="1172" WIDTH="87" HEIGHT="22" CONTENT="known" WC="0.86" CC="00006"/>
						<SP ID="P138_SP00173" HPOS="654" VPOS="1201" WIDTH="28"/>
						<String ID="P138_ST00197" HPOS="682" VPOS="1172" WIDTH="23" HEIGHT="22" CONTENT="in" WC="0.96" CC="00"/>
						<SP ID="P138_SP00174" HPOS="705" VPOS="1201" WIDTH="32"/>
						<String ID="P138_ST00198" HPOS="737" VPOS="1174" WIDTH="84" HEIGHT="27" CONTENT="poetry" WC="0.86" CC="005020"/>
						<SP ID="P138_SP00175" HPOS="821" VPOS="1201" WIDTH="24"/>
						<String ID="P138_ST00199" HPOS="845" VPOS="1172" WIDTH="37" HEIGHT="22" CONTENT="for" WC="0.83" CC="005"/>
						<String ID="P138_ST00200" HPOS="883" VPOS="1185" WIDTH="33" HEIGHT="4" CONTENT="—" WC="0.20" CC="8"/>
						<String ID="P138_ST00201" HPOS="919" VPOS="1176" WIDTH="14" HEIGHT="7" CONTENT='"' WC="0.38" CC="6"/>
						<SP ID="P138_SP00176" HPOS="933" VPOS="1201" WIDTH="14"/>
						<String ID="P138_ST00202" HPOS="947" VPOS="1176" WIDTH="51" HEIGHT="27" CONTENT="tap" SUBS_TYPE="HypPart1" SUBS_CONTENT="tapping" WC="0.83" CC="0600"/>
						<HYP CONTENT="-"/>
					</TextLine>
					<TextLine ID="P138_TL00023" HPOS="163" VPOS="1216" WIDTH="836" HEIGHT="31">
						<String ID="P138_ST00203" HPOS="163" VPOS="1216" WIDTH="59" HEIGHT="31" CONTENT="ping" SUBS_TYPE="HypPart2" SUBS_CONTENT="tapping" WC="0.53" CC="0378"/>
						<SP ID="P138_SP00177" HPOS="222" VPOS="1247" WIDTH="35"/>
						<String ID="P138_ST00204" HPOS="257" VPOS="1216" WIDTH="41" HEIGHT="23" CONTENT="the" WC="0.68" CC="270"/>
						<SP ID="P138_SP00178" HPOS="298" VPOS="1247" WIDTH="30"/>
						<String ID="P138_ST00205" HPOS="328" VPOS="1216" WIDTH="88" HEIGHT="23" CONTENT="hollow" WC="0.68" CC="750600"/>
						<SP ID="P138_SP00179" HPOS="416" VPOS="1247" WIDTH="29"/>
						<String ID="P138_ST00206" HPOS="445" VPOS="1216" WIDTH="166" HEIGHT="23" CONTENT='beech-tree."' WC="0.72" CC="702264300006"/>
						<SP ID="P138_SP00180" HPOS="611" VPOS="1247" WIDTH="49"/>
						<String ID="P138_ST00207" HPOS="660" VPOS="1217" WIDTH="48" HEIGHT="22" CONTENT="But" WC="0.78" CC="060"/>
						<SP ID="P138_SP00181" HPOS="708" VPOS="1247" WIDTH="28"/>
						<String ID="P138_ST00208" HPOS="736" VPOS="1217" WIDTH="37" HEIGHT="22" CONTENT="for" WC="0.90" CC="200"/>
						<SP ID="P138_SP00182" HPOS="773" VPOS="1247" WIDTH="28"/>
						<String ID="P138_ST00209" HPOS="801" VPOS="1217" WIDTH="38" HEIGHT="22" CONTENT="his" WC="0.51" CC="715"/>
						<SP ID="P138_SP00183" HPOS="839" VPOS="1247" WIDTH="36"/>
						<String ID="P138_ST00210" HPOS="875" VPOS="1219" WIDTH="67" HEIGHT="22" CONTENT="noise" WC="0.68" CC="40470"/>
						<SP ID="P138_SP00184" HPOS="942" VPOS="1247" WIDTH="34"/>
						<String ID="P138_ST00211" HPOS="976" VPOS="1220" WIDTH="23" HEIGHT="21" CONTENT="in" WC="0.70" CC="05"/>
					</TextLine>
					<TextLine ID="P138_TL00024" HPOS="164" VPOS="1262" WIDTH="834" HEIGHT="32">
						<String ID="P138_ST00212" HPOS="164" VPOS="1263" WIDTH="54" HEIGHT="22" CONTENT="that" WC="0.97" CC="0100"/>
						<SP ID="P138_SP00185" HPOS="218" VPOS="1285" WIDTH="35"/>
						<String ID="P138_ST00213" HPOS="253" VPOS="1263" WIDTH="124" HEIGHT="30" CONTENT="operation" WC="0.66" CC="600523326"/>
						<SP ID="P138_SP00186" HPOS="377" VPOS="1293" WIDTH="38"/>
						<String ID="P138_ST00214" HPOS="415" VPOS="1263" WIDTH="30" HEIGHT="22" CONTENT="he" WC="0.67" CC="60"/>
						<SP ID="P138_SP00187" HPOS="445" VPOS="1293" WIDTH="22"/>
						<String ID="P138_ST00215" HPOS="467" VPOS="1263" WIDTH="20" HEIGHT="22" CONTENT="is" WC="0.47" CC="36"/>
						<SP ID="P138_SP00188" HPOS="487" VPOS="1293" WIDTH="24"/>
						<String ID="P138_ST00216" HPOS="511" VPOS="1262" WIDTH="136" HEIGHT="23" CONTENT="celebrated" WC="0.82" CC="0070360000"/>
						<SP ID="P138_SP00189" HPOS="647" VPOS="1293" WIDTH="35"/>
						<String ID="P138_ST00217" HPOS="682" VPOS="1264" WIDTH="31" HEIGHT="30" CONTENT="by" WC="0.86" CC="20"/>
						<SP ID="P138_SP00190" HPOS="713" VPOS="1294" WIDTH="41"/>
						<String ID="P138_ST00218" HPOS="754" VPOS="1264" WIDTH="40" HEIGHT="22" CONTENT="the" WC="0.75" CC="070"/>
						<SP ID="P138_SP00191" HPOS="794" VPOS="1294" WIDTH="34"/>
						<String ID="P138_ST00219" HPOS="828" VPOS="1264" WIDTH="79" HEIGHT="23" CONTENT="Greek" WC="0.98" CC="01000"/>
						<SP ID="P138_SP00192" HPOS="907" VPOS="1294" WIDTH="33"/>
						<String ID="P138_ST00220" HPOS="940" VPOS="1266" WIDTH="58" HEIGHT="22" CONTENT="Dra" SUBS_TYPE="HypPart1" SUBS_CONTENT="Dramatist" WC="0.81" CC="7000"/>
						<HYP CONTENT="-"/>
					</TextLine>
					<TextLine ID="P138_TL00025" HPOS="164" VPOS="1310" WIDTH="834" HEIGHT="31">
						<String ID="P138_ST00221" HPOS="164" VPOS="1311" WIDTH="82" HEIGHT="22" CONTENT="matist" SUBS_TYPE="HypPart2" SUBS_CONTENT="Dramatist" WC="0.73" CC="500460"/>
						<SP ID="P138_SP00193" HPOS="246" VPOS="1333" WIDTH="17"/>
						<String ID="P138_ST00222" HPOS="263" VPOS="1310" WIDTH="184" HEIGHT="31" CONTENT="Aristophanes," WC="0.69" CC="6727000600160"/>
						<SP ID="P138_SP00194" HPOS="447" VPOS="1341" WIDTH="14"/>
						<String ID="P138_ST00223" HPOS="461" VPOS="1310" WIDTH="23" HEIGHT="22" CONTENT="in" WC="0.92" CC="01"/>
						<SP ID="P138_SP00195" HPOS="484" VPOS="1341" WIDTH="13"/>
						<String ID="P138_ST00224" HPOS="497" VPOS="1319" WIDTH="14" HEIGHT="14" CONTENT="a" WC="1.00" CC="0"/>
						<SP ID="P138_SP00196" HPOS="511" VPOS="1341" WIDTH="12"/>
						<String ID="P138_ST00225" HPOS="523" VPOS="1311" WIDTH="104" HEIGHT="22" CONTENT="satirical" WC="0.82" CC="500540000"/>
						<SP ID="P138_SP00197" HPOS="627" VPOS="1341" WIDTH="13"/>
						<String ID="P138_ST00226" HPOS="640" VPOS="1310" WIDTH="53" HEIGHT="31" CONTENT="play" WC="1.00" CC="0000"/>
						<SP ID="P138_SP00198" HPOS="693" VPOS="1341" WIDTH="14"/>
						<String ID="P138_ST00227" HPOS="707" VPOS="1311" WIDTH="75" HEIGHT="22" CONTENT="called" WC="0.97" CC="001000"/>
						<SP ID="P138_SP00199" HPOS="782" VPOS="1341" WIDTH="25"/>
						<String ID="P138_ST00228" HPOS="807" VPOS="1315" WIDTH="14" HEIGHT="8" CONTENT='"' WC="0.31" CC="6"/>
						<SP ID="P138_SP00200" HPOS="821" VPOS="1341" WIDTH="10"/>
						<String ID="P138_ST00229" HPOS="831" VPOS="1311" WIDTH="50" HEIGHT="23" CONTENT="The" WC="0.75" CC="070"/>
						<SP ID="P138_SP00201" HPOS="881" VPOS="1341" WIDTH="22"/>
						<String ID="P138_ST00230" HPOS="903" VPOS="1312" WIDTH="95" HEIGHT="26" CONTENT='Birds,"' WC="0.74" CC="4100605"/>
					</TextLine>
					<TextLine ID="P138_TL00026" HPOS="164" VPOS="1360" WIDTH="835" HEIGHT="32">
						<String ID="P138_ST00231" HPOS="164" VPOS="1362" WIDTH="32" HEIGHT="30" CONTENT="by" WC="0.89" CC="20"/>
						<SP ID="P138_SP00202" HPOS="196" VPOS="1392" WIDTH="21"/>
						<String ID="P138_ST00232" HPOS="217" VPOS="1361" WIDTH="40" HEIGHT="22" CONTENT="the" WC="0.80" CC="060"/>
						<SP ID="P138_SP00203" HPOS="257" VPOS="1392" WIDTH="24"/>
						<String ID="P138_ST00233" HPOS="281" VPOS="1369" WIDTH="69" HEIGHT="14" CONTENT="name" WC="0.57" CC="7063"/>
						<SP ID="P138_SP00204" HPOS="350" VPOS="1392" WIDTH="14"/>
						<String ID="P138_ST00234" HPOS="364" VPOS="1360" WIDTH="25" HEIGHT="22" CONTENT="of" WC="0.62" CC="33"/>
						<SP ID="P138_SP00205" HPOS="389" VPOS="1392" WIDTH="25"/>
						<String ID="P138_ST00235" HPOS="414" VPOS="1360" WIDTH="41" HEIGHT="22" CONTENT="the" WC="0.77" CC="060"/>
						<SP ID="P138_SP00206" HPOS="455" VPOS="1392" WIDTH="21"/>
						<String ID="P138_ST00236" HPOS="476" VPOS="1363" WIDTH="13" HEIGHT="8" CONTENT='"' WC="0.76" CC="2"/>
						<SP ID="P138_SP00207" HPOS="489" VPOS="1392" WIDTH="16"/>
						<String ID="P138_ST00237" HPOS="505" VPOS="1360" WIDTH="133" HEIGHT="29" CONTENT="Carpenter" WC="0.86" CC="001007030"/>
						<SP ID="P138_SP00208" HPOS="638" VPOS="1392" WIDTH="22"/>
						<String ID="P138_ST00238" HPOS="660" VPOS="1360" WIDTH="83" HEIGHT="25" CONTENT='Bird,"' WC="0.71" CC="402036"/>
						<SP ID="P138_SP00209" HPOS="743" VPOS="1392" WIDTH="14"/>
						<String ID="P138_ST00239" HPOS="757" VPOS="1360" WIDTH="46" HEIGHT="22" CONTENT="and" WC="0.84" CC="040"/>
						<SP ID="P138_SP00210" HPOS="803" VPOS="1392" WIDTH="22"/>
						<String ID="P138_ST00240" HPOS="825" VPOS="1360" WIDTH="37" HEIGHT="22" CONTENT="his" WC="0.65" CC="702"/>
						<SP ID="P138_SP00211" HPOS="862" VPOS="1392" WIDTH="23"/>
						<String ID="P138_ST00241" HPOS="885" VPOS="1360" WIDTH="74" HEIGHT="22" CONTENT="sound" WC="0.56" CC="52670"/>
						<SP ID="P138_SP00212" HPOS="959" VPOS="1392" WIDTH="22"/>
						<String ID="P138_ST00242" HPOS="981" VPOS="1361" WIDTH="18" HEIGHT="21" CONTENT="is" WC="0.84" CC="03"/>
					</TextLine>
					<TextLine ID="P138_TL00027" HPOS="163" VPOS="1405" WIDTH="836" HEIGHT="32">
						<String ID="P138_ST00243" HPOS="163" VPOS="1407" WIDTH="68" HEIGHT="22" CONTENT="there" WC="0.77" CC="16030"/>
						<SP ID="P138_SP00213" HPOS="231" VPOS="1429" WIDTH="13"/>
						<String ID="P138_ST00244" HPOS="244" VPOS="1407" WIDTH="127" HEIGHT="30" CONTENT="compared" WC="0.81" CC="04400500"/>
						<SP ID="P138_SP00214" HPOS="371" VPOS="1437" WIDTH="13"/>
						<String ID="P138_ST00245" HPOS="384" VPOS="1410" WIDTH="25" HEIGHT="18" CONTENT="to" WC="1.00" CC="00"/>
						<SP ID="P138_SP00215" HPOS="409" VPOS="1437" WIDTH="12"/>
						<String ID="P138_ST00246" HPOS="421" VPOS="1406" WIDTH="42" HEIGHT="22" CONTENT="the" WC="0.85" CC="040"/>
						<SP ID="P138_SP00216" HPOS="463" VPOS="1437" WIDTH="15"/>
						<String ID="P138_ST00247" HPOS="478" VPOS="1405" WIDTH="104" HEIGHT="31" CONTENT="hacking" WC="0.55" CC="6600169"/>
						<SP ID="P138_SP00217" HPOS="582" VPOS="1437" WIDTH="13"/>
						<String ID="P138_ST00248" HPOS="595" VPOS="1405" WIDTH="78" HEIGHT="23" CONTENT="which" WC="0.91" CC="04000"/>
						<SP ID="P138_SP00218" HPOS="673" VPOS="1437" WIDTH="14"/>
						<String ID="P138_ST00249" HPOS="687" VPOS="1405" WIDTH="19" HEIGHT="22" CONTENT="is" WC="0.59" CC="25"/>
						<SP ID="P138_SP00219" HPOS="706" VPOS="1437" WIDTH="9"/>
						<String ID="P138_ST00250" HPOS="715" VPOS="1405" WIDTH="73" HEIGHT="23" CONTENT="heard" WC="0.70" CC="63050"/>
						<SP ID="P138_SP00220" HPOS="788" VPOS="1437" WIDTH="11"/>
						<String ID="P138_ST00251" HPOS="799" VPOS="1406" WIDTH="25" HEIGHT="22" CONTENT="in" WC="0.64" CC="07"/>
						<SP ID="P138_SP00221" HPOS="824" VPOS="1437" WIDTH="12"/>
						<String ID="P138_ST00252" HPOS="836" VPOS="1415" WIDTH="14" HEIGHT="14" CONTENT="a" WC="1.00" CC="0"/>
						<SP ID="P138_SP00222" HPOS="850" VPOS="1437" WIDTH="9"/>
						<String ID="P138_ST00253" HPOS="859" VPOS="1406" WIDTH="140" HEIGHT="31" CONTENT="dock-yard." WC="0.82" CC="0400003450"/>
					</TextLine>
					<TextLine ID="P138_TL00028" HPOS="165" VPOS="1453" WIDTH="834" HEIGHT="31">
						<String ID="P138_ST00254" HPOS="165" VPOS="1455" WIDTH="89" HEIGHT="26" CONTENT="White," WC="0.85" CC="005003"/>
						<SP ID="P138_SP00223" HPOS="254" VPOS="1481" WIDTH="9"/>
						<String ID="P138_ST00255" HPOS="263" VPOS="1455" WIDTH="25" HEIGHT="22" CONTENT="in" WC="0.64" CC="06"/>
						<SP ID="P138_SP00224" HPOS="288" VPOS="1481" WIDTH="9"/>
						<String ID="P138_ST00256" HPOS="297" VPOS="1455" WIDTH="37" HEIGHT="22" CONTENT="his" WC="0.76" CC="024"/>
						<SP ID="P138_SP00225" HPOS="334" VPOS="1481" WIDTH="9"/>
						<String ID="P138_ST00257" HPOS="343" VPOS="1454" WIDTH="103" HEIGHT="23" CONTENT="Natural" WC="0.84" CC="0005005"/>
						<SP ID="P138_SP00226" HPOS="446" VPOS="1481" WIDTH="14"/>
						<String ID="P138_ST00258" HPOS="460" VPOS="1454" WIDTH="100" HEIGHT="30" CONTENT="History" WC="0.70" CC="6160060"/>
						<SP ID="P138_SP00227" HPOS="560" VPOS="1484" WIDTH="9"/>
						<String ID="P138_ST00259" HPOS="569" VPOS="1454" WIDTH="26" HEIGHT="22" CONTENT="of" WC="0.89" CC="20"/>
						<SP ID="P138_SP00228" HPOS="595" VPOS="1484" WIDTH="9"/>
						<String ID="P138_ST00260" HPOS="604" VPOS="1453" WIDTH="123" HEIGHT="27" CONTENT="Selborne," WC="0.66" CC="511705603"/>
						<SP ID="P138_SP00229" HPOS="727" VPOS="1484" WIDTH="11"/>
						<String ID="P138_ST00261" HPOS="738" VPOS="1461" WIDTH="53" HEIGHT="23" CONTENT="says" WC="0.66" CC="6006"/>
						<SP ID="P138_SP00230" HPOS="791" VPOS="1484" WIDTH="9"/>
						<String ID="P138_ST00262" HPOS="800" VPOS="1454" WIDTH="53" HEIGHT="22" CONTENT="that" WC="0.82" CC="0700"/>
						<SP ID="P138_SP00231" HPOS="853" VPOS="1484" WIDTH="7"/>
						<String ID="P138_ST00263" HPOS="860" VPOS="1455" WIDTH="42" HEIGHT="22" CONTENT="the" WC="0.75" CC="070"/>
						<SP ID="P138_SP00232" HPOS="902" VPOS="1484" WIDTH="7"/>
						<String ID="P138_ST00264" HPOS="909" VPOS="1455" WIDTH="90" HEIGHT="22" CONTENT="Wood" SUBS_TYPE="HypPart1" SUBS_CONTENT="Woodpecker" WC="0.99" CC="00000"/>
						<HYP CONTENT="-"/>
					</TextLine>
					<TextLine ID="P138_TL00029" HPOS="163" VPOS="1504" WIDTH="836" HEIGHT="30">
						<String ID="P138_ST00265" HPOS="163" VPOS="1504" WIDTH="87" HEIGHT="30" CONTENT="pecker" SUBS_TYPE="HypPart2" SUBS_CONTENT="Woodpecker" WC="0.89" CC="000006"/>
						<SP ID="P138_SP00233" HPOS="250" VPOS="1534" WIDTH="12"/>
						<String ID="P138_ST00266" HPOS="262" VPOS="1508" WIDTH="48" HEIGHT="18" CONTENT="sets" WC="0.70" CC="6005"/>
						<SP ID="P138_SP00234" HPOS="310" VPOS="1534" WIDTH="13"/>
						<String ID="P138_ST00267" HPOS="323" VPOS="1512" WIDTH="30" HEIGHT="22" CONTENT="up" WC="0.88" CC="20"/>
						<SP ID="P138_SP00235" HPOS="353" VPOS="1534" WIDTH="14"/>
						<String ID="P138_ST00268" HPOS="367" VPOS="1512" WIDTH="12" HEIGHT="14" CONTENT="a" WC="1.00" CC="0"/>
						<SP ID="P138_SP00236" HPOS="379" VPOS="1534" WIDTH="24"/>
						<String ID="P138_ST00269" HPOS="403" VPOS="1506" WIDTH="14" HEIGHT="9" CONTENT='"' WC="0.34" CC="6"/>
						<SP ID="P138_SP00237" HPOS="417" VPOS="1534" WIDTH="14"/>
						<String ID="P138_ST00270" HPOS="431" VPOS="1504" WIDTH="57" HEIGHT="22" CONTENT="loud" WC="0.69" CC="6014"/>
						<SP ID="P138_SP00238" HPOS="488" VPOS="1534" WIDTH="22"/>
						<String ID="P138_ST00271" HPOS="510" VPOS="1504" WIDTH="45" HEIGHT="22" CONTENT="and" WC="0.68" CC="053"/>
						<SP ID="P138_SP00239" HPOS="555" VPOS="1534" WIDTH="22"/>
						<String ID="P138_ST00272" HPOS="577" VPOS="1511" WIDTH="14" HEIGHT="15" CONTENT="a" WC="1.00" CC="0"/>
						<SP ID="P138_SP00240" HPOS="591" VPOS="1534" WIDTH="12"/>
						<String ID="P138_ST00273" HPOS="603" VPOS="1504" WIDTH="84" HEIGHT="29" CONTENT="hearty" WC="0.95" CC="100100"/>
						<SP ID="P138_SP00241" HPOS="687" VPOS="1534" WIDTH="13"/>
						<String ID="P138_ST00274" HPOS="700" VPOS="1504" WIDTH="99" HEIGHT="30" CONTENT='laugh."' WC="0.74" CC="4000606"/>
						<SP ID="P138_SP00242" HPOS="799" VPOS="1534" WIDTH="37"/>
						<String ID="P138_ST00275" HPOS="836" VPOS="1504" WIDTH="23" HEIGHT="22" CONTENT="It" WC="0.52" CC="63"/>
						<SP ID="P138_SP00243" HPOS="859" VPOS="1534" WIDTH="19"/>
						<String ID="P138_ST00276" HPOS="878" VPOS="1504" WIDTH="43" HEIGHT="23" CONTENT="has" WC="0.42" CC="736"/>
						<SP ID="P138_SP00244" HPOS="921" VPOS="1534" WIDTH="21"/>
						<String ID="P138_ST00277" HPOS="942" VPOS="1505" WIDTH="57" HEIGHT="22" CONTENT="been" WC="0.86" CC="0005"/>
					</TextLine>
					<TextLine ID="P138_TL00030" HPOS="163" VPOS="1551" WIDTH="836" HEIGHT="35">
						<String ID="P138_ST00278" HPOS="163" VPOS="1551" WIDTH="106" HEIGHT="30" CONTENT="thought" WC="0.77" CC="0602060"/>
						<SP ID="P138_SP00245" HPOS="269" VPOS="1581" WIDTH="13"/>
						<String ID="P138_ST00279" HPOS="282" VPOS="1552" WIDTH="52" HEIGHT="22" CONTENT="that" WC="0.47" CC="0685"/>
						<SP ID="P138_SP00246" HPOS="334" VPOS="1581" WIDTH="13"/>
						<String ID="P138_ST00280" HPOS="347" VPOS="1559" WIDTH="53" HEIGHT="15" CONTENT="man" WC="0.73" CC="800"/>
						<SP ID="P138_SP00247" HPOS="400" VPOS="1581" WIDTH="15"/>
						<String ID="P138_ST00281" HPOS="415" VPOS="1560" WIDTH="48" HEIGHT="15" CONTENT="was" WC="0.76" CC="007"/>
						<SP ID="P138_SP00248" HPOS="463" VPOS="1581" WIDTH="19"/>
						<String ID="P138_ST00282" HPOS="482" VPOS="1552" WIDTH="179" HEIGHT="30" CONTENT="distinguished" WC="0.60" CC="6460470426700"/>
						<SP ID="P138_SP00249" HPOS="661" VPOS="1582" WIDTH="14"/>
						<String ID="P138_ST00283" HPOS="675" VPOS="1553" WIDTH="63" HEIGHT="23" CONTENT="from" WC="0.67" CC="4440"/>
						<SP ID="P138_SP00250" HPOS="738" VPOS="1582" WIDTH="21"/>
						<String ID="P138_ST00284" HPOS="759" VPOS="1554" WIDTH="71" HEIGHT="23" CONTENT="other" WC="0.80" CC="20007"/>
						<SP ID="P138_SP00251" HPOS="830" VPOS="1582" WIDTH="21"/>
						<String ID="P138_ST00285" HPOS="851" VPOS="1555" WIDTH="99" HEIGHT="24" CONTENT="animals" WC="0.75" CC="0230036"/>
						<SP ID="P138_SP00252" HPOS="950" VPOS="1582" WIDTH="20"/>
						<String ID="P138_ST00286" HPOS="970" VPOS="1557" WIDTH="29" HEIGHT="29" CONTENT="by" WC="0.79" CC="40"/>
					</TextLine>
					<TextLine ID="P138_TL00031" HPOS="164" VPOS="1601" WIDTH="835" HEIGHT="30">
						<String ID="P138_ST00287" HPOS="164" VPOS="1602" WIDTH="41" HEIGHT="23" CONTENT="the" WC="0.88" CC="200"/>
						<SP ID="P138_SP00253" HPOS="205" VPOS="1625" WIDTH="13"/>
						<String ID="P138_ST00288" HPOS="218" VPOS="1602" WIDTH="88" HEIGHT="29" CONTENT="faculty" WC="0.89" CC="2005000"/>
						<SP ID="P138_SP00254" HPOS="306" VPOS="1631" WIDTH="14"/>
						<String ID="P138_ST00289" HPOS="320" VPOS="1601" WIDTH="25" HEIGHT="23" CONTENT="of" WC="1.00" CC="00"/>
						<SP ID="P138_SP00255" HPOS="345" VPOS="1631" WIDTH="16"/>
						<String ID="P138_ST00290" HPOS="361" VPOS="1601" WIDTH="118" HEIGHT="30" CONTENT="laughter." WC="0.60" CC="404965300"/>
						<SP ID="P138_SP00256" HPOS="479" VPOS="1631" WIDTH="38"/>
						<String ID="P138_ST00291" HPOS="517" VPOS="1601" WIDTH="108" HEIGHT="22" CONTENT="Addison" WC="0.75" CC="0000655"/>
						<SP ID="P138_SP00257" HPOS="625" VPOS="1631" WIDTH="13"/>
						<String ID="P138_ST00292" HPOS="638" VPOS="1601" WIDTH="120" HEIGHT="26" CONTENT="observes," WC="0.69" CC="075003360"/>
						<SP ID="P138_SP00258" HPOS="758" VPOS="1631" WIDTH="14"/>
						<String ID="P138_ST00293" HPOS="772" VPOS="1602" WIDTH="53" HEIGHT="23" CONTENT="that" WC="0.66" CC="0760"/>
						<SP ID="P138_SP00259" HPOS="825" VPOS="1631" WIDTH="13"/>
						<String ID="P138_ST00294" HPOS="838" VPOS="1602" WIDTH="31" HEIGHT="23" CONTENT="all" WC="0.74" CC="070"/>
						<SP ID="P138_SP00260" HPOS="869" VPOS="1631" WIDTH="13"/>
						<String ID="P138_ST00295" HPOS="882" VPOS="1606" WIDTH="117" HEIGHT="19" CONTENT="creatures" WC="0.71" CC="090702006"/>
					</TextLine>
					<TextLine ID="P138_TL00032" HPOS="165" VPOS="1651" WIDTH="834" HEIGHT="31">
						<String ID="P138_ST00296" HPOS="165" VPOS="1652" WIDTH="74" HEIGHT="22" CONTENT="above" WC="0.65" CC="53060"/>
						<SP ID="P138_SP00261" HPOS="239" VPOS="1674" WIDTH="12"/>
						<String ID="P138_ST00297" HPOS="251" VPOS="1659" WIDTH="28" HEIGHT="15" CONTENT="or" WC="0.60" CC="33"/>
						<SP ID="P138_SP00262" HPOS="279" VPOS="1674" WIDTH="11"/>
						<String ID="P138_ST00298" HPOS="290" VPOS="1652" WIDTH="77" HEIGHT="23" CONTENT="below" WC="0.82" CC="10320"/>
						<SP ID="P138_SP00263" HPOS="367" VPOS="1675" WIDTH="12"/>
						<String ID="P138_ST00299" HPOS="379" VPOS="1659" WIDTH="55" HEIGHT="15" CONTENT="man" WC="0.60" CC="704"/>
						<SP ID="P138_SP00264" HPOS="434" VPOS="1675" WIDTH="12"/>
						<String ID="P138_ST00300" HPOS="446" VPOS="1658" WIDTH="38" HEIGHT="16" CONTENT="are" WC="0.95" CC="001"/>
						<SP ID="P138_SP00265" HPOS="484" VPOS="1675" WIDTH="15"/>
						<String ID="P138_ST00301" HPOS="499" VPOS="1651" WIDTH="97" HEIGHT="25" CONTENT="serious," WC="0.65" CC="60051571"/>
						<SP ID="P138_SP00266" HPOS="596" VPOS="1676" WIDTH="14"/>
						<String ID="P138_ST00302" HPOS="610" VPOS="1651" WIDTH="30" HEIGHT="23" CONTENT="he" WC="1.00" CC="00"/>
						<SP ID="P138_SP00267" HPOS="640" VPOS="1676" WIDTH="13"/>
						<String ID="P138_ST00303" HPOS="653" VPOS="1651" WIDTH="19" HEIGHT="22" CONTENT="is" WC="0.59" CC="17"/>
						<SP ID="P138_SP00268" HPOS="672" VPOS="1676" WIDTH="14"/>
						<String ID="P138_ST00304" HPOS="686" VPOS="1651" WIDTH="41" HEIGHT="23" CONTENT="the" WC="0.83" CC="050"/>
						<SP ID="P138_SP00269" HPOS="727" VPOS="1676" WIDTH="20"/>
						<String ID="P138_ST00305" HPOS="747" VPOS="1652" WIDTH="108" HEIGHT="23" CONTENT="merriest" WC="0.75" CC="00633130"/>
						<SP ID="P138_SP00270" HPOS="855" VPOS="1676" WIDTH="13"/>
						<String ID="P138_ST00306" HPOS="868" VPOS="1652" WIDTH="89" HEIGHT="30" CONTENT="species" WC="0.68" CC="4700406"/>
						<SP ID="P138_SP00271" HPOS="957" VPOS="1682" WIDTH="21"/>
						<String ID="P138_ST00307" HPOS="978" VPOS="1652" WIDTH="21" HEIGHT="22" CONTENT="in" WC="0.63" CC="61"/>
					</TextLine>
					<TextLine ID="P138_TL00033" HPOS="165" VPOS="1697" WIDTH="168" HEIGHT="21">
						<String ID="P138_ST00308" HPOS="165" VPOS="1697" WIDTH="41" HEIGHT="21" CONTENT="the" WC="0.80" CC="060"/>
						<SP ID="P138_SP00272" HPOS="206" VPOS="1718" WIDTH="13"/>
						<String ID="P138_ST00309" HPOS="219" VPOS="1697" WIDTH="114" HEIGHT="21" CONTENT="creation." WC="0.89" CC="200010600"/>
					</TextLine>
				</TextBlock>
			</PrintSpace>
		</Page>
	</Layout>
</alto>
