1120 1962
154 165 30 22 24

454 171 120 15 POETICAL
595 169 103 17 AVIARY.

155 249 24 21 in
193 248 94 23 Walter
297 247 81 23 Scot's
391 246 120 23 animated
524 245 146 31 description
683 244 27 22 of
721 244 41 22 the
771 242 64 32 fight
847 242 26 24 of
882 241 117 25 Flodden-

152 295 91 24 field—

393 351 51 22 The
456 350 118 23 Howard's
585 349 46 23 Hon
642 349 39 23 fell
691 357 4 18 ;

273 390 46 22 Yet
331 389 48 23 still
391 388 62 22 Lord
465 388 133 22 Marmion's
610 388 89 21 Falcon
710 386 49 21 flew

274 426 64 22 With
350 426 111 26 wavering
471 425 72 27 flight,
555 424 65 21 while
632 424 79 21 fiercer
724 430 57 22 grew

393 462 94 22 Around
498 461 39 21 the
549 460 72 22 battle
632 459 51 29 yell.

273 513 107 29 Dragged
391 513 57 21 from
460 520 81 22 among
552 513 39 21 the
599 513 85 22 horses'
696 513 52 27 feet,

273 551 63 22 With
349 551 79 22 dinted
439 550 80 26 shield,
531 550 45 21 and
587 550 84 21 helmet
682 550 61 25 beat,

273 590 51 22 The
339 591 87 21 Falcon
438 592 66 22 crest,
516 587 44 22 and
572 587 104 29 plumage
689 594 58 21 gone
754 587 5 22 1

274 625 50 23 Can
334 625 50 22 that
395 625 27 22 be
433 625 103 28 haughty
548 625 113 22 Marmion
670 623 5 23 !

155 680 227 29 Notwithstanding
395 678 100 30 Stanley
505 678 83 23 makes
601 678 59 23 such
679 686 14 15 a
714 680 158 29 conspicuous
881 680 76 32 figure
975 682 23 23 in

153 730 42 23 the
208 737 65 15 same
286 728 153 30 description,
453 727 47 23 and
512 726 59 23 with
581 725 37 23 his
632 725 103 23 Chester
748 726 95 31 cavalry
858 727 19 22 is
890 727 40 23 the
944 729 53 23 sub-

152 777 50 30 ject
214 777 27 23 of
251 777 42 23 the
334 776 60 23 Last
509 774 27 23 of
704 773 39 23 his
755 778 65 18 crest
831 774 20 23 is
864 778 42 19 not
919 776 78 30 given.

155 824 23 23 It
189 832 48 15 was
251 832 29 15 an
292 824 76 30 Eagle
377 833 8 18 ;
404 824 30 22 he
447 831 48 15 was
506 824 70 22 made
589 823 65 23 Lord
667 823 159 32 Mounteagle
839 824 38 23 for
885 825 36 23 his
934 826 64 23 valor

155 874 24 20 at
191 871 116 23 Flodden.
344 870 51 23 The
409 869 100 32 Stanley
522 873 64 20 crest
598 870 20 23 is
631 874 42 19 not
692 871 72 30 given
784 872 25 22 in
828 872 38 23 Sir
878 872 24 24 J.
922 874 75 23 Beau-

154 921 90 23 mont's
267 921 39 23 old
330 928 70 23 poem
413 919 26 23 of
456 918 127 24 Bosworth
598 918 74 27 Field,
699 926 13 15 a
724 918 76 23 battle
824 919 24 22 in
866 919 79 23 which
958 921 39 23 the

156 969 111 32 Stanleys
284 969 88 23 turned
384 969 41 23 the
437 969 48 23 fate
499 969 27 22 of
541 968 42 24 the
596 968 46 32 day
653 979 5 16 ;
677 969 96 32 though
794 971 42 23 the
859 979 71 16 azure
952 973 45 22 and

154 1016 73 23 white
243 1016 62 22 lions
323 1015 27 23 of
364 1018 48 20 two
425 1015 70 23 noble
515 1015 96 23 Houses
633 1023 41 16 are
695 1017 216 24 commemorated.
947 1018 50 24 The

154 1064 76 30 Eagle
242 1063 20 23 is
275 1062 48 24 still
334 1063 42 22 the
389 1066 62 19 crest
464 1062 26 22 of
505 1065 48 19 two
566 1061 119 23 branches
697 1061 26 22 of
739 1061 42 23 the
793 1061 99 32 Stanley
906 1062 90 32 family,

155 1120 25 14 as
193 1119 54 22 may
259 1111 30 22 be
301 1117 56 16 seen
369 1110 31 29 by
413 1110 42 23 the
468 1110 114 30 Peerage.
620 1109 22 23 It
654 1110 21 22 is
694 1117 15 16 a
732 1110 116 23 tradition
870 1111 53 22 that
941 1111 56 31 they

155 1167 39 16 are
206 1157 134 25 descended
352 1157 62 23 from
433 1165 29 14 an
483 1156 105 32 adopted
609 1156 78 23 infant
699 1156 27 23 of
742 1165 13 15 a
776 1156 107 32 Stanley,
898 1158 61 26 who,
973 1158 24 22 in

155 1208 69 23 order
236 1210 25 20 to
273 1206 54 23 lead
338 1205 37 23 his
387 1205 53 23 wife
453 1208 26 19 to
491 1205 87 30 permit
591 1204 41 25 the
645 1204 125 30 adoption,
782 1204 49 23 had
845 1205 19 22 it
885 1205 73 22 taken
971 1209 26 18 to

155 1265 30 14 an
197 1255 98 31 Eagle's
307 1257 61 24 nest,
382 1255 79 22 where
474 1253 19 23 it
505 1260 48 16 was
636 1253 32 30 by
682 1253 66 30 Lady
763 1252 108 31 Stanley,
886 1254 47 23 and
954 1255 43 22 she

155 1312 47 15 was
215 1304 69 23 made
296 1306 26 20 to
334 1303 91 23 believe
437 1303 53 23 that
503 1310 30 15 an
545 1302 76 29 Eagle
634 1302 48 23 had
696 1302 93 23 carried
802 1302 18 23 it
833 1303 76 23 there.
945 1303 50 23 The

184 1354 75 29 Eagle
272 1353 47 23 and
443 1352 19 23 is
483 1360 13 14 a
507 1360 112 15 common
632 1351 54 31 sign
700 1352 26 22 of
743 1352 58 23 Inns
813 1361 5 18 ;
838 1353 42 23 the
892 1353 67 30 signs
973 1354 24 22 of

153 1410 71 22 many
245 1402 58 22 Inns
321 1409 63 15 were
402 1401 121 30 anciently
542 1402 41 22 the
609 1405 76 20 crests
704 1403 28 22 of
747 1407 69 26 great
839 1404 111 27 families,
971 1405 22 23 in

153 1455 66 15 cases
231 1448 79 22 where
322 1447 41 23 the
374 1448 57 22 host
443 1455 48 15 was
504 1456 45 15 one
562 1449 26 22 of
605 1449 62 24 their
679 1453 97 22 tenants
790 1460 28 15 or
831 1454 125 23 retainers.

187 1499 85 27 Queen
284 1498 71 30 Mary
367 1498 48 22 had
427 1505 29 15 an
469 1498 75 31 Eagle
562 1498 47 22 and
632 1498 60 23 Lion
717 1499 37 23 for
780 1501 43 23 her
846 1505 146 26 supporters.

154 1548 105 23 Richard
272 1547 46 23 III.
332 1547 46 22 had
391 1550 48 19 two
453 1547 84 22 Boars.
564 1546 84 30 Henry
660 1546 59 23 VII.
730 1547 46 22 and
785 1547 73 22 VIII.
869 1547 47 22 had
928 1555 14 14 a
953 1547 41 23 red

153 1597 99 29 Dragon
273 1596 46 23 and
341 1595 156 30 Greyhound.
533 1595 85 27 Queen
632 1595 127 23 Elizabeth
777 1603 14 16 a
810 1597 61 22 Lion
896 1597 46 22 and
953 1597 41 23 red

152 1647 108 30 Dragon.
295 1647 81 22 James
389 1646 71 30 dropt
472 1645 40 23 the
525 1644 80 23 Tudor
618 1644 100 30 Dragon
728 1644 47 22 and
785 1644 57 22 took
853 1644 40 23 the
904 1643 90 24 Scotch

152 1691 116 23 Unicorn.
305 1691 51 22 The
369 1691 42 22 red
423 1691 99 29 Dragen
544 1698 48 15 was
612 1690 42 23 the
668 1690 103 23 emblem
785 1690 26 22 of
831 1690 163 23 Cadwallader
