1120 1962
465 173 122 15 POETICAL
607 169 103 16 AVIARY.

166 170 31 21 20

285 248 44 21 For
340 247 55 27 they
406 246 50 21 who
467 245 67 21 listen
546 246 83 18 cannot
640 241 63 21 leave

287 285 50 21 The
350 287 58 22 spot,
420 283 41 20 but
472 281 72 28 linger
555 279 72 26 there,
637 278 44 21 and
692 276 81 29 grieve,

316 322 35 20 As
362 320 20 21 if
390 320 53 27 they
454 318 68 22 loved
533 318 22 20 in
567 316 51 21 vain
626 315 3 21 !

202 387 35 23 Of
253 387 42 22 the
307 384 94 24 fancied
412 384 54 23 love
479 384 27 22 of
521 384 41 22 the
575 381 162 32 Nightingale
757 380 37 24 for
807 380 41 24 the
861 380 72 26 Rose,
948 378 64 23 Lord

169 435 82 29 Byron
264 433 86 30 speaks
361 432 24 23 in
397 431 42 23 the
451 430 92 23 Giaour
543 442 34 4 —

350 494 51 21 The
413 493 60 22 Rose
486 500 29 15 on
526 500 53 21 crag
590 501 25 14 or
627 494 56 27 vale,

322 530 93 22 Sultana
426 530 27 21 of
465 530 38 22 the
515 529 155 28 Nightingale,

349 568 50 21 The
407 567 62 22 maid
478 567 35 22 for
523 567 74 22 whom
607 567 36 22 his
658 567 89 27 melody

350 605 43 22 His
403 605 114 21 thousand
529 612 67 21 songs
607 611 37 15 are
654 605 69 21 heard
735 611 29 14 on
775 604 59 29 high,

320 641 92 21 Blooms
423 641 105 27 blushing
539 644 25 18 to
575 641 41 21 her
626 641 79 22 lover's
717 642 52 22 tale.

206 708 145 30 Gascoigne,
363 711 26 19 to
399 708 80 22 whom
488 715 36 15 we
533 715 40 15 are
583 708 123 25 indebted,
715 708 25 22 in
748 708 36 23 his
825 707 108 31 Princely
946 708 66 23 Plea-

172 765 66 15 sures
251 757 26 22 of
473 756 38 23 for
523 757 42 23 the
577 756 55 23 best
644 760 110 24 account,
766 757 32 31 by
809 765 31 16 an
850 757 162 31 eye-witness,

173 806 26 23 of
214 806 42 23 the
273 805 136 23 celebrated
427 804 187 24 entertainment
632 804 72 31 given
721 804 33 31 by
766 804 65 23 Lord
849 804 122 23 Leicester
988 806 26 20 to

174 854 84 28 Queen
268 854 125 22 Elizabeth
406 856 23 20 at
439 853 152 23 Kenilworth
601 853 89 28 Castle,
702 854 46 22 and
761 854 54 22 who
827 854 71 22 acted
909 854 41 22 the
963 856 52 27 part

174 903 26 23 of
208 910 14 16 a
233 903 67 23 Wild
312 910 55 15 man
379 902 94 31 talking
486 905 25 20 to
529 910 30 16 an
572 903 67 23 Echo
653 912 32 15 on
697 905 53 22 that
768 905 119 26 occasion,
901 905 86 23 turned
1002 913 13 14 a

174 955 98 23 Puritan
284 954 69 23 when
366 953 29 23 he
408 953 98 23 became
517 961 59 23 poor
588 953 48 23 and
649 953 49 23 old.
734 953 51 23 The
798 953 91 23 British
902 953 113 22 Museum

174 1004 108 24 contains
295 1003 91 24 several
397 1003 26 22 of
432 1003 38 22 his
483 1002 160 30 manuscripts
655 1003 25 22 in
692 1002 116 23 beautiful
826 1002 66 23 hand
910 1002 105 29 writing,

174 1053 134 29 consisting
321 1052 26 23 of
362 1051 77 23 books
451 1050 129 31 presented
592 1053 26 20 to
629 1050 42 23 the
684 1049 93 29 Queen,
790 1049 25 23 in
832 1048 88 27 which,
934 1049 80 22 when-

174 1112 55 15 ever
241 1104 44 22 her
297 1110 70 16 name
379 1109 84 16 occurs
477 1108 26 15 or
516 1108 46 22 any
575 1098 101 25 allusion
687 1098 20 23 is
720 1097 69 24 made
807 1101 26 19 to
845 1097 52 26 her,
910 1097 42 22 the
972 1096 44 23 let-

174 1157 50 19 ters
236 1160 39 15 are
287 1152 25 22 in
329 1151 66 30 gold.
431 1150 54 23 One
506 1148 27 23 of
548 1148 38 23 his
600 1147 125 24 sanctified
744 1153 83 23 poems
848 1145 110 24 contains
976 1144 40 25 the

175 1199 124 29 foUowing
311 1198 60 23 lines
383 1207 4 13 :

295 1263 50 22 The
357 1263 90 28 Caryon
461 1262 89 25 Crowe,
561 1260 49 22 that
621 1259 126 22 loathsome
758 1258 64 21 beast

324 1300 83 22 Which
419 1299 58 22 cries
489 1298 87 28 against
588 1298 39 21 the
638 1305 76 21 rayne,

296 1338 59 22 Both
366 1338 34 20 for
408 1337 41 20 her
459 1337 69 25 hewe,
539 1335 44 22 and
594 1335 33 21 for
638 1335 39 21 the
688 1337 46 18 rest

324 1373 51 22 The
387 1373 58 22 devil
456 1372 137 22 resembleth
604 1371 88 28 playne.

294 1413 55 21 And
361 1420 23 14 as
395 1412 55 22 with
462 1418 85 22 gonnes
556 1417 32 14 we
600 1410 41 21 kiU
651 1409 39 22 the
705 1409 80 21 Crowe

324 1449 44 21 For
381 1448 97 26 spoiling
489 1454 41 14 our
540 1446 91 26 releefe,

296 1487 50 22 The
358 1486 59 22 devil
428 1493 25 14 so
465 1489 60 17 must
536 1492 32 14 we
585 1484 136 22 overthrowe

324 1522 65 23 With
399 1522 99 27 gunshot
508 1522 25 21 of
541 1522 92 27 beleefe.

211 1595 76 31 Many
300 1602 74 15 names
386 1594 30 30 of
418 1593 79 31 places
510 1594 46 22 and
565 1601 48 15 men
626 1601 41 15 are
679 1593 72 23 taken
763 1593 63 23 from
839 1594 74 23 birds.

211 1644 50 22 The
271 1643 67 23 Dove
349 1643 25 22 in
386 1642 153 31 Derbyshire,
548 1641 21 23 is
581 1650 14 15 a
602 1649 58 23 very
668 1640 152 32 picturesque
834 1641 71 23 river.
921 1640 99 27 Cotton,

179 1692 55 23 who
253 1699 48 15 was
320 1699 13 15 a
350 1691 64 23 boon
433 1691 142 31 companion
588 1691 26 23 of
625 1690 66 25 Isaac
704 1691 100 23 Walton
821 1690 26 24 of
857 1690 101 32 angling
976 1690 44 23 im-

169 1728 7 3 -
188 1725 19 7 /-
266 1727 5 2 -
321 1728 32 4 /r/
395 1727 19 5 x.
431 1728 4 3 ■
578 1730 7 2 i
914 1726 14 6 if
930 1722 18 10 /i
