1120 1962
165 161 44 21 114

460 170 119 14 POETICAL
600 170 93 14 AVIARY

161 241 41 23 the
224 245 84 20 streets
333 242 23 22 in
378 242 40 23 the
440 243 137 23 fourteenth
605 248 106 19 centurv.
750 244 73 30 Gay's
846 251 68 23 poem
935 251 50 16 com

162 291 142 20 memorates
318 297 29 15 an
361 290 180 25 extraordinary
555 292 59 23 frost
616 306 32 3 —

221 349 21 22 O
254 350 77 28 roving
343 357 62 15 muse
414 351 4 21 !
437 351 59 22 recal
508 351 51 22 that
572 352 118 21 wondrous
701 359 60 22 year,

221 387 74 21 When
306 387 78 22 winter
395 388 92 29 reigned
498 389 22 20 in
531 389 65 21 bleak
610 389 133 22 Britannia's
754 389 33 22 air
796 398 5 17 ;

220 425 73 21 When
306 426 67 28 hoary
386 426 105 27 Thames,
504 427 51 21 with
566 427 86 21 frosted
664 427 71 21 oziers
747 426 103 25 crown'd,

220 461 54 22 Was
286 461 63 22 three
361 462 52 28 long
424 470 76 14 moons
512 462 22 22 in
546 464 36 28 icy
593 464 78 21 fetters
684 465 84 20 bound.

220 497 91 21 Wheels
323 497 44 21 o'er
379 498 38 21 the
429 498 107 22 harden'd
547 504 79 17 waters
638 500 112 28 smoothly
761 500 68 28 gfide,

219 534 54 21 And
284 541 49 14 rase
345 534 53 21 with
411 534 105 22 whiten'd
527 536 74 20 tracks
613 536 38 20 the
663 536 96 28 slippery
771 535 48 22 tide
827 543 4 13 :

220 570 60 21 Here
292 570 37 22 the
341 571 32 21 fat
384 571 56 21 cook
452 571 55 28 piles
519 571 53 29 high
583 572 38 22 the
633 573 89 28 blazing
733 574 47 25 fire,

218 606 54 21 And
283 614 73 14 scarce
368 607 38 21 the
418 608 44 28 spit
474 616 41 13 can
527 613 50 17 turn
589 610 38 21 the
640 615 59 17 steer
710 610 79 22 entire.

219 644 85 22 Booths
317 646 85 20 sudden
414 646 52 21 hide
478 647 38 21 the
528 647 105 27 Thames,
645 648 54 28 long
710 652 80 18 streets
802 655 88 21 appear,

219 683 54 21 And
284 691 120 13 numerous
417 691 73 20 games
502 685 107 27 proclaim
621 685 38 20 the
671 685 103 20 crowded
784 685 42 20 fair
834 685 4 20 !

219 721 54 20 DoU
284 727 65 21 every
360 721 42 24 day
414 721 45 21 had
470 721 85 21 walked
566 721 65 21 these
643 721 143 21 treacherous
798 721 66 21 roads
874 729 6 16 ;

219 757 48 21 Her
279 757 55 20 neck
345 765 58 19 grew
414 761 69 23 warpt
495 757 97 21 beneath
605 758 116 20 autumnal
732 758 62 21 loads

220 793 35 22 Of
262 793 87 21 various
360 793 53 21 fruit
423 802 5 18 ;
445 794 39 20 she
496 801 49 14 now
556 802 13 13 a
580 795 79 20 basket
671 795 52 20 bore
734 803 5 17 ;

219 831 60 22 That
292 831 64 26 head,
369 831 46 22 alas
426 831 4 21 !
449 831 56 21 shaU
517 831 77 22 basket
607 831 53 22 bear
671 838 28 14 no
711 838 68 14 more.

218 870 50 21 The
280 870 104 27 cracking
395 869 82 28 crystal
486 869 72 28 yields
567 877 5 17 ;
590 869 38 20 she
641 868 67 25 sinks,
721 868 38 20 she
772 867 54 25 dies,

218 904 48 21 Her
276 905 64 25 head,
353 905 67 27 chopt
433 905 34 20 off
472 904 56 21 from
540 904 39 21 her
590 904 43 21 lost
645 904 117 21 shoulders
774 903 47 22 flies
830 912 4 17 ;

218 943 100 27 Pippins
330 943 38 20 she
380 942 60 21 cried
449 951 4 17 ;
470 942 41 21 but
522 941 67 22 death
602 941 39 21 her
652 941 62 21 voice
727 940 124 21 confounds
861 947 4 18 ;

218 978 52 21 And
277 980 45 24 pip
324 992 25 2 —
349 980 44 24 pip
395 991 25 3 —
420 979 44 25 pip
467 991 27 3 —
496 978 65 26 along
572 977 38 21 the
622 977 33 21 ice
668 977 117 21 resounds.

478 1070 50 14 THE
549 1069 133 15 STARLING.

195 1119 78 23 There
293 1119 18 22 is
324 1127 45 15 one
389 1119 133 23 celebrated
535 1118 86 31 speech
635 1118 25 22 of
679 1126 13 14 a
705 1117 115 32 Starling,
841 1118 78 23 which
931 1119 20 22 is
972 1119 24 23 in

160 1167 106 23 Sterne's
277 1166 156 23 Sentimental
440 1166 114 30 Journey,
593 1165 11 23 I
615 1165 64 23 can't
692 1168 40 27 get
853 1166 11 22 I
877 1166 64 23 can't
954 1169 41 27 get

262 1216 22 22 It
303 1216 64 22 leads
381 1219 24 19 to
417 1215 42 23 the
477 1215 91 29 picture
582 1214 25 22 of
623 1214 41 22 the
684 1214 100 30 captive,
798 1214 27 22 of
835 1214 78 23 which
926 1214 9 23 I
948 1215 47 22 will

158 1265 55 21 take
226 1271 14 15 a
251 1263 76 31 single
339 1263 66 23 trait.
472 1262 38 23 He
529 1270 48 15 was
591 1262 84 30 sitting
694 1270 64 22 upon
770 1262 40 23 the
833 1262 94 31 ground
940 1270 30 15 on
982 1271 13 14 a

158 1311 60 23 little
240 1315 78 23 straw,
340 1311 24 22 in
377 1310 40 23 the
441 1310 103 23 furthest
568 1319 84 15 corner
665 1311 26 22 of
702 1311 36 23 his
756 1312 111 31 dungeon
879 1322 5 16 ;
909 1321 13 14 a
935 1313 58 22 little

159 1361 110 23 calendar
289 1361 27 22 of
337 1360 68 22 small
423 1360 74 22 sticks
516 1367 48 15 was
582 1360 47 22 laid
648 1363 24 19 at
692 1360 39 22 his
750 1360 69 26 head,
842 1360 103 22 notched
964 1360 30 22 all

159 1421 56 14 over
236 1412 56 22 with
305 1411 40 23 the
367 1410 84 23 dismal
466 1409 56 30 days
543 1408 47 23 and
610 1408 83 29 nights
708 1407 29 23 he
751 1407 46 22 had
812 1406 85 31 passed
917 1407 74 23 there.

159 1462 38 23 He
210 1461 47 23 had
270 1468 44 15 one
328 1460 25 22 of
363 1459 66 22 these
442 1458 60 23 little
516 1457 72 23 sticks
601 1456 24 22 in
637 1455 38 23 his
688 1455 71 26 hand,
773 1454 46 23 and
831 1454 58 23 with
903 1462 13 15 a
928 1458 65 27 rusty

158 1509 49 23 nail
226 1509 30 23 he
269 1516 48 15 was
336 1507 98 30 etching
455 1505 99 24 another
574 1504 46 30 day
644 1503 26 22 of
688 1503 87 29 misery
796 1505 25 20 to
834 1502 46 23 add
902 1505 25 19 to
952 1502 39 23 the

158 1558 69 29 heap.
263 1558 34 21 As
318 1556 11 23 I
342 1555 120 24 darkened
480 1554 41 23 the
540 1553 61 23 little
613 1553 62 31 light
694 1553 30 22 he
737 1552 54 26 had,
811 1553 30 22 he
853 1552 66 23 lifted
938 1560 29 21 up
980 1559 13 16 a

157 1604 110 31 hopeless
287 1612 42 22 eye
341 1603 103 23 towards
461 1603 41 22 the
516 1603 58 22 door
585 1613 5 17 ;
610 1603 57 22 then
680 1606 50 19 cast
740 1603 18 22 it
771 1603 76 26 down,
862 1603 74 22 shook
957 1603 36 22 his

157 1652 70 26 head,
249 1652 46 23 and
308 1656 63 19 went
384 1660 31 15 on
427 1652 59 23 with
505 1652 38 23 his
556 1653 65 22 work
640 1652 26 23 of
850 1653 75 31 Many
937 1662 54 22 peo-

157 1702 37 26 ple
205 1702 84 25 would,
303 1702 108 26 perhaps,
425 1702 30 22 be
466 1702 47 22 less
526 1710 30 14 on
569 1710 13 14 a
600 1710 42 18 par
654 1702 58 22 with
726 1710 65 15 some
804 1702 26 23 of
840 1702 40 23 the
893 1702 64 23 birds
970 1702 26 22 of
