1120 1962
397 150 119 15 POETICAL
536 151 104 15 AVIARY.

900 147 44 20 113

219 222 64 22 Have
297 223 10 21 I
319 227 40 17 not
370 223 72 22 heard
450 228 64 24 great
525 225 113 22 ordnance
651 226 22 21 in
685 226 39 22 the
736 226 59 27 field,

218 259 54 22 And
283 259 105 22 heaven's
399 260 100 29 artillery
511 261 98 22 thunder
621 263 22 21 in
652 264 39 21 the
702 265 59 22 skies
770 265 9 21 ?

216 298 65 21 Have
293 298 11 21 I
315 302 40 17 not
367 305 13 14 a
391 298 94 27 pitched
497 299 70 21 battle
580 299 76 26 heard,

216 333 66 21 Loud
293 333 99 27 Tarums,
403 335 108 29 neighing
521 337 84 27 steeds,
617 338 45 21 and
670 340 120 28 trumpet's
802 340 65 28 clang
876 340 8 21 ?

216 371 55 21 And
280 372 29 20 do
320 380 45 20 you
376 372 40 21 tell
428 380 36 13 me
475 373 27 20 of
508 380 13 13 a
533 374 106 21 woman's
651 378 84 24 tongue
744 384 5 18 ;

217 410 62 21 That
290 410 61 28 gives
363 414 38 17 not
414 410 50 21 half
471 419 25 13 so
508 415 62 24 great
582 419 12 13 a
608 412 57 21 blow
673 416 23 17 to
708 413 39 21 the
759 420 37 14 ear

217 448 34 21 As
263 448 45 21 wiU
319 456 13 13 a
343 448 96 21 chesnut
450 448 23 21 in
485 456 12 13 a
506 448 100 21 farmer's
618 448 39 21 fire
665 449 10 20 ?

133 528 47 22 But
209 527 45 23 lest
282 526 150 31 Shakspeare
460 527 87 22 should
569 527 29 23 be
623 527 106 30 thought
754 530 25 19 to
794 527 84 22 -think
902 530 42 21 too

99 575 94 25 meanly
205 575 27 24 &
241 575 41 23 the
301 583 75 23 organ
392 574 26 23 of
428 574 86 23 female
528 575 129 30 loquacity,
677 575 19 22 it
708 583 54 23 may
776 575 29 22 be
817 575 127 27 observed,

98 624 53 22 that
164 624 23 22 in
199 624 39 22 his
276 624 88 22 Love's
374 623 117 23 Labour's
596 624 24 27 (a
630 623 55 30 play
692 623 25 22 in
726 623 79 22 which
816 623 29 23 he
860 624 84 29 speaks

100 673 26 22 of
135 673 42 22 the
190 673 104 28 heavenly
308 673 99 22 rhetoric
420 672 26 23 of
456 680 14 15 a
481 672 77 29 lady's
573 671 57 30 eye)
643 672 31 22 he
687 679 54 22 says
743 684 32 4 —

221 759 50 21 The
282 763 97 25 tongues
390 760 27 20 of
424 760 104 28 mocking
540 760 104 21 wenches
656 767 36 14 are
704 767 25 14 as
740 760 64 26 keen,

221 799 33 21 As
265 799 19 21 is
296 799 39 21 the
347 798 82 21 razor's
441 799 56 26 edge
508 797 111 26 invisible,

221 835 97 29 Cutting
329 843 13 13 a
354 836 89 21 smaller
454 836 49 20 hair
514 836 55 20 than
580 843 51 21 may
643 837 27 20 be
683 844 51 14 seen

221 872 80 21 Above
314 872 38 21 the
365 879 65 14 sense
442 872 27 21 of
476 880 73 13 sense.

133 966 48 22 We
199 973 47 17 are,
271 965 94 25 indeed,
390 965 133 23 instructed
536 965 24 23 in
580 966 40 22 the
644 966 118 23 Proverbs
784 967 27 22 of
829 967 116 23 Solomon

100 1016 53 23 that
217 1016 21 22 is
256 1016 79 22 better
348 1019 24 19 to
392 1016 69 22 dwell
480 1016 23 22 in
516 1016 42 23 the
568 1024 84 15 corner
672 1017 26 22 of
708 1026 14 15 a
734 1018 139 31 house-top,
888 1021 59 22 than

100 1065 58 22 with
171 1072 14 15 a
204 1065 117 30 brawling
332 1072 94 16 woman
444 1065 26 23 in
482 1074 14 15 a
506 1066 60 23 wide
724 1070 47 23 But
783 1071 48 22 this
851 1071 44 23 has
908 1081 36 14 re-

100 1112 94 23 ference
206 1115 26 20 to
253 1112 69 23 those
339 1113 88 23 talents
439 1114 37 23 for
494 1115 86 24 debate
592 1117 25 23 in
634 1119 79 23 which
733 1121 109 23 Addison
864 1123 82 23 thinks

100 1159 53 23 that
166 1167 94 15 women
280 1160 87 27 would,
381 1160 20 22 if
410 1162 139 29 permitted,
564 1171 60 16 soon
646 1165 88 31 eclipse
747 1167 42 23 the
807 1168 139 24 luminaries

102 1207 26 22 of
146 1207 41 23 the
199 1208 46 22 Bar
254 1216 6 18 ;
280 1207 30 23 he
330 1215 54 23 says
403 1209 53 22 that
480 1209 17 22 it
512 1210 20 22 is
553 1211 56 31 only
621 1220 132 24 necessary
773 1217 25 20 to
820 1216 91 23 adduce
924 1217 24 22 in

101 1258 71 30 proof
183 1258 41 23 the
243 1257 110 30 example
372 1257 26 22 of
409 1258 41 22 the
464 1258 74 23 ladies
552 1259 25 22 of
588 1259 42 22 the
644 1259 91 23 British
750 1260 109 32 Fishery.
897 1263 51 23 The

101 1309 65 23 Jews
206 1307 89 23 stirred
315 1314 32 22 up
370 1307 89 22 devout
619 1310 25 19 to
663 1308 50 22 talk
733 1308 71 22 down
826 1308 58 23 Paul
902 1310 46 22 and

104 1358 122 22 Barnabas
236 1367 5 16 ;
265 1357 52 26 but,
332 1356 110 22 whether
453 1355 32 31 by
497 1355 42 23 the
583 1355 85 24 female
784 1358 90 28 spoken
888 1358 26 22 of
924 1358 24 23 in

103 1408 95 26 Moore,
212 1408 20 22 is
245 1410 43 19 not
302 1404 122 30 reported.

135 1454 110 23 Addison
266 1453 91 23 alludes
378 1457 25 18 to
424 1452 40 22 the
485 1456 90 27 tongue
600 1452 26 23 of
646 1461 29 14 an
696 1453 178 31 apple-woman
897 1456 52 23 that

103 1503 64 23 cried
356 1501 61 23 after
436 1501 44 23 her
501 1501 62 23 head
577 1508 48 15 was
639 1503 40 20 cut
703 1501 41 22 off.
780 1501 52 23 The
851 1505 66 27 story
930 1502 19 22 is

103 1551 51 22 told
166 1551 24 22 in
201 1549 75 31 Gay's
286 1548 93 26 Trivia;
394 1556 15 14 a
420 1556 58 22 very
491 1548 95 22 curious
597 1555 78 22 poem,
687 1555 26 14 as
724 1547 18 22 it
755 1547 68 31 gives
835 1556 14 14 a
860 1549 89 23 minute

102 1599 147 30 description
273 1598 25 22 of
316 1598 42 22 the
384 1596 102 23 London
511 1599 87 19 streets
623 1596 24 21 in
672 1595 41 22 the
738 1595 57 22 time
816 1596 25 21 of
865 1596 84 27 Queen

102 1649 79 23 Anne.
216 1648 78 23 There
307 1648 20 22 is
340 1656 14 14 a
366 1655 70 22 poem
450 1646 96 22 written
558 1645 33 30 by
602 1645 119 29 Lydgate,
735 1651 14 15 a
762 1647 187 29 contemporary

102 1698 26 21 of
140 1697 118 22 Chaucer,
272 1696 76 23 called
387 1695 41 22 the
442 1693 102 24 London
736 1690 78 22 which
829 1690 120 23 describes

309 1752 13 15 Q
