1120 1962
178 165 31 20 46

478 171 120 15 POETICAL
619 171 104 15 AVIARY.

177 254 55 22 pass
245 246 107 30 through
370 246 58 22 each
447 245 26 23 of
491 246 76 25 these,
589 246 46 23 and
657 254 74 14 never
754 244 105 24 suffered
873 253 13 15 a
906 253 74 23 paper
999 249 24 20 to

177 305 32 21 go
219 297 61 23 from
293 304 44 15 one
351 297 66 22 Port-
420 296 57 23 folio
486 299 26 20 to
524 295 101 24 another
635 294 100 22 without
746 301 13 15 a
772 293 123 31 thorough
909 293 113 23 revision.

211 343 23 22 If
243 343 18 22 it
275 343 29 22 be
325 343 106 30 thought
452 343 53 22 that
519 342 84 23 Carew
615 341 44 23 has
679 341 61 22 been
762 348 12 14 a
787 339 61 23 little
862 339 160 31 hyperbolical

176 402 31 14 on
221 393 40 23 the
275 393 92 30 subject
380 393 26 22 of
421 393 82 23 ladies'
524 400 64 23 eyes,
611 392 30 22 he
655 391 47 23 will
723 391 78 23 sound
823 393 64 21 tame
908 391 61 23 after
981 391 41 23 the

174 442 124 30 following
308 451 5 13 :

295 492 56 21 Two
363 492 26 21 of
397 492 38 21 the
447 492 78 21 fairest
536 495 58 18 stars
606 492 22 20 in
641 492 28 21 all
682 492 38 21 the
732 492 85 21 heaven

295 526 91 29 Having
397 535 60 13 some
469 528 110 25 business,
591 527 30 21 do
633 531 88 18 entreat
733 528 40 21 her
785 536 52 21 eyes

294 564 36 21 To
339 563 93 22 twinkle
445 564 22 21 in
479 564 59 21 their
551 565 92 28 spheres
655 566 35 21 tiU
701 566 55 30 they
767 572 84 17 return.

293 602 70 22 What
375 602 21 21 if
403 602 39 22 her
453 610 53 21 eyes
518 611 57 13 were
587 604 71 26 there,
670 605 54 29 they
736 605 22 22 in
770 606 41 22 her
822 607 59 22 head
893 608 5 20 !

294 637 49 21 The
356 638 128 28 brightness
497 640 26 20 of
530 640 40 21 her
581 640 72 23 cheek
664 642 75 21 would
751 643 77 22 shame
839 644 65 22 those
917 649 56 17 stars

293 674 34 20 As
339 674 114 27 day-light
465 675 56 21 doth
533 683 13 13 a
557 676 61 29 lamp
630 685 5 17 ;
652 677 40 22 her
703 685 41 22 eye
756 679 23 21 in
790 679 86 22 heaven

293 708 83 21 Would
388 709 98 29 through
497 711 39 21 the
548 711 48 29 airy
607 712 89 28 regions
708 718 82 18 stream
802 723 25 13 so
839 716 74 28 bright

293 746 61 22 That
366 747 62 22 birds
439 749 76 21 would
527 749 56 29 sing,
595 751 45 21 and
652 751 65 21 think
726 751 18 22 it
755 759 57 14 were
824 757 40 17 not
876 753 70 28 night.

752 790 88 22 Romeo
853 792 47 20 and
910 790 76 22 Juliet.

205 842 36 23 Or
250 841 62 24 from
320 842 68 24 Dean
399 844 94 26 Donne,
507 845 65 22 what
585 845 43 23 Dr.
639 845 111 24 Johnson
764 846 57 23 calls
835 847 42 22 the
915 847 100 30 poetical

171 893 160 29 propagation
344 893 26 23 of

291 945 74 22 When
376 946 56 21 from
444 946 65 22 those
519 948 83 20 wombs
613 948 31 29 of
646 952 69 21 stars,
728 949 38 20 the
777 948 86 22 Bride's
875 949 75 29 bright
957 956 57 21 eyes,

319 983 34 22 At
364 991 66 20 every
441 984 77 27 glance
530 992 13 13 a
552 986 158 21 constellation
722 986 55 22 flies.

290 1021 54 21 And
355 1028 56 14 sows
423 1022 39 21 the
475 1026 64 18 court
550 1022 54 22 with
617 1027 65 22 stars,
694 1024 46 21 and
751 1024 55 21 doth
817 1028 94 24 prevent

318 1057 26 22 In
356 1058 57 29 Hght
425 1059 44 21 and
481 1066 73 21 power
567 1060 38 22 the
617 1060 101 29 all-eyed
729 1062 127 21 firmament
859 1077 29 2 —

291 1096 59 21 First
361 1096 40 21 her
412 1105 41 20 eye
464 1097 89 22 kindles
564 1098 66 21 other
641 1099 77 21 ladies'
731 1106 53 20 eyes
795 1108 4 17 ;

319 1132 65 22 Then
397 1133 56 21 from
463 1134 59 22 their
533 1136 78 21 beams
623 1136 58 21 their
690 1137 84 28 jewels'
784 1138 83 22 lustres
882 1138 49 22 rise.

289 1171 54 22 And
353 1172 57 21 from
422 1172 59 21 their
490 1172 78 28 jewels
579 1174 89 22 torches
681 1175 29 21 do
722 1176 51 21 take
784 1176 40 21 fire

288 1207 54 20 And
354 1207 29 20 all
394 1207 19 21 is
424 1208 101 26 warmth,
536 1209 43 21 and
591 1209 66 28 light,
668 1210 44 22 and
722 1211 58 26 good
792 1211 80 21 desire.

202 1258 28 22 In
243 1258 132 29 Fielding's
387 1259 60 22 Tom
459 1259 104 27 Thumb,
574 1269 35 14 we
621 1260 61 24 have
685 1275 32 3 —

291 1311 94 22 Thumb.
388 1325 28 3 —
420 1312 11 21 I
442 1313 39 21 ask
492 1317 40 18 not
543 1314 126 28 kingdoms,
682 1314 11 22 I
705 1322 41 14 can
758 1323 99 20 conquer
868 1317 65 22 those
935 1331 28 3 —

348 1349 63 22 Take
423 1358 36 16 my
470 1351 85 27 receipt
569 1351 21 20 in
602 1351 49 20 full.
684 1351 10 21 I
706 1352 40 20 ask
755 1353 40 20 but
807 1352 44 22 this

346 1386 35 21 To
391 1393 40 15 sun
443 1386 85 28 myself
535 1387 23 21 in
569 1386 183 22 Huncamunca's
764 1395 58 20 eyes.

287 1422 70 27 King.
360 1435 26 3 —
390 1422 102 28 (Aside.)
506 1423 133 28 Prodigious
651 1423 54 21 bold
717 1427 97 24 request.

293 1461 85 25 Queen.
380 1474 29 3 —
411 1461 103 26 (Aside.)
529 1461 31 20 Be
572 1460 52 26 still,
637 1468 37 19 my
685 1461 57 20 soul.

199 1516 57 22 And
269 1516 70 30 again
353 1516 26 22 of
390 1516 174 23 Huncamunca
564 1529 32 3 —

288 1566 22 21 A
322 1569 94 24 country
428 1566 70 21 dance
510 1566 27 21 of
541 1564 39 29 joy
591 1565 20 21 is
622 1565 22 21 in
656 1573 56 20 your
723 1565 55 26 face,

287 1604 62 21 Your
361 1612 51 19 eyes
424 1605 46 26 spit
476 1604 49 26 fire
536 1613 6 14 ;
559 1610 57 21 your
627 1602 83 22 cheeks
723 1610 58 20 grow
793 1602 41 22 red
848 1610 24 14 as
884 1603 55 21 beef.

198 1653 110 22 Another
329 1653 107 22 instance
450 1652 27 23 of
496 1655 85 27 poetry
593 1651 25 22 in
637 1651 64 29 joint
714 1651 144 22 connection
881 1651 58 22 with
957 1650 53 29 flies

165 1699 47 21 and
224 1698 78 24 ladies'
315 1706 57 21 eyes,
387 1706 83 15 occurs
483 1698 25 22 in
520 1706 45 14 one
579 1697 25 23 of
616 1705 42 15 our
674 1697 95 23 ancient
784 1697 133 30 Mysteries
929 1697 79 23 which
