1120 1962
393 146 120 16 POETICAL
533 148 106 15 AVIARY.

889 144 44 21 123

84 226 63 23 upon
166 218 50 26 her,
230 218 76 22 under
318 218 43 23 the
374 227 71 15 name
458 220 26 22 of
495 220 118 27 Mercilla,
627 222 38 23 for
683 223 44 22 her
739 223 139 31 compassion
897 227 35 19 to-

82 267 78 23 wards
174 267 80 30 Mary,
268 267 87 28 Queen
368 268 27 22 of
406 267 81 25 Scots.

118 314 33 23 So
172 314 30 23 he
222 314 43 23 has
284 316 186 30 extravagantly
491 317 96 29 praised
608 318 146 24 Elizabeth's
777 320 103 30 poetical
895 323 33 19 ta-

82 365 62 21 lents
146 378 30 3 —
176 378 3 4 ■

204 436 48 21 Nor
263 436 53 29 only
328 436 72 21 favors
412 436 63 21 them
488 436 50 21 that
549 436 18 21 it
578 444 98 21 possess,

203 474 44 21 But
259 474 19 21 is
290 474 87 21 herself
384 481 12 13 a
404 474 103 26 peerless
521 474 108 21 Poetesse
638 483 7 14 ;

203 511 64 21 Most
279 510 99 29 peerless
389 510 89 26 Prince,
490 514 59 18 most
561 510 101 28 peerless
675 510 106 22 Poetesse
790 510 3 21 !

205 549 51 21 The
267 553 50 17 true
330 549 103 21 Pandora
445 549 26 21 of
478 549 30 22 all
519 549 110 27 heavenly
642 556 73 20 grace,

203 585 82 21 Divine
298 585 62 21 Elisa
368 585 4 21 !

117 659 53 22 One
184 658 26 23 of
229 658 126 30 Spenser's
378 659 142 29 panegyrics
538 666 32 15 on
580 659 41 22 the
635 658 108 28 Queen's
765 659 87 30 beauty
875 658 18 22 is
907 658 22 22 in

83 709 68 23 these
163 713 76 19 terms
240 722 34 4 —

205 779 48 21 Her
263 779 49 20 face
326 786 25 13 so
362 778 42 21 fair
415 786 24 13 as
451 778 56 21 flesh
518 777 19 22 it
549 778 90 21 seemed
651 782 47 21 not,

204 815 45 21 But
261 815 110 28 heavenly
383 815 95 28 portrait
490 815 26 21 of
525 815 75 29 bright
612 817 77 27 angels
702 816 48 21 hew
759 825 6 17 ;

204 851 68 22 Clear
283 858 23 15 as
318 852 39 21 the
370 852 61 28 skye,
443 852 125 23 withouten
581 853 73 22 blame
666 862 25 13 or
703 855 55 25 blot,

204 890 110 28 Through
326 891 82 28 goodly
419 890 97 22 mixture
531 891 27 21 of
565 891 162 28 complexion's
740 892 55 21 dew.

203 928 54 21 And
268 928 22 21 in
302 928 41 21 her
354 928 83 21 cheeks
448 928 40 21 the
499 928 92 21 vermeil
602 929 40 21 red
654 929 39 21 did
704 929 67 26 shew,

202 965 57 21 Like
271 973 62 14 roses
344 965 23 21 in
378 973 14 13 a
402 966 45 21 bed
459 966 26 20 of
492 965 59 22 lilies
564 966 56 21 shed
630 975 5 16 ;

202 1002 50 22 The
265 1003 73 21 which
350 1002 121 22 ambrosial
482 1003 82 21 odours
576 1002 56 22 from
644 1002 41 22 her
697 1003 77 26 threw,

202 1040 55 22 And
268 1040 85 28 gazers'
366 1046 65 15 sense
443 1039 53 22 with
509 1039 83 21 double
604 1039 104 28 pleasure
720 1040 45 26 fed,

202 1077 60 21 Able
274 1081 24 17 to
310 1077 51 20 heal
373 1077 38 21 the
423 1076 57 26 sick,
493 1077 45 20 and
549 1080 24 18 to
585 1077 75 21 revive
672 1077 40 22 the
724 1079 66 21 dead.

203 1112 26 22 In
241 1112 41 22 her
292 1112 42 22 fair
345 1120 53 20 eyes
410 1117 44 17 two
466 1113 69 28 living
546 1113 73 29 lamps
632 1114 39 21 did
683 1115 76 25 flame,

202 1151 101 21 Kindled
315 1151 70 21 above
397 1155 23 17 at
432 1151 39 21 the
483 1151 110 28 heavenly
606 1151 98 22 maker's
715 1152 66 28 fight,

203 1188 54 21 And
268 1188 82 21 darted
361 1188 54 28 fiery
427 1188 78 21 beams
514 1191 40 18 out
566 1188 27 21 of
600 1188 39 21 the
651 1195 61 15 same

204 1225 30 21 So
245 1225 91 28 passing
348 1230 99 23 persant,
460 1227 44 20 and
516 1234 24 13 so
552 1228 121 20 wondrous
687 1228 83 28 bright,

202 1264 63 21 That
277 1263 63 28 quite
351 1264 112 21 bereaved
475 1264 39 21 the
525 1264 52 20 rash
588 1264 129 21 beholder's
730 1264 66 29 sight.

203 1302 31 21 So
245 1301 48 26 fair,
306 1301 44 21 and
362 1300 114 22 thousand
488 1300 115 22 thousand
615 1300 67 22 times
694 1308 61 14 more
767 1300 41 22 fair

202 1341 45 20 She
259 1339 99 22 seemed.

118 1413 89 23 Whilst
221 1411 101 24 Charles
341 1419 49 14 was
403 1410 99 31 levying
521 1410 155 30 ship-money
698 1410 102 22 without
814 1417 13 15 a
841 1409 88 23 Parlia-

81 1465 74 23 ment,
168 1461 38 22 his
218 1460 105 23 Laureat
336 1459 53 23 Ben
408 1458 94 24 Jonson
517 1466 48 15 was
578 1457 106 31 singing,
699 1457 23 22 in
736 1457 156 30 anticipation
907 1456 26 23 of

83 1511 91 23 Swift's
187 1510 131 24 directions
318 1522 34 4 —

201 1576 87 22 Indeed
299 1575 65 21 when
376 1574 46 21 had
433 1572 72 22 Great
518 1570 87 23 Britain
617 1574 89 24 greater
717 1576 67 14 cause

202 1612 67 22 Than
282 1619 50 13 now
344 1615 24 16 to
379 1610 50 21 love
441 1609 39 22 the
493 1608 124 28 sovereign,
629 1607 46 20 and
686 1606 39 21 the
737 1606 54 20 laws
798 1606 5 20 !

202 1649 75 21 When
289 1655 45 21 you
345 1647 51 21 that
407 1646 71 28 reign,
495 1653 38 13 are
545 1645 41 20 her
597 1642 103 28 example
712 1649 75 21 grown
801 1650 5 17 ;

202 1686 54 21 And
268 1685 58 20 what
339 1691 37 14 are
388 1683 89 22 hounds
489 1686 24 18 to
523 1682 49 26 her,
584 1688 45 21 you
641 1681 66 21 make
719 1687 57 21 your
786 1687 56 15 own.
