1120 1962
977 151 12 20 5

447 156 122 14 POETICAL
587 156 105 15 AVIARY.

143 230 51 23 The
213 230 52 23 first
287 230 19 23 is
325 230 62 23 from
408 230 131 32 Southey's
558 231 91 23 Devil's
746 231 79 23 which
845 231 37 23 for
901 240 13 14 a
931 231 58 32 long

144 280 57 22 time
219 288 49 14 was
281 280 110 23 ascribed
403 283 25 19 to
442 280 100 23 Porson.

294 343 37 22 He
343 344 94 21 entered
448 351 12 14 a
470 344 99 27 thriving
581 344 146 21 bookseller's
739 345 56 26 shop

327 381 80 26 Quoth
419 382 36 26 he,
466 390 33 14 we
511 390 36 14 are
559 383 56 21 both
628 384 27 20 of
663 390 43 15 one
718 384 93 28 college,

293 420 46 22 For
350 421 11 21 I
372 422 85 28 myself
464 426 35 17 sat
510 422 45 21 like
567 429 13 14 a
591 425 139 23 cormorant,
743 429 56 14 once

326 457 67 28 Upon
404 458 39 21 the
455 462 48 17 tree
515 458 27 21 of
547 457 140 28 knowledge.

175 518 54 22 And
239 518 56 22 from
308 518 62 22 Lord
381 518 75 28 Byron
457 533 28 2 —

294 585 36 22 To
337 593 39 14 see
387 586 39 22 the
439 585 88 27 Sultan,
539 586 48 22 rich
599 587 23 21 in
634 594 67 21 many
710 595 13 13 a
735 595 58 20 gem,

295 626 58 21 Like
365 633 27 14 an
405 625 108 29 Imperial
525 626 103 21 Peacock
640 626 59 21 stalk
712 626 84 20 abroad

298 662 75 28 (That
384 662 74 28 Royal
468 662 58 27 bird,
537 662 76 21 whose
624 662 60 21 tail's
696 669 12 14 a
720 662 110 28 diadem.)

296 755 74 22 'Twas
382 756 46 21 this
439 756 57 22 flesh
507 757 68 28 begot
586 756 66 22 those
665 757 98 22 Pelican
774 756 130 29 daughters.

892 788 69 19 Lear.

297 816 68 28 Why,
377 816 54 22 here
442 816 28 22 he
483 823 84 20 comes,
579 816 101 28 swelfing
691 816 45 22 like
751 823 12 14 a
776 817 165 27 Turkey-cock.

689 847 82 27 Henry
783 846 46 21 IV.
841 846 31 29 of
878 847 82 21 Pistol

296 875 114 22 Detested
422 877 55 20 Kite
486 877 9 20 !

553 905 71 26 Lear,
638 909 22 17 to
671 904 36 22 his
725 904 120 29 Daughter
862 905 99 21 Generil.

299 935 37 22 Go
347 943 27 21 ye
387 935 69 29 giddy
472 935 82 22 Goose-

453 965 60 22 Hen.
527 965 46 22 IV.
584 965 68 27 Lady
665 965 75 27 Percy
752 968 22 18 to
786 964 43 22 her
841 964 120 22 Husband.

297 1047 101 22 William
408 1048 50 22 who
470 1048 54 29 high
536 1057 61 21 upon
608 1051 39 21 the
659 1053 56 28 yard

326 1086 95 21 Rocked
431 1086 55 22 with
495 1087 39 21 the
545 1087 76 22 biUow
631 1092 25 17 to
668 1089 45 21 and
723 1089 40 25 fro,

299 1123 60 22 Soon
372 1131 24 14 as
407 1124 41 21 her
459 1124 49 21 well
520 1124 80 22 known
612 1125 63 21 voice
686 1125 28 22 he
727 1125 75 27 heard,

326 1160 38 21 He
376 1160 85 28 sighed,
474 1161 44 20 and
530 1164 48 18 cast
589 1161 35 21 his
636 1169 52 19 eyes
697 1162 72 21 below
777 1170 5 13 :

237 1197 50 22 The
296 1197 71 22 chord
379 1197 68 22 slides
459 1197 82 30 swiftly
552 1198 98 29 through
662 1199 34 21 his
708 1199 97 30 glowing
816 1200 78 27 hands,

236 1236 55 22 And
299 1235 68 27 quick
378 1242 25 14 as
414 1236 113 26 lightning
538 1243 29 14 on
579 1236 39 22 the
630 1236 57 22 deck
698 1236 29 22 he
737 1237 85 21 stands.

296 1273 30 22 So
335 1273 39 21 the
387 1276 67 17 sweet
465 1273 66 20 Lark
539 1272 53 28 high
604 1272 73 28 pois'd
687 1272 24 21 in
722 1272 33 21 air

326 1309 70 21 Shuts
408 1309 60 21 close
481 1308 34 22 his
527 1309 90 27 pinions
629 1313 23 17 to
664 1309 35 22 his
711 1310 82 26 breast,

296 1347 25 21 If
328 1346 86 22 chance
425 1346 35 22 his
471 1346 80 22 mate's
564 1346 62 22 shrill
637 1346 43 22 caU
692 1346 28 22 he
732 1346 60 26 hear,

326 1384 56 22 And
393 1384 69 27 drops
473 1388 24 18 at
508 1391 56 15 once
575 1384 49 22 into
636 1385 40 21 her
687 1388 59 18 nest.

298 1423 50 21 The
360 1423 90 21 noblest
463 1422 98 29 Captain
573 1424 23 20 in
608 1424 39 21 the
659 1424 95 27 English
766 1424 60 26 fleet,

297 1460 76 27 Might
385 1467 57 20 envy
454 1459 120 22 WiUiam's
585 1459 31 28 lip
628 1460 65 21 those
706 1460 72 21 kisses
790 1462 76 19 sweet.

902 1498 58 27 Gay.

236 1559 133 23 Petruchio.
371 1573 28 3 —
402 1559 21 21 A
435 1559 86 26 herald,
534 1559 60 21 Kate
606 1559 4 21 !
624 1558 22 23 O
658 1562 42 25 put
710 1566 36 13 me
757 1558 23 21 in
792 1558 41 28 thy
844 1558 78 21 books.

234 1597 138 22 Katherine.
374 1610 30 3 —
404 1595 71 22 What
486 1596 19 21 is
516 1603 57 21 your
580 1599 61 18 crest
650 1595 10 21 ?
677 1602 14 14 a
702 1594 106 22 coxcomb
818 1595 12 20 f

236 1633 133 23 Petruchio.
371 1647 29 3 —
403 1633 20 22 A
437 1633 111 22 combless
560 1632 64 26 cock,
636 1639 25 14 so
673 1631 61 21 Kate
746 1630 45 21 will
802 1630 27 21 be
841 1638 38 20 my
890 1630 52 21 hen.

234 1670 139 23 Katherine.
375 1682 28 3 —
406 1669 36 22 No
454 1670 56 21 cock
522 1669 26 21 of
555 1669 68 26 mine,
634 1676 44 19 you
690 1675 58 14 crow
759 1672 39 17 too
809 1667 45 22 like
866 1674 13 15 a
895 1667 88 22 Craven

713 1706 98 27 Taming
823 1706 36 21 the
873 1706 88 22 Shrew.
