1120 1962
430 143 121 14 POETICAL
571 143 103 14 AVIARi'.

945 141 31 22 47

128 223 62 15 were
200 215 42 23 the
253 215 79 31 origin
345 215 26 23 of
381 216 41 23 the
436 216 90 22 Drama
539 217 23 22 in
575 218 122 30 England.
729 220 81 25 While
824 223 41 24 the
879 225 96 23 morali-

129 268 53 25 ties,
197 266 79 24 which
289 266 50 23 also
351 266 120 31 preceded
487 266 41 24 the
541 267 97 30 regular
649 268 98 28 Drama,
759 275 88 20 cannot
858 272 30 24 be
898 274 82 22 traced

129 317 87 31 higher
228 317 58 23 than
296 316 42 23 the
352 316 69 31 reign
432 315 26 24 of
471 316 83 31 Henry
566 315 55 27 VI.,
631 324 36 15 we
676 316 60 24 have
750 321 84 21 extant
843 319 135 30 Mysteries,

130 372 26 14 or
168 364 101 22 Miracle
287 364 78 30 Plays,
386 364 137 31 commonly
537 364 137 30 performed
687 366 31 30 by
731 367 41 23 the
786 367 98 32 Clergy,
898 369 26 22 of
935 369 43 23 the

130 411 54 23 date
197 410 26 23 of
239 410 105 23 Edward
365 410 69 24 III.'s
448 411 68 31 reign
529 421 5 17 ;
555 413 48 22 and
615 413 41 22 the
670 413 103 24 Chester
786 414 132 31 Mysteries
936 424 42 17 are

130 459 142 24 considered
294 463 25 20 to
339 460 61 23 have
414 460 61 23 been
488 460 52 23 first
565 460 122 31 produced
700 461 23 22 in
742 461 42 23 the
798 469 57 23 year
871 463 63 22 1268
957 463 23 22 in

131 508 81 27 Latin,
225 509 47 23 and
285 513 26 19 to
323 509 62 23 have
398 509 61 24 been
472 509 138 31 performed
624 510 24 23 in
661 510 103 31 English
777 511 25 23 in
818 513 73 22 1338.
929 512 51 23 The

131 558 92 30 subject
237 557 26 23 of
283 566 45 15 one
342 557 26 23 of
385 558 69 23 these
470 558 96 24 ancient
579 559 132 31 Mysteries
725 561 20 23 is
791 562 72 31 Mary
875 562 104 31 Magda-

245 607 51 23 The
309 607 52 23 first
375 615 71 15 scene
460 615 74 23 opens
546 607 58 23 with
617 607 73 31 Mary
701 607 155 31 Magdalene,
868 608 112 32 drinking

131 656 61 23 wine
216 656 24 22 in
265 663 118 23 company
405 656 59 22 with
487 656 92 22 several
598 656 129 30 profligate
749 664 84 23 young
851 665 54 14 men
925 657 55 23 who

131 705 102 30 lavishly
253 705 91 23 admire
362 705 44 22 her
430 704 99 30 flowing
550 704 61 23 hair.
662 703 73 25 Some
757 706 155 22 recommend
936 713 44 15 one

132 756 71 22 mode
219 755 26 23 of
256 755 112 29 dressing
381 754 41 23 the
435 753 61 27 hair,
510 761 66 14 some
590 752 110 23 another.
738 751 53 24 One
805 760 53 23 says
860 765 31 3 —
891 764 3 5 ■

253 811 64 21 With
329 818 12 14 a
354 811 63 21 hotte
429 810 67 21 nedle
507 816 44 20 you
564 809 56 20 shall
636 809 74 20 learne
722 808 17 21 it
751 811 24 18 to
786 808 80 28 crispe,

253 848 62 21 That
327 847 16 22 it
355 855 52 19 may
419 847 61 21 curie
492 846 105 28 together
609 846 22 21 in
642 854 94 13 manner
747 846 44 21 like
802 854 12 13 a
826 846 74 28 wispe.

167 906 47 21 But
228 905 42 22 the
283 905 83 22 advice
379 907 64 20 most
456 907 26 20 to
495 912 42 15 our
550 912 112 21 purpose,
676 905 20 22 is
698 918 32 3 —

253 960 26 22 In
293 967 99 15 summer
404 960 55 21 time
471 966 50 14 now
532 958 44 21 and
589 958 55 21 then
656 962 25 17 to
692 958 58 28 keep
759 965 62 21 away
825 959 66 28 flies,

253 999 43 21 Let
308 1004 62 16 some
383 998 26 20 of
414 997 51 21 that
477 996 54 21 faire
543 994 62 22 haire
617 994 61 27 hang
689 993 23 22 in
724 1001 57 20 your
793 995 54 20 eies.

167 1057 28 22 In
215 1056 41 23 the
276 1055 89 31 sequel,
380 1054 30 24 all
423 1054 94 31 Mary's
530 1054 157 29 companions
699 1054 58 22 with
778 1053 80 23 whom
871 1054 42 22 the
926 1053 56 33 Play

134 1115 73 23 opens
220 1115 40 15 are
272 1106 127 23 discarded
410 1115 6 17 ;
436 1105 43 23 her
492 1113 73 15 seven
579 1104 83 27 devils,
676 1104 71 23 when
762 1107 51 19 cast
832 1107 49 24 out,
896 1112 86 22 appear

134 1164 30 15 on
174 1156 41 23 the
229 1159 77 27 stage,
319 1156 47 22 and
381 1155 142 31 (according
535 1159 25 19 to
582 1155 42 23 the
645 1155 130 24 directions
796 1155 27 24 of
841 1156 43 24 the
907 1156 74 30 book)

134 1212 53 15 roar
201 1204 103 29 terribly.

167 1255 28 22 In
209 1254 41 23 the
264 1253 89 31 King's
366 1253 101 30 Library
480 1254 24 21 at
517 1251 42 23 the
578 1250 92 23 British
684 1250 121 26 Museum,
820 1258 14 15 a
845 1251 102 23 number
960 1251 26 22 of

134 1302 40 23 the
188 1302 40 22 old
239 1301 127 30 Mysteries
388 1300 47 22 and
449 1298 135 24 Moralities
608 1305 40 15 are
670 1300 26 20 to
709 1297 29 23 be
764 1297 74 23 found
850 1308 5 16 ;
875 1306 66 15 some
960 1297 26 24 of

134 1351 68 23 these
215 1349 122 31 belonged
350 1352 25 20 to
390 1348 85 31 Henry
488 1347 68 27 VII.,
571 1355 72 22 many
662 1347 27 22 of
708 1346 81 23 whose
809 1346 76 23 books
900 1353 40 16 are
960 1346 24 23 in

134 1400 51 23 that
196 1399 136 24 collection.
359 1398 38 23 He
410 1405 110 24 appears,
534 1397 63 23 from
610 1397 65 23 Lord
689 1396 104 24 Bacon's
805 1396 93 31 history
912 1396 26 23 of
947 1396 38 22 his

134 1446 77 32 reign,
236 1450 25 19 to
286 1446 61 23 have
376 1446 62 22 been
466 1453 67 16 more
568 1446 108 23 studious
707 1447 59 22 than
797 1450 65 19 most
883 1446 26 23 of
941 1455 43 14 our

134 1496 155 31 Sovereigns.
327 1496 38 22 He
378 1495 80 30 began
471 1498 25 20 to
509 1495 69 30 reign
591 1495 24 22 in
632 1495 72 22 1509.
742 1493 50 23 The
806 1493 52 23 first
881 1493 103 30 English

133 1544 96 29 printed
242 1544 64 23 book
318 1543 20 23 is
352 1542 118 24 Caxton's
518 1542 78 24 Game
609 1542 27 23 of
769 1542 72 22 1474.
865 1540 119 23 Caxton's

133 1595 59 23 time
205 1595 58 22 lasts
277 1594 36 23 till
328 1595 73 22 1483.
423 1593 52 23 The
490 1592 97 24 earliest
606 1590 98 31 printed
728 1589 64 23 book
806 1591 84 21 extant
902 1587 20 23 is
942 1587 42 23 the

134 1644 124 23 Mazarine
281 1643 77 25 Bible,
383 1641 121 31 supposed
528 1644 26 18 to
575 1639 30 23 be
628 1639 26 22 of
670 1638 42 23 the
734 1638 55 22 date
812 1638 72 22 1455.
933 1636 52 22 The

134 1693 100 29 Library
247 1692 42 24 left
303 1692 31 30 by
348 1691 82 31 Pepys,
444 1694 26 20 to
482 1689 148 31 Magdalene
644 1687 109 30 College,
768 1685 155 31 Cambridge,
938 1684 47 23 and
