1120 1962
891 140 29 21 19

374 148 122 15 POETJCAL
517 148 103 15 AVIARY.

192 222 46 21 But
251 221 85 22 seldom
345 229 53 14 seen
410 225 56 18 unto
477 222 39 20 the
526 222 75 27 public
613 230 38 19 eye

194 259 51 21 The
257 259 115 28 shrieking
383 258 162 26 Scritch-Owl,
558 258 50 22 that
620 258 56 22 doth
687 266 67 14 never
766 265 37 21 cry

192 297 46 22 But
248 297 84 28 boding
344 296 76 27 death,
433 296 44 21 and
488 295 68 29 quick
567 295 87 22 herself
661 296 70 21 inters

195 336 26 21 In
234 336 117 21 darksome
364 342 78 21 graves
453 335 45 21 and
510 334 80 21 hollow
600 333 137 29 sepulchres.

655 369 130 28 Drayton's

193 417 24 21 If
224 417 55 21 thou
291 417 98 21 wouldst
398 416 55 21 view
465 416 41 21 fair
519 416 100 21 Melrose
631 416 80 30 aright,

193 454 35 22 Go
241 454 52 21 visit
305 454 18 21 it
334 454 31 28 by
376 453 39 21 the
427 452 50 29 pale
489 452 147 29 moon-light.

193 494 75 21 When
280 493 86 22 distant
378 492 87 22 Tweed
476 491 18 21 is
506 491 70 22 heard
587 495 24 17 to
623 498 59 18 rave,

194 530 54 21 And
256 530 39 21 the
311 530 74 21 Owlet
396 533 24 17 to
433 528 54 22 hoot
499 528 44 22 o'er
554 528 38 22 the
604 529 60 21 dead
676 528 71 22 man's
758 535 72 20 grave.

767 568 34 20 W.
820 568 71 20 Scott.

111 617 50 22 The

181 617 124 29 following
317 624 49 15 was
379 623 14 16 a
405 615 102 24 favorite
521 614 156 31 superstition
696 613 58 24 with
767 613 40 23 old
820 613 102 31 English

73 666 86 21 lovers.

195 714 21 22 O
229 713 149 30 Nightingale
390 713 49 22 that
449 721 28 14 on
489 720 45 22 yon
547 713 91 28 bloomy
650 720 66 22 spray

224 750 115 21 Warblest
352 754 24 17 at
388 757 47 17 eve,
447 749 64 22 when
524 749 30 22 all
565 749 39 22 the
614 749 75 22 woods
701 756 37 15 are
751 749 52 22 stiU.

193 788 77 22 While
282 788 39 22 the
329 787 57 28 jolly
398 788 69 21 hours
479 787 51 21 lead
542 793 28 15 on
582 786 127 29 propitious
722 786 55 28 May

195 827 52 28 Thy
259 826 71 28 Uquid
342 829 65 18 notes
421 825 49 20 that
482 824 61 21 close
554 823 38 21 the
604 830 41 21 eye
658 823 26 20 of
692 822 50 28 day,

194 863 60 21 First
264 863 70 21 heard
346 863 78 26 before
435 861 40 21 the
488 861 93 21 shallow
593 860 113 22 Cuckoo's
718 860 41 22 bill

317 900 99 21 Portend
428 907 90 14 success
530 899 22 21 in
564 899 55 21 love.

798 930 93 20 Milton.

196 968 45 22 But
254 975 24 15 as
290 967 11 21 I
313 967 36 29 lay
361 967 45 21 this
419 966 65 22 other
495 966 65 28 night
573 965 94 29 waking,

200 1005 11 21 I
223 1004 98 29 thought
333 1004 50 21 how
394 1004 72 21 lovers
478 1003 46 22 had
535 1011 13 14 a
559 1003 116 28 tokening,

197 1042 54 21 And
263 1047 81 22 among
355 1040 63 21 them
430 1040 18 21 it
460 1047 45 14 was
516 1047 13 13 a
541 1047 104 14 common
658 1040 53 25 tale,

196 1076 62 21 That
270 1076 18 21 it
300 1083 57 14 were
369 1076 59 28 good
440 1080 25 17 to
477 1075 54 23 hear
542 1076 40 21 the
594 1076 155 29 Nightingale,

195 1114 87 27 Before
295 1113 50 21 that
357 1113 54 28 they
422 1112 71 22 heard
505 1113 38 22 the
555 1113 95 23 Cuckoo
662 1114 56 28 sing.

193 1150 54 21 And
259 1149 86 29 though
358 1150 11 21 I
381 1150 98 29 thought
491 1158 58 14 anon
561 1158 24 15 as
596 1152 19 22 it
626 1159 45 15 was
683 1152 52 28 day,

195 1189 11 21 I
217 1189 75 21 would
303 1196 28 21 go
344 1189 137 21 somewhere
494 1193 24 18 to
530 1197 72 20 assay,

195 1225 24 21 If
226 1224 51 22 that
289 1225 11 21 I
309 1225 72 28 might
393 1233 13 13 a
417 1225 148 29 Nightingale
576 1227 61 21 hear.

196 1262 45 21 For
252 1266 39 24 yet
304 1262 12 21 I
328 1262 45 21 had
384 1269 58 14 none
455 1262 71 21 heard
537 1263 26 20 of
571 1263 49 21 that
632 1269 60 21 yere,

195 1298 56 22 And
262 1298 17 22 it
289 1306 44 13 was
346 1298 41 21 tho
399 1298 39 21 the
450 1298 61 22 third
523 1299 64 27 night
600 1300 26 20 of
634 1299 61 27 May.

779 1329 114 21 Chaucer.

108 1376 78 23 There
199 1376 43 23 has
255 1375 61 24 been
330 1384 14 15 a
361 1376 165 30 superstition,
540 1376 53 23 that
606 1375 41 24 the
672 1376 81 30 spirits
772 1376 26 23 of
809 1376 117 24 deceased

76 1434 101 23 persons
190 1434 88 23 appear
291 1427 25 23 in
329 1426 42 24 the
389 1426 61 23 form
464 1426 27 23 of
502 1425 70 24 Birds
582 1435 5 17 ;
601 1433 27 15 as
641 1425 38 23 for
691 1424 118 32 example,
823 1425 24 22 in
861 1424 65 23 Lord

76 1474 147 32 Lyttleton's
242 1474 80 23 Ghost
347 1478 75 28 story,
449 1474 48 23 and
516 1474 63 23 Mrs.
598 1473 130 24 Hemans's
781 1473 145 31 Messenger

186 1523 56 23 And
255 1523 23 22 in
292 1523 65 23 Lord
375 1523 105 31 Byron's
520 1524 112 23 Prisoner
645 1524 25 23 of
843 1523 29 23 In
884 1524 42 22 the

103 1571 72 23 Bride
190 1571 26 23 of
366 1574 24 20 at
403 1571 41 23 the
488 1571 67 30 place
568 1571 26 23 of
604 1571 121 23 thousand
847 1578 14 15 a
873 1570 53 23 bird

74 1617 69 30 sings
156 1620 25 21 to
195 1626 13 15 a
221 1617 98 30 solitary
333 1618 72 23 white
419 1618 47 23 and
479 1617 101 24 delicate
593 1625 63 14 rose.

228 1662 22 21 It
262 1669 56 14 were
331 1662 39 21 the
383 1662 84 22 Bulbul
476 1671 5 17 ;
493 1664 41 20 but
546 1663 35 21 his
593 1663 77 22 throat

228 1698 99 29 Though
339 1700 121 26 mournful,
471 1707 69 21 pours
552 1705 39 17 not
604 1701 55 21 such
672 1709 12 13 a
697 1702 68 21 strain
775 1710 4 17 ;

281 1753 15 13 b
317 1746 12 20 2
