1120 1962
944 151 30 22 49

437 160 120 15 POETICAL
577 160 102 15 AVIARY.

163 235 71 23 Poets
247 243 39 15 are
300 243 13 15 a
324 243 59 24 very
396 236 127 31 ingenious
538 243 61 19 race,
613 235 37 23 for
663 235 58 31 they
735 241 111 24 compare
860 234 60 22 Man
932 236 44 21 not

130 281 56 32 only
197 285 26 20 to
236 290 13 14 a
269 281 87 32 Spider
368 283 114 30 catching
495 291 12 15 a
522 283 51 30 Fly,
587 284 44 22 but
652 284 51 23 also
721 287 25 20 to
760 292 13 15 a
786 284 43 28 Fly
843 284 90 28 caught
945 284 32 28 by

131 338 13 14 a
157 330 85 29 Spider
253 340 5 13 :
280 339 26 14 as
319 330 41 24 the
373 331 86 23 widow
472 339 54 15 savs
539 335 25 19 to
579 330 133 24 Hudibras.

250 385 34 21 As
296 385 88 28 spiders
395 392 67 15 never
474 385 54 22 seek
542 385 39 22 the
586 386 47 27 fly,

251 423 44 22 But
307 423 62 22 leave
380 423 55 26 him,
446 423 27 22 of
479 423 95 21 himself
581 422 15 22 t'
608 422 75 28 apply,

252 460 29 21 So
293 468 51 13 men
356 468 37 13 are
404 461 30 28 by
446 460 136 22 themselves
594 458 113 30 employ'd

252 496 35 21 To
299 496 49 28 quit
357 497 39 21 the
405 497 101 21 freedom
517 497 54 29 they
583 497 95 29 enjoy'd.

252 533 54 22 And
317 540 41 14 run
370 532 59 23 their
440 533 68 22 necks
520 533 48 22 into
580 540 13 15 a
604 540 76 19 noose,

252 569 89 28 They'd
352 570 68 22 break
432 570 62 22 them
506 570 63 27 after,
582 574 24 18 to
617 570 69 22 break
697 570 61 21 loose,

165 632 76 23 What
253 639 14 15 a
276 632 87 30 joyous
372 631 90 30 picture
472 631 26 23 of
504 632 41 23 the
556 632 130 30 happiness
696 632 26 23 of
731 632 68 23 these
810 632 61 23 little
882 632 95 31 winged

134 680 98 24 animals
245 681 19 22 is
275 680 130 30 presented
417 681 32 29 by
464 680 66 30 Gray
532 694 33 3 —

252 735 54 27 But,
318 735 56 22 hark
383 736 4 20 !
405 736 51 21 how
467 736 98 29 through
575 736 42 22 the
628 736 99 29 peopled
738 736 39 26 air,

252 772 52 22 The
315 773 58 27 busy
383 781 101 13 murmur
495 773 69 27 glows
573 773 5 22 !

253 811 51 22 The
316 812 72 21 insect
399 811 71 29 youth
482 819 37 13 are
531 819 29 13 on
572 811 39 21 the
622 812 66 28 wing,

252 849 73 28 Eager
336 853 25 18 to
373 853 58 18 taste
444 849 39 22 the
495 849 83 22 honied
591 849 83 29 spring,

253 887 55 21 And
319 886 54 22 float
381 886 61 22 amid
453 886 38 22 the
503 887 71 28 liquid
586 894 67 15 noon.

255 923 67 21 Some
333 922 81 29 fightly
425 922 46 22 o'er
482 923 40 21 the
534 929 91 17 current
637 925 64 27 skim,

253 960 67 21 Some
332 959 60 22 shew
403 959 59 22 their
473 960 59 30 gaily
544 961 76 29 gilded
632 963 52 21 trim

254 997 76 26 Quick
342 997 104 27 glancing
457 1002 24 17 to
492 998 39 22 the
544 1007 41 13 sun
594 1000 5 20 !

169 1061 62 24 How
244 1060 127 23 indicative
384 1059 27 23 of
421 1059 87 32 Gray's
520 1059 102 33 feelings
635 1068 40 16 are
688 1060 41 24 the
740 1060 146 32 concluding
898 1060 81 24 reflec-

135 1111 63 21 tions
200 1124 32 3 —

256 1165 58 21 Poor
326 1163 102 22 moraHst
440 1163 5 22 !
463 1163 45 22 and
519 1163 59 22 what
591 1167 34 18 art
637 1163 56 21 thou
705 1163 9 21 ?

256 1204 22 21 A
295 1202 92 27 sofitary
398 1202 30 27 fly
440 1201 6 21 !
597 1218 8 7 .

169 1263 23 22 It
204 1262 20 23 is
236 1262 25 22 in
274 1261 41 23 the
329 1268 65 15 same
407 1263 57 19 tone
477 1258 27 24 of
523 1258 90 31 feeling
625 1258 58 23 with
707 1259 42 22 the
771 1258 106 31 Epitaph
898 1258 24 23 in
946 1258 36 23 his

353 1322 34 2 —

254 1362 54 22 And
320 1362 142 27 melancholy
473 1361 94 22 marked
578 1361 47 22 him
636 1361 35 21 for
682 1361 40 22 her
733 1368 55 15 own.

169 1419 50 23 The
241 1418 117 31 Emperor
371 1417 123 23 Domitian
512 1425 49 14 was
583 1417 117 23 observed
718 1420 27 19 to
757 1417 31 23 be
799 1425 59 24 very
876 1417 50 23 dull
938 1425 44 15 one

136 1468 46 32 day
194 1468 37 23 for
243 1472 65 19 want
321 1467 27 23 of
358 1476 14 14 a
385 1467 43 32 Fly
440 1470 26 19 to
478 1467 78 26 catch,
570 1467 79 22 which
661 1474 49 15 was
729 1467 38 22 his
779 1467 103 22 favorite
904 1467 78 22 diver-

136 1517 61 24 sion.
233 1517 52 23 The
296 1516 139 30 Emperor's
448 1519 62 20 taste
523 1516 19 22 is
556 1515 95 23 alluded
662 1518 26 20 to
700 1516 33 30 by
746 1515 70 24 Swift
818 1528 32 4 —

258 1573 65 22 Thus
335 1572 20 22 if
362 1580 13 14 a
386 1573 105 28 gudgeon
502 1576 62 18 meet
575 1579 13 15 a
600 1572 68 22 roach

256 1611 37 21 He
304 1611 53 21 dare
369 1614 40 18 not
416 1614 94 18 venture
521 1614 24 18 to
553 1610 113 28 approach
679 1610 5 21 !

257 1649 45 22 Yet
314 1649 47 22 still
372 1649 40 22 has
423 1649 135 28 impudence
570 1653 25 17 to
606 1649 50 25 rise,

258 1689 55 21 And
319 1689 44 21 like
374 1689 131 24 Domitian,
517 1688 50 27 leap
580 1691 23 17 at
608 1688 58 27 flies
677 1687 9 21 !

342 1743 15 13 a
