1120 1962
153 184 31 21 60

455 188 120 16 POETICAL
594 186 103 16 AVIARY.

271 265 99 21 Beloved
382 264 26 21 of
415 264 54 26 Pan,
482 263 39 22 the
531 263 91 28 valley's
636 262 90 25 Queen,

302 302 81 27 (Echo.
416 302 50 21 The
478 302 90 27 valley's
581 299 102 29 Queen,)

274 341 53 21 And
338 341 61 21 often
410 341 77 25 heard,
498 339 87 29 though
597 345 67 15 never
676 344 59 14 seen.

303 377 82 27 (Echo.
418 377 97 27 Though
529 384 67 14 never
608 376 73 28 seen.)

186 451 32 22 So
241 449 100 24 another
354 449 26 22 of
391 449 51 22 Ben
459 447 115 23 Jonson's
594 452 112 24 masques
728 444 43 23 has
785 451 13 15 a
818 442 88 23 double
926 441 69 26 echo,

151 509 46 15 one
209 507 67 16 more
288 499 90 23 distant
389 498 58 22 than
460 497 42 23 the
515 496 77 23 other.
629 495 51 22 The
692 495 76 30 piece,
782 493 61 23 after
853 500 14 14 a
879 491 116 23 beautiful

152 547 145 31 description
319 546 25 23 of
362 545 75 23 ladies
458 545 112 31 dancing,
590 553 13 14 a
625 545 94 30 subject
739 548 24 19 to
784 543 81 23 which
886 543 31 23 he
939 542 56 23 does

149 596 87 28 justice
251 595 24 22 in
287 595 91 23 several
391 595 25 22 of
426 595 39 22 his
479 602 120 22 masques,
614 594 129 23 concludes
757 594 57 22 thus
816 606 33 4 —

272 663 30 21 So
313 663 30 21 all
353 663 50 22 that
415 671 37 13 see
463 671 56 21 your
530 664 125 21 beauteous
667 663 80 28 sphere

272 701 55 28 May
338 701 66 21 know
415 701 39 21 the
465 701 93 29 Elysian
570 702 65 21 fields
647 709 37 13 are
695 701 63 22 here.

273 743 35 19 1st
318 740 74 22 Echo.
394 754 29 3 —
425 740 51 21 The
487 740 93 28 Elysian
591 740 65 21 fields
668 747 36 14 are
716 739 53 21 here
782 740 4 20 !

271 779 33 20 2d
313 778 65 21 Echo
380 791 28 3 —
411 777 92 27 Elysian
514 777 64 21 fields
590 784 37 14 are
639 777 53 21 here
707 777 5 21 !

185 849 78 22 These
273 848 85 23 echoes
369 847 133 30 proceeded
514 847 62 23 from
584 850 48 20 two
642 848 121 23 fountains
773 848 97 23 devised
882 849 30 30 by
926 849 69 30 Inigo

151 897 83 22 Jones.
280 895 34 22 Of
332 895 40 22 the
393 894 121 23 inventive
529 903 93 22 powers
642 894 27 23 of
690 895 52 23 that
763 896 95 23 famous
880 897 115 23 architect

151 945 101 25 Jonson,
266 944 61 22 after
339 943 65 23 their
417 943 102 30 quarrel,
534 943 79 23 writes
625 943 25 23 in
663 944 36 22 his
712 944 56 31 play
782 945 26 22 of
818 945 41 23 the
903 945 56 23 Tale
973 946 24 22 of

150 995 43 21 the

214 1068 90 26 Hoops.
306 1080 29 3 —
338 1065 11 22 I
360 1065 55 21 have
427 1073 13 13 a
451 1065 59 21 Httle
522 1064 131 29 knowledge
665 1064 23 22 in
700 1064 85 29 design,

329 1104 83 22 Which
425 1104 11 21 I
448 1111 40 14 can
499 1111 60 20 vary,
573 1103 42 27 Sir,
627 1107 24 17 to
662 1103 96 21 infinito.

213 1143 41 21 Sir
265 1142 23 22 J.
303 1142 57 21 Tub.
361 1155 29 3 —
393 1141 38 21 Ad
441 1141 120 26 infinitum,
575 1140 42 27 Sir,
629 1147 45 22 you
685 1147 72 14 mean.

213 1182 86 26 Hoops.
301 1195 30 2 —
332 1180 11 22 I
354 1180 37 22 do.

331 1218 12 21 I
354 1218 67 21 stand
432 1221 38 18 not
482 1224 29 14 on
522 1224 37 21 my
568 1216 68 21 Latin
646 1224 5 17 ;
668 1215 12 21 I
691 1217 77 20 invent
780 1225 6 14 ;

332 1255 44 21 But
389 1254 11 22 I
412 1258 60 17 must
483 1254 29 21 be
524 1253 64 21 alone
601 1252 62 26 then,
672 1251 80 27 joined
763 1251 53 21 with
829 1258 28 14 no
868 1258 58 14 man.

186 1324 51 22 The
255 1324 102 30 original
370 1323 84 23 sketch
475 1323 64 23 book
558 1323 25 23 of
607 1323 70 30 Inigo
698 1323 82 26 Jones,
802 1324 138 31 containing
959 1324 36 23 his

153 1373 120 30 drawings
293 1373 72 22 taken
387 1375 23 20 at
423 1373 85 26 Rome,
522 1373 20 23 is
554 1374 25 22 in
597 1374 42 22 the
650 1375 138 29 possession
802 1375 26 23 of
838 1376 41 23 the
892 1376 68 23 Duke
973 1376 24 23 of

152 1418 158 22 Devonshire.
347 1418 85 30 Pope's
441 1419 82 23 fourth
536 1420 92 31 Epistle
641 1422 19 22 is
674 1423 131 23 addressed
817 1428 25 19 to
856 1425 65 23 Lord
934 1426 60 23 Bur-

150 1465 96 30 lington
259 1473 30 15 on
300 1466 42 23 the
352 1467 111 23 occasion
476 1468 26 23 of
509 1469 37 23 his
555 1471 141 32 publishing
706 1473 70 32 Inigo
784 1475 95 25 Jones's
890 1478 104 29 designs.

183 1515 105 30 Though
299 1523 35 16 we
345 1516 61 23 have
419 1525 72 24 many
503 1527 111 23 masques
626 1530 68 15 come
718 1523 70 24 down
799 1528 26 20 to
837 1534 37 18 us,
887 1526 67 24 there
966 1527 28 27 is,

151 1562 11 22 I
175 1562 98 27 believe,
287 1571 30 15 no
331 1567 84 21 extant
429 1566 38 30 jig
478 1576 7 13 :
504 1571 48 19 two
564 1577 40 15 are
624 1572 98 23 entered
735 1573 24 22 in
772 1573 41 23 the
826 1574 75 24 books
917 1576 26 22 of
952 1576 42 23 the

151 1610 141 23 Stationers'
308 1611 132 33 Company,
449 1615 55 27 viz.,
515 1616 119 32 Phillips's
645 1620 37 30 jig
696 1621 26 22 of
733 1622 41 22 the
949 1625 45 22 and

150 1661 115 31 Kempe's
274 1663 38 31 jig
325 1663 25 23 of
366 1664 41 23 the
456 1666 104 23 Kitchen
575 1666 66 24 Stuff
824 1672 66 31 They
910 1679 84 23 appear

150 1715 25 18 to
188 1711 60 23 have
260 1712 61 23 been
333 1721 14 14 a
359 1713 103 24 mixture
476 1715 26 22 of
511 1715 73 23 ballet
596 1716 46 22 and
654 1716 71 23 farce.
