1120 1962
939 147 31 20 39

421 155 120 15 POETICAL
561 155 103 15 AVIARY.

155 228 64 23 First
243 228 92 24 Course.
338 242 32 3 —
373 230 21 22 A
411 231 114 30 standing
545 232 54 22 dish
627 232 27 22 of
670 240 53 15 wax
743 232 168 30 representing
931 231 40 23 the

123 277 75 24 Court
211 278 26 22 of
249 278 119 23 Common
382 278 75 24 Pleas.
495 280 22 22 A
532 281 77 22 shield
622 281 27 22 of
660 281 86 23 Brawn
762 292 4 16 ;
781 281 79 23 boiled
875 281 96 30 Capons

121 327 25 22 in
158 327 159 23 white-broth
331 337 4 17 ;
349 328 96 22 roasted
456 328 80 24 Swans
546 338 8 18 ;
567 330 98 23 roasted
678 330 115 23 Bustards
804 340 5 17 ;
823 328 148 31 CAeieif-pies

124 378 90 28 (peace,
226 376 101 27 chewet,
341 384 72 22 peace
425 376 5 23 !
452 376 161 30 Shakspeare)
627 387 5 16 ;
648 377 69 23 Pikes
729 387 4 16 ;
751 377 96 23 roasted
859 377 95 29 Capons
966 386 4 14 ;

121 424 109 23 Venison
240 433 6 13 i
248 437 33 3 —
283 424 90 23 Pasties
386 434 4 15 ;
412 424 80 23 Herns
500 434 8 19 ;
528 425 104 23 Bitterns
640 436 7 16 ;
666 426 132 23 Pheasants
808 436 4 16 ;
828 425 124 23 Custards.

155 473 89 23 Second
257 473 90 23 Course.
351 486 33 3 —
386 473 82 24 Jellies
481 483 5 18 ;
500 474 85 23 Cranes
593 485 7 17 ;
613 475 140 31 Partridges
763 486 4 16 ;
784 476 122 22 Red-deer
919 479 51 26 pat-

122 524 45 22 ties
176 533 5 17 ;
195 523 83 23 Joules
290 524 27 22 of
328 523 123 31 Sturgeon
465 534 3 15 ;
480 524 154 22 Woodcocks
647 534 5 16 ;
667 524 97 22 Plovers
776 534 5 16 ;
796 524 157 29 Quince-pies
965 533 5 18 ;

123 575 93 23 Rabbet
228 574 104 24 Suckers
341 584 5 18 ;
358 574 87 31 Snipes
456 583 6 19 ;
475 574 76 22 Larks
561 583 5 17 ;
578 573 182 30 March-panes.
781 573 33 21 At
822 579 66 15 some
898 571 27 23 of
931 571 40 23 the

123 624 94 23 smaller
240 624 76 23 tables
329 632 62 16 were
416 624 84 31 placed
522 624 188 27 Pea-chickens;
732 624 88 22 Knotts
827 633 7 18 ;
855 623 116 26 Curlews;

122 673 125 22 Mallards.

121 729 89 23 Justice
226 730 98 28 Greedy.
327 745 30 2 —
357 731 99 26 Frantic,
464 732 93 22 'twould
569 733 64 21 make
646 740 35 14 me
692 733 80 21 frantic
785 733 43 21 and
841 733 60 21 stark
913 733 58 25 mad,

241 768 68 22 Were
323 769 11 21 I
346 773 40 17 not
398 777 13 13 a
419 769 84 28 justice
516 770 26 21 of
549 770 40 21 the
600 777 70 22 peace
682 770 44 21 and
745 777 94 20 quoram
850 773 46 22 too,

243 807 84 21 Which
339 807 46 22 this
396 808 122 21 rebellious
530 808 58 21 cook
600 815 62 14 cares
674 811 40 17 not
725 815 13 13 a
750 811 65 17 straw
826 806 34 22 for
861 820 29 2 —

242 842 76 23 There
330 851 37 14 are
379 851 13 14 a
403 845 73 20 dozen
488 845 154 20 Woodcocks.

124 879 37 22 ■Sir
180 880 29 21 G.
226 881 62 21 Over
290 881 64 22 each.
382 881 70 22 Make
463 882 88 29 thyself

243 920 117 25 Thirteen,
372 921 39 21 the
423 921 88 21 baker's
522 922 77 21 dozen.

125 956 100 29 Greedy.
228 972 29 3 —
258 958 11 21 I
280 966 37 14 am
329 959 123 21 contented

243 996 30 22 So
285 997 54 29 they
347 1005 51 21 may
410 998 28 21 be
450 998 94 22 dressed
555 1002 24 18 to
590 1006 37 21 my
639 999 70 22 mind.
737 999 34 22 He
784 999 40 22 has
836 999 70 22 found
918 1005 38 16 out

243 1035 22 20 A
277 1042 49 14 new
338 1035 79 21 device
428 1035 34 21 for
474 1043 75 19 sauce,
561 1036 45 21 and
618 1036 45 21 will
675 1039 39 18 not
727 1036 50 21 dish
789 1036 43 21 'em

243 1071 64 22 With
318 1075 61 18 toast
391 1071 45 22 and
447 1072 85 21 butter.
565 1072 41 29 My
618 1073 74 21 father
704 1081 45 14 was
761 1081 13 14 a
782 1074 74 26 tailor,

243 1110 54 21 And
308 1117 38 21 my
357 1117 73 19 name,
443 1110 87 28 though
542 1118 13 14 a
564 1110 92 28 justice,
669 1110 247 29 Greedy-Woodcock,

242 1147 55 21 And
308 1147 44 21 e'er
365 1147 36 21 I'll
412 1154 37 15 see
461 1154 37 21 my
510 1148 87 27 lineage
610 1156 24 14 so
645 1149 87 21 abused

244 1186 35 21 I'U
290 1186 50 29 give
351 1192 31 22 up
393 1192 37 22 my
442 1185 152 22 commission.

801 1217 141 26 Massinger.

156 1270 51 23 The
224 1270 116 23 violation
360 1270 26 22 of
395 1270 41 22 the
456 1270 143 30 proprieties
618 1270 26 22 of
653 1270 40 22 the
708 1270 114 26 Kitchen,
850 1270 26 22 of
895 1270 78 24 which

123 1320 91 23 Justice
228 1320 30 22 G.
279 1319 143 23 Woodcock
432 1319 140 30 complains,
587 1326 40 16 are
636 1319 92 30 trifling
736 1319 58 23 with
807 1319 65 23 what
881 1319 92 32 Anstey

125 1369 105 24 declares
241 1369 30 23 he
282 1369 104 29 actually
396 1377 49 14 saw
457 1372 24 19 at
491 1377 15 14 a
517 1368 110 30 Mayor's
639 1368 94 23 dinner.

244 1423 56 21 Sent
311 1422 101 26 venison,
424 1422 73 21 which
510 1429 45 14 was
566 1421 78 27 kindly
656 1421 76 26 taken,

243 1460 54 21 And
309 1460 163 25 Wood-cocks,
484 1459 74 21 which
570 1460 54 26 they
636 1460 77 22 boiled
724 1460 54 22 with
790 1461 78 21 bacon.

158 1516 67 22 Even
238 1514 61 23 after
313 1514 72 23 death
398 1515 41 22 the
452 1514 66 23 birds
532 1515 136 24 contribute
682 1519 25 19 to
721 1516 79 23 clothe
809 1517 47 22 and
865 1517 109 23 decorate

123 1566 40 23 the
176 1565 90 23 human
285 1565 90 31 species
389 1564 140 32 externally,
544 1568 42 19 not
605 1565 47 22 less
671 1565 59 23 than
751 1565 58 31 they
826 1566 96 23 xefresh
935 1566 39 23 the

150 1616 69 21 inner

248 1672 96 22 Tabitha
355 1676 40 24 put
409 1679 28 14 on
448 1679 37 22 my
497 1671 56 26 ruff;

248 1710 80 22 Where
341 1710 18 21 is
371 1717 38 21 my
420 1710 54 22 dear
486 1709 120 28 delightful
619 1711 59 21 muff
686 1710 10 22 ?
