1120 1962
157 160 46 21 140

453 163 121 15 POETICAL
594 163 103 15 AVIARY.

153 248 27 18 is,
192 246 36 17 for
241 248 66 15 some
320 246 65 20 time,
399 246 130 17 somewhat
538 246 78 24 rough
626 246 62 16 from
697 246 64 16 want
771 246 26 16 of
804 248 50 18 use,
866 246 77 18 which
954 246 39 18 has

152 292 60 22 been
226 291 118 23 mistaken
362 290 37 23 for
417 290 134 30 recording.
590 288 145 24 Sometimes
749 295 13 15 a
774 287 54 23 bird
842 287 47 23 will
903 288 90 30 acquire

151 338 90 23 certain
253 341 66 27 parts
331 336 27 23 of
364 336 100 23 another
477 344 69 24 song,
560 345 25 14 as
599 345 13 14 a
621 336 78 23 Robin
710 336 68 23 three
791 340 66 27 parts
872 336 24 23 in
907 337 53 22 four
973 336 20 23 of

151 395 13 14 a
176 385 180 32 Nightingale's
377 393 69 23 song,
459 386 46 22 and
518 386 40 22 the
572 389 48 19 rest
632 386 47 22 will
692 386 30 22 be
741 386 66 23 what
819 386 20 22 is
853 386 140 31 technically

151 436 75 22 called
403 442 27 15 or
442 442 32 15 no
485 434 128 30 particular
626 437 57 20 note
705 433 128 24 whatever.
872 433 121 25 Canaries,

149 483 79 23 which
241 491 39 15 are
299 483 93 22 trained
413 483 23 22 in
449 486 69 27 great
537 482 113 23 numbers
672 481 24 23 in
717 482 42 22 the
778 481 82 32 Tyrol,
873 482 61 23 have
947 482 46 23 fre-

149 532 97 31 quently
257 532 40 23 the
303 532 45 30 jug
354 532 45 31 jug
412 531 26 23 of
447 531 41 23 the
501 530 167 32 Nightingale.
690 530 23 22 A
723 530 74 23 bird's
808 539 62 22 song
878 530 43 23 has
933 531 60 23 been

149 579 94 23 defined
255 583 25 19 to
292 579 30 23 be
368 588 13 14 a
393 580 136 22 succession
547 580 26 22 of
583 580 68 23 three
665 589 26 14 or
704 589 66 15 more
784 581 111 24 different
914 585 78 24 notes,

148 629 78 22 which
246 636 39 15 are
306 628 129 23 continued
455 629 100 22 without
577 629 160 30 interruption
758 629 88 31 during
866 629 41 24 the
928 638 65 16 same

148 679 100 22 interval
259 679 57 22 with
325 687 13 14 a
347 679 99 22 musical
454 679 44 22 bar
507 679 26 22 of
539 679 52 22 four
602 679 121 23 crotchets
737 679 24 23 in
774 688 30 14 an
815 680 85 31 adagio
910 689 81 16 move-

279 724 22 22 A
314 723 61 23 scale
395 724 43 22 has
458 724 60 23 been
539 724 91 24 framed
643 726 36 22 for
692 726 41 23 the
753 728 160 29 comparative
926 730 67 22 vocal

148 778 92 23 powers
262 771 26 23 of
305 771 66 22 birds
393 771 25 22 in
439 771 41 23 the
492 771 123 31 following
625 773 141 30 particulars
767 787 33 3 —
830 775 161 29 Mellowness,

148 822 181 31 Sprightliness,
344 821 180 26 Plaintiveness,
544 821 125 30 Compass,
693 822 142 27 Execution,

147 871 10 22 I
171 870 47 23 will
230 877 110 22 compare
350 869 41 23 the
402 869 168 31 Nightingale,
593 871 48 23 and
660 872 77 22 Wren
784 872 27 23 of
830 873 61 23 little

146 921 129 29 according
286 923 26 21 to
320 927 45 16 one
378 920 62 23 scale
451 929 5 17 ;
475 920 58 30 they
546 921 78 26 stand,
635 921 143 30 (perfection
786 922 75 32 being
872 923 120 25 indicated

145 969 31 30 by
187 969 42 28 20)
247 969 36 24 19,
301 969 8 21 1
322 977 4 16 ;
349 968 37 25 10,
400 968 27 21 12
439 977 5 16 ;
468 967 37 26 19,
519 968 9 21 1
540 976 6 17 ;
570 968 37 25 19,
618 968 15 21 4
643 977 5 16 ;
672 968 38 25 19,
720 968 15 22 4
749 977 6 16 ;
771 969 38 24 19,
822 969 25 22 4.
883 969 35 23 As
938 977 54 23 may

145 1017 29 22 be
186 1015 126 31 supposed,
327 1015 41 22 the
381 1015 75 22 scales
469 1015 27 22 of
505 1015 191 32 Ornithologists
710 1025 57 23 vary
780 1018 141 31 materially.
962 1020 29 23 In

145 1063 39 24 Sir
196 1063 23 23 J.
234 1062 123 23 Hawkins'
379 1061 99 32 History
492 1062 26 22 of
528 1062 80 24 Music
629 1064 41 23 the
683 1067 70 20 notes
773 1065 27 22 of
815 1066 90 23 several
926 1067 65 24 birds

144 1122 39 15 are
197 1112 128 31 expressed
337 1112 24 23 in
374 1112 98 23 musical
484 1112 128 30 language.
649 1112 71 22 Birds
737 1112 60 23 have
811 1120 29 15 an
857 1115 132 22 extraordi-

144 1170 60 23 nary
216 1170 80 22 power
315 1161 26 23 of
352 1161 142 23 fascination
515 1169 57 14 over
585 1161 59 22 each
656 1160 70 23 other
742 1160 31 31 by
786 1169 82 15 means
886 1162 26 23 of
928 1163 64 23 their

144 1217 69 23 song,
234 1209 77 22 which
324 1209 20 22 is
364 1208 55 22 well
435 1208 89 22 known
536 1211 26 19 to
574 1207 185 24 bird-catchers.
795 1209 78 22 These
892 1217 99 22 persons

145 1257 65 23 often
223 1256 104 30 produce
341 1263 12 15 a
366 1258 136 27 premature
521 1254 121 31 moulting
662 1254 26 22 of
699 1254 62 23 their
778 1254 75 32 decoy
872 1256 72 27 birds,
966 1257 25 23 in

144 1304 70 22 order
225 1307 25 18 to
260 1303 60 22 have
332 1302 65 23 them
410 1302 24 23 in
447 1309 62 23 song
521 1302 69 23 when
604 1302 41 23 the
658 1302 76 23 music
747 1303 26 23 of
783 1303 67 24 birds
863 1304 20 23 is
901 1313 88 16 scarce.

143 1355 63 22 Mrs.
218 1353 85 27 Piozzi,
318 1352 93 26 indeed,
424 1352 79 22 writes
517 1351 25 22 of
553 1351 44 23 her
607 1351 101 23 favorite
722 1351 98 29 Pigeon,
834 1351 53 23 that
899 1351 18 23 it
930 1359 60 23 gave

145 1405 63 22 clear
220 1402 142 24 indications
376 1402 26 22 of
413 1401 154 30 displeasure,
579 1401 71 22 when
663 1400 43 23 she
723 1400 128 30 purposely
863 1400 86 31 played
960 1409 30 15 on

143 1451 44 22 her
201 1449 163 30 Harpsichord
385 1452 41 19 out
447 1447 27 23 of
484 1452 66 18 tune.
587 1447 50 24 Mr.
651 1448 132 26 Lockman,
798 1448 24 22 in
835 1448 38 23 his
888 1449 101 30 History

145 1497 26 22 of
182 1496 99 31 Operas,
303 1496 85 23 relates
401 1496 26 22 of
437 1503 14 15 a
470 1496 91 30 Pigeon
576 1496 133 32 belonging
729 1501 25 20 to
774 1507 13 14 a
809 1499 138 30 gentleman
965 1501 24 22 in

146 1545 124 26 Cheshire,
283 1545 53 23 that
347 1545 18 22 it
377 1544 58 23 used
456 1547 25 20 to
502 1551 67 16 come
582 1544 61 23 from
663 1545 32 23 its
709 1545 115 23 dovecote
842 1549 25 19 to
888 1554 13 14 a
921 1554 68 15 room

146 1592 109 26 window,
275 1592 125 23 whenever
413 1600 13 14 a
437 1592 47 23 fine
496 1592 132 31 performer
640 1601 31 16 on
684 1595 41 22 the
738 1595 158 31 harpsichord
914 1597 74 23 resid-

146 1643 42 29 ing
200 1643 23 21 in
237 1642 40 23 the
290 1642 75 23 house
382 1641 86 31 played
487 1641 42 23 the
553 1641 35 23 air
615 1641 26 24 of
835 1643 24 23 in
874 1643 115 24 Handel's

146 1698 71 22 opera
229 1689 26 23 of
264 1689 118 23 Admetus
393 1700 5 17 ;
419 1689 46 23 and
478 1689 52 23 that
540 1689 17 23 it
571 1689 58 23 used
641 1693 25 19 to
678 1690 33 30 fly
719 1689 60 24 back
793 1698 25 14 as
839 1698 58 14 soon
910 1698 26 15 as
949 1690 41 23 the
