<?xml version="1.0" encoding="UTF-8"?>
<alto xmlns:xsi="http://www.w3.org/2001/XMLSchema-instance" xsi:noNamespaceSchemaLocation="http://www.bl.uk/schemas/alto/alto-1-4.xsd" xmlns:xlink="http://www.w3.org/1999/xlink">
	<Description>
		<MeasurementUnit>mm10</MeasurementUnit>
		<sourceImageInformation>
			<fileName>//head1/IN/2008-26/A0011759050/008040.jp2</fileName>
		</sourceImageInformation>
		<OCRProcessing ID="OCRPROCESSING_1">
			<preProcessingStep>
				<processingSoftware>
					<softwareCreator>CCS Content Conversion Specialists GmbH, Germany</softwareCreator>
					<softwareName>CCS docWORKS</softwareName>
					<softwareVersion>6.1-0.67</softwareVersion>
				</processingSoftware>
			</preProcessingStep>
			<ocrProcessingStep>
				<processingSoftware>
					<softwareCreator>ABBYY (BIT Software), Russia</softwareCreator>
					<softwareName>Finereader</softwareName>
				</processingSoftware>
			</ocrProcessingStep>
		</OCRProcessing>
	</Description>
	<Styles>
		<TextStyle ID="TXT_0" FONTSIZE="10" FONTFAMILY="Courier New"/>
		<TextStyle ID="TXT_1" FONTSIZE="9" FONTFAMILY="Courier New"/>
		<ParagraphStyle ID="PAR_LEFT" ALIGN="Left"/>
		<ParagraphStyle ID="PAR_CENTER" ALIGN="Center"/>
		<ParagraphStyle ID="PAR_RIGHT" ALIGN="Right"/>
	</Styles>
	<Layout>
		<Page ID="P46" PHYSICAL_IMG_NR="46" HEIGHT="1962" WIDTH="1120" PRINTED_IMG_NR="36" POSITION="Left" ACCURACY="71.83">
			<TopMargin ID="P46_TM00001" HPOS="0" VPOS="0" WIDTH="1120" HEIGHT="198">
				<TextBlock ID="P46_TB00001" HPOS="144" VPOS="176" WIDTH="31" HEIGHT="21" STYLEREFS="TXT_0 PAR_LEFT">
					<TextLine ID="P46_TL00001" HPOS="144" VPOS="176" WIDTH="31" HEIGHT="21">
						<String ID="P46_ST00001" HPOS="144" VPOS="176" WIDTH="31" HEIGHT="21" CONTENT="36" WC="1.00" CC="00"/>
					</TextLine>
				</TextBlock>
				<TextBlock ID="P46_TB00002" HPOS="447" VPOS="179" WIDTH="243" HEIGHT="17" STYLEREFS="TXT_1 PAR_CENTER">
					<TextLine ID="P46_TL00002" HPOS="448" VPOS="180" WIDTH="242" HEIGHT="16">
						<String ID="P46_ST00002" HPOS="448" VPOS="182" WIDTH="119" HEIGHT="14" CONTENT="POETICAL" WC="0.51" CC="70705179"/>
						<SP ID="P46_SP00001" HPOS="567" VPOS="196" WIDTH="21"/>
						<String ID="P46_ST00003" HPOS="588" VPOS="180" WIDTH="102" HEIGHT="15" CONTENT="AVIARY." WC="0.43" CC="9560690"/>
					</TextLine>
				</TextBlock>
			</TopMargin>
			<LeftMargin ID="P46_LM00001" HPOS="0" VPOS="198" WIDTH="144" HEIGHT="1552"/>
			<RightMargin ID="P46_RM00001" HPOS="989" VPOS="198" WIDTH="131" HEIGHT="1552"/>
			<BottomMargin ID="P46_BM00001" HPOS="0" VPOS="1750" WIDTH="1120" HEIGHT="211"/>
			<PrintSpace ID="P46_PS00001" HPOS="144" VPOS="198" WIDTH="845" HEIGHT="1552">
				<TextBlock ID="P46_TB00003" HPOS="325" VPOS="253" WIDTH="388" HEIGHT="216" STYLEREFS="TXT_1 PAR_LEFT">
					<TextLine ID="P46_TL00003" HPOS="328" VPOS="253" WIDTH="385" HEIGHT="31">
						<String ID="P46_ST00004" HPOS="328" VPOS="255" WIDTH="68" HEIGHT="21" CONTENT="Scats" WC="0.54" CC="56521"/>
						<SP ID="P46_SP00002" HPOS="396" VPOS="276" WIDTH="4"/>
						<String ID="P46_ST00005" HPOS="400" VPOS="255" WIDTH="55" HEIGHT="29" CONTENT="ring," WC="0.80" CC="35100"/>
						<SP ID="P46_SP00003" HPOS="455" VPOS="284" WIDTH="12"/>
						<String ID="P46_ST00006" HPOS="467" VPOS="263" WIDTH="24" HEIGHT="13" CONTENT="as" WC="0.37" CC="57"/>
						<SP ID="P46_SP00004" HPOS="491" VPOS="284" WIDTH="12"/>
						<String ID="P46_ST00007" HPOS="503" VPOS="255" WIDTH="39" HEIGHT="28" CONTENT="thy" WC="0.27" CC="569"/>
						<SP ID="P46_SP00005" HPOS="542" VPOS="284" WIDTH="12"/>
						<String ID="P46_ST00008" HPOS="554" VPOS="254" WIDTH="89" HEIGHT="29" CONTENT="pinions" WC="0.35" CC="9774564"/>
						<SP ID="P46_SP00006" HPOS="643" VPOS="284" WIDTH="12"/>
						<String ID="P46_ST00009" HPOS="655" VPOS="253" WIDTH="58" HEIGHT="29" CONTENT="play," WC="0.60" CC="14390"/>
					</TextLine>
					<TextLine ID="P46_TL00004" HPOS="328" VPOS="292" WIDTH="364" HEIGHT="29">
						<String ID="P46_ST00010" HPOS="328" VPOS="293" WIDTH="83" HEIGHT="27" CONTENT="Liquid" WC="0.57" CC="167360"/>
						<SP ID="P46_SP00007" HPOS="411" VPOS="320" WIDTH="11"/>
						<String ID="P46_ST00011" HPOS="422" VPOS="293" WIDTH="114" HEIGHT="28" CONTENT="fragrance" WC="0.72" CC="709020004"/>
						<SP ID="P46_SP00008" HPOS="536" VPOS="321" WIDTH="9"/>
						<String ID="P46_ST00012" HPOS="545" VPOS="293" WIDTH="30" HEIGHT="20" CONTENT="all" WC="0.68" CC="602"/>
						<SP ID="P46_SP00009" HPOS="575" VPOS="321" WIDTH="12"/>
						<String ID="P46_ST00013" HPOS="587" VPOS="292" WIDTH="38" HEIGHT="21" CONTENT="the" WC="0.74" CC="042"/>
						<SP ID="P46_SP00010" HPOS="625" VPOS="321" WIDTH="12"/>
						<String ID="P46_ST00014" HPOS="637" VPOS="298" WIDTH="55" HEIGHT="20" CONTENT="way." WC="0.94" CC="0200"/>
					</TextLine>
					<TextLine ID="P46_TL00005" HPOS="327" VPOS="326" WIDTH="327" HEIGHT="25">
						<String ID="P46_ST00015" HPOS="327" VPOS="330" WIDTH="22" HEIGHT="21" CONTENT="Is" WC="0.40" CC="56"/>
						<SP ID="P46_SP00011" HPOS="349" VPOS="351" WIDTH="12"/>
						<String ID="P46_ST00016" HPOS="361" VPOS="330" WIDTH="17" HEIGHT="21" CONTENT="it" WC="0.67" CC="60"/>
						<SP ID="P46_SP00012" HPOS="378" VPOS="351" WIDTH="11"/>
						<String ID="P46_ST00017" HPOS="389" VPOS="329" WIDTH="103" HEIGHT="21" CONTENT="business" WC="0.64" CC="03504266"/>
						<SP ID="P46_SP00013" HPOS="492" VPOS="351" WIDTH="9"/>
						<String ID="P46_ST00018" HPOS="501" VPOS="329" WIDTH="10" HEIGHT="20" CONTENT="?" WC="0.30" CC="6"/>
						<SP ID="P46_SP00014" HPOS="511" VPOS="351" WIDTH="17"/>
						<String ID="P46_ST00019" HPOS="528" VPOS="329" WIDTH="18" HEIGHT="20" CONTENT="is" WC="0.70" CC="05"/>
						<SP ID="P46_SP00015" HPOS="546" VPOS="351" WIDTH="12"/>
						<String ID="P46_ST00020" HPOS="558" VPOS="329" WIDTH="16" HEIGHT="20" CONTENT="it" WC="1.00" CC="00"/>
						<SP ID="P46_SP00016" HPOS="574" VPOS="351" WIDTH="13"/>
						<String ID="P46_ST00021" HPOS="587" VPOS="328" WIDTH="50" HEIGHT="20" CONTENT="love" WC="0.82" CC="3002"/>
						<SP ID="P46_SP00017" HPOS="637" VPOS="351" WIDTH="6"/>
						<String ID="P46_ST00022" HPOS="643" VPOS="326" WIDTH="11" HEIGHT="22" CONTENT="?" WC="0.04" CC="9"/>
					</TextLine>
					<TextLine ID="P46_TL00006" HPOS="329" VPOS="365" WIDTH="377" HEIGHT="30">
						<String ID="P46_ST00023" HPOS="329" VPOS="367" WIDTH="52" HEIGHT="21" CONTENT="Tell" WC="0.67" CC="6204"/>
						<SP ID="P46_SP00018" HPOS="381" VPOS="388" WIDTH="12"/>
						<String ID="P46_ST00024" HPOS="393" VPOS="375" WIDTH="42" HEIGHT="17" CONTENT="me," WC="0.77" CC="600"/>
						<SP ID="P46_SP00019" HPOS="435" VPOS="392" WIDTH="13"/>
						<String ID="P46_ST00025" HPOS="448" VPOS="367" WIDTH="40" HEIGHT="21" CONTENT="tell" WC="0.68" CC="2702"/>
						<SP ID="P46_SP00020" HPOS="488" VPOS="392" WIDTH="11"/>
						<String ID="P46_ST00026" HPOS="499" VPOS="375" WIDTH="42" HEIGHT="17" CONTENT="me," WC="0.83" CC="400"/>
						<SP ID="P46_SP00021" HPOS="541" VPOS="392" WIDTH="13"/>
						<String ID="P46_ST00027" HPOS="554" VPOS="366" WIDTH="76" HEIGHT="29" CONTENT="gentle" WC="0.92" CC="013000"/>
						<SP ID="P46_SP00022" HPOS="630" VPOS="395" WIDTH="12"/>
						<String ID="P46_ST00028" HPOS="642" VPOS="365" WIDTH="64" HEIGHT="22" CONTENT="dove." WC="0.93" CC="00300"/>
					</TextLine>
					<TextLine ID="P46_TL00007" HPOS="328" VPOS="403" WIDTH="356" HEIGHT="23">
						<String ID="P46_ST00029" HPOS="328" VPOS="404" WIDTH="48" HEIGHT="21" CONTENT="Soft" WC="0.98" CC="0000"/>
						<SP ID="P46_SP00023" HPOS="376" VPOS="425" WIDTH="13"/>
						<String ID="P46_ST00030" HPOS="389" VPOS="404" WIDTH="137" HEIGHT="22" CONTENT="Anacreon's" WC="0.72" CC="0614200606"/>
						<SP ID="P46_SP00024" HPOS="526" VPOS="426" WIDTH="10"/>
						<String ID="P46_ST00031" HPOS="536" VPOS="411" WIDTH="61" HEIGHT="14" CONTENT="vows" WC="0.53" CC="7406"/>
						<SP ID="P46_SP00025" HPOS="597" VPOS="426" WIDTH="11"/>
						<String ID="P46_ST00032" HPOS="608" VPOS="403" WIDTH="11" HEIGHT="21" CONTENT="I" WC="1.00" CC="0"/>
						<SP ID="P46_SP00026" HPOS="619" VPOS="426" WIDTH="11"/>
						<String ID="P46_ST00033" HPOS="630" VPOS="403" WIDTH="54" HEIGHT="21" CONTENT="bear" WC="0.69" CC="5050"/>
					</TextLine>
					<TextLine ID="P46_TL00008" HPOS="327" VPOS="438" WIDTH="324" HEIGHT="31">
						<String ID="P46_ST00034" HPOS="327" VPOS="442" WIDTH="67" HEIGHT="21" CONTENT="Vows" WC="0.45" CC="5096"/>
						<SP ID="P46_SP00027" HPOS="394" VPOS="463" WIDTH="11"/>
						<String ID="P46_ST00035" HPOS="405" VPOS="445" WIDTH="25" HEIGHT="17" CONTENT="to" WC="0.80" CC="03"/>
						<SP ID="P46_SP00028" HPOS="430" VPOS="463" WIDTH="12"/>
						<String ID="P46_ST00036" HPOS="442" VPOS="441" WIDTH="98" HEIGHT="28" CONTENT="Myrtale" WC="0.66" CC="6900070"/>
						<SP ID="P46_SP00029" HPOS="540" VPOS="469" WIDTH="12"/>
						<String ID="P46_ST00037" HPOS="552" VPOS="438" WIDTH="39" HEIGHT="24" CONTENT="the" WC="0.86" CC="040"/>
						<SP ID="P46_SP00030" HPOS="591" VPOS="469" WIDTH="11"/>
						<String ID="P46_ST00038" HPOS="602" VPOS="440" WIDTH="49" HEIGHT="21" CONTENT="fair." WC="0.59" CC="49400"/>
					</TextLine>
				</TextBlock>
				<TextBlock ID="P46_TB00004" HPOS="795" VPOS="476" WIDTH="164" HEIGHT="22" STYLEREFS="TXT_1 PAR_RIGHT">
					<TextLine ID="P46_TL00009" HPOS="796" VPOS="476" WIDTH="163" HEIGHT="22">
						<String ID="P46_ST00039" HPOS="796" VPOS="476" WIDTH="42" HEIGHT="22" CONTENT="Dr." WC="0.73" CC="700"/>
						<SP ID="P46_SP00031" HPOS="838" VPOS="498" WIDTH="11"/>
						<String ID="P46_ST00040" HPOS="849" VPOS="477" WIDTH="110" HEIGHT="21" CONTENT="Johnson." WC="0.80" CC="06000440"/>
					</TextLine>
				</TextBlock>
				<TextBlock ID="P46_TB00005" HPOS="147" VPOS="530" WIDTH="842" HEIGHT="76" STYLEREFS="TXT_1 PAR_LEFT">
					<TextLine ID="P46_TL00010" HPOS="281" VPOS="530" WIDTH="708" HEIGHT="32">
						<String ID="P46_ST00041" HPOS="281" VPOS="533" WIDTH="47" HEIGHT="23" CONTENT="We" WC="1.00" CC="00"/>
						<SP ID="P46_SP00032" HPOS="328" VPOS="556" WIDTH="20"/>
						<String ID="P46_ST00042" HPOS="348" VPOS="541" WIDTH="40" HEIGHT="15" CONTENT="are" WC="0.76" CC="070"/>
						<SP ID="P46_SP00033" HPOS="388" VPOS="556" WIDTH="23"/>
						<String ID="P46_ST00043" HPOS="411" VPOS="532" WIDTH="115" HEIGHT="23" CONTENT="indebted" WC="0.80" CC="08008000"/>
						<SP ID="P46_SP00034" HPOS="526" VPOS="556" WIDTH="20"/>
						<String ID="P46_ST00044" HPOS="546" VPOS="535" WIDTH="26" HEIGHT="19" CONTENT="to" WC="1.00" CC="00"/>
						<SP ID="P46_SP00035" HPOS="572" VPOS="556" WIDTH="20"/>
						<String ID="P46_ST00045" HPOS="592" VPOS="530" WIDTH="65" HEIGHT="23" CONTENT="birds" WC="0.74" CC="60005"/>
						<SP ID="P46_SP00036" HPOS="657" VPOS="556" WIDTH="22"/>
						<String ID="P46_ST00046" HPOS="679" VPOS="530" WIDTH="36" HEIGHT="23" CONTENT="for" WC="0.82" CC="040"/>
						<SP ID="P46_SP00037" HPOS="715" VPOS="556" WIDTH="20"/>
						<String ID="P46_ST00047" HPOS="735" VPOS="538" WIDTH="71" HEIGHT="23" CONTENT="many" WC="1.00" CC="0000"/>
						<SP ID="P46_SP00038" HPOS="806" VPOS="561" WIDTH="13"/>
						<String ID="P46_ST00048" HPOS="819" VPOS="530" WIDTH="26" HEIGHT="23" CONTENT="of" WC="1.00" CC="00"/>
						<SP ID="P46_SP00039" HPOS="845" VPOS="561" WIDTH="9"/>
						<String ID="P46_ST00049" HPOS="854" VPOS="530" WIDTH="42" HEIGHT="23" CONTENT="the" WC="0.75" CC="070"/>
						<SP ID="P46_SP00040" HPOS="896" VPOS="561" WIDTH="21"/>
						<String ID="P46_ST00050" HPOS="917" VPOS="539" WIDTH="72" HEIGHT="23" CONTENT="songs" WC="0.74" CC="50006"/>
					</TextLine>
					<TextLine ID="P46_TL00011" HPOS="147" VPOS="581" WIDTH="842" HEIGHT="25">
						<String ID="P46_ST00051" HPOS="147" VPOS="583" WIDTH="78" HEIGHT="23" CONTENT="which" WC="0.77" CC="03035"/>
						<SP ID="P46_SP00041" HPOS="225" VPOS="606" WIDTH="19"/>
						<String ID="P46_ST00052" HPOS="244" VPOS="591" WIDTH="39" HEIGHT="15" CONTENT="are" WC="0.76" CC="070"/>
						<SP ID="P46_SP00042" HPOS="283" VPOS="606" WIDTH="13"/>
						<String ID="P46_ST00053" HPOS="296" VPOS="582" WIDTH="133" HEIGHT="23" CONTENT="associated" WC="0.79" CC="0762040000"/>
						<SP ID="P46_SP00043" HPOS="429" VPOS="606" WIDTH="13"/>
						<String ID="P46_ST00054" HPOS="442" VPOS="582" WIDTH="58" HEIGHT="23" CONTENT="with" WC="0.84" CC="0302"/>
						<SP ID="P46_SP00044" HPOS="500" VPOS="606" WIDTH="19"/>
						<String ID="P46_ST00055" HPOS="519" VPOS="590" WIDTH="44" HEIGHT="15" CONTENT="our" WC="0.55" CC="453"/>
						<SP ID="P46_SP00045" HPOS="563" VPOS="606" WIDTH="13"/>
						<String ID="P46_ST00056" HPOS="576" VPOS="582" WIDTH="94" HEIGHT="23" CONTENT="earliest" WC="0.76" CC="00602073"/>
						<SP ID="P46_SP00046" HPOS="670" VPOS="606" WIDTH="17"/>
						<String ID="P46_ST00057" HPOS="687" VPOS="581" WIDTH="174" HEIGHT="23" CONTENT="recollections." WC="0.71" CC="50022600035650"/>
						<SP ID="P46_SP00047" HPOS="861" VPOS="606" WIDTH="36"/>
						<String ID="P46_ST00058" HPOS="897" VPOS="581" WIDTH="34" HEIGHT="23" CONTENT="As" WC="0.68" CC="06"/>
						<SP ID="P46_SP00048" HPOS="931" VPOS="606" WIDTH="18"/>
						<String ID="P46_ST00059" HPOS="949" VPOS="581" WIDTH="40" HEIGHT="23" CONTENT="the" WC="0.75" CC="070"/>
					</TextLine>
				</TextBlock>
				<TextBlock ID="P46_TB00006" HPOS="147" VPOS="632" WIDTH="98" HEIGHT="30" STYLEREFS="TXT_1 PAR_LEFT">
					<TextLine ID="P46_TL00012" HPOS="147" VPOS="633" WIDTH="98" HEIGHT="29">
						<String ID="P46_ST00060" HPOS="147" VPOS="633" WIDTH="61" HEIGHT="29" CONTENT="ditty" WC="1.00" CC="00000"/>
						<SP ID="P46_SP00049" HPOS="208" VPOS="662" WIDTH="13"/>
						<String ID="P46_ST00061" HPOS="221" VPOS="633" WIDTH="24" HEIGHT="22" CONTENT="of-" WC="0.67" CC="260"/>
					</TextLine>
				</TextBlock>
				<TextBlock ID="P46_TB00007" HPOS="266" VPOS="687" WIDTH="320" HEIGHT="61" STYLEREFS="TXT_1 PAR_LEFT">
					<TextLine ID="P46_TL00013" HPOS="272" VPOS="688" WIDTH="314" HEIGHT="29">
						<String ID="P46_ST00062" HPOS="272" VPOS="689" WIDTH="96" HEIGHT="28" CONTENT="Goosey," WC="0.86" CC="0270000"/>
						<SP ID="P46_SP00050" HPOS="368" VPOS="717" WIDTH="17"/>
						<String ID="P46_ST00063" HPOS="385" VPOS="689" WIDTH="98" HEIGHT="28" CONTENT="Goosey," WC="0.81" CC="0008201"/>
						<SP ID="P46_SP00051" HPOS="483" VPOS="717" WIDTH="12"/>
						<String ID="P46_ST00064" HPOS="495" VPOS="688" WIDTH="91" HEIGHT="22" CONTENT="Gander" WC="0.74" CC="267000"/>
					</TextLine>
					<TextLine ID="P46_TL00014" HPOS="267" VPOS="726" WIDTH="291" HEIGHT="22">
						<String ID="P46_ST00065" HPOS="267" VPOS="727" WIDTH="83" HEIGHT="21" CONTENT="Where" WC="0.84" CC="06010"/>
						<SP ID="P46_SP00052" HPOS="350" VPOS="748" WIDTH="10"/>
						<String ID="P46_ST00066" HPOS="360" VPOS="727" WIDTH="56" HEIGHT="21" CONTENT="shall" WC="0.62" CC="63530"/>
						<SP ID="P46_SP00053" HPOS="416" VPOS="748" WIDTH="9"/>
						<String ID="P46_ST00067" HPOS="425" VPOS="727" WIDTH="11" HEIGHT="21" CONTENT="I" WC="0.98" CC="0"/>
						<SP ID="P46_SP00054" HPOS="436" VPOS="748" WIDTH="11"/>
						<String ID="P46_ST00068" HPOS="447" VPOS="727" WIDTH="90" HEIGHT="21" CONTENT="wander" WC="0.74" CC="066200"/>
						<SP ID="P46_SP00055" HPOS="537" VPOS="748" WIDTH="11"/>
						<String ID="P46_ST00069" HPOS="548" VPOS="726" WIDTH="10" HEIGHT="21" CONTENT="?" WC="1.00" CC="0"/>
					</TextLine>
				</TextBlock>
				<TextBlock ID="P46_TB00008" HPOS="762" VPOS="760" WIDTH="196" HEIGHT="22" STYLEREFS="TXT_1 PAR_RIGHT">
					<TextLine ID="P46_TL00015" HPOS="763" VPOS="760" WIDTH="195" HEIGHT="22">
						<String ID="P46_ST00070" HPOS="763" VPOS="762" WIDTH="115" HEIGHT="20" CONTENT="Unknown" WC="0.60" CC="0016377"/>
						<SP ID="P46_SP00056" HPOS="878" VPOS="782" WIDTH="16"/>
						<String ID="P46_ST00071" HPOS="894" VPOS="760" WIDTH="64" HEIGHT="22" CONTENT="Poet." WC="0.88" CC="50000"/>
					</TextLine>
				</TextBlock>
				<TextBlock ID="P46_TB00009" HPOS="263" VPOS="806" WIDTH="578" HEIGHT="66" STYLEREFS="TXT_1 PAR_LEFT">
					<TextLine ID="P46_TL00016" HPOS="263" VPOS="806" WIDTH="517" HEIGHT="31">
						<String ID="P46_ST00072" HPOS="263" VPOS="808" WIDTH="153" HEIGHT="29" CONTENT="Lady-Bird," WC="0.88" CC="0340002001"/>
						<SP ID="P46_SP00057" HPOS="416" VPOS="837" WIDTH="12"/>
						<String ID="P46_ST00073" HPOS="428" VPOS="808" WIDTH="154" HEIGHT="28" CONTENT="Lady-Bird," WC="0.93" CC="0400000000"/>
						<SP ID="P46_SP00058" HPOS="582" VPOS="837" WIDTH="11"/>
						<String ID="P46_ST00074" HPOS="593" VPOS="806" WIDTH="30" HEIGHT="29" CONTENT="fly" WC="0.93" CC="110"/>
						<SP ID="P46_SP00059" HPOS="623" VPOS="837" WIDTH="11"/>
						<String ID="P46_ST00075" HPOS="634" VPOS="814" WIDTH="60" HEIGHT="20" CONTENT="away" WC="0.75" CC="0009"/>
						<SP ID="P46_SP00060" HPOS="694" VPOS="837" WIDTH="12"/>
						<String ID="P46_ST00076" HPOS="706" VPOS="806" WIDTH="74" HEIGHT="25" CONTENT="home," WC="0.58" CC="54900"/>
					</TextLine>
					<TextLine ID="P46_TL00017" HPOS="268" VPOS="843" WIDTH="573" HEIGHT="29">
						<String ID="P46_ST00077" HPOS="268" VPOS="845" WIDTH="64" HEIGHT="21" CONTENT="Your" WC="0.76" CC="0405"/>
						<SP ID="P46_SP00061" HPOS="332" VPOS="866" WIDTH="11"/>
						<String ID="P46_ST00078" HPOS="343" VPOS="845" WIDTH="70" HEIGHT="21" CONTENT="house" WC="0.50" CC="64624"/>
						<SP ID="P46_SP00062" HPOS="413" VPOS="866" WIDTH="11"/>
						<String ID="P46_ST00079" HPOS="424" VPOS="845" WIDTH="20" HEIGHT="21" CONTENT="is" WC="0.51" CC="27"/>
						<SP ID="P46_SP00063" HPOS="444" VPOS="866" WIDTH="11"/>
						<String ID="P46_ST00080" HPOS="455" VPOS="852" WIDTH="28" HEIGHT="14" CONTENT="on" WC="0.63" CC="07"/>
						<SP ID="P46_SP00064" HPOS="483" VPOS="866" WIDTH="12"/>
						<String ID="P46_ST00081" HPOS="495" VPOS="845" WIDTH="45" HEIGHT="26" CONTENT="fire," WC="0.86" CC="00600"/>
						<SP ID="P46_SP00065" HPOS="540" VPOS="871" WIDTH="12"/>
						<String ID="P46_ST00082" HPOS="552" VPOS="852" WIDTH="58" HEIGHT="20" CONTENT="your" WC="0.85" CC="0600"/>
						<SP ID="P46_SP00066" HPOS="610" VPOS="872" WIDTH="11"/>
						<String ID="P46_ST00083" HPOS="621" VPOS="845" WIDTH="101" HEIGHT="21" CONTENT="children" WC="0.57" CC="66550306"/>
						<SP ID="P46_SP00067" HPOS="722" VPOS="872" WIDTH="13"/>
						<String ID="P46_ST00084" HPOS="735" VPOS="847" WIDTH="23" HEIGHT="17" CONTENT="at" WC="1.00" CC="00"/>
						<SP ID="P46_SP00068" HPOS="758" VPOS="872" WIDTH="11"/>
						<String ID="P46_ST00085" HPOS="769" VPOS="843" WIDTH="72" HEIGHT="21" CONTENT="home." WC="0.71" CC="71500"/>
					</TextLine>
				</TextBlock>
				<TextBlock ID="P46_TB00010" HPOS="760" VPOS="879" WIDTH="198" HEIGHT="21" STYLEREFS="TXT_1 PAR_RIGHT">
					<TextLine ID="P46_TL00018" HPOS="760" VPOS="879" WIDTH="198" HEIGHT="21">
						<String ID="P46_ST00086" HPOS="760" VPOS="880" WIDTH="117" HEIGHT="20" CONTENT="Unknown" WC="0.64" CC="2320078"/>
						<SP ID="P46_SP00069" HPOS="877" VPOS="900" WIDTH="17"/>
						<String ID="P46_ST00087" HPOS="894" VPOS="879" WIDTH="64" HEIGHT="21" CONTENT="Poet." WC="1.00" CC="00000"/>
					</TextLine>
				</TextBlock>
				<TextBlock ID="P46_TB00011" HPOS="265" VPOS="925" WIDTH="723" HEIGHT="138" STYLEREFS="TXT_1 PAR_LEFT">
					<TextLine ID="P46_TL00019" HPOS="267" VPOS="925" WIDTH="721" HEIGHT="30">
						<String ID="P46_ST00088" HPOS="267" VPOS="926" WIDTH="50" HEIGHT="22" CONTENT="The" WC="0.84" CC="022"/>
						<SP ID="P46_SP00070" HPOS="317" VPOS="948" WIDTH="9"/>
						<String ID="P46_ST00089" HPOS="326" VPOS="927" WIDTH="52" HEIGHT="28" CONTENT="king" WC="0.72" CC="0550"/>
						<SP ID="P46_SP00071" HPOS="378" VPOS="955" WIDTH="5"/>
						<String ID="P46_ST00090" HPOS="383" VPOS="933" WIDTH="44" HEIGHT="15" CONTENT="was" WC="0.73" CC="016"/>
						<SP ID="P46_SP00072" HPOS="427" VPOS="955" WIDTH="10"/>
						<String ID="P46_ST00091" HPOS="437" VPOS="927" WIDTH="22" HEIGHT="21" CONTENT="in" WC="0.83" CC="03"/>
						<SP ID="P46_SP00073" HPOS="459" VPOS="955" WIDTH="8"/>
						<String ID="P46_ST00092" HPOS="467" VPOS="927" WIDTH="37" HEIGHT="21" CONTENT="the" WC="0.66" CC="315"/>
						<SP ID="P46_SP00074" HPOS="504" VPOS="955" WIDTH="7"/>
						<String ID="P46_ST00093" HPOS="511" VPOS="926" WIDTH="198" HEIGHT="29" CONTENT="counting-house," WC="0.73" CC="424606000105700"/>
						<SP ID="P46_SP00075" HPOS="709" VPOS="955" WIDTH="5"/>
						<String ID="P46_ST00094" HPOS="714" VPOS="925" WIDTH="108" HEIGHT="29" CONTENT="counting" WC="0.72" CC="10070309"/>
						<SP ID="P46_SP00076" HPOS="822" VPOS="955" WIDTH="5"/>
						<String ID="P46_ST00095" HPOS="827" VPOS="925" WIDTH="26" HEIGHT="21" CONTENT="of" WC="1.00" CC="00"/>
						<SP ID="P46_SP00077" HPOS="853" VPOS="955" WIDTH="4"/>
						<String ID="P46_ST00096" HPOS="857" VPOS="925" WIDTH="34" HEIGHT="21" CONTENT="his" WC="0.34" CC="666"/>
						<SP ID="P46_SP00078" HPOS="891" VPOS="955" WIDTH="9"/>
						<String ID="P46_ST00097" HPOS="900" VPOS="932" WIDTH="88" HEIGHT="21" CONTENT="money," WC="0.71" CC="056300"/>
					</TextLine>
					<TextLine ID="P46_TL00020" HPOS="267" VPOS="961" WIDTH="720" HEIGHT="32">
						<String ID="P46_ST00098" HPOS="267" VPOS="965" WIDTH="50" HEIGHT="21" CONTENT="The" WC="0.83" CC="005"/>
						<SP ID="P46_SP00079" HPOS="317" VPOS="986" WIDTH="13"/>
						<String ID="P46_ST00099" HPOS="330" VPOS="972" WIDTH="72" HEIGHT="21" CONTENT="queen" WC="0.55" CC="25247"/>
						<SP ID="P46_SP00080" HPOS="402" VPOS="993" WIDTH="12"/>
						<String ID="P46_ST00100" HPOS="414" VPOS="972" WIDTH="44" HEIGHT="14" CONTENT="was" WC="0.71" CC="034"/>
						<SP ID="P46_SP00081" HPOS="458" VPOS="993" WIDTH="12"/>
						<String ID="P46_ST00101" HPOS="470" VPOS="969" WIDTH="21" HEIGHT="17" CONTENT="at" WC="0.76" CC="40"/>
						<SP ID="P46_SP00082" HPOS="491" VPOS="993" WIDTH="11"/>
						<String ID="P46_ST00102" HPOS="502" VPOS="964" WIDTH="38" HEIGHT="22" CONTENT="the" WC="0.76" CC="070"/>
						<SP ID="P46_SP00083" HPOS="540" VPOS="993" WIDTH="6"/>
						<String ID="P46_ST00103" HPOS="546" VPOS="963" WIDTH="128" HEIGHT="29" CONTENT="cup-board" WC="0.49" CC="279269500"/>
						<SP ID="P46_SP00084" HPOS="674" VPOS="993" WIDTH="7"/>
						<String ID="P46_ST00104" HPOS="681" VPOS="962" WIDTH="75" HEIGHT="29" CONTENT="eating" WC="0.57" CC="050568"/>
						<SP ID="P46_SP00085" HPOS="756" VPOS="993" WIDTH="9"/>
						<String ID="P46_ST00105" HPOS="765" VPOS="962" WIDTH="70" HEIGHT="21" CONTENT="bread" WC="0.68" CC="06090"/>
						<SP ID="P46_SP00086" HPOS="835" VPOS="993" WIDTH="12"/>
						<String ID="P46_ST00106" HPOS="847" VPOS="961" WIDTH="44" HEIGHT="22" CONTENT="and" WC="0.58" CC="570"/>
						<SP ID="P46_SP00087" HPOS="891" VPOS="993" WIDTH="7"/>
						<String ID="P46_ST00107" HPOS="898" VPOS="961" WIDTH="72" HEIGHT="28" CONTENT="honey" WC="0.47" CC="63097"/>
						<SP ID="P46_SP00088" HPOS="970" VPOS="993" WIDTH="10"/>
						<String ID="P46_ST00108" HPOS="980" VPOS="967" WIDTH="7" HEIGHT="14" CONTENT=":" WC="0.16" CC="8"/>
					</TextLine>
					<TextLine ID="P46_TL00021" HPOS="267" VPOS="1000" WIDTH="675" HEIGHT="29">
						<String ID="P46_ST00109" HPOS="267" VPOS="1001" WIDTH="50" HEIGHT="21" CONTENT="The" WC="0.75" CC="070"/>
						<SP ID="P46_SP00089" HPOS="317" VPOS="1022" WIDTH="11"/>
						<String ID="P46_ST00110" HPOS="328" VPOS="1001" WIDTH="61" HEIGHT="21" CONTENT="maid" WC="0.76" CC="4050"/>
						<SP ID="P46_SP00090" HPOS="389" VPOS="1022" WIDTH="11"/>
						<String ID="P46_ST00111" HPOS="400" VPOS="1009" WIDTH="44" HEIGHT="13" CONTENT="was" WC="0.27" CC="866"/>
						<SP ID="P46_SP00091" HPOS="444" VPOS="1022" WIDTH="11"/>
						<String ID="P46_ST00112" HPOS="455" VPOS="1001" WIDTH="22" HEIGHT="21" CONTENT="in" WC="0.64" CC="24"/>
						<SP ID="P46_SP00092" HPOS="477" VPOS="1022" WIDTH="13"/>
						<String ID="P46_ST00113" HPOS="490" VPOS="1001" WIDTH="38" HEIGHT="21" CONTENT="the" WC="0.77" CC="060"/>
						<SP ID="P46_SP00093" HPOS="528" VPOS="1022" WIDTH="10"/>
						<String ID="P46_ST00114" HPOS="538" VPOS="1001" WIDTH="82" HEIGHT="28" CONTENT="garden" WC="0.75" CC="743000"/>
						<SP ID="P46_SP00094" HPOS="620" VPOS="1029" WIDTH="12"/>
						<String ID="P46_ST00115" HPOS="632" VPOS="1008" WIDTH="13" HEIGHT="14" CONTENT="a" WC="0.51" CC="4"/>
						<SP ID="P46_SP00095" HPOS="645" VPOS="1029" WIDTH="11"/>
						<String ID="P46_ST00116" HPOS="656" VPOS="1000" WIDTH="97" HEIGHT="29" CONTENT="hanging" WC="0.62" CC="4077070"/>
						<SP ID="P46_SP00096" HPOS="753" VPOS="1029" WIDTH="11"/>
						<String ID="P46_ST00117" HPOS="764" VPOS="1008" WIDTH="31" HEIGHT="20" CONTENT="up" WC="0.74" CC="50"/>
						<SP ID="P46_SP00097" HPOS="795" VPOS="1029" WIDTH="12"/>
						<String ID="P46_ST00118" HPOS="807" VPOS="1000" WIDTH="26" HEIGHT="21" CONTENT="of" WC="0.71" CC="50"/>
						<SP ID="P46_SP00098" HPOS="833" VPOS="1029" WIDTH="7"/>
						<String ID="P46_ST00119" HPOS="840" VPOS="1000" WIDTH="87" HEIGHT="21" CONTENT="clothes" WC="0.91" CC="0000006"/>
						<SP ID="P46_SP00099" HPOS="927" VPOS="1029" WIDTH="10"/>
						<String ID="P46_ST00120" HPOS="937" VPOS="1007" WIDTH="5" HEIGHT="18" CONTENT=";" WC="0.52" CC="4"/>
					</TextLine>
					<TextLine ID="P46_TL00022" HPOS="265" VPOS="1037" WIDTH="575" HEIGHT="26">
						<String ID="P46_ST00121" HPOS="265" VPOS="1039" WIDTH="72" HEIGHT="21" CONTENT="Down" WC="0.71" CC="0190"/>
						<SP ID="P46_SP00100" HPOS="337" VPOS="1060" WIDTH="13"/>
						<String ID="P46_ST00122" HPOS="350" VPOS="1047" WIDTH="61" HEIGHT="13" CONTENT="came" WC="0.61" CC="5360"/>
						<SP ID="P46_SP00101" HPOS="411" VPOS="1060" WIDTH="12"/>
						<String ID="P46_ST00123" HPOS="423" VPOS="1047" WIDTH="13" HEIGHT="13" CONTENT="a" WC="1.00" CC="0"/>
						<SP ID="P46_SP00102" HPOS="436" VPOS="1060" WIDTH="10"/>
						<String ID="P46_ST00124" HPOS="446" VPOS="1038" WIDTH="59" HEIGHT="22" CONTENT="little" WC="0.72" CC="054060"/>
						<SP ID="P46_SP00103" HPOS="505" VPOS="1060" WIDTH="11"/>
						<String ID="P46_ST00125" HPOS="516" VPOS="1038" WIDTH="60" HEIGHT="25" CONTENT="bird," WC="0.68" CC="60061"/>
						<SP ID="P46_SP00104" HPOS="576" VPOS="1063" WIDTH="12"/>
						<String ID="P46_ST00126" HPOS="588" VPOS="1038" WIDTH="44" HEIGHT="21" CONTENT="and" WC="0.59" CC="470"/>
						<SP ID="P46_SP00105" HPOS="632" VPOS="1063" WIDTH="11"/>
						<String ID="P46_ST00127" HPOS="643" VPOS="1037" WIDTH="33" HEIGHT="22" CONTENT="bit" WC="0.64" CC="433"/>
						<SP ID="P46_SP00106" HPOS="676" VPOS="1063" WIDTH="11"/>
						<String ID="P46_ST00128" HPOS="687" VPOS="1037" WIDTH="33" HEIGHT="21" CONTENT="off" WC="0.84" CC="400"/>
						<SP ID="P46_SP00107" HPOS="720" VPOS="1063" WIDTH="7"/>
						<String ID="P46_ST00129" HPOS="727" VPOS="1037" WIDTH="40" HEIGHT="21" CONTENT="her" WC="0.70" CC="701"/>
						<SP ID="P46_SP00108" HPOS="767" VPOS="1063" WIDTH="11"/>
						<String ID="P46_ST00130" HPOS="778" VPOS="1043" WIDTH="62" HEIGHT="14" CONTENT="nose." WC="0.66" CC="76300"/>
					</TextLine>
				</TextBlock>
				<TextBlock ID="P46_TB00012" HPOS="762" VPOS="1074" WIDTH="196" HEIGHT="21" STYLEREFS="TXT_1 PAR_RIGHT">
					<TextLine ID="P46_TL00023" HPOS="764" VPOS="1074" WIDTH="194" HEIGHT="21">
						<String ID="P46_ST00131" HPOS="764" VPOS="1074" WIDTH="116" HEIGHT="21" CONTENT="Unknown" WC="0.56" CC="0640576"/>
						<SP ID="P46_SP00109" HPOS="880" VPOS="1095" WIDTH="16"/>
						<String ID="P46_ST00132" HPOS="896" VPOS="1074" WIDTH="62" HEIGHT="21" CONTENT="Poet." WC="0.87" CC="06000"/>
					</TextLine>
				</TextBlock>
				<TextBlock ID="P46_TB00013" HPOS="265" VPOS="1126" WIDTH="601" HEIGHT="67" STYLEREFS="TXT_1 PAR_LEFT">
					<TextLine ID="P46_TL00024" HPOS="266" VPOS="1126" WIDTH="600" HEIGHT="29">
						<String ID="P46_ST00133" HPOS="266" VPOS="1127" WIDTH="48" HEIGHT="22" CONTENT="Bob" WC="0.66" CC="405"/>
						<SP ID="P46_SP00110" HPOS="314" VPOS="1149" WIDTH="13"/>
						<String ID="P46_ST00134" HPOS="327" VPOS="1127" WIDTH="100" HEIGHT="28" CONTENT="Southey" WC="0.73" CC="5050600"/>
						<SP ID="P46_SP00111" HPOS="427" VPOS="1155" WIDTH="11"/>
						<String ID="P46_ST00135" HPOS="438" VPOS="1127" WIDTH="5" HEIGHT="21" CONTENT="!" WC="1.00" CC="0"/>
						<SP ID="P46_SP00112" HPOS="443" VPOS="1155" WIDTH="18"/>
						<String ID="P46_ST00136" HPOS="461" VPOS="1135" WIDTH="44" HEIGHT="20" CONTENT="you" WC="0.67" CC="062"/>
						<SP ID="P46_SP00113" HPOS="505" VPOS="1155" WIDTH="11"/>
						<String ID="P46_ST00137" HPOS="516" VPOS="1134" WIDTH="37" HEIGHT="15" CONTENT="are" WC="0.87" CC="200"/>
						<SP ID="P46_SP00114" HPOS="553" VPOS="1155" WIDTH="12"/>
						<String ID="P46_ST00138" HPOS="565" VPOS="1134" WIDTH="13" HEIGHT="14" CONTENT="a" WC="0.13" CC="8"/>
						<SP ID="P46_SP00115" HPOS="578" VPOS="1155" WIDTH="10"/>
						<String ID="P46_ST00139" HPOS="588" VPOS="1130" WIDTH="54" HEIGHT="25" CONTENT="poet" WC="0.85" CC="0014"/>
						<String ID="P46_ST00140" HPOS="643" VPOS="1140" WIDTH="29" HEIGHT="3" CONTENT="—" WC="0.20" CC="8"/>
						<String ID="P46_ST00141" HPOS="674" VPOS="1126" WIDTH="56" HEIGHT="22" CONTENT="Poet" WC="0.62" CC="6331"/>
						<SP ID="P46_SP00116" HPOS="730" VPOS="1155" WIDTH="18"/>
						<String ID="P46_ST00142" HPOS="748" VPOS="1126" WIDTH="118" HEIGHT="26" CONTENT="Laureate," WC="0.90" CC="102400000"/>
					</TextLine>
					<TextLine ID="P46_TL00025" HPOS="295" VPOS="1165" WIDTH="435" HEIGHT="28">
						<String ID="P46_ST00143" HPOS="295" VPOS="1166" WIDTH="55" HEIGHT="21" CONTENT="And" WC="0.75" CC="070"/>
						<SP ID="P46_SP00117" HPOS="350" VPOS="1187" WIDTH="11"/>
						<String ID="P46_ST00144" HPOS="361" VPOS="1166" WIDTH="176" HEIGHT="27" CONTENT="representative" WC="0.63" CC="32712603450590"/>
						<SP ID="P46_SP00118" HPOS="537" VPOS="1193" WIDTH="12"/>
						<String ID="P46_ST00145" HPOS="549" VPOS="1165" WIDTH="26" HEIGHT="22" CONTENT="of" WC="0.78" CC="40"/>
						<SP ID="P46_SP00119" HPOS="575" VPOS="1193" WIDTH="7"/>
						<String ID="P46_ST00146" HPOS="582" VPOS="1165" WIDTH="30" HEIGHT="21" CONTENT="all" WC="0.88" CC="300"/>
						<SP ID="P46_SP00120" HPOS="612" VPOS="1193" WIDTH="11"/>
						<String ID="P46_ST00147" HPOS="623" VPOS="1165" WIDTH="39" HEIGHT="22" CONTENT="the" WC="1.00" CC="000"/>
						<SP ID="P46_SP00121" HPOS="662" VPOS="1193" WIDTH="9"/>
						<String ID="P46_ST00148" HPOS="671" VPOS="1172" WIDTH="59" HEIGHT="19" CONTENT="race," WC="0.74" CC="54300"/>
					</TextLine>
				</TextBlock>
				<TextBlock ID="P46_TB00014" HPOS="265" VPOS="1200" WIDTH="616" HEIGHT="66" STYLEREFS="TXT_1 PAR_LEFT">
					<TextLine ID="P46_TL00026" HPOS="265" VPOS="1201" WIDTH="616" HEIGHT="30">
						<String ID="P46_ST00149" HPOS="265" VPOS="1202" WIDTH="118" HEIGHT="28" CONTENT="Although" WC="0.83" CC="00100407"/>
						<SP ID="P46_SP00122" HPOS="383" VPOS="1230" WIDTH="11"/>
						<String ID="P46_ST00150" HPOS="394" VPOS="1202" WIDTH="37" HEIGHT="22" CONTENT="'tis" WC="0.50" CC="7066"/>
						<SP ID="P46_SP00123" HPOS="431" VPOS="1230" WIDTH="11"/>
						<String ID="P46_ST00151" HPOS="442" VPOS="1206" WIDTH="50" HEIGHT="18" CONTENT="true" WC="0.89" CC="0300"/>
						<SP ID="P46_SP00124" HPOS="492" VPOS="1230" WIDTH="12"/>
						<String ID="P46_ST00152" HPOS="504" VPOS="1203" WIDTH="49" HEIGHT="21" CONTENT="that" WC="1.00" CC="0000"/>
						<SP ID="P46_SP00125" HPOS="553" VPOS="1230" WIDTH="12"/>
						<String ID="P46_ST00153" HPOS="565" VPOS="1209" WIDTH="44" HEIGHT="22" CONTENT="you" WC="0.49" CC="931"/>
						<SP ID="P46_SP00126" HPOS="609" VPOS="1231" WIDTH="12"/>
						<String ID="P46_ST00154" HPOS="621" VPOS="1202" WIDTH="75" HEIGHT="21" CONTENT="turn'd" WC="0.77" CC="020730"/>
						<SP ID="P46_SP00127" HPOS="696" VPOS="1231" WIDTH="12"/>
						<String ID="P46_ST00155" HPOS="708" VPOS="1205" WIDTH="40" HEIGHT="18" CONTENT="out" WC="0.61" CC="261"/>
						<SP ID="P46_SP00128" HPOS="748" VPOS="1231" WIDTH="11"/>
						<String ID="P46_ST00156" HPOS="759" VPOS="1209" WIDTH="14" HEIGHT="13" CONTENT="a" WC="1.00" CC="0"/>
						<SP ID="P46_SP00129" HPOS="773" VPOS="1231" WIDTH="12"/>
						<String ID="P46_ST00157" HPOS="785" VPOS="1201" WIDTH="62" HEIGHT="28" CONTENT="Tory" WC="0.75" CC="0009"/>
						<SP ID="P46_SP00130" HPOS="847" VPOS="1231" WIDTH="11"/>
						<String ID="P46_ST00158" HPOS="858" VPOS="1204" WIDTH="23" HEIGHT="18" CONTENT="at" WC="0.55" CC="90"/>
					</TextLine>
					<TextLine ID="P46_TL00027" HPOS="296" VPOS="1239" WIDTH="544" HEIGHT="27">
						<String ID="P46_ST00159" HPOS="296" VPOS="1239" WIDTH="62" HEIGHT="26" CONTENT="Last," WC="0.78" CC="40600"/>
						<SP ID="P46_SP00131" HPOS="358" VPOS="1265" WIDTH="12"/>
						<String ID="P46_ST00160" HPOS="370" VPOS="1239" WIDTH="74" HEIGHT="27" CONTENT="your's" WC="0.38" CC="945537"/>
						<SP ID="P46_SP00132" HPOS="444" VPOS="1266" WIDTH="11"/>
						<String ID="P46_ST00161" HPOS="455" VPOS="1239" WIDTH="40" HEIGHT="21" CONTENT="has" WC="0.91" CC="002"/>
						<SP ID="P46_SP00133" HPOS="495" VPOS="1266" WIDTH="10"/>
						<String ID="P46_ST00162" HPOS="505" VPOS="1239" WIDTH="58" HEIGHT="21" CONTENT="been" WC="0.82" CC="0007"/>
						<SP ID="P46_SP00134" HPOS="563" VPOS="1266" WIDTH="12"/>
						<String ID="P46_ST00163" HPOS="575" VPOS="1246" WIDTH="13" HEIGHT="13" CONTENT="a" WC="0.77" CC="2"/>
						<SP ID="P46_SP00135" HPOS="588" VPOS="1266" WIDTH="9"/>
						<String ID="P46_ST00164" HPOS="597" VPOS="1246" WIDTH="52" HEIGHT="20" CONTENT="very" WC="0.65" CC="7320"/>
						<SP ID="P46_SP00136" HPOS="649" VPOS="1266" WIDTH="12"/>
						<String ID="P46_ST00165" HPOS="661" VPOS="1244" WIDTH="103" HEIGHT="15" CONTENT="common" WC="0.46" CC="009957"/>
						<SP ID="P46_SP00137" HPOS="764" VPOS="1266" WIDTH="17"/>
						<String ID="P46_ST00166" HPOS="781" VPOS="1243" WIDTH="59" HEIGHT="15" CONTENT="case." WC="0.84" CC="10600"/>
					</TextLine>
				</TextBlock>
				<TextBlock ID="P46_TB00015" HPOS="265" VPOS="1295" WIDTH="580" HEIGHT="66" STYLEREFS="TXT_1 PAR_LEFT">
					<TextLine ID="P46_TL00028" HPOS="267" VPOS="1297" WIDTH="578" HEIGHT="31">
						<String ID="P46_ST00167" HPOS="267" VPOS="1300" WIDTH="53" HEIGHT="22" CONTENT="And" WC="0.57" CC="075"/>
						<SP ID="P46_SP00138" HPOS="320" VPOS="1322" WIDTH="11"/>
						<String ID="P46_ST00168" HPOS="331" VPOS="1308" WIDTH="56" HEIGHT="18" CONTENT="now," WC="0.79" CC="4300"/>
						<SP ID="P46_SP00139" HPOS="387" VPOS="1326" WIDTH="11"/>
						<String ID="P46_ST00169" HPOS="398" VPOS="1307" WIDTH="37" HEIGHT="21" CONTENT="my" WC="0.75" CC="40"/>
						<SP ID="P46_SP00140" HPOS="435" VPOS="1328" WIDTH="11"/>
						<String ID="P46_ST00170" HPOS="446" VPOS="1299" WIDTH="49" HEIGHT="29" CONTENT="epic" WC="0.77" CC="0053"/>
						<SP ID="P46_SP00141" HPOS="495" VPOS="1328" WIDTH="11"/>
						<String ID="P46_ST00171" HPOS="506" VPOS="1298" WIDTH="130" HEIGHT="29" CONTENT="Renegade," WC="0.57" CC="707406750"/>
						<SP ID="P46_SP00142" HPOS="636" VPOS="1328" WIDTH="11"/>
						<String ID="P46_ST00172" HPOS="647" VPOS="1297" WIDTH="59" HEIGHT="22" CONTENT="what" WC="0.94" CC="0002"/>
						<SP ID="P46_SP00143" HPOS="706" VPOS="1328" WIDTH="12"/>
						<String ID="P46_ST00173" HPOS="718" VPOS="1304" WIDTH="37" HEIGHT="15" CONTENT="are" WC="0.85" CC="400"/>
						<SP ID="P46_SP00144" HPOS="755" VPOS="1328" WIDTH="11"/>
						<String ID="P46_ST00174" HPOS="766" VPOS="1304" WIDTH="27" HEIGHT="21" CONTENT="ye" WC="1.00" CC="00"/>
						<SP ID="P46_SP00145" HPOS="793" VPOS="1328" WIDTH="13"/>
						<String ID="P46_ST00175" HPOS="806" VPOS="1301" WIDTH="23" HEIGHT="17" CONTENT="at" WC="1.00" CC="00"/>
						<SP ID="P46_SP00146" HPOS="829" VPOS="1328" WIDTH="7"/>
						<String ID="P46_ST00176" HPOS="836" VPOS="1297" WIDTH="9" HEIGHT="21" CONTENT="?" WC="0.11" CC="8"/>
					</TextLine>
					<TextLine ID="P46_TL00029" HPOS="296" VPOS="1333" WIDTH="529" HEIGHT="28">
						<String ID="P46_ST00177" HPOS="296" VPOS="1338" WIDTH="64" HEIGHT="22" CONTENT="With" WC="0.89" CC="0004"/>
						<SP ID="P46_SP00147" HPOS="360" VPOS="1360" WIDTH="12"/>
						<String ID="P46_ST00178" HPOS="372" VPOS="1338" WIDTH="30" HEIGHT="21" CONTENT="all" WC="0.89" CC="300"/>
						<SP ID="P46_SP00148" HPOS="402" VPOS="1360" WIDTH="11"/>
						<String ID="P46_ST00179" HPOS="413" VPOS="1338" WIDTH="39" HEIGHT="21" CONTENT="the" WC="0.69" CC="270"/>
						<SP ID="P46_SP00149" HPOS="452" VPOS="1360" WIDTH="12"/>
						<String ID="P46_ST00180" HPOS="464" VPOS="1337" WIDTH="92" HEIGHT="24" CONTENT="Lakers," WC="0.67" CC="0900650"/>
						<SP ID="P46_SP00150" HPOS="556" VPOS="1361" WIDTH="12"/>
						<String ID="P46_ST00181" HPOS="568" VPOS="1335" WIDTH="23" HEIGHT="22" CONTENT="in" WC="0.63" CC="07"/>
						<SP ID="P46_SP00151" HPOS="591" VPOS="1361" WIDTH="9"/>
						<String ID="P46_ST00182" HPOS="600" VPOS="1335" WIDTH="45" HEIGHT="22" CONTENT="and" WC="0.76" CC="070"/>
						<SP ID="P46_SP00152" HPOS="645" VPOS="1361" WIDTH="11"/>
						<String ID="P46_ST00183" HPOS="656" VPOS="1339" WIDTH="39" HEIGHT="17" CONTENT="out" WC="0.84" CC="103"/>
						<SP ID="P46_SP00153" HPOS="695" VPOS="1361" WIDTH="13"/>
						<String ID="P46_ST00184" HPOS="708" VPOS="1335" WIDTH="26" HEIGHT="21" CONTENT="of" WC="0.92" CC="10"/>
						<SP ID="P46_SP00154" HPOS="734" VPOS="1361" WIDTH="8"/>
						<String ID="P46_ST00185" HPOS="742" VPOS="1334" WIDTH="63" HEIGHT="27" CONTENT="place" WC="0.62" CC="75060"/>
						<SP ID="P46_SP00155" HPOS="805" VPOS="1361" WIDTH="10"/>
						<String ID="P46_ST00186" HPOS="815" VPOS="1333" WIDTH="10" HEIGHT="21" CONTENT="?" WC="0.90" CC="0"/>
					</TextLine>
				</TextBlock>
				<TextBlock ID="P46_TB00016" HPOS="266" VPOS="1374" WIDTH="464" HEIGHT="26" STYLEREFS="TXT_1 PAR_LEFT">
					<TextLine ID="P46_TL00030" HPOS="267" VPOS="1374" WIDTH="463" HEIGHT="26">
						<String ID="P46_ST00187" HPOS="267" VPOS="1375" WIDTH="22" HEIGHT="20" CONTENT="A" WC="1.00" CC="0"/>
						<SP ID="P46_SP00156" HPOS="289" VPOS="1395" WIDTH="11"/>
						<String ID="P46_ST00188" HPOS="300" VPOS="1378" WIDTH="50" HEIGHT="18" CONTENT="nest" WC="0.68" CC="6060"/>
						<SP ID="P46_SP00157" HPOS="350" VPOS="1396" WIDTH="12"/>
						<String ID="P46_ST00189" HPOS="362" VPOS="1374" WIDTH="26" HEIGHT="21" CONTENT="of" WC="0.81" CC="30"/>
						<SP ID="P46_SP00158" HPOS="388" VPOS="1396" WIDTH="6"/>
						<String ID="P46_ST00190" HPOS="394" VPOS="1374" WIDTH="89" HEIGHT="21" CONTENT="tuneful" WC="0.67" CC="0770520"/>
						<SP ID="P46_SP00159" HPOS="483" VPOS="1396" WIDTH="11"/>
						<String ID="P46_ST00191" HPOS="494" VPOS="1380" WIDTH="99" HEIGHT="20" CONTENT="persons," WC="0.71" CC="01060760"/>
						<SP ID="P46_SP00160" HPOS="593" VPOS="1400" WIDTH="13"/>
						<String ID="P46_ST00192" HPOS="606" VPOS="1376" WIDTH="23" HEIGHT="17" CONTENT="to" WC="0.78" CC="03"/>
						<SP ID="P46_SP00161" HPOS="629" VPOS="1400" WIDTH="12"/>
						<String ID="P46_ST00193" HPOS="641" VPOS="1380" WIDTH="36" HEIGHT="20" CONTENT="my" WC="1.00" CC="00"/>
						<SP ID="P46_SP00162" HPOS="677" VPOS="1400" WIDTH="13"/>
						<String ID="P46_ST00194" HPOS="690" VPOS="1379" WIDTH="40" HEIGHT="21" CONTENT="eye" WC="0.91" CC="200"/>
					</TextLine>
				</TextBlock>
				<TextBlock ID="P46_TB00017" HPOS="296" VPOS="1409" WIDTH="577" HEIGHT="30" STYLEREFS="TXT_1 PAR_CENTER">
					<TextLine ID="P46_TL00031" HPOS="296" VPOS="1409" WIDTH="577" HEIGHT="30">
						<String ID="P46_ST00195" HPOS="296" VPOS="1411" WIDTH="57" HEIGHT="21" CONTENT="Like" WC="0.76" CC="5300"/>
						<SP ID="P46_SP00163" HPOS="353" VPOS="1432" WIDTH="13"/>
						<String ID="P46_ST00196" HPOS="366" VPOS="1412" WIDTH="75" HEIGHT="27" CONTENT='"four' WC="0.71" CC="40900"/>
						<SP ID="P46_SP00164" HPOS="441" VPOS="1439" WIDTH="11"/>
						<String ID="P46_ST00197" HPOS="452" VPOS="1411" WIDTH="48" HEIGHT="20" CONTENT="and" WC="0.43" CC="907"/>
						<SP ID="P46_SP00165" HPOS="500" VPOS="1439" WIDTH="8"/>
						<String ID="P46_ST00198" HPOS="508" VPOS="1414" WIDTH="81" HEIGHT="24" CONTENT="twenty" WC="0.92" CC="400000"/>
						<SP ID="P46_SP00166" HPOS="589" VPOS="1439" WIDTH="12"/>
						<String ID="P46_ST00199" HPOS="601" VPOS="1410" WIDTH="143" HEIGHT="21" CONTENT="black-birds" WC="0.61" CC="90912050806"/>
						<SP ID="P46_SP00167" HPOS="744" VPOS="1439" WIDTH="9"/>
						<String ID="P46_ST00200" HPOS="753" VPOS="1410" WIDTH="22" HEIGHT="20" CONTENT="in" WC="0.60" CC="52"/>
						<SP ID="P46_SP00168" HPOS="775" VPOS="1439" WIDTH="13"/>
						<String ID="P46_ST00201" HPOS="788" VPOS="1409" WIDTH="85" HEIGHT="28" CONTENT='apye."' WC="0.58" CC="099004"/>
					</TextLine>
				</TextBlock>
				<TextBlock ID="P46_TB00018" HPOS="266" VPOS="1468" WIDTH="598" HEIGHT="66" STYLEREFS="TXT_1 PAR_LEFT">
					<TextLine ID="P46_TL00032" HPOS="267" VPOS="1469" WIDTH="597" HEIGHT="29">
						<String ID="P46_ST00202" HPOS="267" VPOS="1474" WIDTH="12" HEIGHT="9" CONTENT='"' WC="0.61" CC="3"/>
						<SP ID="P46_SP00169" HPOS="279" VPOS="1483" WIDTH="12"/>
						<String ID="P46_ST00203" HPOS="291" VPOS="1470" WIDTH="82" HEIGHT="22" CONTENT="Which" WC="0.79" CC="04042"/>
						<SP ID="P46_SP00170" HPOS="373" VPOS="1492" WIDTH="11"/>
						<String ID="P46_ST00204" HPOS="384" VPOS="1477" WIDTH="43" HEIGHT="21" CONTENT="pye" WC="0.65" CC="801"/>
						<SP ID="P46_SP00171" HPOS="427" VPOS="1498" WIDTH="12"/>
						<String ID="P46_ST00205" HPOS="439" VPOS="1469" WIDTH="67" HEIGHT="28" CONTENT="being" WC="0.65" CC="73230"/>
						<SP ID="P46_SP00172" HPOS="506" VPOS="1498" WIDTH="11"/>
						<String ID="P46_ST00206" HPOS="517" VPOS="1469" WIDTH="88" HEIGHT="28" CONTENT="open'd," WC="0.77" CC="2007600"/>
						<SP ID="P46_SP00173" HPOS="605" VPOS="1498" WIDTH="13"/>
						<String ID="P46_ST00207" HPOS="618" VPOS="1469" WIDTH="53" HEIGHT="28" CONTENT="they" WC="1.00" CC="0000"/>
						<SP ID="P46_SP00174" HPOS="671" VPOS="1498" WIDTH="13"/>
						<String ID="P46_ST00208" HPOS="684" VPOS="1469" WIDTH="72" HEIGHT="28" CONTENT="began" WC="0.77" CC="10026"/>
						<SP ID="P46_SP00175" HPOS="756" VPOS="1498" WIDTH="11"/>
						<String ID="P46_ST00209" HPOS="767" VPOS="1473" WIDTH="25" HEIGHT="17" CONTENT="to" WC="1.00" CC="00"/>
						<SP ID="P46_SP00176" HPOS="792" VPOS="1498" WIDTH="11"/>
						<String ID="P46_ST00210" HPOS="803" VPOS="1469" WIDTH="61" HEIGHT="28" CONTENT='sing"' WC="0.55" CC="67503"/>
					</TextLine>
					<TextLine ID="P46_TL00033" HPOS="295" VPOS="1505" WIDTH="539" HEIGHT="29">
						<String ID="P46_ST00211" HPOS="295" VPOS="1506" WIDTH="69" HEIGHT="28" CONTENT="(This" WC="0.88" CC="00050"/>
						<SP ID="P46_SP00177" HPOS="364" VPOS="1534" WIDTH="11"/>
						<String ID="P46_ST00212" HPOS="375" VPOS="1506" WIDTH="38" HEIGHT="21" CONTENT="old" WC="0.82" CC="500"/>
						<SP ID="P46_SP00178" HPOS="413" VPOS="1534" WIDTH="11"/>
						<String ID="P46_ST00213" HPOS="424" VPOS="1513" WIDTH="55" HEIGHT="21" CONTENT="song" WC="0.42" CC="5079"/>
						<SP ID="P46_SP00179" HPOS="479" VPOS="1534" WIDTH="11"/>
						<String ID="P46_ST00214" HPOS="490" VPOS="1506" WIDTH="43" HEIGHT="20" CONTENT="and" WC="0.60" CC="740"/>
						<SP ID="P46_SP00180" HPOS="533" VPOS="1534" WIDTH="12"/>
						<String ID="P46_ST00215" HPOS="545" VPOS="1513" WIDTH="48" HEIGHT="13" CONTENT="new" WC="0.77" CC="600"/>
						<SP ID="P46_SP00181" HPOS="593" VPOS="1534" WIDTH="12"/>
						<String ID="P46_ST00216" HPOS="605" VPOS="1505" WIDTH="71" HEIGHT="21" CONTENT="simile" WC="0.69" CC="520540"/>
						<SP ID="P46_SP00182" HPOS="676" VPOS="1534" WIDTH="11"/>
						<String ID="P46_ST00217" HPOS="687" VPOS="1505" WIDTH="66" HEIGHT="21" CONTENT="holds" WC="0.73" CC="70103"/>
						<SP ID="P46_SP00183" HPOS="753" VPOS="1534" WIDTH="10"/>
						<String ID="P46_ST00218" HPOS="763" VPOS="1505" WIDTH="71" HEIGHT="28" CONTENT="good)" WC="0.81" CC="02403"/>
					</TextLine>
				</TextBlock>
				<TextBlock ID="P46_TB00019" HPOS="265" VPOS="1542" WIDTH="574" HEIGHT="65" STYLEREFS="TXT_1 PAR_LEFT">
					<TextLine ID="P46_TL00034" HPOS="265" VPOS="1542" WIDTH="502" HEIGHT="31">
						<String ID="P46_ST00219" HPOS="265" VPOS="1546" WIDTH="13" HEIGHT="11" CONTENT='"' WC="0.46" CC="5"/>
						<SP ID="P46_SP00184" HPOS="278" VPOS="1557" WIDTH="13"/>
						<String ID="P46_ST00220" HPOS="291" VPOS="1546" WIDTH="21" HEIGHT="20" CONTENT="A" WC="1.00" CC="0"/>
						<SP ID="P46_SP00185" HPOS="312" VPOS="1566" WIDTH="13"/>
						<String ID="P46_ST00221" HPOS="325" VPOS="1545" WIDTH="77" HEIGHT="28" CONTENT="dainty" WC="0.67" CC="052740"/>
						<SP ID="P46_SP00186" HPOS="402" VPOS="1573" WIDTH="12"/>
						<String ID="P46_ST00222" HPOS="414" VPOS="1543" WIDTH="49" HEIGHT="22" CONTENT="dish" WC="0.51" CC="0567"/>
						<SP ID="P46_SP00187" HPOS="463" VPOS="1573" WIDTH="13"/>
						<String ID="P46_ST00223" HPOS="476" VPOS="1548" WIDTH="23" HEIGHT="17" CONTENT="to" WC="1.00" CC="00"/>
						<SP ID="P46_SP00188" HPOS="499" VPOS="1573" WIDTH="12"/>
						<String ID="P46_ST00224" HPOS="511" VPOS="1547" WIDTH="34" HEIGHT="17" CONTENT="set" WC="0.65" CC="640"/>
						<SP ID="P46_SP00189" HPOS="545" VPOS="1573" WIDTH="11"/>
						<String ID="P46_ST00225" HPOS="556" VPOS="1543" WIDTH="76" HEIGHT="21" CONTENT="before" WC="0.88" CC="000230"/>
						<SP ID="P46_SP00190" HPOS="632" VPOS="1573" WIDTH="12"/>
						<String ID="P46_ST00226" HPOS="644" VPOS="1543" WIDTH="39" HEIGHT="21" CONTENT="the" WC="0.79" CC="060"/>
						<SP ID="P46_SP00191" HPOS="683" VPOS="1573" WIDTH="9"/>
						<String ID="P46_ST00227" HPOS="692" VPOS="1542" WIDTH="75" HEIGHT="29" CONTENT='king,"' WC="0.66" CC="847000"/>
					</TextLine>
					<TextLine ID="P46_TL00035" HPOS="297" VPOS="1579" WIDTH="542" HEIGHT="28">
						<String ID="P46_ST00228" HPOS="297" VPOS="1580" WIDTH="33" HEIGHT="22" CONTENT="Or" WC="0.76" CC="04"/>
						<SP ID="P46_SP00192" HPOS="330" VPOS="1602" WIDTH="9"/>
						<String ID="P46_ST00229" HPOS="339" VPOS="1580" WIDTH="95" HEIGHT="27" CONTENT="Regent," WC="0.76" CC="7000601"/>
						<SP ID="P46_SP00193" HPOS="434" VPOS="1607" WIDTH="12"/>
						<String ID="P46_ST00230" HPOS="446" VPOS="1579" WIDTH="49" HEIGHT="22" CONTENT="who" WC="0.74" CC="052"/>
						<SP ID="P46_SP00194" HPOS="495" VPOS="1607" WIDTH="12"/>
						<String ID="P46_ST00231" HPOS="507" VPOS="1579" WIDTH="95" HEIGHT="22" CONTENT="admires" WC="0.45" CC="9094607"/>
						<SP ID="P46_SP00195" HPOS="602" VPOS="1607" WIDTH="13"/>
						<String ID="P46_ST00232" HPOS="615" VPOS="1579" WIDTH="55" HEIGHT="22" CONTENT="such" WC="0.45" CC="6256"/>
						<SP ID="P46_SP00196" HPOS="670" VPOS="1607" WIDTH="11"/>
						<String ID="P46_ST00233" HPOS="681" VPOS="1579" WIDTH="55" HEIGHT="22" CONTENT="kind" WC="0.80" CC="0430"/>
						<SP ID="P46_SP00197" HPOS="736" VPOS="1607" WIDTH="12"/>
						<String ID="P46_ST00234" HPOS="748" VPOS="1579" WIDTH="26" HEIGHT="22" CONTENT="of" WC="0.70" CC="60"/>
						<SP ID="P46_SP00198" HPOS="774" VPOS="1607" WIDTH="6"/>
						<String ID="P46_ST00235" HPOS="780" VPOS="1579" WIDTH="59" HEIGHT="22" CONTENT="food." WC="0.76" CC="05303"/>
					</TextLine>
				</TextBlock>
				<TextBlock ID="P46_TB00020" HPOS="791" VPOS="1617" WIDTH="165" HEIGHT="28" STYLEREFS="TXT_1 PAR_RIGHT">
					<TextLine ID="P46_TL00036" HPOS="792" VPOS="1618" WIDTH="164" HEIGHT="27">
						<String ID="P46_ST00236" HPOS="792" VPOS="1618" WIDTH="66" HEIGHT="22" CONTENT="Lord" WC="0.82" CC="0700"/>
						<SP ID="P46_SP00199" HPOS="858" VPOS="1640" WIDTH="11"/>
						<String ID="P46_ST00237" HPOS="869" VPOS="1618" WIDTH="87" HEIGHT="27" CONTENT="Byron." WC="0.49" CC="495090"/>
					</TextLine>
				</TextBlock>
				<TextBlock ID="P46_TB00021" HPOS="144" VPOS="1671" WIDTH="843" HEIGHT="79" STYLEREFS="TXT_1 PAR_LEFT">
					<TextLine ID="P46_TL00037" HPOS="181" VPOS="1671" WIDTH="805" HEIGHT="32">
						<String ID="P46_ST00238" HPOS="181" VPOS="1673" WIDTH="66" HEIGHT="22" CONTENT="Cock" WC="0.79" CC="3400"/>
						<SP ID="P46_SP00200" HPOS="247" VPOS="1695" WIDTH="14"/>
						<String ID="P46_ST00239" HPOS="261" VPOS="1671" WIDTH="78" HEIGHT="23" CONTENT="Robin" WC="0.85" CC="00016"/>
						<SP ID="P46_SP00201" HPOS="339" VPOS="1695" WIDTH="19"/>
						<String ID="P46_ST00240" HPOS="358" VPOS="1671" WIDTH="43" HEIGHT="23" CONTENT="has" WC="0.47" CC="726"/>
						<SP ID="P46_SP00202" HPOS="401" VPOS="1695" WIDTH="13"/>
						<String ID="P46_ST00241" HPOS="414" VPOS="1671" WIDTH="62" HEIGHT="24" CONTENT="been" WC="0.86" CC="0500"/>
						<SP ID="P46_SP00203" HPOS="476" VPOS="1695" WIDTH="13"/>
						<String ID="P46_ST00242" HPOS="489" VPOS="1672" WIDTH="89" HEIGHT="29" CONTENT="quoted" WC="0.80" CC="050006"/>
						<SP ID="P46_SP00204" HPOS="578" VPOS="1701" WIDTH="13"/>
						<String ID="P46_ST00243" HPOS="591" VPOS="1672" WIDTH="36" HEIGHT="23" CONTENT="for" WC="0.86" CC="004"/>
						<SP ID="P46_SP00205" HPOS="627" VPOS="1701" WIDTH="13"/>
						<String ID="P46_ST00244" HPOS="640" VPOS="1673" WIDTH="102" HEIGHT="22" CONTENT="another" WC="0.74" CC="0630403"/>
						<SP ID="P46_SP00206" HPOS="742" VPOS="1701" WIDTH="23"/>
						<String ID="P46_ST00245" HPOS="765" VPOS="1680" WIDTH="112" HEIGHT="23" CONTENT="purpose," WC="0.79" CC="05200602"/>
						<SP ID="P46_SP00207" HPOS="877" VPOS="1703" WIDTH="25"/>
						<String ID="P46_ST00246" HPOS="902" VPOS="1673" WIDTH="47" HEIGHT="22" CONTENT="and" WC="0.78" CC="060"/>
						<SP ID="P46_SP00208" HPOS="949" VPOS="1703" WIDTH="13"/>
						<String ID="P46_ST00247" HPOS="962" VPOS="1673" WIDTH="24" HEIGHT="26" CONTENT="if," WC="0.81" CC="050"/>
					</TextLine>
					<TextLine ID="P46_TL00038" HPOS="145" VPOS="1719" WIDTH="842" HEIGHT="31">
						<String ID="P46_ST00248" HPOS="145" VPOS="1722" WIDTH="25" HEIGHT="22" CONTENT="in" WC="0.49" CC="36"/>
						<SP ID="P46_SP00209" HPOS="170" VPOS="1744" WIDTH="12"/>
						<String ID="P46_ST00249" HPOS="182" VPOS="1721" WIDTH="56" HEIGHT="25" CONTENT="fact," WC="0.89" CC="40000"/>
						<SP ID="P46_SP00210" HPOS="238" VPOS="1746" WIDTH="24"/>
						<String ID="P46_ST00250" HPOS="262" VPOS="1720" WIDTH="40" HEIGHT="23" CONTENT="the" WC="0.75" CC="070"/>
						<SP ID="P46_SP00211" HPOS="302" VPOS="1746" WIDTH="21"/>
						<String ID="P46_ST00251" HPOS="323" VPOS="1719" WIDTH="98" HEIGHT="31" CONTENT="Lullaby" WC="0.51" CC="0770269"/>
						<SP ID="P46_SP00212" HPOS="421" VPOS="1750" WIDTH="20"/>
						<String ID="P46_ST00252" HPOS="441" VPOS="1720" WIDTH="31" HEIGHT="24" CONTENT="be" WC="0.58" CC="80"/>
						<SP ID="P46_SP00213" HPOS="472" VPOS="1750" WIDTH="20"/>
						<String ID="P46_ST00253" HPOS="492" VPOS="1728" WIDTH="13" HEIGHT="16" CONTENT="a" WC="0.20" CC="7"/>
						<SP ID="P46_SP00214" HPOS="505" VPOS="1750" WIDTH="21"/>
						<String ID="P46_ST00254" HPOS="526" VPOS="1720" WIDTH="181" HEIGHT="30" CONTENT="Nightingale's" WC="0.66" CC="0087244006037"/>
						<SP ID="P46_SP00215" HPOS="707" VPOS="1750" WIDTH="12"/>
						<String ID="P46_ST00255" HPOS="719" VPOS="1724" WIDTH="65" HEIGHT="23" CONTENT="note," WC="0.61" CC="66402"/>
						<SP ID="P46_SP00216" HPOS="784" VPOS="1750" WIDTH="20"/>
						<String ID="P46_ST00256" HPOS="804" VPOS="1722" WIDTH="37" HEIGHT="22" CONTENT="for" WC="0.91" CC="002"/>
						<SP ID="P46_SP00217" HPOS="841" VPOS="1750" WIDTH="19"/>
						<String ID="P46_ST00257" HPOS="860" VPOS="1722" WIDTH="79" HEIGHT="23" CONTENT="which" WC="0.68" CC="05307"/>
						<SP ID="P46_SP00218" HPOS="939" VPOS="1750" WIDTH="19"/>
						<String ID="P46_ST00258" HPOS="958" VPOS="1729" WIDTH="29" HEIGHT="15" CONTENT="an" WC="0.67" CC="06"/>
					</TextLine>
				</TextBlock>
			</PrintSpace>
		</Page>
	</Layout>
</alto>
