1120 1962
897 134 30 21 23

382 137 121 15 POETICAL
522 137 103 15 AVIARY.

114 207 28 23 In
156 207 39 23 old
207 208 67 31 plays
287 208 19 23 it
318 217 49 15 was
376 217 57 23 very
447 217 113 15 common
572 213 25 19 to
609 210 55 31 give
676 218 82 15 names
770 213 26 21 to
809 211 41 24 the
863 212 64 23 Dra-

80 255 69 23 matis
162 255 109 24 Persona
283 257 129 23 indicative
429 258 27 22 of
463 258 63 23 their
537 259 146 25 characters.
721 261 160 31 Shakspeare,
891 263 35 22 in-

80 303 68 27 deed,
161 304 58 23 took
229 304 37 23 his
278 305 71 30 plots,
360 309 86 26 except
455 306 23 22 in
486 306 38 22 his
537 306 122 23 historical
670 307 46 23 and
731 315 12 15 a
756 308 45 23 few
811 308 116 24 domestic

79 353 75 31 plays,
165 355 62 22 from
241 355 86 23 Italian
340 356 92 23 novels.
452 356 136 23 Beaumont
601 357 48 23 and
659 357 111 24 Fletcher
783 359 60 23 took
852 359 75 23 theirs

78 405 62 23 from
153 406 66 30 Lope
234 406 28 22 de
276 406 70 31 Vega
360 406 47 22 and
419 406 42 22 the
475 406 104 30 Spanish
592 406 83 22 school
687 406 27 23 of
725 406 117 32 Intrigue.
879 407 48 23 But

79 457 51 24 Ben
142 457 93 24 Jonson
252 457 93 24 framed
358 457 64 31 plots
435 456 104 28 himself,
549 456 59 23 with
621 464 14 15 a
647 456 60 23 view
721 459 25 19 to
759 456 113 30 develope
885 456 42 23 the

77 506 102 23 humour
192 506 27 22 of
234 506 37 23 his
284 506 145 26 characters,
444 513 29 15 an
486 509 37 19 art
536 506 24 22 in
574 506 78 22 which
664 506 30 22 he
715 506 155 30 particularly
883 514 42 14 ex-

77 555 83 23 celled.
196 555 66 23 Thus
274 555 25 23 in
312 555 37 23 his
395 553 75 25 Silent
635 560 36 15 we
693 552 61 23 have
776 560 13 15 a
802 552 124 23 character

78 606 26 23 of
119 606 138 23 contrasted
268 605 104 23 humour
384 605 24 22 in
424 604 39 23 Sir
475 604 65 23 John
552 604 69 23 Daw.
659 603 28 23 In
706 603 37 23 his
759 603 166 30 masterpiece,

77 653 42 23 the
130 653 58 26 Fox,
202 660 35 16 we
250 653 61 23 have
323 652 119 30 Volpone,
456 653 63 25 who,
533 653 32 29 by
574 653 146 30 pretending
737 655 26 20 to
782 653 30 22 be
832 660 31 15 on
884 653 41 22 the

77 700 68 31 point
157 700 27 22 of
201 699 80 27 death,
304 699 109 23 deceives
426 703 48 19 two
487 699 200 31 legacy-hunters
699 700 96 22 Corvino
809 700 46 22 and
871 700 54 22 Vol-

76 750 56 21 tore.
152 748 29 23 In
194 748 37 23 his
244 748 55 30 play
312 748 27 22 of
377 747 51 23 The
441 746 70 23 Devil
522 746 20 23 is
555 754 31 14 an
674 754 36 15 we
719 746 61 23 have
792 754 14 15 a
818 746 109 23 Dotterel

75 796 74 23 taken
174 796 24 22 in
218 796 33 30 by
273 804 14 14 a
308 796 132 30 Projector,
466 794 56 23 who
550 794 85 31 brings
660 794 50 22 him
732 802 13 14 a
760 794 49 30 bag
828 794 27 22 of
870 802 55 22 pro-

73 843 62 29 jects
143 850 58 22 very
214 843 89 22 similar
316 846 25 19 to
354 843 69 22 those
435 842 59 23 with
505 842 79 23 which
598 842 52 30 silly
660 849 27 16 or
700 842 130 30 unfledged
841 850 84 22 specu-

75 881 73 29 lators
167 888 26 22 of
207 888 41 23 the
267 892 98 27 present
378 888 46 32 day
438 897 40 15 are
491 892 104 28 entrapt.
633 890 99 30 Among
746 890 60 23 later
821 891 103 26 writers,

75 938 24 22 in
123 938 131 31 Fielding's
307 938 92 31 Joseph
589 948 36 15 we
649 940 61 23 have
733 939 38 24 Sir
791 940 65 23 John
878 941 47 23 and

76 986 67 30 Lady
155 986 85 30 Booby.

108 1035 23 23 It
154 1035 20 23 is
195 1035 95 23 curious
314 1038 25 20 to
360 1036 79 23 notice
464 1036 53 23 that
540 1038 64 21 most
625 1036 27 23 of
674 1036 40 23 the
741 1035 137 23 characters
901 1036 27 22 of

75 1083 87 23 middle
175 1083 40 23 life
227 1083 144 23 introduced
389 1084 51 22 into
459 1083 42 23 the
545 1083 151 30 Canterbury
815 1083 47 22 had
877 1083 46 23 dis-

77 1135 117 29 appeared
206 1134 82 23 before
301 1133 42 23 the
355 1133 58 23 time
426 1132 27 23 of
461 1131 159 31 Shakspeare.
652 1130 47 26 He,
713 1130 120 26 however,
845 1133 78 19 trans-

75 1180 47 23 fers
132 1181 40 22 the
209 1180 74 23 welks
296 1180 47 23 and
457 1180 63 23 from
528 1180 41 23 the
580 1179 159 31 Sompnour's

73 1225 52 23 face
136 1229 25 20 to
174 1226 53 23 that
241 1226 26 23 of
277 1227 41 23 the
606 1228 131 29 Bardolph.
776 1228 45 22 His

73 1275 27 22 of
110 1274 41 23 the
282 1274 21 23 is
315 1283 58 22 very
385 1274 71 23 much
467 1274 41 22 the
521 1282 65 14 same
600 1274 124 23 character
734 1282 25 15 as
771 1274 41 23 the
824 1274 64 23 Host
901 1275 23 22 in

74 1324 118 23 Chaucer.
213 1323 173 31 Shakspeare's
398 1332 53 14 new
460 1324 137 22 characters
608 1323 26 23 of
640 1324 124 23 Domestic
771 1324 52 23 Life
833 1333 40 15 are
883 1325 41 23 the

73 1373 124 31 Euphuist,
216 1373 41 22 the
263 1372 94 30 justice,
371 1372 42 23 the
431 1372 114 22 constable
563 1372 47 22 and
629 1375 101 28 country
752 1376 112 19 servants.
901 1372 23 24 It

72 1422 19 22 is
104 1421 156 26 remarkable,
280 1421 52 23 that
345 1421 31 23 he
387 1421 43 22 has
442 1423 43 19 not
498 1423 43 27 got
554 1419 41 23 the
608 1419 132 31 Projector,
760 1419 41 23 the
815 1419 108 26 Puritan,

72 1479 27 15 or
111 1471 41 23 the
166 1471 155 24 Pawlesman,
333 1477 26 15 so
374 1468 77 24 called
461 1468 63 23 from
537 1467 156 31 frequenting
709 1467 42 22 the
764 1466 89 22 middle
867 1466 56 23 aisle

72 1519 26 23 of
110 1519 36 23 St.
161 1519 78 23 Paul's
249 1518 140 23 Cathedral.
410 1517 29 23 In
452 1516 41 24 the
501 1524 57 24 year
571 1516 64 22 1569
647 1523 49 15 was
706 1515 128 30 published
844 1523 13 15 a
869 1515 55 29 play

71 1567 74 24 called
193 1568 41 23 the
247 1568 53 22 four
313 1567 58 26 P's.,
384 1566 23 23 A
420 1566 101 26 Palmer,
537 1565 126 25 Pardoner,
676 1564 94 25 Pedler,
784 1562 149 31 Poticary."'-

206 1616 29 22 In
247 1616 42 22 the
297 1615 70 23 times
377 1615 27 23 of
409 1614 115 29 chivalry,
536 1613 66 22 birds
614 1619 62 15 were
686 1610 67 23 often
763 1610 111 22 assumed
887 1610 37 22 for

70 1665 41 22 the
120 1667 74 20 crests
206 1664 26 23 of
240 1662 108 32 knights,
359 1671 26 15 as
393 1661 134 30 indicating
536 1660 94 22 various
639 1659 71 23 noble
722 1658 117 30 qualities.
857 1657 67 23 Thus
