1120 1962
160 169 28 21 14

461 176 119 13 POETICAL
600 174 101 15 AVIARY.

158 252 90 23 hawks.
284 252 77 22 There
374 259 61 15 were
453 251 25 22 in
496 251 49 23 fact
557 251 82 23 fifteen
658 249 71 23 kinds
752 248 26 22 of
795 247 92 23 Hawks
899 247 60 23 used
982 247 24 23 in

159 299 94 23 ancient
270 298 125 30 Falconry,
420 298 46 22 and
487 298 168 30 appropriated
678 301 25 18 to
728 296 112 23 different
864 294 73 23 ranks
959 294 47 23 and

159 346 158 30 descriptions
343 346 26 22 of
391 354 108 22 persons.
536 348 50 22 The
609 348 91 22 Hawks
713 348 59 22 used
795 347 32 30 by
848 346 74 23 ladies
944 353 62 16 were

159 395 75 23 called
247 394 132 31 Marlyans.
404 395 50 23 The
468 396 76 29 Royal
555 396 97 26 Hawks,
667 397 61 22 from
740 397 42 22 the
795 397 58 22 time
866 396 27 22 of
903 396 103 23 Richard

159 440 33 24 II.
215 448 61 15 were
298 441 58 30 kept
376 445 24 18 at
423 441 107 32 Charing
547 443 81 27 Cross,
655 445 113 31 formerly
787 447 25 22 in
825 446 42 23 the
880 446 88 31 village
981 446 25 23 of

160 491 115 30 Charing,
287 491 24 22 in
324 499 13 14 a
350 491 66 31 place
430 491 86 26 which,
530 491 62 23 from
603 492 31 23 its
647 501 50 18 use,
711 501 49 14 was
774 493 77 23 called
864 493 41 23 the
918 493 86 26 Mews,

159 546 14 14 a
196 546 69 14 name
288 538 42 23 the
353 538 68 30 place
441 537 109 23 retained
568 538 36 22 till
630 539 83 22 within
739 539 40 23 the
801 539 46 23 last
869 539 45 23 few
926 546 77 17 years.

160 587 39 23 Sir
218 588 105 23 Thomas
347 587 80 26 More,
446 587 80 23 better
544 587 89 22 known
654 587 37 22 for
704 587 69 23 other
784 587 83 31 things
888 586 59 23 than
968 586 37 23 his

159 639 93 27 poetry,
266 635 62 22 after
341 635 151 30 mentioning
504 635 25 22 in
542 643 68 14 some
623 643 80 14 verses
716 635 41 22 the
771 638 79 27 sports
864 634 25 23 of
900 634 104 26 infancy,

159 684 24 23 in
196 685 77 22 which
286 684 195 30 cock-throwing
493 685 19 22 is
524 693 13 14 a
550 685 139 29 prominent
701 684 117 30 example,
832 684 115 30 proceeds
952 697 31 4 —

281 743 115 21 Man-hod
407 743 11 21 I
431 751 43 18 am,
488 743 111 22 therefore
609 743 11 21 I
628 751 36 13 me
676 743 93 29 delyght

280 782 35 21 To
326 782 57 21 hunt
395 782 45 20 and
451 781 87 26 hawke,
551 785 23 17 to
587 781 105 21 nourishe
704 789 30 20 up
746 781 44 20 and
801 780 51 21 fede

281 820 50 22 The
343 820 132 29 greyhound
488 825 20 16 to
520 819 39 21 the
571 827 85 18 course,
669 818 39 22 the
720 818 79 21 hawke
810 822 24 17 to
846 817 31 22 th'
889 817 70 29 flight,

280 859 53 20 And
345 862 23 17 to
380 858 106 27 bestryde
498 866 13 13 a
522 858 59 27 good
593 858 45 21 and
649 858 61 27 lusty
722 858 84 21 steede.

195 917 122 31 Hawking
339 917 32 31 by
392 917 41 23 the
454 917 90 31 Clergy
556 917 20 22 is
601 917 96 23 noticed
708 918 23 21 in
752 917 109 23 Chaucer
873 918 48 23 and
938 918 67 23 other

159 966 92 22 writers
259 976 5 17 ;
280 966 45 22 and
336 966 17 22 it
363 974 99 22 appears
472 966 62 22 from
548 966 123 31 Barclay's
712 966 59 31 Ship
784 966 27 23 of
934 968 71 26 1508,

159 1013 53 23 that
225 1013 90 23 Hawks
327 1021 62 16 were
402 1014 138 23 sometimes
552 1015 107 28 brought
671 1018 25 20 to
710 1015 98 22 church.

280 1076 51 22 Into
343 1076 38 22 the
393 1076 84 22 church
489 1076 54 22 then
552 1084 75 14 comes
639 1076 94 22 another
744 1081 67 22 sotte,

279 1116 133 21 Withouten
424 1116 112 26 devotion,
545 1115 84 29 jetting
638 1123 30 20 up
680 1116 44 21 and
740 1115 71 26 down,

280 1154 33 22 Or
324 1158 24 18 to
359 1154 28 21 be
399 1160 74 20 seene,
485 1154 44 20 and
541 1153 74 21 showe
626 1152 35 21 his
673 1152 84 28 garded
768 1155 58 18 cote.

280 1191 103 21 Another
394 1198 29 14 on
433 1190 101 25 hisfiste
545 1198 15 13 a
573 1187 145 28 Sparhawke
730 1195 26 14 or
768 1188 92 21 Fulcon.

192 1248 51 23 The
258 1248 90 22 Hawks
360 1247 59 23 used
431 1247 25 22 in
468 1246 118 29 Falconry
598 1245 48 22 had
656 1245 135 30 commonly
802 1253 13 15 a
827 1245 69 23 small
908 1246 97 23 musical

159 1298 48 23 bell
227 1296 114 24 attached
358 1298 26 20 to
403 1294 59 24 each
480 1294 53 22 foot
541 1303 5 16 ;
567 1300 45 15 one
623 1299 14 15 a
646 1291 118 23 semitone
777 1291 77 23 below
866 1291 41 23 the
921 1291 70 23 other
999 1300 5 17 ;

159 1348 70 22 those
242 1347 68 22 made
330 1349 24 20 at
374 1345 76 23 Milan
470 1344 59 23 with
540 1351 14 14 a
563 1341 160 32 composition
743 1341 26 23 of
780 1341 69 24 sdver
861 1349 62 15 were
944 1345 61 19 most

159 1397 81 30 prized
242 1411 32 3 —
276 1397 150 28 Shakspeare
438 1393 90 24 alludes
540 1396 26 19 to
579 1392 66 22 them
647 1403 33 4 —

280 1452 57 21 How
349 1452 69 20 silver
430 1453 67 18 sweet
507 1449 72 21 sound
590 1448 81 21 lover's
682 1452 95 22 tongues
789 1448 29 26 by
830 1447 70 27 night.

192 1509 78 23 There
283 1516 47 15 was
343 1516 15 15 a
369 1507 127 23 difference
511 1507 25 22 of
553 1507 107 29 opinion,
680 1507 119 25 however,
813 1514 31 15 on
857 1507 42 22 the
914 1507 90 29 subject

159 1557 27 22 of
197 1557 39 23 the
251 1557 77 22 Milan
341 1556 69 23 bells.
446 1556 66 23 Thus
527 1555 125 29 Heywood
654 1568 32 3 —

280 1611 47 21 Her
338 1611 54 25 bels,
404 1610 34 22 Sir
450 1610 99 26 Francis,
561 1610 44 21 had
617 1614 39 17 not
669 1611 55 21 both
736 1618 42 14 one
791 1611 83 29 weight

280 1647 47 21 Nor
338 1655 44 13 was
394 1655 41 13 one
448 1646 109 22 semitone
568 1647 70 20 above
647 1646 38 22 the
694 1647 72 26 other,

280 1686 48 21 Mei
340 1686 75 21 thinks
427 1686 64 20 these
508 1685 77 21 Milan
596 1685 46 21 bels
654 1685 29 21 do
695 1685 73 21 sound
779 1689 38 17 too
828 1684 46 26 full,

279 1722 52 20 And
343 1722 71 27 spoile
426 1722 38 21 the
476 1722 118 27 mounting
603 1722 26 21 of
635 1729 56 20 your
701 1722 93 22 Hawke.
