1120 1962
138 179 45 21 100

441 186 120 14 POETICAL
582 186 103 14 AVIARY.

171 264 26 22 In
217 264 41 23 the
272 267 96 28 present
382 264 45 31 day
440 265 157 23 alliterations
620 273 39 15 are
672 264 58 23 used
742 267 26 20 to
787 264 55 32 give
865 264 69 24 effect
953 269 25 19 to

136 312 113 23 choruses
261 321 4 17 ;
287 319 24 16 as
333 312 25 22 in
369 312 41 23 the
423 312 87 23 chorus
521 317 27 18 to
570 313 41 22 the
633 312 85 23 Tartar
738 311 69 32 Song
826 313 25 22 in
899 313 78 22 Lodo-

206 372 31 3 —

259 424 84 21 Worlds
355 424 26 21 of
388 424 82 22 wealth
482 424 44 22 and
538 425 81 21 worlds
631 424 27 22 of
665 425 67 21 ifives

256 463 45 21 Are
312 462 39 22 the
361 462 69 28 hardy
443 462 101 23 Tartar's
556 463 68 27 prize.

168 518 55 23 And
236 517 41 23 the
289 517 87 23 chorus
397 520 25 19 to
434 516 42 23 the
489 524 61 22 song
563 517 26 22 of
601 524 93 16 women
707 517 24 22 in
753 517 40 22 the
814 516 55 31 play
891 516 26 23 of
937 516 40 24 the

269 578 33 5 —

254 634 42 22 Let
308 634 62 22 them
381 641 39 21 say
432 634 113 22 whatever
557 634 54 27 they
624 631 55 27 will,

259 671 99 24 Women,
376 672 103 23 Women,
491 672 47 20 rule
551 671 62 21 them
626 672 52 21 still.

169 739 103 29 Ophelia
295 738 70 22 when
387 736 156 30 distributing
565 736 44 22 her
627 736 103 25 flowers,
757 734 71 23 offers
854 741 120 23 rosemary,

135 788 79 22 ■which
237 787 41 23 she
299 794 53 22 says
371 785 21 23 is
412 785 37 23 for
461 784 164 23 remembrance
637 794 7 16 ;
663 783 48 23 this
724 783 58 23 kind
801 783 26 22 of
837 783 137 22 alliterative

136 844 69 15 sense
218 836 27 23 of
262 836 94 22 flowers
375 834 19 23 is
407 833 59 23 used
483 834 32 30 by
537 833 70 22 other
629 832 38 23 old
687 832 103 27 writers,
814 839 26 15 as
859 830 115 31 marigold

138 882 110 30 signified
261 881 127 30 marriage,
410 881 46 23 and
468 881 41 23 the
521 881 55 23 like.
615 881 27 23 In
653 882 40 22 the
707 881 100 23 modern
819 882 55 30 play
892 881 26 23 of
935 881 39 23 the

165 931 118 23 Farmer's
415 937 34 15 we
474 929 61 23 have
557 937 13 14 a
582 928 117 31 tolerably
720 929 63 30 good
804 928 126 31 burlesque
945 936 29 14 on

135 979 164 24 alliterations,

256 1042 20 22 O
289 1050 58 14 snow
360 1042 55 28 drop
427 1042 26 21 of
460 1041 74 29 purity
544 1042 5 21 !
563 1041 112 29 primrose
686 1041 28 21 of
716 1041 127 28 prettiness
852 1042 4 20 !

255 1080 128 21 il/oss-rose
394 1079 27 21 of
428 1079 102 27 modesty
538 1079 5 21 !
561 1079 127 21 wallflower
699 1080 27 20 of
734 1080 110 21 wittiness
852 1080 4 21 !

285 1115 185 28 -Daftidowndilly
481 1116 26 21 of
515 1116 98 21 damsels
626 1123 23 13 so
661 1115 42 21 fair
715 1115 3 21 !

254 1157 21 23 O
288 1157 56 28 Culip
355 1156 26 21 of
388 1159 57 18 taste
454 1155 4 21 !
476 1154 114 22 carnation
602 1154 26 21 of
635 1153 133 22 comeliness
780 1153 5 21 !

254 1195 62 21 Pink
327 1194 26 21 of
355 1192 128 30 perfection
493 1191 6 22 !
516 1191 45 22 and
572 1191 39 28 lily
624 1190 26 21 of
659 1189 118 22 /oveliness
790 1189 4 21 !

253 1231 88 25 .Listen,
354 1230 21 23 O
387 1229 46 27 list,
445 1237 25 14 or
481 1226 45 29 die,
538 1229 12 21 I
562 1229 96 21 declare.

166 1295 35 23 To
214 1298 81 20 return
307 1297 25 20 to
345 1293 156 31 descriptions
522 1292 26 23 of
559 1292 40 23 the
612 1295 69 19 notes
694 1291 26 22 of
739 1291 41 22 the
793 1291 160 31 Nightingale
968 1301 4 17 ;

135 1354 5 8 =
140 1358 28 4 —
171 1343 157 25 Crawshaw's
341 1342 141 24 translation
495 1341 26 22 of
532 1340 108 24 Strada's
653 1340 139 22 contention
811 1340 108 22 between
932 1340 40 22 the

134 1392 156 31 Lute-player
303 1390 45 23 and
367 1390 42 23 the
424 1390 169 30 Nightingale,
614 1389 109 23 contains
736 1389 91 23 several
841 1392 78 27 pretty
932 1389 40 23 de-

133 1440 128 29 scriptions
273 1440 27 22 of
308 1439 53 23 that
372 1439 74 23 bird's
460 1442 68 20 notes
539 1447 5 18 ;
570 1446 45 16 one
629 1439 27 22 of
666 1439 66 23 them
747 1439 19 22 is
780 1439 41 23 the
836 1439 123 30 following
968 1448 4 14 :

253 1506 66 22 Then
331 1510 67 18 starts
411 1506 38 22 she
464 1507 112 28 suddenly
587 1507 49 22 into
648 1516 13 13 a
672 1508 81 28 throng

253 1544 34 22 Of
294 1544 62 21 short
368 1544 62 20 thick
443 1544 58 25 sobs,
513 1544 74 21 whose
599 1544 137 29 thundering
747 1545 79 21 vollies
838 1545 61 27 float,

254 1580 53 21 And
317 1579 42 21 roll
370 1579 135 21 themselves
517 1587 52 14 over
580 1580 40 21 her
630 1581 72 21 lubric
714 1581 83 26 throat,

253 1618 26 21 In
291 1618 93 28 panting
395 1625 111 14 murmurs
518 1617 76 22 stilled
605 1622 40 17 out
657 1617 26 22 of
690 1617 40 22 her
741 1618 82 26 breast,

251 1654 62 21 That
325 1661 52 14 ever
389 1653 109 29 bubbling
510 1654 83 28 spring,
604 1654 39 21 the
655 1655 102 28 sugared
768 1658 49 18 nest

251 1692 36 21 Of
293 1692 40 20 her
344 1691 109 22 delicious
465 1691 56 26 soul,
533 1691 49 21 that
596 1691 64 22 there
673 1692 54 21 does
738 1691 37 26 lie,

253 1727 97 28 Bathing
361 1727 22 22 in
395 1732 95 17 streams
501 1728 26 21 of
534 1728 72 27 liquid
617 1728 95 27 melody.
