1120 1962
919 168 28 21 13

396 170 122 16 POETICAL
537 172 104 14 AVIARY.

93 246 155 28 dissections)
259 254 5 18 ;
284 245 48 24 and
344 245 41 23 the
394 245 87 31 phrase
490 246 19 23 is
523 246 24 22 in
558 247 135 29 proverbial
706 255 42 15 use
761 251 24 19 at
799 248 41 22 the
851 253 98 26 present

93 294 54 31 day.
183 293 79 23 There
284 293 20 22 is
317 300 14 15 a
352 293 55 30 play
429 293 26 22 of
475 293 133 23 Fletcher's
628 295 75 23 called
724 296 42 23 the
806 296 56 23 wild
874 304 75 22 goose

228 342 23 24 It
263 350 48 15 was
326 342 101 32 missing
438 343 70 23 when
528 344 41 23 the
584 345 159 30 unpublished
755 347 67 30 plays
834 347 26 23 of
871 347 76 23 Beau-

92 397 86 20 mount
191 393 47 24 and
249 393 110 24 Fletcher
372 402 62 15 were
448 394 117 24 collected
576 395 24 23 in
617 397 72 23 1647.
716 397 22 23 It
748 405 48 15 was
809 397 140 23 afterwards

867 427 16 15 f-

92 445 74 24 found
185 445 32 30 by
238 453 13 14 a
274 444 137 25 nobleman,
433 444 47 23 and
493 444 72 31 given
587 447 26 20 to
635 447 49 21 two
697 448 88 23 actors,
800 446 89 23 Lowen
901 446 48 23 and

92 492 96 31 Taylor,
201 492 55 23 who
269 492 47 23 had
330 492 61 23 been
409 493 79 23 fellow
508 494 138 24 comedians
658 496 59 23 with
730 495 159 31 Shakspeare,
901 497 48 23 and
953 504 2 8 '

93 548 62 15 were
176 541 58 22 then
255 541 41 22 old
315 541 49 22 and
384 541 86 31 needy.
506 541 58 23 This
584 551 48 15 was
652 546 25 20 at
698 552 13 14 a
734 544 57 23 time
816 544 70 24 when
907 544 47 25 the'

93 593 83 30 acting
185 593 27 23 of
220 593 68 31 plays
298 601 49 15 was
358 593 138 30 prohibited
505 592 31 31 by
549 593 41 22 the
604 592 97 23 Puritan
712 592 149 31 parliament.
897 594 51 23 The

123 642 56 23 wild
192 650 75 23 goose
388 650 49 15 was
449 642 128 31 published
594 642 31 30 by
646 641 68 24 these
734 645 48 20 two
795 643 153 29 performers,

94 692 60 24 with
165 700 15 16 a
193 693 68 23 short
281 693 43 23 but
336 692 116 30 affecting
472 692 135 23 dedication
620 694 26 21 to
694 692 52 23 The
767 692 110 24 honored
889 693 58 29 few,

93 742 79 24 lovers
185 742 27 23 of
222 742 117 24 dramatic

128 792 37 24 Of
173 793 108 31 fighting
292 793 60 23 with
364 792 66 24 cocks
442 791 47 24 and
502 790 73 31 quails
588 789 107 24 mention
708 789 20 23 is
740 790 69 22 made
830 789 25 23 in
897 789 51 24 An-

93 843 60 28 tony
174 841 47 22 and
432 840 52 23 The
505 843 54 28 part
572 840 26 23 of
618 839 134 24 Whitehall
765 839 83 24 Palace
870 840 79 23 which

93 889 84 23 within
191 893 81 20 recent
285 898 108 23 memory
406 899 49 15 was
468 891 76 23 called
557 891 40 23 the
610 891 96 30 cockpit,
719 899 49 15 was
781 892 168 30 appropriated

93 937 38 23 for
140 937 42 23 the
194 937 108 31 fighting
314 937 27 23 of
349 937 71 24 cocks
433 938 32 32 by
479 938 84 31 Henry
576 937 82 28 VIII.,
672 938 67 32 King
756 939 82 24 James
850 941 99 23 amused

93 986 100 23 himself
202 986 59 23 with
272 987 48 23 this
332 987 122 24 diversion
467 989 69 22 twice
548 998 14 13 a
574 989 76 22 week.

277 1046 51 21 The
339 1054 54 21 very
404 1046 50 22 dice
465 1047 58 28 obey
533 1046 53 26 him,

214 1082 43 23 His
270 1083 72 22 Cocks
353 1083 29 22 do
393 1082 44 22 win
448 1082 39 23 the
499 1083 72 22 battle
583 1083 47 22 still
641 1085 27 20 of
674 1085 60 22 mine

214 1121 74 21 When
298 1121 18 21 it
327 1120 20 22 is
358 1121 30 20 all
399 1124 24 18 to
435 1121 86 28 nought
530 1129 5 18 ;
545 1121 44 22 and
602 1121 34 22 his
654 1123 84 26 Quails
747 1131 52 14 ever

214 1157 58 22 Beat
283 1157 60 21 mine
354 1161 25 18 at
390 1157 64 22 odds.

128 1210 57 24 And
206 1210 25 23 in
253 1219 30 14 an
306 1209 41 24 old
368 1218 62 23 song
451 1210 76 23 called
565 1210 62 23 New
785 1213 129 23 contained
927 1213 23 23 in

94 1258 131 30 D'Urfey's
270 1258 57 23 Pills
340 1262 25 19 to
377 1266 78 22 purge
640 1272 33 3 —

215 1313 44 22 Let
270 1313 80 22 cuffies
359 1313 51 21 that
421 1313 48 21 lose
481 1316 24 18 at
516 1319 14 14 a
541 1319 58 19 race,

215 1351 37 22 Go
261 1354 94 18 venture
367 1353 23 18 at
399 1349 85 22 hazard
495 1353 24 17 to
529 1348 50 26 win,

214 1389 56 21 And
280 1388 29 22 he
320 1388 50 21 that
381 1387 19 22 is
411 1387 101 22 bubbled
522 1390 24 18 at
557 1385 57 28 dice,

215 1428 102 21 Recover
328 1430 24 18 at
363 1427 94 25 cocking
468 1424 72 28 again.

128 1477 52 24 The
196 1477 116 24 allusions
327 1481 24 20 to
364 1477 114 31 Falconry
492 1478 24 22 in
527 1477 42 24 the
582 1477 111 32 writings
707 1479 26 23 of
748 1486 44 16 our
805 1480 64 31 early
882 1485 69 26 poets

95 1536 40 16 are
147 1529 132 23 abundant.
316 1529 51 23 The
379 1528 54 24 bird
444 1528 19 23 is
476 1527 94 31 usually
583 1526 77 24 called
673 1527 41 24 the
853 1528 98 27 Falcon,

95 1583 27 15 or
275 1575 92 27 Tercel,
389 1575 118 32 probably
520 1575 62 23 from
602 1575 135 32 belonging
756 1580 25 19 to
805 1585 102 22 persons
928 1578 26 22 of

94 1626 60 23 rank
167 1635 5 17 ;
192 1626 19 23 it
223 1634 50 15 was
291 1626 81 31 felony
391 1629 26 20 to
430 1626 59 23 steal
503 1626 74 26 them,
593 1634 33 14 on
648 1630 101 19 account
763 1627 26 22 of
804 1627 42 23 the
858 1628 94 31 nobility

95 1677 29 30 of
132 1676 59 24 their
203 1679 88 23 nature,
305 1685 25 14 as
342 1676 41 24 the
408 1676 95 24 ancient
516 1677 46 22 law
575 1676 76 23 books
664 1676 42 23 tell
719 1685 35 15 us.
792 1676 28 24 In
836 1678 61 23 1337
910 1678 42 23 the

95 1726 92 31 Bishop
201 1726 27 23 of
249 1726 46 31 Ely
309 1726 224 24 excommunicated
547 1734 13 14 a
573 1733 55 15 man
647 1725 37 23 for
697 1726 103 30 stealing
814 1734 45 15 one
873 1726 26 23 of
914 1726 38 23 his
