1120 1962
142 176 29 22 72

439 183 121 15 POETICAL
580 182 104 16 AVIARY.

139 259 113 30 carefully
264 258 126 23 measured
403 258 23 22 in
435 265 13 15 a
458 265 73 23 paper
541 257 106 30 forming
660 260 53 27 part
724 256 26 23 of
760 256 41 23 the
817 255 169 23 Transactions

140 306 27 24 of
176 307 41 23 the
229 306 116 23 Linnæan
358 305 105 32 Society.
500 306 67 31 They
581 313 39 15 are
632 305 57 23 thus
702 305 96 23 noticed
811 305 31 31 by
862 305 124 31 Hej'wood

139 353 24 23 in
179 354 62 22 1587
244 367 33 3 —

260 418 46 22 Use
318 418 91 21 maketh
422 418 100 29 maistry,
533 417 47 22 this
593 417 54 22 hath
659 418 57 21 been
729 417 48 22 said
788 417 78 29 alway,

258 455 47 22 But
316 456 29 20 all
356 455 19 22 is
387 459 40 18 not
438 455 77 28 alway,
527 462 24 13 as
563 454 30 21 all
604 461 50 14 men
666 454 29 21 do
707 461 46 21 say.

261 492 26 21 In
300 492 67 28 April
378 492 38 22 the
429 492 99 22 Cuckow
540 498 43 15 can
595 491 48 28 sing
655 491 40 21 her
707 497 55 22 song
773 491 30 28 by
813 494 49 19 rote
873 498 4 14 :

260 528 26 21 In
299 528 61 22 June
372 529 26 21 of
405 532 54 18 tune
472 529 39 21 she
522 533 83 17 cannot
617 528 49 29 sing
677 536 13 13 a
701 532 61 18 note.

260 566 33 21 At
304 566 48 22 first
364 566 114 26 Koo-coo,
489 566 115 26 Koo-coo,
616 573 66 20 many
696 565 67 21 times
775 572 41 14 can
828 564 40 21 she
880 564 35 21 do.

260 604 33 21 At
304 604 44 21 last
360 604 87 26 Kooke,
460 603 88 27 Kooke,
560 603 88 27 Kooke,
661 603 33 21 six
706 603 92 22 Kookes
810 607 24 17 to
846 610 42 15 one
899 611 44 14 coo.

174 666 22 24 It
218 674 54 23 may
284 667 30 23 be
328 667 123 27 observed,
472 668 60 22 with
552 668 122 22 reference
698 670 25 20 to
740 667 41 23 the
801 668 75 22 above
895 675 87 19 verses,

141 718 52 22 that
215 717 42 23 the
270 717 105 23 Cuckow
395 725 81 15 comes
489 721 24 19 to
527 718 113 30 England
653 718 24 22 in
690 718 42 22 the
745 718 90 22 middle
855 718 26 22 of
897 717 68 30 April
977 728 4 16 ;

141 767 40 23 the
201 766 169 31 Nightingale,
395 766 88 26 whom,
505 773 35 16 we
565 766 62 23 have
649 773 57 16 seen
718 766 19 23 it
754 765 21 24 is
793 765 27 23 of
837 766 145 29 importance

141 818 25 20 to
188 815 58 23 hear
257 816 61 26 first,
332 823 80 15 comes
426 815 24 23 in
462 815 41 23 the
522 815 134 30 beginning
669 814 25 23 of
703 814 77 31 April.
815 815 51 23 The
880 815 102 23 Cuckow

140 864 79 24 leaves
240 864 112 31 England
365 864 63 31 early
442 864 25 24 in
477 865 64 30 July,
555 873 26 14 so
594 866 53 23 that
658 865 18 24 it
685 866 19 23 is
717 869 42 19 not
772 865 82 24 driven
868 873 66 23 away
952 866 30 29 by

139 916 41 23 the
194 916 135 23 immediate
341 923 110 23 pressure
465 915 26 24 of
501 915 54 24 cold
567 923 27 15 or
606 918 65 20 want
683 915 27 23 of
728 914 65 27 food,
808 914 42 23 but
865 914 31 30 by
918 922 64 15 some

139 966 98 23 instinct
249 973 31 15 no
294 965 74 24 doubt
381 965 112 24 essential
505 965 36 23 for
554 965 30 23 its
596 965 173 29 preservation.

494 1055 51 14 THE
564 1055 63 14 OWL.

172 1104 51 23 The
242 1103 53 24 Owl
309 1103 47 24 and
377 1103 31 23 its
421 1110 62 23 song
503 1102 44 23 has
560 1102 61 23 been
633 1101 137 31 frequently
782 1101 110 24 imitated
903 1111 4 17 ;
922 1109 25 15 as
958 1101 22 23 in

141 1151 170 31 Shakspeare's
353 1150 86 23 Love's
452 1150 80 23 Labor
631 1164 33 2 —

257 1215 74 21 When
342 1214 31 21 all
383 1214 67 21 aloud
461 1213 39 22 the
511 1214 60 21 wind
581 1214 55 22 doth
648 1214 63 25 blow,

258 1250 55 21 And
324 1249 112 29 coughing
448 1250 87 21 drowns
547 1250 39 22 the
598 1250 100 29 parson's
710 1259 63 19 saw-i,

325 1289 62 22 birds
399 1289 29 21 sit
440 1287 109 29 brooding
560 1287 23 22 in
594 1288 39 21 the
645 1295 69 20 snow,

259 1328 55 21 And
326 1326 108 23 Marian's
445 1334 53 14 nose
511 1326 67 22 looks
589 1326 39 22 red
638 1326 45 22 and
694 1333 50 15 raw.

258 1368 75 22 When
344 1368 90 21 roasted
445 1367 64 22 crabs
521 1366 46 22 hiss
578 1366 23 21 in
613 1365 38 22 the
663 1365 66 26 bowl,

259 1406 66 22 Then
337 1406 86 28 nightly
436 1406 60 28 sings
507 1405 39 22 the
558 1405 85 28 staring
654 1404 44 22 owl

440 1441 112 22 To-whoo
562 1451 6 12 ;

261 1479 109 25 To-whit,
383 1478 108 26 to-whoo,
503 1485 13 13 a
527 1485 75 19 merry
615 1480 58 22 note,

258 1518 76 22 While
345 1524 77 21 greasy
433 1515 60 23 Joan
505 1514 55 22 doth
572 1513 50 22 keel
633 1513 39 22 the
684 1517 46 24 pot.

172 1580 29 23 In
213 1580 64 30 Dray
279 1578 49 23 ton'
332 1586 10 15 s
354 1585 68 22 poem
437 1576 26 23 of
498 1574 93 24 Noah's
716 1573 41 23 the
771 1572 59 24 Poet
848 1573 83 30 brings
951 1572 29 23 all

136 1629 42 22 the
196 1628 65 23 birds
273 1628 51 23 into
337 1627 41 23 the
391 1626 58 27 Ark,
464 1626 100 23 without
585 1625 121 31 imitating
720 1634 46 22 any
779 1624 26 24 of
821 1625 75 23 them.
933 1625 47 22 But

138 1684 26 16 as
185 1684 59 15 soon
256 1684 25 15 as
293 1675 41 23 the
348 1675 60 23 olive
421 1675 91 23 branch
524 1675 20 23 is
556 1674 96 24 fetched
665 1675 31 31 by
714 1675 40 23 the
768 1675 74 26 Dove,
857 1675 40 23 the
915 1674 65 23 birds

137 1725 47 23 and
194 1725 79 23 beasts
287 1725 68 22 make
368 1732 13 15 a
393 1724 154 24 tremendous
560 1723 74 23 noise.
654 1723 50 23 The
718 1723 62 22 Lion
792 1730 74 19 roars,
881 1723 40 22 the
933 1722 47 23 Ass
