1120 1962
411 161 120 15 POETICAL
550 160 103 16 AVIARY.

932 153 26 21 15

141 239 22 23 A
175 246 58 24 very
254 238 40 23 old
306 239 61 30 pack
380 238 26 23 of
424 238 101 30 English
541 238 77 23 Cards
638 238 43 23 has
693 238 42 23 the
748 238 54 23 four
822 238 59 22 suits
903 246 56 15 con-

108 289 86 31 sisting
206 288 27 23 of
240 288 68 26 bells,
319 287 90 27 hearts,
420 287 87 26 leaves,
524 287 47 22 and
579 295 86 14 acorns
676 296 5 17 ;
697 287 40 22 the
746 286 59 23 beUs
816 294 39 15 are
865 286 95 23 Hawks'

108 340 62 26 bells,
185 339 47 23 and
252 339 62 22 have
327 338 61 23 been
408 338 120 31 supposed
542 342 24 19 to
584 338 105 23 indicate
703 339 40 23 the
763 339 111 23 nobilitv.
910 338 50 23 The

107 387 78 22 oldest
207 386 102 31 English
330 386 62 30 pack
411 389 93 24 extant,
527 387 120 31 supposed
665 392 25 18 to
707 388 30 24 be
759 388 27 23 of
797 389 40 22 the
851 388 109 23 fifteenth

107 436 108 27 century,
237 432 44 22 has
295 431 41 23 the
351 431 59 23 suits
431 433 132 30 composed
587 434 26 23 of
623 435 80 29 pinks,
717 442 75 19 roses,
814 436 146 23 columbines

107 481 47 23 and
168 481 100 22 rabbits.
304 480 52 23 The
369 480 95 30 figured
478 482 68 22 cards
560 482 122 24 consisted
695 482 27 23 of
732 491 56 14 men
809 482 46 23 and
869 491 91 14 women

107 532 106 30 wearing
226 531 101 28 clothes,
341 541 26 15 as
380 531 178 31 distinguished
571 532 62 23 from
648 532 95 23 devices
763 532 26 23 of
807 532 95 22 flowers
915 532 45 22 and

107 582 108 23 animals.
253 582 68 31 They
333 590 62 15 were
410 580 77 24 called
500 580 142 26 coat-caxdi,
659 579 78 23 which
759 578 146 31 appellation
918 578 42 22 has

108 630 64 21 since
186 630 61 21 been
262 629 130 22 converted
405 629 51 22 into
470 627 157 24 cowr-cards.

141 682 29 23 In
181 691 30 14 an
225 682 40 23 old
278 682 112 30 Masque,
404 680 76 24 called
488 679 42 24 the
566 677 72 24 Sun's
789 682 35 16 we
833 674 95 23 have—
947 665 12 29 6

288 751 36 27 So,
336 751 30 22 ho
378 751 29 21 ho
416 751 4 21 !
433 750 99 29 through
544 750 39 21 the
594 750 59 21 skies

286 790 59 22 How
356 790 39 22 the
407 790 73 29 proud
491 790 51 21 bird
553 789 56 25 flies,

288 828 54 21 And
354 827 98 27 sowelng
463 827 52 21 kiUs
527 827 53 21 with
592 834 71 20 grace.

141 895 28 23 In
207 895 77 22 Much
297 895 55 22 Ado
362 894 83 23 About
591 906 32 3 —

225 960 119 20 Beatrice.
346 972 29 2 —
377 957 34 28 By
422 964 37 21 my
468 956 62 22 troth
543 955 11 22 I
566 963 35 14 am
614 955 127 28 exceeding
753 955 31 25 ill,
797 954 74 29 heigh,
884 954 30 21 ho
924 954 3 20 !

225 998 134 26 Margaret.
362 1011 28 2 —
392 995 45 22 For
449 1003 12 13 a
478 994 77 27 Hawk,
568 1001 13 14 a
594 994 73 25 horse,
679 1000 25 15 or
715 1000 12 14 a
739 992 104 22 husband
851 992 10 20 ?

240 1080 22 22 A
284 1080 102 23 number
406 1079 26 23 of
450 1082 97 20 current
566 1080 103 30 opinions
687 1079 45 23 and
748 1078 160 31 superstitions
920 1085 39 15 are

106 1131 132 23 connected
251 1130 58 23 with
322 1130 74 25 birds,
411 1129 27 23 of
448 1129 79 22 which
540 1128 42 23 the
594 1127 127 28 following
734 1134 40 15 are
788 1125 122 30 examples
921 1134 4 13 :

195 1198 133 22 Bernardo.
329 1210 29 4 —
360 1197 22 21 It
393 1204 44 14 was
449 1197 69 20 about
529 1199 25 18 to
563 1195 69 29 speak
643 1195 64 21 when
719 1194 39 21 the
770 1193 56 22 cock
837 1200 63 15 crew.

195 1237 137 21 Horatio.—
334 1236 55 21 And
400 1235 55 21 then
462 1234 19 21 it
492 1234 87 21 started
589 1233 45 21 like
647 1240 12 14 a
671 1232 72 28 guilty
754 1232 64 27 thing

195 1272 67 27 Upon
274 1281 13 13 a
297 1271 81 23 fearful
386 1278 122 14 summons.
541 1270 10 21 1
563 1270 57 21 have
631 1270 71 20 heard

194 1312 52 21 The
254 1311 57 22 cock
322 1310 51 21 that
384 1310 18 21 is
413 1309 40 22 the
465 1312 100 24 trumpet
575 1308 26 21 of
608 1307 39 21 the
659 1313 71 19 morn,

194 1349 63 22 Doth
267 1348 54 22 with
332 1348 35 22 his
378 1348 56 28 lofty
446 1348 45 20 and
503 1346 63 22 shrill
577 1345 112 29 sounding
700 1345 75 21 throat

195 1386 88 22 Awake
294 1386 39 22 the
345 1385 53 23 God
409 1385 27 22 of
440 1385 50 28 day,
504 1384 44 22 and
559 1387 23 18 at
594 1383 34 21 his
639 1382 107 29 warning,

193 1424 112 22 Whether
316 1423 23 21 in
351 1430 38 14 sea
399 1430 25 14 or
434 1422 48 26 fire,
494 1421 22 21 in
528 1421 64 21 earth
601 1428 25 14 or
638 1420 40 27 air,

194 1462 43 22 Th'
250 1463 154 26 extravagant,
416 1459 45 22 and
472 1458 74 29 erring
558 1458 64 29 spirit
634 1458 48 22 flies

192 1499 36 21 To
239 1498 35 22 his
282 1497 95 22 confine.
410 1497 54 21 And
476 1497 26 21 of
507 1497 39 21 the
558 1496 63 21 truth
633 1495 78 22 herein

192 1538 51 22 The
255 1541 91 23 present
358 1535 75 29 object
443 1535 66 22 made
521 1534 128 29 probation.

192 1574 193 24 Marcellus.—lt
396 1574 68 22 faded
476 1580 29 14 on
517 1572 38 22 the
568 1571 97 28 crowing
677 1570 27 21 of
711 1570 39 21 the
762 1570 61 21 cock.

192 1615 67 21 Some
272 1621 39 20 say
322 1613 50 22 that
384 1618 51 15 ever
450 1610 81 29 'gainst
542 1608 51 22 that
605 1614 80 15 season
697 1613 76 15 comes

193 1651 108 22 Wherein
312 1657 42 15 our
367 1647 111 24 Saviour's
489 1646 61 22 birth
562 1646 19 21 is
593 1643 137 25 celebrated,

192 1690 59 22 This
262 1690 50 22 bird
324 1689 27 21 of
357 1687 105 27 dawning
474 1684 89 28 singeth
573 1683 30 20 aU
615 1680 63 29 night
690 1680 59 28 long.

191 1729 55 21 And
254 1728 63 24 then,
329 1725 55 27 they
396 1731 46 21 say,
454 1729 29 15 no
495 1719 65 30 spirit
572 1719 65 21 dares
649 1717 42 22 stir
702 1716 92 24 abroad,
