1120 1962
943 149 26 20 61

423 154 122 16 POETICAL
563 153 104 15 AVIARY.

158 227 27 23 In
199 235 13 14 a
226 227 109 30 Comedy
348 227 32 31 by
394 227 76 27 Nash,
494 228 97 30 printed
613 228 30 22 A.
659 228 30 22 D.
707 229 71 26 1600,
793 238 35 14 we
850 229 59 24 have
926 230 46 23 this

124 288 60 21 song

242 336 88 29 Spring,
342 336 39 21 the
396 340 68 17 sweet
478 336 83 29 spring,
574 336 18 21 is
605 336 38 21 the
655 336 72 29 year's
739 336 102 28 pleasant
853 336 60 28 king,

241 373 65 21 Then
318 373 102 21 bloomes
431 373 56 21 eche
499 373 72 29 thing,
583 373 55 21 then
650 374 93 28 maydes
756 374 71 21 dance
839 374 22 21 in
874 382 12 12 a
898 373 54 28 ring,

242 411 59 22 Cold
313 411 55 22 doth
381 415 39 18 not
432 412 67 29 sting,
512 412 38 21 the
563 416 76 25 pretty
651 413 61 22 birds
724 414 43 21 doe
785 414 56 27 sing,

243 448 107 27 Cuckow,
362 449 84 28 Jugge,
458 450 84 27 Jiujge,
555 458 78 19 pu-we
645 451 101 22 to-witta
758 459 53 13 woo.

270 487 51 22 The
334 487 77 22 Palme
424 488 45 21 and
480 488 55 29 May
548 489 65 21 make
627 490 194 29 country-houses
833 498 49 20 gay,

240 525 83 22 Lambs
331 525 69 22 friske
412 526 45 21 and
469 526 58 29 play,
541 527 39 21 the
592 528 126 28 shepherds
729 536 59 21 pype
801 529 29 20 all
842 528 49 25 day,

240 562 53 21 And
305 570 32 14 we
348 563 57 22 have
418 570 40 22 aye
470 564 62 22 birds
544 569 55 17 tune
612 566 45 21 this
669 574 75 21 merry
755 567 45 29 lay,

240 600 107 27 Cuckow,
359 602 83 27 Jugge,
454 602 84 27 Jugge,
551 609 77 20 pu-we
640 603 99 22 to-witta
752 611 54 14 woo.

154 661 50 23 The
217 669 70 15 name
300 661 26 23 of
336 661 40 23 the
391 661 109 31 Comedy
512 662 63 23 from
588 663 80 23 which
679 664 50 23 this
742 672 63 24 song
817 665 20 22 is
859 666 73 23 taken
952 666 20 22 is

121 711 75 23 called
238 710 133 24 Summer's
383 712 59 22 Last
454 711 59 24 Will
525 713 48 22 and
584 713 140 24 Testament
777 714 30 23 all
820 715 41 23 the
874 723 98 15 seasons

121 769 39 15 are
173 761 142 23 introduced
326 761 52 22 into
392 761 41 22 the
445 761 117 30 Comedy,
577 761 47 23 and
636 761 69 24 there
727 762 19 22 is
768 763 73 22 much
863 763 110 31 punning

120 820 63 22 upon
196 812 41 23 the
251 819 69 15 name
334 811 27 22 of
381 811 119 24 Summer,
514 809 88 26 which,
615 808 96 23 besides
724 808 117 31 denoting
855 817 12 14 a
888 817 84 15 season

121 862 26 22 of
161 862 41 22 the
214 869 64 23 year,
293 869 48 15 was
354 861 42 23 the
406 868 69 16 name
486 860 27 23 of
530 859 84 31 Henry
628 858 72 23 VIII.
705 859 18 22 's
733 858 88 24 Jester.
857 859 51 23 The
917 859 56 31 play

120 916 47 15 was
187 908 68 22 acted
274 908 81 22 before
376 907 85 28 Queen
483 907 129 23 Elizabeth
635 908 24 22 in
671 907 41 24 the
732 916 57 23 year
805 910 71 22 1592.
913 909 23 23 It
953 910 19 22 is

120 959 90 23 Nash's
222 959 56 30 only
292 959 76 22 entire
381 959 62 30 play,
458 958 94 31 though
565 958 30 23 he
608 962 76 19 wrote
698 967 14 14 a
722 962 53 27 part
789 959 26 23 of
823 962 48 20 two
880 959 91 23 others.

119 1005 76 23 There
208 1006 19 22 is
240 1014 14 14 a
265 1006 149 31 manuscript
434 1009 63 20 tract
510 1006 27 24 of
552 1007 38 23 his
602 1016 32 15 on
870 1010 24 23 in
907 1010 65 23 Lord

121 1055 126 22 Stafford's
265 1055 101 31 Library
387 1055 79 24 which
479 1056 43 23 has
535 1065 72 15 never
627 1058 61 23 been
710 1059 135 30 published.
893 1060 79 23 There

121 1114 38 14 are
172 1105 72 23 about
257 1105 75 31 thirty
353 1106 26 21 of
403 1105 35 23 his
452 1105 95 31 printed
566 1106 80 22 works
667 1110 91 23 extant,
784 1106 43 23 but
851 1106 58 32 they
932 1115 40 15 are

119 1156 131 31 extremely
262 1164 88 18 scarce,
370 1155 42 23 the
435 1155 90 23 British
547 1155 115 24 Museum
674 1156 91 32 having
787 1158 57 30 only
867 1160 68 22 three
949 1160 24 22 of

118 1205 75 24 them.
223 1205 70 23 Nash
303 1205 59 23 with
375 1205 103 27 Greene,
492 1205 93 31 Lodge,
606 1206 77 26 Peele,
698 1207 70 31 Lilly,
784 1208 64 30 Kyd,
862 1209 110 31 Munday

119 1254 45 23 and
174 1254 118 23 Marlowe
302 1263 62 14 were
375 1254 42 23 the
427 1259 64 18 most
502 1254 138 24 celebrated
648 1257 26 21 of
683 1256 40 23 the
734 1257 237 32 Ante-Shakspeari-

119 1315 29 14 an
161 1306 154 23 Dramatists.
330 1306 114 23 Between
460 1306 64 22 1568
535 1305 48 22 and
598 1306 64 22 1580
675 1305 42 23 the
727 1314 82 15 names
823 1307 26 22 of
857 1307 115 30 fifty-two

117 1358 67 31 plays
197 1366 88 23 appear
298 1366 31 15 on
342 1358 42 23 the
394 1357 77 24 books
485 1356 27 23 of
520 1356 41 23 the
574 1356 94 23 Master
682 1356 25 22 of
718 1356 41 23 the
774 1356 94 26 Revels,
883 1357 46 23 and
943 1358 27 23 T.

118 1407 131 31 Heywood,
258 1408 53 22 who
320 1407 131 23 flourished
461 1414 58 15 soon
529 1405 117 23 afterthat
655 1405 65 26 time,
728 1405 53 22 tells
791 1413 27 15 us
823 1405 53 23 that
884 1406 30 23 he
925 1406 47 23 had

118 1464 13 15 a
144 1456 77 23 whole
233 1456 65 23 hand
311 1464 26 14 or
350 1455 64 23 main
426 1455 79 30 finger
514 1454 25 23 in
553 1455 49 21 220
611 1453 76 31 plays.
708 1453 151 31 Shakspeare
869 1463 99 22 appears

116 1508 26 20 to
154 1505 60 24 have
226 1505 61 23 been
299 1505 42 23 the
353 1505 56 25 only
420 1513 45 14 one
479 1504 26 23 of
525 1504 42 23 the
579 1503 147 24 Dramatists
740 1503 26 23 of
788 1508 84 26 repute
896 1505 24 22 in
933 1505 38 22 his

116 1553 53 32 day,
182 1554 55 23 who
249 1554 49 23 had
309 1558 43 19 not
364 1554 108 23 received
483 1563 30 14 an
525 1554 141 31 University
677 1554 136 23 education.
827 1556 51 22 The
889 1556 82 23 others

117 1604 61 24 lived
193 1604 70 24 much
276 1603 123 32 together,
422 1603 139 24 sometimes
585 1601 97 30 fiercely
695 1601 133 30 attacking,
841 1602 43 22 but
897 1609 72 23 gene-

117 1652 58 32 rally
188 1652 120 31 extolling
320 1652 60 23 each
393 1652 78 23 other.
518 1652 22 22 It
553 1660 55 22 may
620 1655 42 19 not
676 1652 30 22 be
725 1652 65 29 quite
803 1652 129 23 irrelevant
945 1657 26 18 to

115 1701 41 23 the
176 1701 93 30 subject
283 1701 26 23 of
327 1701 63 23 birds
403 1705 26 19 to
442 1702 108 22 mention
564 1701 52 23 that
630 1709 44 15 one
690 1701 26 22 of
727 1701 74 26 them,
823 1701 103 28 Greene,
946 1702 25 23 in
