1120 1962
526 141 29 21 85

456 535 127 19 SECTION
601 535 28 19 II.

235 605 39 22 On
291 604 103 24 Poetical
407 604 148 29 Description
568 604 26 23 of
605 604 40 23 the
660 603 78 24 Notes
751 603 25 23 of
787 603 79 24 Birds.

158 752 22 24 It
193 753 20 22 is
227 752 53 23 well
300 753 88 22 known
411 753 53 22 that
483 753 40 23 the
544 756 132 20 statesman
696 753 102 24 Charles
819 753 82 24 James
921 753 52 24 Fox

125 800 98 23 amused
245 800 99 23 himself
370 800 59 23 with
454 809 13 14 a
489 800 98 31 literary
608 805 165 28 controversy,
793 801 24 23 in
838 802 80 23 which
944 802 30 22 he

124 849 91 29 argued
228 849 52 23 that
299 848 41 23 the
354 848 184 31 Nightingale's
560 852 57 20 note
638 857 50 15 was
700 858 89 23 merry.
827 850 45 23 His
885 850 87 31 princi-

125 896 38 31 pal
185 896 122 31 authority
321 904 48 15 was
384 896 111 24 Chaucer
508 898 25 22 in
555 898 37 23 his
605 906 71 23 poem
689 899 27 22 of
753 899 51 23 The
817 899 92 23 Flower
928 900 47 22 and

125 945 40 24 the
284 945 57 23 This
356 954 70 23 poem
440 946 20 23 is
473 955 45 15 one
529 947 27 23 of
565 947 41 24 the
616 948 45 23 few
672 948 105 32 English
788 949 98 23 records
901 949 25 24 of
934 949 41 24 the

125 1000 62 21 taste
202 997 26 24 of
239 997 40 24 the
293 998 136 23 thirteenth
445 1001 101 27 century
559 998 38 23 for
608 998 64 23 what
685 1006 48 15 was
747 999 76 22 called
836 999 40 22 the
921 1000 55 31 gaie

257 1048 125 32 including
390 1048 91 23 flower-
486 1048 114 30 worship,
609 1047 68 23 floral
686 1054 92 23 games,
787 1049 83 21 courts
878 1047 26 23 of
914 1047 62 27 love,

127 1096 48 23 and
211 1099 77 21 arrets
299 1096 135 23 d'amour."
436 1109 35 4 —
473 1096 63 23 How
549 1096 62 23 little
624 1104 43 15 can
681 1096 41 23 the
735 1096 147 30 phlegmatic
894 1096 83 24 reader

128 1148 25 23 of
163 1148 41 23 the
218 1151 97 26 present
329 1148 46 29 day
388 1149 68 21 enter
471 1146 51 23 into
535 1145 59 23 such
607 1144 103 31 feelings
724 1152 25 15 as
762 1144 42 23 the
819 1143 124 32 following
944 1157 33 4 —

249 1223 110 22 Whereto
370 1223 53 27 they
436 1222 100 22 incUned
547 1222 153 28 every-chone

249 1259 64 22 With
325 1263 64 25 great
400 1266 128 20 reverence,
540 1259 45 21 and
597 1259 49 22 that
658 1260 42 20 full
712 1260 93 29 humbly.

248 1298 54 21 And
314 1301 23 18 at
349 1297 39 22 the
399 1297 44 22 last
455 1297 64 22 there
533 1297 72 26 began
617 1303 60 15 anon

250 1336 23 21 A
284 1336 52 27 lady
348 1335 34 22 for
392 1339 25 18 to
429 1335 49 28 sing
490 1335 60 28 right
561 1335 119 28 womanly,

249 1373 22 21 A
283 1373 105 28 bargaret
399 1372 23 21 in
434 1372 99 29 praising
545 1372 39 22 the
596 1373 87 22 Daisie
694 1383 8 14 ;

251 1412 45 21 For
307 1418 23 15 as
342 1411 136 28 methought
489 1418 82 21 among
582 1410 40 21 her
634 1414 65 18 notes
710 1414 82 18 sweete

252 1449 45 22 She
307 1448 49 22 said
390 1447 23 22 Si
426 1448 73 21 douce
511 1451 34 17 est
557 1446 22 22 la

165 1526 54 23 Nor
232 1524 87 25 should
341 1533 43 18 we,
398 1524 54 23 who
476 1531 74 15 never
572 1530 49 15 saw
634 1522 171 23 Troubadours
828 1523 106 22 contend
947 1523 37 23 for

130 1573 43 23 the
212 1573 90 31 golden
433 1573 73 22 listen
528 1576 25 19 to
567 1580 13 15 a
593 1572 101 23 modern
716 1572 59 23 Poet
787 1572 56 23 who
865 1571 81 24 talked
959 1571 26 23 of

131 1620 104 31 retiring
253 1623 26 20 to
293 1628 31 15 an
336 1620 87 23 arbour
435 1623 26 20 to
483 1619 79 24 watch
583 1619 43 23 the
638 1619 76 30 Daisy
736 1618 131 32 spreading
881 1618 67 24 itself
958 1623 25 19 to

133 1667 42 24 the
193 1668 77 29 rising
290 1676 52 18 sun,
357 1667 47 23 and
414 1667 89 30 calling
515 1668 19 23 it
552 1668 42 23 the
633 1668 74 23 floure
720 1668 51 24 that
787 1668 10 23 I
812 1677 26 15 so
852 1669 72 23 drede
938 1670 47 22 and
