1120 1962
159 153 45 21 118

450 160 120 14 POETICAL
589 160 104 14 AVIARY.

278 233 66 21 Some
356 238 23 17 to
392 234 38 21 the
443 242 40 13 sun
496 234 58 21 their
566 234 71 21 insect
649 233 69 28 wings
731 232 84 26 unfold,

276 271 61 22 Waft
350 279 28 14 on
387 272 38 21 the
436 272 86 26 breeze,
535 279 25 14 or
571 271 49 22 sink
632 271 22 21 in
666 270 78 22 clouds
756 269 26 22 of
789 268 52 29 gold
854 276 5 18 ;

277 309 151 28 Transparent
440 310 74 26 forms,
527 314 38 18 too
577 309 43 22 fine
632 309 33 21 for
676 309 81 21 mortal
771 307 66 29 sight,

277 346 70 21 Their
358 346 54 21 fluid
424 347 77 21 bodies
512 347 50 21 half
570 346 112 22 dissolved
694 346 22 21 in
728 345 64 29 light.

275 384 73 21 Loose
360 388 24 17 to
394 384 39 21 the
445 384 59 21 wind
516 384 57 21 their
590 383 46 28 airy
648 387 113 24 garments
773 382 56 27 flew,

277 420 60 22 Thin
350 421 113 28 glittering
475 425 100 17 textures
587 420 26 22 of
620 420 39 22 the
670 420 61 28 filmy
744 420 55 22 dew.

276 458 93 28 Dipped
380 458 22 20 in
414 458 38 21 the
464 458 83 21 richest
559 458 108 21 tinctures
679 458 26 21 of
713 458 38 21 the
764 458 66 26 skies,

276 497 81 22 Where
370 497 56 28 Hght
438 497 96 28 disports
545 497 22 21 in
579 503 51 15 ever
641 496 108 29 mingling
761 497 61 27 dyes,

277 535 74 21 While
363 541 65 22 every
440 535 64 20 beam
512 541 48 14 new
571 533 109 21 transient
689 533 74 21 colors
774 532 72 29 flings,

277 572 79 22 Colors
368 572 49 22 that
429 572 84 29 change
525 572 109 21 whene'er
645 572 54 28 they
710 579 60 14 wave
781 572 59 21 their
851 572 76 28 wings.

279 609 65 22 Some
356 609 22 21 in
389 609 39 21 the
439 609 64 21 fields
514 609 26 21 of
547 612 76 23 purest
636 608 63 22 ether
711 608 59 27 play,

277 648 53 21 And
341 647 55 21 bask
408 647 44 21 and
463 646 82 22 whiten
557 646 22 21 in
593 645 38 22 the
643 645 65 21 blaze
720 644 27 21 of
754 645 48 25 day.

193 711 97 29 Among
304 717 42 14 our
356 712 76 27 poets,
442 708 65 31 Dyer
516 716 49 14 was
578 715 13 14 a
602 707 92 30 painter
707 707 31 30 by
748 707 141 30 profession,
899 708 45 23 and
957 709 34 22 his

162 766 70 23 poem
244 757 25 23 of
316 757 112 30 Grongar
545 757 109 22 contains
674 758 90 22 several
774 762 79 27 pretty
867 759 124 31 landscape

161 807 120 25 sketches.
319 806 47 22 We
384 806 61 23 have
467 806 96 22 noticed
576 814 28 14 an
618 806 97 30 epitaph
726 806 32 30 by
780 806 62 30 Pope
856 815 30 14 on
910 806 37 24 Sir
961 807 29 24 G.

162 856 106 23 Kneller.
305 855 62 23 Both
381 854 97 30 Dryden
491 853 47 23 and
549 853 110 23 Addison
672 852 129 23 addressed
810 860 82 22 poems
900 856 25 18 to
935 852 56 23 him.

162 903 120 30 Dryden's
300 910 70 23 poem
388 909 48 15 was
454 901 95 22 written
570 900 22 23 in
612 904 81 18 return
712 900 36 22 for
770 907 13 15 a
795 902 96 28 present
908 900 26 22 of
949 908 42 15 one

161 951 26 22 of
206 951 40 22 the
279 949 84 23 twelve
387 949 146 30 engravings
564 950 52 22 that
649 950 47 22 had
726 950 61 22 been
809 950 70 22 made
902 950 26 22 of
953 950 38 23 the

191 998 113 24 Chandos
511 1005 14 14 a
536 997 92 30 picture
642 997 25 22 of
676 997 139 30 questioned
826 997 165 30 authenticity.

160 1049 100 28 Dryden
271 1047 75 23 shews
359 1055 14 14 a
384 1046 138 31 perception
535 1046 25 22 of
570 1046 41 22 the
624 1046 105 22 beauties
740 1045 25 23 of
776 1046 109 31 painting
886 1060 33 3 —

544 1116 81 21 Where
637 1119 49 18 true
698 1116 82 26 design,

281 1154 105 22 Postures
398 1153 113 25 unforced,
524 1153 43 20 and
577 1152 67 28 Hvely
655 1151 71 21 colors
735 1150 55 29 join,

280 1192 108 22 Likeness
400 1192 18 21 is
430 1198 50 14 ever
492 1191 69 25 there,
572 1191 41 20 but
625 1190 46 21 stuT
682 1190 38 21 the
732 1190 56 25 best,

280 1230 67 27 (Like
356 1237 80 20 proper
447 1228 108 28 thoughts
566 1228 22 20 in
600 1228 56 28 lofty
667 1228 109 28 language
788 1228 73 28 drest)

280 1266 83 21 Where
374 1265 64 29 light,
449 1269 24 18 to
485 1265 80 22 shades
577 1264 142 28 descending,
732 1264 69 28 plays,
813 1267 40 18 not
865 1263 84 25 strives,

280 1302 57 22 Dies
345 1303 30 26 by
387 1303 99 26 degrees,
499 1301 43 21 and
554 1301 29 28 by
594 1301 93 27 degrees
699 1299 91 21 revives.

196 1367 129 25 Addison's
338 1374 70 23 poem
421 1364 128 24 addressed
561 1368 26 18 to
600 1364 38 22 Sir
658 1363 29 23 G.
704 1363 105 26 Kneller,
830 1370 47 16 was
900 1362 94 23 written

163 1424 31 14 on
207 1415 40 22 the
261 1414 90 30 subject
362 1414 26 22 of
398 1414 36 22 his
447 1413 91 30 picture
551 1413 26 22 of
590 1413 96 30 George
700 1413 19 23 I.
731 1423 4 16 ;
761 1414 18 22 it
792 1414 107 22 contains
913 1420 12 16 a
937 1420 57 22 very

163 1461 125 30 ingenious
301 1460 170 30 mythological
484 1460 82 22 sketch
578 1459 26 23 of
615 1460 101 31 English
730 1462 137 29 sovereigns
886 1462 59 22 from
957 1461 37 22 the

163 1508 152 22 Restoration
317 1521 33 3 —

283 1578 68 21 Great
365 1577 52 26 Pan,
430 1577 48 21 who
490 1577 65 21 won't
568 1581 22 17 to
603 1577 65 20 chase
681 1576 37 21 the
724 1577 55 28 fair
789 1586 6 14 ,-

283 1616 52 20 And
346 1615 60 21 lov'd
417 1614 37 21 the
467 1614 117 29 spreading
596 1614 50 26 oak,
658 1621 44 14 was
715 1613 62 22 there
787 1621 3 13 :

283 1653 46 22 Old
341 1653 67 21 Satan
422 1657 45 21 too,
478 1652 54 21 with
544 1657 77 22 upcast
634 1658 59 21 eyes,

282 1691 86 21 Beheld
381 1690 33 22 his
427 1691 123 21 abdicated
561 1689 65 21 skies.
