1120 1962
406 151 122 14 POETICAL
542 151 104 14 AVIARY.

900 145 45 20 109

98 225 41 23 the
152 227 57 29 type
221 224 26 23 of
267 224 41 22 the
320 224 31 22 L'
360 224 105 31 Allegro.
503 224 98 27 Milton,
616 225 120 27 however,
750 225 79 23 leaves
844 225 101 23 Browne

98 276 24 20 at
133 279 30 16 an
174 272 182 23 immeasurable
369 272 108 24 distance
488 273 24 23 in
523 273 30 23 all
564 274 69 23 three
645 274 25 23 of
678 275 68 23 these
759 276 86 30 pieces.
873 276 48 23 But
936 276 9 22 I

98 329 38 15 am
148 325 43 19 not
203 329 27 14 so
240 329 53 15 sure
306 321 53 23 that
371 321 81 23 where
473 321 89 23 Milton
578 322 107 23 borrows
698 323 62 23 from
783 324 117 25 Fletcher,
917 324 28 22 he

98 370 57 23 does
175 373 42 19 not
230 369 139 23 sometimes
390 369 40 23 fall
450 370 77 22 below
548 370 42 23 the
604 370 129 31 simplicity
746 372 47 22 and
816 374 129 20 sweetness

98 420 26 24 of
143 420 40 23 the
208 419 110 32 original.
363 419 28 22 In
402 419 41 23 the
487 418 104 23 Faithful
807 427 35 14 we
855 419 60 22 have
933 426 12 15 a

97 467 79 23 votive
197 467 98 22 address
308 467 26 22 of
344 467 122 31 gratitude
485 471 26 18 to
524 467 41 23 the
579 467 73 23 River
666 467 55 24 God
733 468 55 22 who
810 467 135 31 performed

98 518 40 22 the
150 517 47 23 like
210 517 90 23 service
313 525 25 15 as
352 517 103 23 Sabrina
466 517 24 23 in
503 517 42 23 the
558 517 92 23 Comus
651 531 28 3 —

217 586 45 22 For
273 585 40 29 thy
325 585 108 21 kindness
445 589 23 17 to
479 592 36 14 me
528 585 84 26 shewn,

216 625 76 22 Never
303 624 56 22 from
371 624 41 29 thy
423 623 73 22 banks
508 624 27 20 be
547 623 72 22 blown

216 663 54 27 Any
281 666 47 18 tree
341 661 53 22 with
406 661 73 28 windy
490 660 69 27 force,

217 700 70 22 Cross
298 699 41 27 thy
351 703 102 22 streams,
466 702 24 18 to
501 701 51 25 stop
564 698 41 28 thy
617 705 84 14 course.

220 736 56 29 May
287 743 29 14 no
328 736 63 21 beast
403 735 50 21 that
465 742 75 14 comes
551 738 24 17 to
587 734 73 26 drink,

216 774 65 21 With
292 773 35 22 his
338 773 69 21 horns
419 776 47 18 cast
478 773 64 20 down
555 771 40 29 thy
607 771 71 22 brink.

217 811 54 28 May
284 818 58 14 none
354 811 50 21 that
416 810 34 22 for
461 810 40 29 thy
512 810 43 22 fish
567 810 28 22 do
606 810 54 22 look

218 848 46 22 Cut
276 848 40 28 thy
328 848 79 25 banks,
418 851 24 18 to
453 848 53 20 dam
517 847 40 28 thy
568 847 77 21 brook.

216 885 58 22 Bare
286 885 47 21 foot
345 892 51 21 may
407 892 29 14 no
451 884 124 29 neighbour
586 885 70 25 wade,

215 924 27 21 In
254 923 39 22 the
305 923 50 21 cool
367 926 101 22 streams,
480 922 49 20 wife
542 929 41 13 nor
594 921 68 26 maid,

214 959 76 22 When
302 959 39 22 the
353 966 76 20 spawn
436 966 29 14 on
477 962 77 19 stones
566 959 55 21 doth
633 959 36 26 lie,

216 997 36 21 To
264 997 60 21 wash
336 996 59 22 their
406 996 74 28 hemp,
493 996 44 21 and
549 996 57 29 spoil
621 996 38 22 the
671 997 40 28 fry.

173 1048 91 23 Comus
275 1048 18 22 it
306 1048 20 22 is
327 1061 34 3 —

132 1049 26 22 In

215 1106 56 29 May
282 1106 41 29 thy
334 1106 111 22 brimmed
456 1114 72 14 waves
539 1107 35 21 for
584 1107 53 25 this,

214 1143 72 22 Their
296 1143 41 21 full
349 1143 84 21 tribute
445 1151 67 14 never
524 1144 60 25 miss,

214 1182 68 22 From
294 1190 13 13 a
318 1182 114 21 thousand
442 1185 65 25 petty
518 1182 55 26 rills,

215 1218 63 22 That
289 1218 86 22 tumble
388 1218 64 22 down
464 1218 38 22 the
515 1226 76 21 snowy
601 1219 55 21 hills.

215 1257 104 22 Summer
330 1257 106 28 drought,
448 1264 41 14 nor
501 1257 78 28 singed
590 1257 33 22 air

215 1295 77 22 Never
303 1295 78 22 scorch
393 1295 39 28 thy
445 1299 83 18 tresses
539 1295 47 26 fair,

215 1333 49 22 Nor
275 1336 44 18 wet
331 1332 121 23 October's
463 1336 88 19 torrent
562 1333 61 22 flood

214 1371 54 29 Thy
279 1370 85 22 molten
376 1370 100 29 chrystal
487 1370 32 21 fiU
530 1369 54 22 with
595 1370 61 21 mud.

214 1408 56 27 May
281 1408 42 27 thy
334 1407 87 22 billows
432 1407 43 21 roll
486 1408 80 21 ashore

214 1444 51 23 The
276 1444 71 29 beryl,
359 1445 45 21 and
414 1445 39 22 the
465 1445 82 28 golden
558 1453 45 14 ore.

214 1481 55 28 May
281 1482 40 27 thy
332 1482 57 27 lofty
400 1482 58 21 head
470 1483 28 20 be
510 1482 109 26 crowned,

214 1518 65 22 With
291 1526 67 21 many
369 1526 14 14 a
394 1523 76 22 tower,
483 1520 45 21 and
540 1524 85 17 terrace
637 1521 79 23 round,

214 1557 54 21 And
279 1556 54 21 here
345 1557 45 21 and
401 1556 73 26 there,
486 1557 41 28 thy
539 1557 72 21 banks
624 1564 68 20 upon,

212 1594 64 22 With
288 1601 79 20 groves
380 1594 26 21 of
413 1594 83 27 myrrh,
507 1594 46 21 and
564 1593 128 21 cinnamon.

126 1653 46 23 We
194 1653 69 26 have,
308 1652 22 23 O
342 1652 38 23 for
393 1660 13 15 a
426 1653 73 22 thorn
512 1660 62 17 now,
587 1651 47 23 like
648 1659 13 14 a
674 1650 170 30 Nightingale,
859 1653 24 19 to
897 1654 41 26 put

92 1708 40 21 my
145 1699 80 23 breast
236 1699 104 30 against.
362 1698 11 23 I
385 1698 61 23 shall
459 1698 64 31 sleep
536 1698 47 23 like
596 1706 13 15 a
622 1701 41 27 top
678 1698 46 23 else
776 1698 127 30 occurring
916 1698 22 22 in
