1120 1962
154 179 44 21 106

455 185 118 14 POETICAL
588 185 101 14 AVIARY.

153 261 62 19 most
223 258 102 22 eminent
336 258 99 29 English
441 258 70 23 Poets
519 258 81 24 before
609 258 87 23 Milton
707 259 48 23 had
763 259 114 23 rendered
889 260 104 31 pastoral

153 309 90 29 images
258 315 25 15 so
302 307 100 23 familiar
415 310 26 20 to
454 307 30 23 all
496 314 100 23 persons
609 310 142 20 conversant
765 307 57 22 with
835 309 92 27 poetry,
940 307 52 22 that

154 354 121 30 resorting
294 357 25 19 to
331 354 66 22 them
409 353 36 23 for
457 354 40 23 the
519 356 140 29 expression
682 356 26 23 of
719 363 98 19 sorrow,
838 356 124 31 especially
975 357 18 22 if

154 402 88 30 praises
256 409 30 15 on
300 402 113 29 departed
428 402 68 23 merit
510 410 61 15 were
585 406 25 19 to
623 403 28 23 be
666 411 69 23 sung,
756 403 77 23 would
847 407 41 19 not
908 412 85 23 appear

154 449 132 22 unnatural.

188 497 103 31 Lycidas
303 504 48 15 was
364 497 51 23 first
430 498 126 30 published
577 500 55 29 only
645 500 58 23 with
716 500 40 23 the
769 500 88 22 initials
875 500 24 23 J.
912 499 27 23 M
951 510 4 16 ;
976 501 16 22 it

154 556 49 15 was
226 548 40 23 the
278 548 46 23 last
336 548 27 22 of
373 556 13 14 a
409 548 126 23 collection
549 548 26 23 of
585 548 67 23 three
672 548 87 25 Greek,
783 548 111 22 nineteen
915 547 76 26 Latin,

155 595 47 23 and
214 595 103 23 thirteen
330 595 101 31 English
444 604 82 22 poems
538 605 30 14 on
581 596 41 23 the
634 597 72 23 death
720 598 25 22 of
756 597 49 23 Mr.
821 597 73 31 King,
906 597 86 23 Fellow

156 645 25 22 of
198 645 103 22 Christ's
322 645 107 30 College,
444 645 155 31 Cambridge.
637 646 22 22 It
678 646 20 22 is
721 646 94 23 curious
837 650 25 18 to
884 654 107 22 compare

155 695 49 22 this
216 694 115 31 powerful
343 694 70 22 effort
425 694 26 22 of
462 694 109 22 Milton's
585 694 110 30 youthful
715 694 84 30 genius
812 694 57 22 with
883 694 39 22 the
934 702 54 15 con-

156 744 59 22 ceits
235 743 24 22 in
271 743 41 22 the
333 742 69 23 other
424 741 100 31 English
547 741 96 31 Elegies
661 741 23 22 in
703 741 41 22 the
766 748 64 15 same
850 740 122 23 collection
985 750 4 16 ;

157 790 152 31 particularly
336 798 24 15 as
380 790 41 23 the
451 790 98 31 English
576 790 81 23 school
682 791 25 23 of
729 791 101 26 conceit,
861 791 74 23 under
958 791 31 23 its

158 840 92 23 leaders
273 840 85 22 Donne
382 839 47 23 and
452 839 104 31 Cowley,
569 848 49 14 was
640 840 59 23 then
711 841 24 22 in
755 840 30 23 its
798 840 96 31 highest
914 840 75 31 glory.

159 887 64 22 Here
233 886 20 22 is
261 893 45 15 one
317 885 107 30 example
436 895 5 17 ;
455 886 41 24 the
514 887 80 23 writer
603 895 114 23 supposes
732 888 51 24 Mr.
795 888 88 32 King's
896 889 94 31 epitaph

157 939 25 20 to
205 936 30 22 be
256 943 121 22 engraven
398 943 31 15 on
448 943 14 15 a
482 936 58 23 rock
552 943 57 16 near
622 937 78 22 where
713 937 30 22 he
764 944 47 15 was
827 937 160 30 shipwrecked

158 982 44 22 and
217 981 114 23 drowned
332 995 32 3 —

278 1041 60 21 Here
350 1041 41 20 lies
402 1040 105 25 rhetoric,
518 1042 30 20 all
560 1042 96 23 undone,

276 1079 83 21 Which
370 1080 76 20 makes
458 1079 38 21 the
508 1086 49 15 seas
568 1087 61 14 more
641 1080 70 21 fluent
723 1088 49 18 run,

278 1114 53 22 And
342 1114 52 22 here
407 1114 133 29 philosophy
551 1123 43 13 was
607 1116 104 22 drowned

277 1150 169 21 Which.makes
458 1151 38 21 the
508 1158 49 15 seas
568 1152 32 21 far
611 1160 60 14 more
683 1153 109 27 profound,

193 1213 138 24 Clieveland
343 1220 48 15 was
404 1220 44 15 one
462 1212 25 22 of
496 1212 40 23 the
549 1212 168 23 contributors.
756 1212 38 22 He
815 1219 56 18 was,
884 1212 106 30 perhaps,

160 1264 42 22 the
215 1266 64 19 most
291 1262 99 29 popular
402 1261 59 22 Poet
473 1260 26 23 of
509 1260 36 22 his
558 1260 45 30 day
614 1269 4 16 ;
639 1259 40 23 the
693 1267 113 23 anagram
824 1259 31 31 by
869 1259 75 23 which
962 1259 28 23 he

159 1319 50 16 was
222 1310 140 30 designated
375 1317 47 14 was
434 1308 65 24 John
507 1307 138 24 Clieveland
684 1307 141 23 Heliconian
954 1308 36 22 He

159 1361 80 23 writes
252 1368 30 14 on
295 1359 48 23 Mr.
358 1359 66 29 King
425 1372 33 2 —

279 1419 49 23 Our
339 1423 59 17 tears
410 1418 57 22 shall
478 1424 59 15 seem
549 1417 39 22 the
599 1417 57 21 Irish
669 1424 56 19 seas,

279 1457 42 21 We
333 1456 91 26 floating
435 1455 92 25 islands,
539 1454 68 28 Uving
619 1453 118 21 Hebrides.

192 1520 78 23 These
289 1517 137 24 collections
449 1516 25 22 of
494 1523 79 15 verses
594 1522 61 15 were
676 1513 66 23 often
765 1512 95 23 thrown
882 1512 50 23 into
954 1512 39 23 the

159 1574 85 23 graves
257 1566 26 23 of
292 1566 69 22 Poets
369 1572 27 14 or
404 1563 69 23 other
484 1562 173 31 distinguished
666 1570 106 23 persons,
787 1563 46 22 and
844 1571 61 15 were
916 1571 75 15 some-

158 1616 70 22 times
248 1613 88 31 pinned
349 1616 25 19 to
387 1612 40 23 the
448 1612 91 26 hearse,
553 1619 27 15 or
592 1611 54 31 pall,
670 1620 14 14 a
695 1612 103 30 practice
817 1612 83 22 within
919 1612 74 31 living

158 1665 152 22 recollection
331 1666 24 20 at
367 1663 41 23 the
422 1662 164 26 Universities,
600 1662 42 23 but
656 1662 61 23 from
730 1662 128 31 ignorance
873 1663 26 22 of
916 1663 77 22 which

158 1719 65 15 some
245 1710 89 24 editors
355 1710 59 23 have
438 1710 105 29 thought
562 1714 25 19 to
606 1710 105 29 improve
733 1711 51 23 Ben
808 1711 113 23 Jonson's
942 1710 51 24 well
