1120 1962
171 166 44 21 130

463 174 119 14 POETICAL
603 173 103 15 AVIARY.

485 258 50 14 THE
554 256 115 16 CUCKOW.

200 299 98 23 Several
310 307 83 22 poems
405 299 60 23 have
478 300 61 22 been
552 299 95 23 written
660 306 31 15 on
700 297 48 23 this
769 296 63 26 bird,
846 295 41 24 the
900 295 53 24 best
967 303 39 16 are

166 347 31 31 by
210 347 93 31 Logan,
316 347 130 27 Akenside,
458 349 46 23 and
512 349 177 23 Wordsworth.
721 348 54 23 One
789 348 26 23 of
826 347 106 31 Logan's
942 350 64 20 stan-

167 405 38 15 zas
219 405 66 15 more
306 397 153 31 particularly
471 398 103 31 relating
586 401 25 20 to
623 398 41 23 the
677 405 62 23 song
759 397 26 23 of
805 398 41 24 the
860 397 114 27 Cuckow,
988 397 18 23 is

167 446 55 22 thus
223 460 33 2 —

288 499 50 22 The
351 499 132 31 school-boy
495 502 128 29 wandering
635 503 97 29 through
745 503 39 22 the
796 503 65 22 wood

345 538 35 21 To
391 538 47 28 pull
449 538 38 22 the
499 539 106 28 primrose
616 547 48 20 gay,

287 574 79 27 Starts,
378 575 39 22 the
429 583 47 14 new
487 576 62 22 voice
561 576 26 22 of
595 577 74 29 spring
680 581 24 18 to
715 576 60 27 hear,

345 614 54 22 And
410 614 99 22 imitates
520 615 39 28 thy
570 615 44 28 lay.

201 675 170 22 Wordsworth
382 676 81 21 writes
476 676 55 21 thus
534 688 31 4 —

287 740 75 22 While
374 741 11 21 I
397 748 35 14 am
443 740 61 29 lying
516 748 28 14 on
555 741 39 21 the
606 748 61 21 grass

349 778 51 28 Thy
411 779 105 21 two-fold
528 778 67 22 shout
607 779 11 21 I
629 779 60 21 hear.

288 817 61 22 That
361 825 72 13 seems
444 821 24 17 to
479 817 32 21 fiU
522 817 38 21 the
572 817 71 21 whole
655 816 50 22 air's
717 824 66 21 space

348 855 34 21 As
393 855 54 21 loud
457 855 33 20 far
501 855 36 25 off,
549 863 24 13 as
581 862 61 14 near.

289 921 49 22 The
351 929 67 18 same,
430 921 71 26 when,
513 921 22 21 in
543 929 38 19 my
592 920 132 28 school-boy
736 920 62 28 days,

349 958 11 22 I
371 958 98 22 listened
480 961 24 19 to
515 957 49 23 that
576 965 44 19 cry,

288 996 82 22 Which
382 996 64 21 made
457 1002 36 15 me
509 995 52 21 look
572 1002 13 13 a
596 993 113 22 thousand
720 999 66 22 ways,

348 1033 26 21 In
385 1033 64 25 bush,
460 1032 23 21 in
494 1036 55 21 tree,
560 1031 44 22 and
616 1031 47 27 sky.

204 1097 28 23 In
244 1097 161 23 Midsummer
417 1095 101 31 Night's
531 1095 89 23 Dream
632 1102 35 16 we
680 1095 61 23 have
741 1107 33 4 —

289 1164 49 21 The
350 1163 78 26 Finch,
441 1163 38 21 the
492 1162 101 29 Sparrow
602 1162 44 22 and
657 1162 39 22 the
708 1161 65 25 Lark,

350 1200 50 22 The
408 1201 137 27 plain-song
559 1200 90 22 Cuckoo
661 1207 60 21 gray,

288 1239 84 21 Whose
384 1242 52 18 note
447 1238 42 21 fuU
498 1245 67 21 many
576 1245 13 14 a
600 1245 51 13 man
663 1237 55 21 doth
729 1236 70 25 mark,

349 1275 55 21 And
412 1275 64 21 dares
487 1278 39 18 not
537 1282 92 19 answer,
641 1282 50 20 nay.

205 1338 51 23 The
264 1338 134 30 plain-song
420 1337 99 23 denotes
531 1336 41 23 the
594 1336 84 30 simple
691 1336 96 25 chaunt,
802 1344 25 14 as
846 1335 59 23 used
918 1335 24 23 in
963 1334 45 24 Ca-

172 1388 105 22 thedrals
288 1397 6 17 ;
313 1387 80 23 whilst
413 1387 151 30 prick-song,
577 1395 27 15 as
624 1388 126 30 explained
762 1388 24 22 in
801 1396 13 15 a
828 1388 90 23 former
938 1388 70 30 chap-

172 1443 44 22 ter,
230 1442 81 20 meant
323 1438 139 30 variegated
476 1438 75 23 music
564 1446 63 22 sung
640 1439 30 29 by
684 1443 64 20 note.

513 1527 49 13 THE
582 1526 82 14 WREN.

293 1564 50 22 The
355 1564 158 28 Ousel-Cock,
525 1573 24 14 so
559 1565 66 22 black
636 1566 27 21 of
670 1566 42 21 hue

352 1602 63 22 With
426 1609 82 21 orange
520 1606 86 24 tawney
618 1603 46 26 bill,

294 1637 50 22 The
355 1638 95 22 throstle
461 1639 54 22 with
526 1640 34 21 his
571 1644 53 18 note
636 1648 24 14 so
672 1645 56 22 true,

353 1675 51 22 The
421 1677 69 22 Wren
501 1678 53 22 with
563 1679 57 22 little
631 1681 66 25 quill.

617 1717 152 24 Midsummer
780 1719 94 26 Night's
887 1720 94 22 Dream.
