1120 1962
926 155 44 21 137

426 161 120 15 TOETICAL
567 162 104 14 AVIARY.

120 242 129 24 precursor
262 235 26 23 of
305 235 99 27 Waller,
418 236 97 23 adverts
526 240 25 20 to
562 237 42 23 the
616 237 122 31 partiality
749 237 26 23 of
792 236 73 24 Chief
880 237 90 23 Justice

121 288 72 23 Fi'ncA
206 288 37 23 for
257 288 67 30 Lady
341 288 157 23 Wentworth
499 300 33 4 —

302 343 71 26 Hark,
385 343 50 22 how
446 344 39 22 the
497 348 62 18 stern
571 344 41 21 law
624 343 105 22 breathes

300 379 70 22 Forth
382 388 104 14 amorous
499 381 61 29 sighs
568 382 5 20 !
591 382 44 20 and
647 388 49 14 now
708 388 103 21 prepares

300 416 37 22 No
348 417 87 26 fetters,
446 418 42 21 but
500 418 27 21 of
539 418 72 21 silken
623 417 99 22 wreaths

362 455 54 22 And
427 455 94 22 braided
532 455 60 22 hairs
600 464 4 16 ;

212 491 42 22 His
266 492 103 21 dreadful
379 492 61 27 rods,
451 493 45 21 and
508 500 54 15 axes
573 500 38 15 are
623 493 82 26 exiled,

211 529 84 22 Whilst
306 529 28 22 he
346 529 41 22 sits
398 531 97 21 crown'd
506 531 55 22 with
573 538 61 15 roses
644 540 6 17 ;
667 532 62 21 Love
741 532 41 21 has
795 532 52 21 filed

212 567 42 21 His
266 567 75 22 native
352 567 131 28 roughness,
494 567 90 22 Justice
596 567 19 22 is
627 575 74 20 grown
713 567 63 21 mild.

501 638 89 15 GNATS.

209 683 35 22 As
255 683 64 22 when
330 691 14 14 a
355 692 79 13 swarm
445 685 27 20 of
477 684 74 23 Gnats
562 688 22 19 at
596 685 103 21 eventide

210 720 49 22 Out
271 721 27 21 of
310 721 39 21 the
360 721 48 21 fens
420 722 27 20 of
458 722 69 21 AUan
539 723 28 21 do
578 723 66 25 arise,

211 756 71 22 Their
292 758 140 28 murmuring
444 759 64 21 smaU
519 763 112 25 trumpets
643 760 101 21 sounden
756 759 65 27 wide,

211 793 85 22 Whilst
308 794 22 21 in
341 795 39 21 the
392 795 33 22 air
436 796 59 22 their
506 797 123 29 clustering
640 805 62 21 army
714 797 55 28 flies,

211 832 62 22 That
284 840 24 14 as
320 841 13 13 a
344 833 68 22 cloud
424 834 55 21 doth
490 842 62 13 seem
563 838 24 17 to
599 835 47 20 dim
657 835 39 20 the
709 835 67 20 skies.

838 870 101 28 Spenser.

153 913 105 32 Though
280 913 17 23 it
319 914 58 23 does
398 918 43 19 not
462 914 74 23 relate
556 918 27 19 to
602 914 42 23 the
657 918 63 19 notes
741 913 26 23 of
783 913 98 26 insects,
895 916 48 27 yet,
958 919 12 15 a

121 971 88 23 propos
229 963 26 23 of
272 963 85 27 Gnats,
374 963 11 22 I
397 963 48 23 will
457 963 47 23 cite
517 971 29 14 an
561 966 93 20 extract
672 963 63 22 from
757 970 13 15 a
782 969 71 24 poem
870 969 31 14 on
915 959 55 24 Cal-

121 1015 73 23 cutta,
215 1012 77 22 which
312 1011 19 23 is
353 1011 89 30 quoted
454 1011 31 30 by
502 1019 31 15 an
552 1011 107 24 eminent
675 1010 144 27 Naturalist,
837 1010 43 22 but
892 1007 78 25 which

122 1068 98 22 appears
233 1062 25 20 to
270 1059 70 24 make
353 1068 43 14 our
407 1060 77 22 Burra
499 1059 99 23 Khanas
615 1067 66 15 more
687 1058 53 32 full
751 1058 29 31 of
788 1058 42 30 life
839 1058 59 23 than
915 1065 55 22 may

121 1109 122 30 generally
255 1109 30 23 be
297 1109 107 30 thought
417 1109 133 23 consistent
562 1108 59 23 with
633 1108 48 24 fact
694 1119 6 13 :

210 1164 37 23 On
258 1171 66 22 every
335 1164 50 21 dish
398 1163 38 22 the
449 1163 107 29 booming
567 1163 79 22 Beetle
658 1164 59 27 falls,

210 1202 50 22 The
274 1202 131 22 Cockroach
417 1202 71 29 plays,
501 1210 24 13 or
534 1202 138 29 Caterpillar
681 1203 85 26 crawls,

209 1239 22 21 A
242 1239 114 21 thousand
368 1239 80 28 shapes
460 1239 27 21 of
499 1239 130 28 variegated
640 1239 58 22 hues

209 1276 86 22 Parade
307 1277 39 22 the
357 1277 69 25 table,
439 1276 45 21 and
495 1276 89 29 inspect
595 1276 39 21 the
647 1279 74 19 stews.

209 1312 75 22 When
296 1312 80 22 odious
387 1312 86 22 insects
484 1320 67 21 every
562 1313 61 29 plate
636 1314 67 21 defile

210 1350 50 22 The
271 1350 69 28 laugh
348 1350 49 22 how
409 1355 85 23 empty,
506 1350 45 22 and
560 1350 50 22 how
621 1351 77 21 forced
709 1351 39 22 the
760 1352 63 21 smile
833 1352 4 21 !

457 1422 50 15 THE
527 1422 102 16 LINNET.

155 1463 129 30 Southey's
302 1462 73 24 much
396 1462 121 24 talked-of
533 1463 56 31 play
601 1464 27 23 of
644 1464 59 24 Wat
723 1465 72 24 Tyler
809 1465 51 28 has,
882 1466 38 23 for
938 1467 30 23 its

120 1513 105 31 opening
244 1521 78 18 scene,
336 1521 14 15 a
369 1513 174 23 Blacksmith's
564 1513 69 30 shop.
672 1514 57 23 Wat
741 1515 72 29 Tyler
824 1515 20 22 is
868 1519 25 19 at
903 1517 65 23 work

119 1563 83 23 within
211 1573 5 16 ;
236 1570 14 16 a
262 1563 127 31 May-pole
402 1563 83 23 stands
499 1562 82 23 before
595 1563 40 22 the
650 1563 67 23 door.
755 1564 50 22 The
815 1565 55 30 play
882 1565 86 31 begins

120 1614 56 23 with
189 1621 13 16 a
215 1621 70 23 song,
299 1613 26 23 of
335 1612 79 24 which
429 1620 45 15 one
489 1611 26 23 of
531 1611 42 23 the
586 1613 97 20 stanzas
695 1609 20 23 is
729 1610 56 23 thus
787 1624 34 3 —

269 1667 50 22 The
332 1667 84 21 Linnet
427 1666 57 21 from
496 1665 39 21 the
547 1664 103 28 budding
660 1670 65 22 grove

269 1703 83 28 Chirps
363 1703 41 22 her
416 1703 86 22 several
514 1709 55 21 song
581 1701 26 22 of
618 1701 50 21 love
678 1709 5 18 ;

325 1758 12 13 T
