1120 1962
944 141 29 21 89

436 150 119 15 POETICAL
576 151 103 14 AVIARY.

246 226 55 21 And
312 225 50 22 that
374 225 53 22 fleet
438 232 129 21 messenger
577 225 28 21 of
611 232 99 14 summer
721 225 63 28 days,

246 261 50 22 The
310 261 108 26 Swallow,
431 262 114 21 twittered
557 262 88 28 subject
657 266 25 18 to
693 263 44 21 like
749 263 64 28 spell.

245 300 45 21 But
301 299 61 22 ne'er
373 299 68 22 could
453 299 77 29 Fancy
542 300 60 20 bend
614 300 38 21 the
665 300 100 28 buoyant
777 298 58 22 Lark

246 336 36 22 To
294 337 144 27 melancholy
449 337 92 21 service.
544 351 28 3 —
575 337 64 21 Hark
648 338 4 20 !
672 337 21 23 O
706 338 55 21 hark
771 337 5 21 !

158 391 65 22 Lord
235 391 84 31 Byron
333 399 62 25 says,
398 404 34 4 —
459 391 19 22 if
489 391 85 22 indeed
587 391 51 22 Fox
651 391 29 22 be
849 389 30 23 he
892 387 79 23 would

124 440 81 23 rather
218 447 37 16 err
269 440 59 23 with
347 440 50 23 him
419 440 59 23 than
490 440 30 23 be
533 440 66 31 right
621 441 58 22 with
700 441 42 22 the
762 440 69 23 other
853 440 69 29 party
933 446 4 17 ;
958 444 13 14 a

124 489 56 23 bold
191 489 138 27 sentiment,
343 489 156 30 considering
511 489 53 23 that
577 489 151 30 Shakspeare
748 489 48 23 and
818 488 90 23 Milton
931 496 40 15 are

123 537 23 22 in
160 537 41 23 the
213 537 41 23 list
267 537 27 23 of
305 540 146 27 opponents.

157 587 150 30 Shakspeare
320 595 55 22 says
389 586 27 24 of
425 587 42 23 the
476 586 162 31 Nightingale
640 600 32 2 —

243 646 62 22 Here
317 654 41 14 can
372 646 10 21 I
391 646 31 22 sit
433 647 73 26 alone,
519 654 85 14 unseen
616 648 27 21 of
649 655 49 19 any,

243 685 55 21 And
309 689 24 17 to
345 685 39 21 the
396 684 168 29 Nightingale's
576 685 152 28 complaining
740 689 64 17 notes

243 723 66 21 Tune
321 730 37 20 my
369 723 127 26 distresses,
509 723 45 21 and
565 723 78 21 record
655 730 38 20 my
704 730 66 15 woes.

156 776 98 26 Milton,
279 776 25 22 in
328 776 38 22 his
389 775 27 23 L'
418 775 109 31 Allegro,
548 776 57 23 calls
625 776 40 23 the
680 776 168 30 Nightingale,
908 779 61 21 most

320 823 54 27 and,
390 823 25 23 in
431 824 39 23 his
485 824 99 27 Comus,
598 825 41 23 the
653 826 67 30 Lady
739 827 143 31 addressing
903 828 66 22 Echo

122 873 66 30 sings
190 888 33 3 —

242 928 54 22 And
307 928 23 21 in
342 929 39 21 the
393 928 240 23 violet-embroidered
646 931 56 26 vale,

273 968 83 22 Where
369 968 39 22 the
419 968 113 22 love-lorn
544 968 155 29 Nightingale,

243 1007 96 27 Nightly
350 1011 23 18 to
385 1007 53 22 thee
450 1008 40 20 her
502 1007 40 21 sad
554 1014 55 20 song
621 1007 119 21 mourneth
752 1007 55 21 well.

157 1067 98 31 Having
272 1066 104 24 finished
389 1067 32 22 all
440 1067 54 23 that
508 1067 10 23 I
532 1067 61 23 have
610 1071 25 19 to
655 1068 100 23 observe
776 1076 64 22 upon
862 1069 41 23 the
918 1070 49 22 Fox

121 1113 47 22 and
181 1113 135 23 Wakefield
335 1117 165 28 controversy,
516 1115 11 22 I
540 1124 54 22 may
608 1117 96 22 remark
716 1117 54 23 that
789 1118 42 23 the
844 1126 63 23 song
915 1120 52 29 just

122 1164 88 29 quoted
223 1171 48 15 was
282 1163 127 30 originally
422 1171 63 22 sung
498 1164 31 30 by
542 1164 68 30 Lady
623 1164 76 26 Alice,
715 1164 57 22 then
783 1164 105 23 thirteen
900 1173 67 22 years

121 1209 47 26 old,
189 1209 120 31 daughter
322 1210 26 22 of
362 1209 40 23 the
417 1210 56 23 Earl
493 1210 27 23 of
531 1211 160 31 Bridgwater,
715 1215 23 19 at
753 1212 80 24 whose
853 1217 51 19 seat
926 1214 41 22 the

121 1267 97 22 masque
240 1259 26 23 of
277 1259 90 23 Comus
389 1268 50 14 was
451 1260 146 31 performed.
635 1261 69 23 Until
726 1262 41 23 the
787 1263 83 29 period
891 1264 26 22 of
927 1264 40 23 the

121 1310 163 26 Restoration,
310 1310 19 22 it
351 1318 48 14 was
422 1309 56 32 only
501 1317 32 15 on
555 1309 42 22 the
618 1308 113 23 occasion
752 1309 26 22 of
798 1308 59 23 such
876 1309 91 30 private

120 1368 120 23 masques,
262 1360 55 23 that
336 1359 86 24 female
435 1359 137 24 characters
585 1367 63 15 were
666 1359 137 30 performed
816 1359 32 31 by
859 1359 107 24 females.

119 1410 50 23 The
183 1409 85 28 Queen
282 1409 26 23 of
319 1409 102 24 Charles
433 1409 20 23 I.
468 1409 92 31 having
572 1408 71 24 acted
654 1408 25 23 in
689 1417 14 14 a
715 1409 106 30 pastoral
834 1410 130 22 entertain-

119 1464 66 21 ment
209 1463 25 21 at
256 1460 154 26 White-hall,
438 1468 13 14 a
476 1466 101 16 censure
602 1465 30 15 on
686 1463 95 16 woman
935 1456 32 29 by

119 1511 94 30 Prynne
233 1511 24 22 in
276 1510 37 23 his
605 1514 47 15 was
675 1504 95 24 twisted
791 1504 31 30 by
844 1504 75 25 Laud,
941 1504 25 22 in

118 1560 41 23 the
173 1559 66 24 Star-
244 1559 129 26 Chamber,
384 1562 26 19 to
420 1557 62 24 have
494 1556 62 23 been
569 1555 80 23 aimed
660 1556 25 21 at
704 1553 53 23 Her
767 1551 107 31 Majesty
886 1551 25 22 in
922 1551 45 22 her

119 1606 123 24 theatrical
259 1607 133 23 character.
429 1606 51 22 The
502 1612 167 22 consequence
689 1610 49 15 was
759 1601 40 23 the
818 1601 49 22 loss
887 1601 27 22 of
924 1601 40 22 the

117 1657 64 20 most
203 1654 146 24 memorable
362 1654 52 30 pair
435 1654 26 22 of
473 1661 54 15 ears
539 1653 55 23 that
616 1660 39 15 are
677 1650 116 24 recorded
815 1650 24 22 in
860 1650 49 23 real
925 1650 39 30 (as

117 1702 70 23 those
208 1701 26 24 of
252 1702 82 23 Midas
353 1701 25 23 in
390 1701 122 29 fabulous)
527 1700 100 30 history.
658 1700 115 30 Prynne's
784 1700 77 23 actual
872 1700 92 24 offence

297 1758 15 13 N
