1120 1962
529 138 28 16 57

378 415 85 22 PART
481 415 68 23 THE
569 415 144 24 SECOND.

288 482 29 14 ON
332 482 64 14 BIRDS
411 482 57 14 WITH
482 482 114 14 ALLUSION
611 483 26 13 TO
652 483 69 13 THEIR
735 483 75 13 NOTES.

471 596 128 19 SECTION
616 597 16 18 I.

217 650 40 22 On
276 649 105 23 Poetical
402 649 130 23 Imitations
551 648 26 23 of
593 648 41 22 the
654 647 78 24 Notes
751 648 27 22 of
795 648 77 23 Birds.

415 772 50 13 THE
485 771 185 14 NIGHTINGALE.

157 822 72 30 Upon
249 830 15 15 a
277 823 55 22 visit
352 822 26 23 of
398 822 66 30 King
485 822 83 22 James
582 821 20 22 I.
624 821 47 22 and
687 821 37 22 his
739 821 84 28 Queen
837 824 25 20 to
877 821 38 23 Sir
928 822 40 23 W.

122 870 141 23 Cornwallis
282 873 24 20 at
328 871 127 30 Highgate
470 879 30 14 on
513 870 59 31 May
585 870 61 31 Day,
665 871 71 25 1640,
762 870 42 23 the
818 870 110 27 Penates,
942 879 28 15 or

123 920 141 23 Household
287 920 75 26 Gods,
376 919 110 24 received
508 920 40 22 the
564 919 75 31 Royal
652 919 96 23 visitors
760 923 24 20 at
794 920 40 23 the
848 921 75 30 porch
945 921 25 23 of

121 971 40 23 the
180 971 121 26 Mansion,
315 971 73 30 being
401 971 92 29 ranged
506 978 30 15 on
551 970 59 23 each
634 970 59 23 side.
729 970 68 31 They
810 971 39 23 led
862 971 40 24 the
917 980 51 22 way

121 1018 106 32 through
239 1019 42 23 the
293 1019 75 22 house
381 1022 25 19 to
420 1018 40 23 the
474 1018 100 31 garden,
588 1017 99 32 singing
700 1017 116 24 alternate
830 1022 95 20 stanzas
945 1019 25 23 of

121 1068 150 30 appropriate
285 1071 94 28 poetry.
417 1068 40 23 On
470 1068 87 23 arrival
575 1072 24 20 at
610 1069 41 23 the
673 1070 100 30 garden,
786 1070 42 24 the
841 1071 87 23 Bower
945 1072 25 22 of

121 1119 57 30 May
199 1119 164 30 immediately
383 1118 90 31 caught
498 1118 128 23 attention.
663 1117 61 32 May
743 1126 48 14 was
815 1118 82 23 seated
911 1127 30 14 on
956 1127 13 15 a

122 1169 72 23 rustic
213 1169 96 23 throne.
348 1168 50 23 Her
420 1168 139 23 attendants
585 1168 101 25 Aurora,
700 1167 77 26 Flora,
798 1168 47 22 and
869 1168 98 31 Zephyr

122 1215 55 22 rush
191 1217 41 20 out
245 1214 26 23 of
282 1215 41 22 the
337 1215 94 25 Bower,
446 1215 47 23 and
513 1215 55 30 sing
581 1223 30 15 an
624 1216 42 26 air,
680 1216 25 22 in
718 1216 67 23 three
799 1221 66 26 parts
875 1227 4 16 ;
900 1226 66 14 com-

121 1262 113 30 mencing
245 1261 57 23 thus
304 1275 33 3 —

180 1315 51 27 See,
245 1315 50 28 See,
308 1316 21 23 O
342 1324 45 19 see,
399 1317 50 22 who
461 1318 53 22 here
525 1319 20 21 is
557 1326 64 15 come
633 1327 13 14 a
662 1320 94 29 Maying
765 1321 3 22 !

240 1354 51 22 The
304 1359 83 17 master
398 1356 28 21 of
432 1356 39 22 the
484 1356 79 23 Ocean

241 1392 55 22 And
307 1392 35 22 his
353 1393 129 24 beauteous
496 1395 79 27 Orian,

241 1432 61 28 Why
313 1432 41 21 left
367 1440 31 13 we
411 1441 42 13 our
464 1435 94 28 playing
566 1436 9 21 ?

271 1470 35 22 To
319 1477 63 21 gaze,
396 1475 24 17 to
432 1479 54 19 gaze

180 1508 37 22 On
230 1508 63 22 them
304 1508 50 22 that
368 1508 63 23 Gods
443 1517 30 15 no
484 1511 45 22 less
541 1513 56 21 than
610 1513 55 21 Men
678 1520 83 15 amaze.

239 1547 44 27 Up,
297 1546 156 29 Nightingale,
466 1549 44 20 and
523 1549 50 27 sing

268 1585 56 28 Jug,
336 1585 55 28 Jug.
403 1586 56 27 Jug,
470 1586 56 28 Jug,
538 1587 56 27 Jug,
606 1587 55 28 Jug,
674 1590 37 24 &sc.

240 1624 75 25 Raise,
329 1623 69 27 Lark,
409 1624 41 28 thy
463 1628 53 18 note
529 1624 45 22 and
586 1624 66 28 wing,

240 1662 40 21 All
292 1663 61 21 birds
365 1662 60 22 their
437 1662 71 21 music
520 1662 72 27 bring.

240 1700 74 22 Sweet
327 1701 84 25 Robin,
425 1700 89 24 Linnet,
529 1698 97 26 Thrush,
