1120 1962
193 169 46 21 138

491 177 119 15 POETICAL
632 177 102 15 AVIARY.

338 251 50 21 The
400 258 67 21 copse
479 251 109 21 resounds
600 250 38 21 the
652 248 114 23 throstle's
779 252 71 21 notes,

339 287 37 22 On
388 287 55 22 each
455 287 50 22 wild
517 287 49 28 gale
578 292 68 17 sweet
658 287 70 22 music
741 287 73 25 floats,

338 325 53 21 And
403 325 89 27 melody
503 325 57 20 from
572 331 66 21 every
647 331 66 21 spray

339 361 127 22 Welcomes
477 361 21 21 in
511 361 38 22 the
560 369 73 19 merry
646 361 60 27 May.

221 422 21 22 A
257 422 73 22 dance
344 430 92 15 ensues.
473 423 94 30 During
586 423 41 23 the
647 423 74 23 dance
743 422 72 31 Tyler
836 422 50 30 lays
906 422 69 22 down
995 421 36 23 his

187 471 116 26 hammer,
318 471 46 23 and
377 474 63 19 seats
453 470 96 23 himself
565 470 81 23 before
660 469 41 23 the
723 469 68 25 door,
814 468 100 29 looking
934 475 95 15 mourn-

186 518 68 30 fully.
274 518 23 23 It
310 525 107 23 appears,
431 518 93 23 further
537 526 31 15 on
580 519 24 22 in
616 519 43 22 the
672 519 62 30 play,
746 519 53 22 that
810 518 42 23 the
863 517 168 30 tax-gatherer

185 568 22 22 is
220 571 25 19 at
257 568 40 22 the
310 568 93 22 bottom
417 568 26 22 of
457 568 37 22 his
508 568 177 30 despondency.
721 568 57 22 This
792 568 55 29 play
864 574 50 16 was
935 567 95 22 written

185 616 32 30 by
230 617 107 30 Southey
351 617 71 23 about
436 616 40 23 the
489 616 57 23 time
559 616 78 26 when,
650 616 25 22 in
693 615 120 23 imitation
826 615 27 22 of
870 615 40 22 the
922 614 108 23 abortive

185 666 102 27 attempt
311 663 26 22 of
354 662 38 23 Sir
412 663 27 22 P.
455 662 99 32 Sidney,
575 664 30 22 he
631 664 62 23 tried
716 668 26 18 to
771 664 81 23 revive
873 665 41 22 the
936 665 94 23 Roman

185 717 96 22 metres,
295 712 47 23 and
354 716 25 19 to
391 713 70 30 apply
474 713 66 22 them
553 716 25 19 to
591 713 69 23 those
704 714 145 23 democratic
951 715 79 23 which

185 760 61 23 have
267 761 61 22 been
350 768 26 15 so
400 760 132 31 admirably
555 762 116 29 parodied
695 762 32 31 by
753 762 112 32 Canning
890 765 46 22 and
960 765 69 23 other

185 809 93 22 writers
298 809 25 22 in
344 809 40 22 the
404 809 176 30 Anti-jacobin.
625 809 11 23 I
657 810 47 23 will
725 811 56 30 only
801 812 94 22 remark
914 812 52 23 that
987 813 41 22 the

184 857 166 31 Anti-jacobin
362 857 93 23 writers
467 857 60 23 have
536 858 61 23 been
607 859 122 25 indebted,
743 860 23 22 in
780 861 62 22 their
854 861 108 23 metrical
975 861 52 22 imi-

183 905 98 27 tations,
302 909 27 19 to
341 905 92 23 several
453 905 26 22 of
497 905 41 23 the
552 906 125 31 neglected
690 907 106 31 political
809 912 67 26 poets
887 909 88 30 during
986 910 42 23 the

184 955 61 22 Civil
257 955 67 22 War.
361 955 23 22 A
396 955 76 30 single
492 955 107 30 example
621 962 55 23 may
695 955 30 22 be
734 955 137 30 permitted.
910 955 117 31 Suckling

183 1003 85 29 begins
281 1010 13 15 a
306 1010 69 22 poem
389 1003 23 22 in
426 1002 101 30 Sapphic
539 1006 76 19 metre
627 1003 57 23 thus
687 1016 29 3 —

359 1063 12 21 I
382 1071 35 13 am
428 1071 14 14 a
452 1071 51 14 man
515 1064 26 21 of
552 1071 52 19 war,
616 1065 44 21 and
671 1065 77 27 might,

363 1101 51 21 And
425 1101 65 21 know
500 1101 45 21 this
557 1102 74 25 much,
643 1102 50 21 that
704 1102 11 20 I
727 1109 41 13 can
780 1102 61 28 fight,

360 1137 111 22 Whether
483 1137 40 22 I'm
535 1138 22 21 in
569 1138 38 21 the
618 1146 75 19 wrong
705 1146 24 13 or
740 1138 67 27 right,

693 1176 124 27 Devoutly.

216 1237 22 22 A
250 1244 69 22 poem
333 1237 23 22 in
370 1237 41 22 the
419 1236 175 30 Anti-jacobin,
605 1236 137 30 professing
754 1238 25 20 to
790 1236 97 23 ridicule
897 1235 128 32 Southey's

182 1289 96 23 metres,
291 1286 86 28 begins
389 1286 56 22 thus
447 1298 32 3 —

359 1343 12 21 I
382 1351 35 13 am
429 1351 12 13 a
453 1344 78 26 hearty
543 1344 103 26 Jacobin,

358 1380 60 21 Who
430 1387 48 14 own
490 1388 29 13 no
531 1380 58 27 God,
602 1381 44 21 and
658 1380 68 22 dread
739 1388 30 14 no
781 1380 41 27 sin,

359 1416 79 27 Ready
450 1420 23 17 to
485 1417 55 20 dash
552 1417 97 26 through
662 1417 69 26 thick,
743 1417 44 21 and
798 1416 56 21 thin.

748 1454 44 20 For
808 1454 105 20 freedom.

215 1515 9 22 I
238 1514 60 23 have
311 1514 24 22 in
356 1514 89 23 former
457 1522 76 22 pages
553 1514 139 23 mentioned
705 1515 88 22 Brome
811 1514 47 23 and
878 1513 144 27 Clieveland,

178 1565 62 25 who,
254 1564 47 23 like
312 1564 123 31 Suckling,
450 1572 61 14 were
532 1564 101 30 popular
646 1568 69 26 poets
727 1564 88 31 during
828 1564 42 23 the
884 1563 61 23 Civil
955 1563 67 23 War.

179 1614 34 24 So
226 1615 99 30 fleeting
338 1614 18 23 is
370 1614 41 22 the
423 1614 99 22 interest
536 1612 78 22 which
627 1612 19 22 is
658 1612 112 22 confined
782 1615 26 19 to
820 1611 107 30 political
940 1618 82 15 occur-

177 1669 91 18 rences,
282 1661 52 23 that
347 1669 35 15 we
395 1661 91 22 seldom
499 1660 58 22 hear
569 1659 26 23 of
605 1659 69 22 these
687 1658 72 23 Poets
769 1658 24 22 in
806 1658 42 22 the
860 1661 96 27 present
968 1656 53 31 day.

179 1709 46 23 Yet
239 1708 158 24 Clieveland's
411 1708 78 23 works
502 1711 63 19 went
577 1706 106 29 through
704 1706 81 22 fifteen
796 1706 102 22 editions
914 1706 108 22 between
