1120 1962
400 158 121 15 POETICAL
540 158 104 15 AVIARY.

921 155 25 21 11

101 234 68 28 great
188 234 67 21 note.
292 232 29 23 In
342 232 133 24 Chaucer's
497 233 111 23 Nonne's
622 234 99 22 Priest's
743 234 46 22 tale
809 234 108 22 mention
931 234 18 23 is

100 280 69 23 made
180 280 27 23 of
216 289 13 15 a
240 281 59 23 cock
312 281 79 23 which
404 282 101 23 omitted
515 285 25 19 to
551 289 64 16 crow
628 290 45 16 one
683 284 121 30 morning,
815 284 112 24 wherebv
937 292 12 14 a

99 328 75 31 priest
196 328 41 23 did
250 333 43 19 not
302 329 47 23 rise
362 329 63 23 from
447 330 37 23 his
503 330 47 23 bed
568 331 25 22 in
607 331 57 24 time
686 334 25 20 to
732 339 56 16 earn
801 340 14 15 a
826 333 106 23 benefice
943 343 5 16 ;

99 377 42 23 the
153 378 68 27 cock,
244 378 19 22 it
276 386 108 23 appears,
399 379 70 23 acted
482 379 62 23 from
557 388 106 24 revenge
684 381 37 24 for
737 382 90 31 having
849 383 31 22 its
893 383 53 30 legs

99 428 119 22 wounded
230 430 25 20 at
266 428 196 30 cock-throwing
474 429 32 29 by
519 429 42 23 the
573 429 76 29 priest
661 430 71 23 when
745 439 13 15 a
769 431 47 23 lad.

460 493 76 21 There
547 500 47 14 was
605 500 13 14 a
631 492 57 27 Cok,

250 530 61 22 That
323 531 33 20 for
367 537 13 14 a
393 529 91 22 Priest's
497 537 40 13 son
548 536 55 21 gave
615 528 46 22 him
673 536 13 14 a
697 528 58 22 nock

250 566 67 29 Upon
329 567 34 21 his
375 567 43 28 leg,
431 566 65 22 while
510 566 28 22 he
550 574 44 14 was
606 573 60 22 yong
675 566 46 21 and
732 566 58 26 nice,

251 605 36 21 He
299 605 67 22 made
377 605 46 22 him
435 605 35 22 for
481 609 24 18 to
516 605 48 22 lose
576 605 34 21 his
622 605 109 21 benefice.

132 661 51 24 The
193 666 68 27 sport
274 663 27 24 of
310 664 41 23 the
367 663 130 30 popingay,
511 670 28 15 or
559 661 164 30 sham-parrot
738 660 38 22 for
789 659 115 30 shooting
917 662 32 23 at,

97 710 21 22 is
131 711 50 24 also
195 711 107 24 obsolete
312 720 6 19 ;
339 720 27 14 so
384 711 20 23 is
417 711 41 23 the
471 709 105 32 practice
588 709 26 22 of
630 707 165 32 approaching
814 707 66 23 birds
892 707 57 22 with

98 770 15 15 a
125 763 107 30 stalking
239 763 81 27 horse,
340 763 97 30 though
449 762 41 23 the
503 765 63 20 term
578 760 21 23 is
611 759 145 32 proverbial.
793 758 50 23 The
856 765 93 16 amuse-

99 814 68 19 ment
181 811 26 22 of
223 811 99 31 birding
340 812 79 22 which
432 811 112 31 engaged
562 811 94 23 Master
668 810 73 26 Ford,
754 809 80 23 whilst
847 809 37 22 his
896 809 53 23 wife

100 859 47 22 and
158 859 63 23 Mrs.
236 860 65 31 Page
315 860 110 23 diverted
437 860 146 23 themselves
598 864 24 18 at
635 860 41 22 the
689 867 107 22 expence
809 858 26 23 of
843 858 106 26 Falstaff,

99 905 20 23 is
132 914 32 15 no
176 906 87 31 longer
275 907 120 29 practised
406 917 5 16 ;
426 915 60 15 even
495 908 43 22 the
551 908 114 31 catching
677 908 27 22 of
711 908 99 31 singing
827 908 67 23 birds
907 908 42 22 has

100 954 85 23 ceased
197 958 26 19 to
233 954 30 23 be
275 963 14 15 a
300 955 101 29 popular
414 960 152 20 amusement
579 961 24 19 at
616 958 73 24 Eton.

250 1019 51 29 Say,
313 1020 85 22 Father
411 1021 107 28 Thames,
530 1024 35 21 for
576 1024 57 22 thou
644 1025 52 22 hast
708 1033 51 14 seen

248 1057 53 22 Full
312 1066 67 21 many
390 1066 13 14 a
416 1059 111 28 sprightly
538 1068 51 15 race

248 1094 136 30 Disporting
395 1102 29 15 on
437 1096 41 28 thy
489 1102 103 24 margent
604 1107 68 20 green

249 1133 51 22 The
312 1134 67 28 paths
391 1135 26 21 of
427 1134 105 28 pleasure
544 1140 61 17 trace
616 1145 5 18 ;

250 1172 60 22 Who
322 1173 109 22 foremost
443 1181 50 15 now
505 1174 86 29 delight
604 1179 23 17 to
639 1175 75 21 cleave

250 1208 65 21 With
324 1209 72 28 pfiant
409 1218 59 14 arms
476 1211 41 29 thy
528 1212 75 28 glassy
614 1220 61 14 wave
685 1212 9 22 ?

252 1245 48 22 The
312 1247 89 26 captive
413 1248 71 21 linnet
495 1248 75 22 which
582 1250 111 21 enthral?

250 1283 68 21 What
329 1283 46 22 idle
386 1291 100 21 progeny
498 1286 96 20 succeed

250 1320 35 22 To
297 1321 68 22 chase
377 1323 39 21 the
428 1323 82 27 rolling
521 1323 85 22 circle's
618 1323 75 29 speed,

251 1358 34 23 Or
296 1367 55 20 urge
362 1360 39 21 the
414 1360 69 27 flying
495 1361 46 21 ball
551 1361 10 20 ?

131 1422 49 23 Old
199 1422 89 23 dances
310 1430 41 15 are
372 1422 140 23 mentioned
533 1422 24 23 in
572 1422 159 31 Shakspeare,
745 1422 47 23 and
805 1422 143 28 Beaumont,

97 1472 48 23 and
167 1472 112 23 Fletcher
299 1472 31 31 by
349 1472 42 23 the
412 1480 83 15 names
508 1472 26 23 of
712 1472 48 23 and

97 1523 50 24 The
158 1523 77 23 Paven
249 1531 49 15 was
311 1531 13 15 a
337 1522 93 24 solemn
444 1522 92 23 serious
556 1521 85 26 dauce,
655 1520 25 23 in
696 1519 120 24 imitation
828 1520 26 22 of
865 1527 14 15 a
888 1520 60 22 Pea-

97 1571 74 23 cock's
184 1571 54 27 tail;
258 1571 42 23 the
319 1571 75 22 ladies
417 1571 24 22 in
467 1571 48 22 this
539 1570 77 23 dance
638 1570 48 22 had
705 1569 59 30 long
780 1569 83 25 trains,
878 1569 71 23 Peers

97 1630 65 15 wore
186 1621 63 23 their
269 1621 113 27 mantles,
405 1621 140 31 gentlemen
570 1627 61 16 were
654 1618 99 23 dressed
771 1618 25 22 in
826 1626 55 22 caps
903 1617 46 23 and

97 1670 100 25 swords,
212 1669 47 23 and
270 1669 101 23 dancers
384 1669 27 23 of
417 1669 42 23 the
473 1670 60 29 long
541 1669 59 22 robe
613 1668 47 29 (for
671 1668 109 30 example
790 1667 39 24 Sir
839 1668 109 23 Christo-

96 1719 60 29 pher
170 1718 94 23 Hatton
288 1717 46 23 and
348 1716 39 24 Sir
403 1717 24 23 J.
448 1716 99 29 Davies)
561 1715 49 23 had
622 1722 32 15 on
675 1714 63 23 their
750 1714 86 23 official
854 1721 94 23 gowns.

301 1773 13 13 c
334 1766 13 20 2
