1120 1962
139 161 46 22 146

452 168 120 14 POETICAL
592 167 103 15 AVIARY.

196 245 44 22 Ere
251 248 38 25 yet
301 243 39 22 the
352 243 103 22 shadows
467 243 29 28 fly
507 242 28 21 he
547 241 110 22 mounted
670 240 67 28 sings,

196 282 70 22 Amid
277 282 39 21 the
328 281 102 28 dawning
442 281 85 26 clouds,
539 281 45 21 and
595 281 58 20 from
664 279 59 22 their
735 279 82 22 haunts

197 318 62 22 CaUs
271 325 30 21 up
312 318 39 22 the
363 317 88 23 tuneful
462 318 96 22 nations.
590 317 74 29 Every
676 324 67 21 copse

196 356 66 27 Deep
273 356 99 27 tangled,
384 360 47 17 tree
442 356 114 27 irregular,
568 356 45 22 and
625 356 57 22 bush

196 394 103 28 Bending
312 393 51 22 with
375 394 64 28 dewy
450 395 107 22 moisture
569 395 45 22 o'er
626 395 38 22 the
674 395 69 22 heads

197 430 35 23 Of
240 431 38 21 the
290 438 41 20 coy
343 429 115 29 quiristers
470 431 50 21 that
531 432 66 28 lodge
609 432 85 26 within,

196 468 46 21 Are
254 467 102 29 prodigal
367 467 26 22 of
400 467 115 29 harmony.
548 468 50 22 The
611 468 99 28 Thrush,

196 504 54 22 And
262 503 134 22 Wood-lark
407 504 45 21 o'er
463 504 38 21 the
513 504 206 30 kind-contending
730 506 83 28 throng

196 542 105 29 Superior
312 541 77 26 heard,
400 549 41 13 run
453 542 96 29 through
561 543 38 20 the
612 546 103 18 sweetest
727 542 78 29 length

196 578 35 22 Of
238 582 64 17 notes
312 587 6 17 ;
329 578 63 22 when
405 578 124 22 Philomela
540 579 78 28 deigns

195 614 37 22 To
243 615 31 20 let
286 614 62 21 them
357 615 47 28 joy,
417 616 44 21 and
472 622 109 21 purposes
593 616 22 21 in
627 616 97 28 thought

194 650 66 22 Elate
272 654 23 17 to
306 652 66 20 make
384 653 39 20 her
435 652 64 29 night
511 653 63 21 excel
586 654 58 20 their
657 654 43 28 day
711 661 4 13 :

195 687 50 21 The
257 687 121 22 Blackbird
389 688 100 21 whistles
500 689 56 21 from
567 690 39 20 the
616 690 81 29 thorny
708 692 68 21 brake
787 701 5 17 ;

195 725 51 22 The
257 726 87 21 mellow
356 726 113 21 Bullfinch
482 733 96 15 answers
589 726 60 22 from
660 727 39 21 the
710 735 74 20 grove,

195 765 48 22 Nor
255 772 37 15 are
304 765 38 22 the
354 765 102 26 Linnets,
467 765 46 21 o'er
524 765 38 21 the
576 765 112 27 flowering
700 765 62 21 furze

194 803 90 21 Poured
295 806 39 18 out
346 802 121 28 profusely,
479 802 67 21 silent
556 810 4 18 ;
575 801 79 29 joined
665 805 23 18 to
700 802 65 21 these

195 839 148 20 Innumerous
355 842 112 25 songsters
478 838 23 21 in
513 838 39 21 the
563 838 129 29 freshening
707 839 69 22 shade

195 877 35 22 Of
242 884 48 14 new
302 876 75 29 spring
388 877 73 21 leaves
473 876 59 21 their
543 876 151 21 modulations
710 876 47 21 mix

195 914 145 21 Mellifluous.
373 913 49 22 The
433 913 51 28 Jay,
497 914 38 21 the
547 914 72 25 Rook,
632 914 38 21 the
682 914 64 27 Daw,

193 951 55 22 And
260 950 55 21 each
327 950 66 21 harsh
405 950 60 28 pipe,
477 950 129 22 discordant
618 950 70 22 heard
699 951 65 22 alone

194 988 46 21 Aid
251 988 39 21 the
301 987 41 21 full
355 987 97 21 Concert
462 994 5 14 :
483 986 64 22 while
560 987 39 21 the
612 986 127 22 Stockdove
750 988 105 21 breathes

193 1025 23 21 A
227 1024 140 27 melancholy
378 1031 100 14 murmur
489 1024 96 27 through
597 1024 38 21 the
649 1024 77 22 whole.

168 1102 109 22 Another
289 1101 103 23 Concert
405 1102 18 22 is
433 1102 61 22 from
507 1103 41 22 the
560 1103 55 29 play
628 1104 26 23 of
670 1105 40 23 the
721 1105 74 24 Critic
798 1119 31 4 —

152 1184 121 22 Tilburina
276 1197 28 4 —
306 1184 56 22 Now
373 1184 40 22 has
424 1184 38 22 the
474 1184 133 30 whispering
619 1186 79 21 breath
710 1187 26 20 of
748 1187 74 28 gentle
834 1195 63 14 morn

194 1221 48 22 Bad
253 1221 105 22 Nature's
369 1222 70 26 voice,
450 1223 44 21 and
506 1223 105 22 Nature's
622 1224 84 29 beauty
717 1225 50 21 rise.

194 1259 57 22 Now
262 1260 85 21 flowers
360 1260 77 21 unfold
448 1260 58 21 their
517 1262 73 27 petals
602 1265 24 18 to
638 1262 38 21 the
689 1270 48 19 sun,

195 1295 51 22 And
258 1295 110 28 blushing,
380 1295 46 22 kiss
437 1295 39 22 the
487 1297 65 20 beam
563 1297 28 21 he
604 1298 66 22 sends
682 1302 23 18 to
716 1300 62 21 wake
789 1300 69 21 them.

195 1333 51 22 The
257 1333 79 28 strip'd
347 1334 122 26 carnation,
482 1335 44 21 and
537 1335 38 21 the
587 1337 99 27 guarded
697 1344 57 19 rose,

195 1369 50 22 The
256 1370 77 28 vulgar
344 1370 144 27 wall-flower,
500 1372 44 21 and
557 1377 69 17 smart
637 1372 150 29 gilly-flower,

195 1409 50 21 The
257 1409 136 28 polyanthus
406 1416 71 20 mean,
489 1410 38 21 the
540 1411 84 27 dapper
636 1411 70 28 daisy,

196 1445 72 22 Sweet
280 1445 100 22 William
391 1448 44 20 and
449 1452 67 17 sweet
527 1449 127 28 marjoram,
665 1450 45 21 and
719 1450 29 21 all

195 1483 49 22 The
256 1483 56 22 tribe
325 1484 26 21 of
356 1483 69 29 single
435 1485 43 20 and
490 1486 26 20 of
523 1486 82 21 double
617 1487 79 27 pinks!

195 1521 56 22 Now
262 1525 39 18 too
312 1521 39 21 the
362 1521 110 22 feather'd
483 1521 104 22 warblers
598 1526 54 17 tune
664 1522 59 21 their
734 1527 64 17 notes

196 1559 94 21 Around
301 1562 24 18 to
337 1558 74 21 charm
423 1559 39 21 the
473 1559 99 28 Hst'ning
583 1566 66 21 grove
657 1567 5 18 ;
679 1560 38 21 the
729 1559 60 21 Lark
798 1560 5 20 !

196 1596 50 21 The
258 1596 82 21 Linnet
351 1596 4 20 !
374 1595 117 23 Chaffinch
500 1597 5 20 !
523 1596 112 22 Bullfinch
645 1597 4 21 !
669 1596 121 23 Goldfinch
803 1596 4 21 !
826 1596 137 22 Greenfinch
971 1597 4 22 !

196 1633 44 21 But
253 1632 21 23 O
284 1633 5 21 !
302 1637 24 17 to
338 1641 35 13 me
384 1641 29 13 no
421 1633 39 30 joy
472 1642 41 14 can
525 1635 54 29 they
591 1636 71 21 afford
671 1636 4 20 !

196 1672 47 21 Nor
254 1680 49 13 rose
315 1680 40 13 nor
366 1673 143 26 wall-flower,
522 1681 40 14 nor
573 1678 68 17 smart
650 1674 148 29 gilly-flower,

196 1709 47 22 Nor
254 1710 136 29 polyanthus
401 1718 71 19 mean,
482 1718 40 14 nor
533 1711 84 28 dapper
628 1711 70 28 daisy,
