1120 1962
431 147 122 16 POETICAL
573 148 104 15 AVIARY.

948 147 29 21 65

130 220 171 30 Shakspeare's
318 220 56 32 play
397 222 26 22 of
443 222 68 31 King
523 222 74 27 John,
618 231 14 15 a
653 223 124 24 character
798 225 20 22 is
836 225 141 26 introduced

129 269 80 24 whose
223 279 70 14 name
306 270 19 23 is
345 270 106 32 Gurney,
466 270 30 24 he
521 270 57 32 only
601 271 86 31 speaks
708 271 53 24 four
786 273 78 24 words
887 274 25 23 in
936 275 40 22 the

129 316 88 31 play—

190 380 214 30 Faulconbridge—
406 382 78 22 James
493 383 100 30 Gurney,
601 385 47 22 wilt
655 385 57 22 thou
721 387 49 28 give
779 396 25 13 us
811 388 63 22 leave
882 396 13 14 a
903 389 73 22 while.

192 419 94 29 Gurney
408 420 67 23 Good
484 422 71 26 leave,
567 423 59 28 good
637 423 81 28 Philip,

189 458 75 22 Faulc
357 459 73 28 Philip
440 459 10 22 ?
467 460 104 27 Sparrow
579 460 3 22 !

163 524 28 23 In
205 524 169 32 Cartwright's
387 526 142 23 translation
544 526 26 23 of
580 526 41 24 the
639 527 139 23 celebrated
791 527 72 23 Latin
877 527 53 24 Ode
944 537 30 15 on

128 571 41 24 the
181 572 80 23 Death
274 573 27 22 of
310 573 108 24 Lesbia's
432 573 122 30 Sparrow,
567 584 37 15 we
617 576 50 23 find
669 590 33 3 —

247 634 38 22 He
297 635 73 22 would
381 637 65 21 catch
459 645 11 13 a
483 639 85 25 crumb,
581 639 45 21 and
638 639 53 22 then

248 673 107 29 Sporting
364 674 32 21 let
408 674 17 21 it
437 682 27 20 go
476 675 72 27 again,

308 711 37 22 He
356 712 56 21 from
423 720 37 20 my
472 714 30 26 lip

247 750 86 21 Would
344 750 108 22 moisture
465 750 41 28 sip,

247 787 37 22 He
296 788 75 21 would
381 788 57 21 from
450 795 36 21 my
498 789 105 21 trencher
614 789 58 26 feed,

248 824 67 22 Then
326 826 75 21 would
413 826 45 28 hop
470 827 44 20 and
526 827 54 21 then
592 827 75 22 would
678 835 49 20 run,

249 862 53 23 And
313 871 38 21 cry
364 863 81 29 Philip
457 864 66 21 when
534 864 28 21 he
575 864 45 22 had
632 865 66 27 done,

248 900 20 22 O
281 900 75 22 whose
368 901 63 21 heart
443 909 41 13 can
496 901 82 21 choose
590 902 41 20 but
644 902 66 20 bleed
724 902 3 20 !

160 965 29 23 In
202 972 12 16 a
227 965 53 30 play
293 965 31 30 by
338 965 62 30 Lilly
412 965 76 23 called
531 965 100 23 Mother
787 966 95 29 printed
899 969 71 23 1594.

247 1029 36 21 To
294 1030 54 21 whit
359 1033 25 18 to
395 1030 64 21 whoo
470 1030 40 21 the
520 1029 52 23 Owl
583 1031 55 21 does
650 1037 45 22 cry,

246 1066 70 28 Phip,
329 1066 72 29 Phip,
412 1066 39 22 the
464 1066 114 30 Sparrows
589 1075 25 14 as
627 1068 55 28 they
693 1068 37 28 fly.

159 1134 71 24 With
241 1134 88 31 regard
339 1137 24 20 to
372 1134 109 23 Lesbia's
494 1134 39 30 Up,
545 1142 13 14 a
567 1133 211 31 Humming-bird,
790 1134 53 23 that
854 1134 119 31 Butterfly

125 1193 90 23 among
224 1186 75 26 birds,
313 1193 46 16 one
369 1185 27 24 of
412 1185 41 24 the
467 1185 45 23 few
525 1192 55 16 ever
589 1184 82 24 tamed
683 1185 48 23 and
739 1185 108 30 brought
866 1188 26 20 to
905 1185 66 31 Eng-

125 1237 64 27 land,
201 1237 79 24 would
294 1237 57 23 suck
364 1236 80 31 honey
456 1236 85 31 placed
554 1244 30 14 on
598 1236 68 30 Lady
679 1236 162 22 Hammond's
853 1236 54 30 lips.
945 1236 28 22 In

125 1287 41 23 the
179 1295 62 23 song
252 1286 83 23 before
355 1286 89 30 quoted
463 1286 64 22 from
568 1286 139 23 Alexander
720 1286 46 23 and
936 1296 36 15 we

124 1336 60 22 have
186 1349 33 3 —

247 1403 93 29 Cherup
352 1404 39 21 the
404 1403 102 29 Sparrow
517 1404 49 22 flies
578 1412 67 20 away.

158 1473 66 23 Lord
236 1473 82 31 Byron
330 1472 25 23 in
368 1472 37 23 his
426 1470 142 25 translation
583 1470 25 23 of
618 1469 42 23 the
673 1469 75 23 above
762 1468 53 23 Ode
829 1468 25 23 of
866 1468 107 23 Catullus

125 1518 93 29 (whose
230 1518 72 23 Latin
314 1518 67 24 word
393 1518 20 23 is
426 1518 118 29 pipiabat)
558 1518 43 23 has
604 1533 32 2 —

244 1584 55 22 And
310 1584 67 28 softly
389 1583 117 28 fluttering
517 1582 53 21 here
583 1581 45 21 and
639 1581 72 25 there,

244 1623 36 21 He
291 1629 67 15 never
370 1622 82 28 sought
464 1625 24 18 to
500 1621 77 21 cleave
589 1619 39 21 the
641 1619 39 26 air,

244 1661 46 21 But
301 1660 124 29 chirupp'd
434 1661 40 25 oft,
486 1660 52 25 and,
549 1659 47 21 free
607 1658 58 21 from
672 1665 56 19 care,

244 1699 83 22 Tuned
338 1702 24 19 to
373 1698 40 22 her
424 1706 38 14 ear
473 1698 34 21 his
519 1695 97 29 grateful
627 1695 76 22 strain.

329 1756 13 11 K
