1120 1962
419 158 120 15 POETICAL
559 158 103 16 AVIARY.

927 156 28 21 91

108 229 37 23 his
158 230 75 31 plays,
248 231 79 23 which
340 235 65 20 must
418 233 60 24 have
497 233 88 31 clearly
598 235 119 30 appeared
738 235 24 23 in
783 236 42 23 the
846 237 110 30 previous

107 278 47 24 lost
168 279 113 32 Register
300 281 26 23 of
337 282 91 26 Bucke,
447 286 89 20 cannot
554 284 30 22 be
597 285 158 24 ascertained.
792 286 56 24 And
861 287 65 23 what
938 288 18 22 is

108 329 49 23 still
176 338 67 16 more
265 332 144 30 provoking,
434 333 151 24 Henslowe's
600 335 72 31 Diary
686 339 24 19 at
723 335 110 24 Dulwich
855 336 101 32 College

108 377 120 31 (founded
239 379 33 31 by
284 379 38 23 his
332 380 142 24 son-in-law
486 381 42 24 the
541 382 83 30 player
637 383 113 31 Alleyne)
766 383 77 24 which
857 385 98 23 reaches

107 429 63 24 from
194 432 60 22 1591
271 434 26 20 to
313 433 72 25 1603,
401 432 47 23 and
462 432 78 23 shews
563 432 152 23 Henslowe's
734 433 91 23 minute
848 436 106 20 transac-

108 478 63 22 tions
181 478 59 23 with
252 479 76 31 thirty
339 480 117 23 dramatic
467 480 100 26 writers,
578 480 57 23 does
648 484 43 19 not
704 480 73 23 relate
788 484 25 19 to
823 480 42 23 the
879 481 77 23 Globe

108 535 27 15 or
146 528 151 23 Blackfriars'
316 529 125 27 Theatres,
457 533 25 19 to
495 530 78 23 which
584 529 152 32 Shakspeare
749 538 48 14 was
810 531 146 26 exclusively

108 577 110 24 devoted.
257 578 22 24 It
300 587 56 23 may
377 579 30 23 be
427 578 98 23 noticed
546 577 54 23 that
622 577 41 23 the
685 577 45 23 site
753 577 26 23 of
798 577 156 23 Blackfriars'

106 625 102 24 Theatre
229 634 49 15 was
299 627 64 23 close
379 631 26 19 to
424 627 182 31 Apothecaries'
627 627 64 28 Hall,
716 627 47 23 and
774 627 20 23 is
814 627 48 23 still
877 628 77 23 called

136 675 145 29 Play-house
436 676 52 23 The
502 676 78 23 Globe
595 683 49 15 was
656 683 32 15 on
700 675 42 23 the
764 674 90 32 Surrey
867 676 51 23 side
932 676 24 23 of

106 724 42 24 the
169 725 63 23 river
244 734 5 17 ;
269 725 19 23 it
300 725 19 23 it
332 725 141 23 mentioned
486 724 25 23 in
524 724 54 23 Ben
598 723 116 24 Jonson's
764 723 146 23 Execration
931 724 25 22 of

239 772 47 23 and
297 772 71 24 other
378 773 101 26 writers,
490 776 26 20 to
524 773 61 23 have
595 773 61 23 been
666 774 81 25 burnt,
758 774 25 22 in
791 782 164 22 consequence

107 825 26 23 of
143 824 75 30 being
231 826 37 20 set
290 831 31 15 on
334 824 42 22 fire
396 823 33 31 by
451 823 41 22 the
514 821 114 32 wadding
650 821 26 22 of
694 829 94 14 cannon
808 821 146 31 discharged

106 871 70 23 when
198 871 86 31 Henry
304 870 63 23 VIII
390 874 80 19 enters
492 870 121 31 Wolsey's
634 870 83 31 palace
734 871 25 22 in
781 870 173 32 Shakspeare's

105 919 65 31 play.
207 919 103 30 Prynne,
324 918 25 23 in
369 918 38 23 his
422 919 200 31 Histriomastyx,
636 920 105 24 ascribes
762 921 42 23 the
816 922 134 31 conflagra-

105 966 51 22 tion
176 969 27 20 to
224 966 41 23 the
285 965 71 25 Devil
378 967 112 31 entering
511 968 41 24 the
570 969 103 24 Theatre
720 970 151 33 hissing-hot
892 972 62 23 from

139 1066 127 23 Women's
279 1069 66 28 parts
358 1069 24 20 at
400 1066 41 23 the
455 1066 80 31 public
548 1066 117 24 Theatres
684 1075 63 16 were
760 1069 93 30 usually
871 1077 81 22 repre-

105 1115 86 23 sented
202 1115 32 31 by
246 1115 68 31 boys.
352 1114 78 27 Flute,
444 1115 24 22 in
490 1115 162 24 Midsummer
665 1117 92 30 Nights
771 1118 98 26 Dream,
890 1126 63 23 says,

134 1163 46 23 Let
192 1171 38 14 me
242 1166 44 19 not
298 1163 54 31 play
366 1171 13 14 a
390 1171 103 19 woman,
516 1164 11 23 I
540 1165 60 23 have
614 1174 14 14 a
639 1166 74 23 beard
887 1168 66 32 Boys

104 1223 63 15 were
179 1213 94 24 trained
286 1217 23 19 at
319 1213 42 23 the
374 1212 66 32 royal
453 1221 106 22 expence
572 1213 37 23 for
629 1217 69 28 stage
708 1214 186 30 performances.
925 1215 28 22 In

105 1263 85 28 Queen
203 1262 148 23 Elizabeth's
372 1262 59 22 time
450 1262 57 30 they
528 1270 61 14 were
611 1262 76 22 called
732 1262 115 24 Children
867 1263 26 22 of
913 1264 40 22 the

223 1323 28 15 or
288 1314 42 22 the
342 1313 108 23 children
459 1313 25 22 of
595 1312 47 22 and
652 1312 148 26 afterwards,
846 1312 107 23 children

104 1365 26 23 of
148 1365 40 23 the
362 1363 78 23 There
461 1362 20 23 is
498 1366 85 19 extant
605 1370 12 14 a
644 1362 156 22 commission
822 1362 80 22 issued
922 1362 31 31 by

103 1414 86 28 Queen
202 1412 128 24 Elizabeth
342 1412 47 22 and
413 1411 105 23 directed
533 1414 25 19 to
572 1419 45 14 one
639 1410 76 27 Giles,
765 1414 89 19 master
875 1410 26 23 of
911 1411 42 22 the

103 1463 109 23 children
225 1462 27 23 of
379 1461 116 30 ordering
506 1460 50 23 him
569 1462 26 20 to
609 1459 63 23 seize
718 1459 86 23 within
826 1467 47 22 any
886 1459 67 30 place

103 1511 26 22 of
141 1517 43 16 our
197 1510 89 23 realme
299 1509 27 23 of
336 1509 114 30 England
473 1509 48 23 and
534 1509 83 23 Wales
631 1517 47 22 any
691 1509 108 23 children
812 1509 79 23 whom
906 1517 47 22 you

105 1559 60 23 shall
189 1559 69 23 deem
271 1560 55 28 apte
340 1557 47 23 and
401 1562 78 18 meete
499 1561 25 19 to
537 1558 103 23 instruct
662 1558 25 22 in
700 1558 99 30 singing
811 1558 48 22 and
879 1561 74 27 stage-

98 1607 77 31 plays,
186 1607 103 23 without
297 1615 46 22 any
352 1605 66 27 letts,
428 1609 75 26 staye,
514 1613 26 14 or
549 1605 161 30 interruption
723 1609 26 18 to
760 1605 41 22 the

101 1659 79 23 These
193 1665 40 16 are
247 1657 39 23 the
301 1656 109 23 children
424 1654 25 23 of
460 1654 81 22 whom
555 1652 151 30 Shakspeare
720 1659 55 23 says
795 1652 114 30 (perhaps
922 1660 31 15 on

102 1709 102 19 account
225 1704 26 23 of
269 1704 63 22 their
345 1703 115 29 affecting
473 1702 37 23 his
529 1701 103 31 receipts
641 1704 24 20 at
682 1701 165 31 Blackfriars')
914 1703 39 22 An

308 1760 16 13 n
346 1754 12 19 2
