1120 1962
153 185 29 20 28

457 196 120 13 POETICAL
597 195 104 14 AVIARY.

185 267 11 22 I
209 275 38 15 am
262 271 40 20 not
316 276 76 16 aware
405 269 51 23 that
470 270 68 22 there
556 270 21 22 is
596 277 47 22 any
665 268 95 30 specific
784 267 115 23 evidence
913 267 26 23 of
949 275 45 23 any

152 317 69 23 other
234 317 66 30 plays
313 318 27 22 of
362 317 150 30 Shakspeare
533 318 91 29 having
645 316 62 22 been
728 314 70 23 acted
811 314 81 22 before
912 314 82 27 Queen

151 367 133 25 Elizabeth,
298 367 42 23 but
360 370 15 8 '*
389 366 87 23 Love's
489 366 80 22 Labor
671 362 47 23 and
731 361 41 23 the
816 359 84 32 Merry
913 359 81 23 Wives

151 414 27 22 of
347 422 27 14 or
396 413 53 23 that
461 421 46 22 any
521 412 26 23 of
558 412 37 23 his
608 411 68 30 plays
689 418 62 15 were
762 409 69 23 acted
842 409 81 23 before
937 408 57 32 king

150 463 81 23 James
241 463 70 22 other
320 463 59 22 than
550 460 163 23 Midsummer
721 458 101 31 Night's
953 457 41 23 the

180 510 118 22 Winter's
417 509 48 23 and
509 509 85 30 Henry
715 508 96 23 contain
823 508 99 31 pointed
935 507 55 23 allu.

151 559 64 22 sions
235 562 26 19 to
283 557 84 29 Queen
389 557 133 27 Elizabeth,
537 557 29 23 of
573 557 79 23 which
665 557 41 23 the
730 561 63 18 most
813 557 147 23 remarkable
973 557 19 22 is

150 607 52 22 that
215 607 146 31 concerning
374 606 129 24 Catherine
516 607 29 22 de
559 606 112 27 Medicis,
685 606 47 23 and
745 606 41 23 the
799 606 120 31 Dauphin,
934 606 57 23 with

150 654 122 23 reference
284 658 26 19 to
323 655 41 22 the
378 655 94 22 French
485 656 82 21 match
570 668 33 5 —

270 710 65 21 Since
347 717 55 15 once
416 710 10 21 I
439 714 32 17 sat
484 717 61 19 upon
558 717 13 14 a
582 714 152 22 promontory,

268 748 54 20 And
334 747 68 21 heard
413 754 13 14 a
437 747 123 25 Mermaid,
572 754 28 13 on
612 754 14 13 a
639 745 122 29 Dolphin's
777 746 64 26 back,

269 783 105 29 Uttering
386 783 54 22 such
453 783 76 22 dulcet
541 784 44 21 and
596 783 145 22 harmonious
757 783 88 27 breath,

268 819 61 22 That
339 820 39 21 the
389 821 55 20 rude
456 827 49 14 seas
517 827 58 22 grew
588 821 50 21 civil
650 825 23 18 at
684 821 41 21 her
737 828 62 21 song.

267 856 52 21 And
332 856 85 21 certain
426 860 57 18 stars
494 857 51 21 shot
557 858 75 29 madly
643 859 57 21 from
711 860 59 20 their
782 859 98 29 spheres.

267 894 62 21 That
337 901 52 20 very
400 894 54 21 time
467 894 11 21 I
489 901 50 19 saw,
552 895 40 21 but
605 895 55 21 thou
673 895 96 21 could'st
781 899 47 22 not,

267 931 80 28 Flying
357 932 102 20 between
471 931 38 21 the
519 931 51 21 cold
581 938 67 14 moon
660 932 44 21 and
713 932 38 21 the
764 932 64 21 earth

267 968 76 27 Cupid
354 969 30 20 all
395 969 76 20 armed
479 976 5 18 ;
501 976 13 13 a
530 968 86 21 certain
627 968 44 21 aim
683 968 27 21 he
723 968 55 21 took

266 1005 32 21 At
309 1011 13 14 a
326 1005 55 27 fair
393 1005 78 25 vestal,
483 1004 98 23 throned
591 1005 28 27 by
631 1005 37 22 the
680 1009 54 18 west
744 1015 6 14 ;

265 1045 53 21 And
329 1044 71 22 loos'd
411 1044 34 21 his
456 1044 114 22 love-shot,
582 1044 91 29 smartly
684 1044 57 21 from
752 1044 35 21 his
799 1045 58 26 bow,

269 1081 32 22 As
312 1081 17 22 it
340 1081 80 22 should
430 1081 75 28 pierce
516 1088 13 14 a
540 1081 104 22 hundred
655 1081 115 22 thousand
781 1081 83 23 hearts.

266 1119 45 21 But
323 1119 11 20 I
342 1118 71 29 might
423 1126 37 13 see
472 1126 75 21 young
559 1118 94 29 Cupid's
665 1118 54 28 fiery
732 1118 59 21 shaft

265 1156 119 26 Quench'd
395 1156 22 21 in
428 1156 39 21 the
480 1156 77 21 chaste
568 1156 76 20 beams
654 1155 26 20 of
687 1154 39 21 the
737 1154 77 29 wat'ry
825 1161 67 15 moon
903 1163 5 18 ;

265 1193 54 21 And
330 1192 38 22 the
380 1192 101 27 imperial
492 1196 85 18 votress
588 1192 83 27 passed
682 1198 37 19 on,

263 1230 27 20 In
299 1229 89 21 maiden
399 1229 141 25 meditation,
552 1229 66 26 fancy
629 1229 53 21 free.

179 1288 28 23 In
219 1286 117 24 Macbeth
355 1293 13 15 a
386 1285 155 29 compliment
554 1284 19 22 is
588 1284 120 30 supposed
720 1287 25 20 to
758 1284 29 22 be
809 1284 55 30 paid
881 1286 26 21 to
925 1284 56 30 king

144 1335 89 25 James,
258 1333 147 30 concerning
428 1332 80 23 which
531 1332 68 24 there
623 1332 20 23 is
660 1341 15 15 a
698 1334 123 26 tradition,
846 1335 93 30 resting
951 1342 30 15 on

143 1383 121 30 authority
278 1382 25 23 of
315 1390 65 14 some
394 1381 97 30 weight,
505 1381 54 22 that
572 1380 18 23 it
603 1380 96 23 elicited
713 1389 13 14 a
737 1380 72 23 letter
822 1380 26 23 of
858 1381 87 22 thanks
957 1381 24 22 in

142 1431 41 22 the
195 1428 174 30 hand-writing
389 1428 26 23 of
436 1428 42 23 the
491 1428 75 30 King.
603 1428 151 31 Shakspeare
767 1430 59 23 does
839 1433 42 20 not
895 1438 86 23 appear

142 1484 25 19 to
179 1480 60 22 have
251 1485 55 16 ever
318 1478 61 22 been
392 1476 75 24 called
482 1484 63 22 upon
557 1479 26 19 to
596 1484 113 23 compose
727 1484 47 23 any
787 1477 102 30 poetical
902 1480 78 20 enter-

141 1528 116 22 tainment
271 1527 36 21 for
318 1525 41 23 the
373 1528 76 19 court.
485 1524 70 30 Lilly,
575 1523 92 27 Daniel,
688 1525 47 22 and
748 1525 51 22 Ben
812 1524 93 23 Jonson
919 1533 61 14 were

141 1573 40 22 the
205 1576 68 26 poets
292 1572 85 30 chiefly
390 1572 126 30 employed
540 1579 31 16 on
585 1573 58 22 such
656 1573 126 24 occasions
797 1575 88 30 during
901 1574 77 24 Shak-

141 1620 104 30 speare's
258 1619 145 23 connection
416 1619 58 23 with
488 1620 39 23 the
541 1624 77 26 stage.

173 1667 98 30 Dryden
295 1667 48 22 and
356 1667 63 31 Pope
433 1676 39 14 are
485 1672 24 19 at
521 1669 109 23 variance
649 1678 63 22 upon
726 1671 40 23 the
781 1672 75 29 point,
871 1672 107 23 whether

142 1715 113 23 Jonson's
277 1716 68 29 elegy
360 1723 30 15 on
410 1716 157 29 Shakspeare,
590 1717 61 23 from
671 1719 77 23 which
773 1719 41 24 the
839 1720 74 23 above
926 1720 52 23 four
