1120 1962
150 167 31 20 22

450 167 120 16 POETICAL
590 165 103 16 AVIARY.

184 243 112 24 Assumed
309 249 81 16 names
405 240 25 22 of
440 240 66 22 birds
520 247 47 17 are,
582 238 24 22 in
618 237 80 23 works
710 236 27 23 of
747 233 167 32 imagination,
930 232 65 23 often

152 294 71 30 given
235 296 26 19 to
273 289 130 25 individual
416 288 146 24 characters,
576 293 26 16 as
615 283 135 30 indicating
762 282 73 26 what,
848 281 25 22 in
882 279 113 31 phraseo-

151 341 58 29 logy
229 337 54 24 well
305 337 89 22 known
416 339 25 20 to
463 342 101 23 persons
588 335 144 21 conversant
753 331 59 23 with
837 331 40 22 old
895 329 101 30 English

152 389 130 24 literature,
306 394 55 22 may
382 386 29 22 be
432 385 76 23 called
529 384 63 22 their
819 380 66 23 Thus
908 380 24 22 in
955 378 41 23 the

152 442 110 22 younger
304 432 113 31 Anstey's
430 431 121 24 Pleader's
661 443 33 4 —
696 431 22 22 A
731 429 121 24 Pleader's
865 428 86 23 Office.

275 492 61 22 That
348 497 63 24 great
422 492 71 22 man's
505 492 65 22 office
581 492 11 22 I
604 492 117 22 attended.

273 530 33 28 By
319 530 76 22 Hawk
406 530 45 21 and
463 530 114 21 Buzzard
588 527 182 23 recommended.

274 565 120 22 Attornies
406 566 55 21 both
472 566 27 21 of
505 566 120 21 wondrous
637 565 51 21 skill

275 602 36 22 To
323 602 68 28 pluck
402 602 39 22 the
451 610 77 20 goose,
541 602 44 21 and
595 602 61 21 drive
668 602 39 21 the
719 601 64 29 quill.

189 663 51 22 The
252 669 82 23 young
347 662 97 30 pleader
456 662 82 23 makes
552 670 31 14 no
597 663 88 22 entries
698 663 23 22 in
735 662 36 23 his
784 662 68 29 large
872 668 121 16 common-

157 711 66 28 place
236 711 71 25 book,

279 767 56 21 Save
349 767 134 22 Buzzard's
495 774 61 20 nose,
568 767 45 21 and
623 767 75 28 visage
710 766 55 26 thin,

279 803 55 21 And
346 803 95 22 Hawk's
453 804 124 28 deficiency
588 803 27 21 of
622 803 60 25 chin,

278 842 82 21 Which
371 842 18 26 I,
401 842 65 21 while
478 842 77 28 loffing
566 846 23 17 at
600 849 38 21 my
649 849 58 18 ease,

277 878 55 22 Was
343 883 60 17 wont
414 883 24 17 to
450 878 60 22 draw
521 878 89 22 instead
621 878 27 22 of
654 878 68 27 pleas.

195 938 78 23 Hawk
292 938 47 23 and
351 937 110 23 Buzzard
480 944 103 22 manage
604 939 25 19 to
648 939 41 27 get
708 943 30 22 up
764 942 30 15 an
817 933 80 24 action
920 936 25 20 at
958 933 43 22 law

160 985 90 30 arising
262 988 42 19 out
317 983 26 23 of
354 992 65 15 some

490 1048 94 21 Doleful
595 1048 113 28 dudgeon,

281 1084 75 22 Twixt
367 1085 103 22 John-a-
477 1085 61 26 Gull,
550 1085 44 21 and
605 1084 226 29 John-a-Gudgeon.

196 1160 155 23 Counsellors
364 1160 120 23 Boreham
501 1161 47 22 and
567 1161 135 22 Botherum
724 1169 39 15 are
783 1160 109 23 retained
913 1168 30 14 on
962 1160 42 23 the

162 1209 109 30 opposite
284 1209 71 26 sides,
375 1209 47 23 and
441 1209 41 23 the
503 1217 70 15 cause
587 1209 20 23 is
628 1209 93 23 carried
738 1209 109 30 through
868 1209 30 22 its
911 1209 94 23 various

163 1260 89 27 stages.
290 1256 50 23 But
362 1257 25 22 in
400 1257 41 23 the
460 1257 46 23 end
524 1257 60 23 both
604 1256 89 31 parties
712 1256 60 23 wish
793 1256 60 26 that,
868 1256 94 23 instead
983 1252 24 25 of

163 1303 77 32 going
251 1307 27 19 to
289 1304 52 27 law,
355 1304 57 32 they
425 1305 48 23 had
487 1305 132 24 submitted
632 1305 63 24 their
708 1306 106 30 disputes
837 1310 25 19 to
882 1306 40 23 the
942 1305 62 23 arbi-

163 1352 90 23 tration
264 1352 26 23 of
301 1360 13 15 a
327 1353 179 31 neighbouring
519 1354 102 27 Justice,

284 1412 36 22 Of
327 1419 41 15 one
381 1419 25 15 so
417 1414 70 20 noted
497 1414 34 20 for
542 1413 35 21 his
588 1413 94 24 candor,

284 1449 55 22 And
350 1457 55 19 sage
417 1449 83 27 advice,
511 1457 23 14 as
546 1449 34 22 Sir
591 1449 62 22 John
669 1450 99 22 Gander.

199 1511 34 23 So
247 1511 85 29 Pope's
345 1510 62 24 Miss
422 1511 137 24 Philomela.

285 1569 30 22 So
327 1570 138 27 Philomela,
477 1571 101 30 lect'ring
589 1573 31 20 aU
631 1573 107 21 mankind

286 1604 37 23 On
334 1605 39 22 the
385 1607 44 20 soft
442 1607 96 28 passion,
550 1609 45 20 and
606 1609 39 21 the
657 1613 59 17 taste
728 1609 92 26 refined,

287 1640 42 22 Th'
342 1641 100 27 address,
455 1643 37 21 the
505 1644 107 29 deUcacy,
625 1648 77 25 stoops
713 1649 24 17 at
748 1651 64 19 once,

285 1677 55 21 And
351 1679 77 21 makes
439 1679 40 22 her
490 1679 79 29 hearty
580 1681 58 21 meal
649 1688 60 20 upon
721 1688 12 13 a
745 1681 78 21 dunce.
