1120 1962
141 163 29 22 70

440 174 120 13 POETICAL
582 173 104 14 AVIARY.

173 248 86 24 Before
279 248 105 32 quitting
396 249 41 23 the
459 250 93 30 subject
566 249 26 23 of
604 249 105 26 Parrots,
724 248 10 22 I
748 255 56 23 may
818 250 71 28 quote
903 256 13 14 a
934 255 54 23 pas-

139 304 57 24 sage
209 297 131 30 applicable
353 300 26 20 to
393 297 68 24 those
475 298 90 22 human
578 300 96 28 parrots
687 297 55 22 who
756 296 97 30 acquire
867 304 14 15 a
898 296 90 30 facility

139 345 26 22 of
175 345 79 30 public
279 346 116 30 speaking
406 346 32 26 by
450 347 41 22 the
504 347 70 22 bores
588 346 57 30 they
658 345 76 23 inflict
754 353 31 15 on
798 344 93 31 private
913 344 74 23 socie-

139 396 33 26 ty.
207 392 23 23 It
242 392 20 23 is
275 392 62 23 from
351 402 12 14 a
376 397 139 24 statesman,
529 396 48 22 and
589 404 14 15 a
616 399 63 26 poet,
694 395 76 23 Prior.

351 464 22 4 —
377 452 70 22 Talks
458 453 123 28 extremely
592 453 50 21 well
651 462 4 17 ;

259 488 37 22 On
309 496 43 19 any
364 489 88 26 subject
463 490 32 22 let
506 490 47 22 him
565 491 74 24 dwell,

287 526 43 22 His
342 530 75 26 tropes
429 528 45 21 and
486 528 81 29 figures
579 529 44 20 will
635 532 94 18 content
741 535 33 21 ye.

257 564 35 21 He
305 564 80 22 should
397 573 89 19 possess
498 569 24 18 to
533 566 30 21 all
576 566 100 26 degrees,

257 601 50 22 The
320 607 34 16 art
366 602 26 21 of
399 603 47 21 talk
457 603 29 21 he
498 604 108 26 practises

287 638 51 21 Full
349 639 103 22 fourteen
464 640 69 22 hours
544 641 22 21 in
577 641 50 21 four
639 642 45 21 and
696 645 79 23 twenty

426 717 81 15 DUCKS
527 718 52 14 AND
599 718 85 14 GEESE.

171 760 29 23 In
213 760 131 23 Chaucer's
396 761 144 22 Parliament
554 761 26 23 of
730 763 79 24 where
824 764 29 23 all
866 765 41 23 the
919 766 63 23 birds

138 820 40 15 are
202 811 134 23 assembled
354 815 25 19 to
399 811 73 23 chuse
484 811 63 23 their
560 815 76 19 mates
655 820 31 14 on
709 811 36 24 St.
759 812 150 24 Valentine's
921 814 61 26 Dav,

137 862 41 23 the
191 861 114 30 speeches
318 861 27 23 of
355 861 40 23 the
414 861 82 22 Ducks
510 861 46 22 and
570 861 78 23 Geese
661 869 39 16 are
715 861 141 24 introduced
868 862 56 23 thus
926 876 32 4 —

257 921 49 22 The
320 921 81 27 Goose,
414 921 38 22 the
465 921 73 28 Duck,
552 923 44 21 and
608 923 39 21 the
660 923 95 22 Cuckoo
767 925 47 21 also

257 960 30 22 So
299 960 61 21 cried
371 960 84 26 Keeke,
467 960 84 26 Keeke,
566 960 108 27 Cuckow,
693 961 84 26 Queke,
792 961 83 27 Quelte,
888 960 35 22 hie

257 999 61 22 That
330 999 97 27 through
439 999 59 21 mine
511 1006 48 14 ears
572 999 38 21 the
621 999 63 22 noise
696 1003 60 18 went
768 999 65 22 thro'.

170 1059 72 31 Upon
254 1059 101 31 hearing
367 1059 101 22 another
483 1058 83 27 Queke,
588 1059 40 22 the
643 1059 81 30 gentle
743 1059 109 23 Tercelet
867 1059 110 30 (Falcon)

136 1108 115 21 exclaims
252 1120 33 4 —

257 1169 56 22 Now
325 1169 29 21 fie
366 1169 84 26 churle,
463 1168 71 28 quoth
547 1168 39 22 the
598 1169 76 28 gentle
687 1169 113 26 Tercelet,

257 1208 49 23 Out
318 1208 27 22 of
351 1208 38 22 the
401 1207 104 27 dunghill
516 1214 63 14 came
591 1207 50 22 that
653 1208 61 21 word
726 1207 79 27 aright.

170 1267 28 22 In
212 1266 89 24 Swift's
351 1266 115 29 Progress
480 1265 27 23 of
649 1274 37 14 we
699 1265 60 24 have
761 1279 33 4 —

256 1326 50 22 The
318 1325 100 22 farmer's
431 1325 83 26 Goose,
526 1324 50 22 who
587 1324 23 22 in
622 1324 38 22 the
673 1324 88 22 stubble

255 1363 49 22 Has
314 1363 38 22 fed
363 1363 96 21 without
471 1362 105 22 restraint
588 1369 24 14 or
624 1362 96 25 trouble,

255 1402 82 22 Grown
349 1402 32 20 fat
393 1401 54 21 with
459 1407 53 14 corn
524 1400 45 21 and
581 1399 78 28 sitting
671 1399 54 25 still,

254 1438 49 23 Can
316 1446 76 13 scarce
403 1441 37 25 get
453 1437 47 22 o'er
513 1437 38 22 the
563 1438 124 20 barn-door
699 1437 42 26 sill,

252 1474 54 21 And
318 1473 79 29 hardly
409 1473 98 22 waddles
519 1474 60 22 forth
591 1479 24 17 to
627 1474 50 22 cool

253 1512 48 22 Her
312 1512 60 28 belly
383 1512 22 21 in
418 1512 38 22 the
468 1512 163 28 neighbouring
643 1512 53 28 pool
705 1520 6 18 ;

254 1548 48 22 Nor
313 1549 76 26 loudly
401 1550 88 21 cackles
501 1553 23 17 at
536 1549 38 22 the
587 1550 54 21 door
654 1558 5 17 ;

252 1587 43 21 For
306 1588 104 27 cackling
422 1587 71 21 shows
505 1587 38 21 the
556 1586 75 23 Goose
643 1587 18 22 is
673 1595 62 22 poor.

252 1625 44 21 But
308 1625 64 21 when
384 1624 39 22 she
435 1628 60 18 must
506 1625 27 20 be
546 1624 82 21 turned
641 1628 23 18 to
676 1632 61 21 gaze,

251 1661 55 21 And
317 1661 72 22 round
401 1661 38 22 the
450 1662 78 21 barren
541 1669 102 14 common
656 1666 80 24 strays,

251 1698 64 21 Hard
326 1699 99 21 exercise
437 1699 45 20 and
494 1699 79 21 harder
584 1698 54 24 fare,
