1120 1962
148 178 45 21 104

445 182 121 15 POETICAL
586 180 103 17 AVIARY.

146 264 25 15 as
180 265 13 14 a
202 257 187 30 representative
400 257 25 22 of
433 260 83 27 poetry
518 270 32 3 —
577 257 120 29 Parceque
710 257 22 22 la
740 257 108 29 musique
859 265 29 15 ne
900 259 87 23 sauroit

146 313 81 15 narrer
236 315 5 16 ;
262 312 44 23 que
324 305 34 23 les
377 306 107 29 passions
498 314 29 15 ne
548 310 104 27 peuvent
673 310 49 19 etre
735 307 92 30 peintes
847 307 58 23 dans
921 312 66 19 toute

145 353 119 23 l'etendue
298 353 97 30 qu'eOes
427 354 144 24 demandent
582 364 4 16 ;
620 358 35 20 est
677 362 45 22 que
754 355 120 23 d'ailleurs
894 356 43 23 elle
958 364 28 15 ne

146 403 89 22 sauroit
249 406 100 20 souvent
362 406 85 21 mettre
461 412 28 15 en
503 405 73 23 chant
588 405 34 23 les
636 406 152 29 expressions
801 406 118 22 vraiment
931 407 53 22 sub-

146 450 67 22 limes
227 453 24 20 et

180 502 109 22 Addison
302 504 74 20 wrote
387 509 14 15 a
413 509 73 22 paper
498 510 31 15 on
542 503 41 22 the
596 506 68 27 great
683 503 77 22 honor
779 503 111 29 acquired
903 503 31 30 by
947 503 39 22 the

146 550 102 31 English
268 550 118 31 particles,
401 551 24 22 in
438 559 164 22 consequence
624 552 26 22 of
669 552 115 29 adapting
805 550 41 24 the
867 551 75 23 music
963 552 26 23 of

147 601 85 23 Italian
245 601 92 30 Operas
349 604 26 20 to
388 608 43 15 our
443 600 102 30 poetical
556 600 154 23 translations
720 600 26 23 of
752 600 41 23 the
807 600 101 30 original
922 600 44 22 airs
982 610 4 16 ;

145 649 56 23 thus
221 650 31 22 he
265 650 46 22 had
323 649 73 23 heard
415 648 41 23 the
469 652 63 19 most
552 647 119 23 elaborate
684 655 101 23 quavers
797 647 108 24 lavished
922 657 63 22 upon

146 698 59 23 such
218 698 63 29 plain
295 697 78 22 words
386 704 25 15 as
424 696 51 25 and,
489 696 55 25 thee,
560 695 68 26 there,
636 695 52 31 for,
704 696 46 22 and
755 696 77 29 from.

180 746 51 23 The
244 746 76 29 Elegy
334 754 30 14 on
378 744 90 23 Purcell
482 744 101 23 consists
594 744 26 22 of
626 744 67 22 three
704 748 103 23 stanzas,
820 745 28 22 of
857 745 77 23 which
946 747 38 23 the

146 793 53 23 first
218 793 20 22 is
250 793 53 22 that
316 793 74 22 above
411 791 133 24 extracted.
580 791 51 23 The
652 791 81 23 others
754 799 40 16 are
806 799 57 23 very
881 793 103 23 inferior.

147 842 11 23 I
172 842 30 23 do
215 845 43 20 not
269 841 71 24 think
351 841 53 23 that
417 840 97 30 Dryden
527 840 80 22 shines
621 840 23 22 in
657 840 85 30 Elegy.
779 841 50 23 The
848 842 95 30 epitaph
955 850 30 15 on

147 892 62 22 Mrs.
224 890 132 30 Killigrew,
370 888 108 24 admired
489 888 32 31 by
528 888 44 23 Dr.
581 888 118 26 Johnson,
713 888 19 23 is
741 888 42 23 full
797 889 25 22 of
831 890 111 26 conceits,
953 898 32 18 as,

146 942 39 22 for
205 940 116 29 example,
340 939 42 23 the
403 938 163 23 introduction
586 938 26 23 of
621 946 14 15 a
655 938 186 31 phœnomenon,
863 940 84 26 which,
969 941 18 22 if

147 992 44 20 not
202 987 126 32 explained
340 987 30 31 by
383 986 41 23 the
438 986 65 26 Poet,
518 986 78 30 might
608 986 52 22 well
674 986 60 23 have
746 987 101 30 puzzled
859 987 40 24 the
911 988 72 31 Royal

148 1036 104 30 Society.

267 1086 51 25 But,
330 1085 52 21 look
393 1084 55 22 aloft
455 1085 5 21 !
478 1085 51 25 and,
541 1084 20 21 if
568 1084 56 22 thou
635 1084 65 22 kenst
711 1084 57 22 from
779 1086 39 26 far,

265 1124 90 28 Among
367 1123 38 21 the
418 1122 89 21 Pleiads
519 1129 13 14 a
543 1129 48 14 new
602 1121 93 22 kindled
706 1126 53 22 star,

206 1175 13 6 -.
265 1162 24 21 If
296 1169 43 20 any
351 1160 98 29 sparkles
462 1159 54 22 than
527 1159 39 22 the
577 1163 45 17 rest
634 1165 61 15 more
707 1159 82 28 bright,

188 1188 32 36 y
265 1198 44 22 'Tis
322 1198 47 22 She
381 1198 50 20 that
444 1197 74 21 shines
529 1196 23 21 in
564 1196 49 21 that
625 1195 125 29 propitious
762 1195 63 29 light.

188 1259 24 23 In
225 1258 100 23 another
336 1257 85 30 Elegy,
434 1256 31 23 he
478 1263 54 23 says
532 1269 33 2 —

266 1320 68 22 Erect
345 1326 29 14 no
386 1318 150 21 mausoleums
545 1326 5 18 ;
566 1317 34 22 for
610 1317 35 22 his
656 1318 51 21 best

267 1356 134 21 Monument
413 1355 19 21 is
443 1355 35 21 his
489 1354 100 27 spouse's
599 1355 88 21 marble
699 1355 79 22 breast.

180 1407 90 23 Milton
290 1407 20 22 is
323 1410 42 19 not
377 1406 87 31 always
477 1406 128 23 successful
617 1406 25 22 in
661 1406 41 23 the
714 1406 47 23 line
783 1407 26 22 of
826 1407 85 32 Elegy.
947 1409 37 22 He

147 1462 55 23 may
222 1454 61 23 have
295 1454 61 23 been
365 1453 95 31 joking,
483 1453 94 31 though
599 1461 13 15 a
626 1454 61 23 little
708 1455 181 31 unseasonably,
903 1455 24 22 in
948 1456 36 22 his

148 1506 94 32 epitaph
257 1514 31 14 on
300 1505 101 23 Hobson
413 1505 40 22 the
467 1504 145 30 Cambridge
624 1504 95 26 carrier,
735 1505 165 30 (perpetuated
921 1513 63 15 more

147 1558 32 30 by
191 1557 37 23 his
239 1556 80 26 choice,
333 1556 58 22 than
404 1555 30 30 by
447 1554 47 23 this
507 1553 107 31 epitaph)
628 1553 54 23 who
704 1553 54 22 died
770 1553 88 29 during
870 1553 41 23 the
930 1553 54 23 time

146 1605 70 23 when
236 1605 37 22 his
284 1604 115 31 journeys
417 1606 26 20 to
456 1603 100 23 London
571 1610 61 16 were
650 1603 157 29 interrupted,
817 1604 80 30 owing
906 1606 24 20 to
945 1603 39 23 the

149 1653 86 29 plague
248 1653 79 23 which
340 1652 75 30 raged
428 1652 76 23 there.

267 1706 56 21 Rest
334 1705 50 21 that
395 1705 61 28 gives
467 1705 30 21 all
509 1712 49 14 men
570 1704 45 26 life,
627 1711 54 21 gave
693 1704 46 21 him
753 1704 34 22 his
798 1704 74 26 death,

266 1744 53 21 And
331 1748 38 17 too
381 1742 66 22 much
460 1742 117 26 breathing
588 1745 41 23 put
641 1742 46 21 him
699 1746 38 19 out
750 1742 26 21 of
784 1741 86 21 breath.
