1120 1962
441 165 120 16 POETICAL
581 167 103 14 AVIARY.

973 163 11 21 7

289 237 50 22 The
346 247 53 20 pies
411 240 44 21 and
463 244 97 24 parrots
572 242 57 20 deck
642 242 38 21 the
693 242 70 27 darts,

286 275 74 22 When
373 277 109 29 prattling
494 278 54 21 wins
560 279 39 21 the
610 280 95 28 panting
717 281 82 22 hearts.

286 314 55 21 And
352 314 89 29 fledged
453 316 28 28 by
492 325 67 19 geese
571 317 39 22 the
619 326 105 21 weapons
736 319 37 29 fly,

286 351 74 22 When
372 353 77 21 others
461 353 49 22 love
522 354 54 29 they
588 355 65 22 know
666 361 38 17 not
718 358 56 27 why.

171 419 28 22 In
213 419 162 25 Midsummer
389 422 102 30 Night's
502 424 88 23 Dream
592 439 32 3 —

284 491 11 21 I
305 499 69 14 swear
383 495 23 19 to
418 493 53 22 thee
482 494 29 28 by
523 494 95 29 Cupid's
630 499 113 27 strongest
753 499 49 21 bow
811 507 5 17 ;

284 526 33 29 By
329 526 34 23 his
375 528 50 21 best
436 536 70 15 arrow
519 531 53 21 with
585 539 13 14 a
609 533 82 27 golden
704 534 65 22 head.

282 564 34 29 By
329 565 38 21 the
378 566 126 29 simplicity
516 568 29 28 of
558 568 80 22 Venus'
651 569 81 23 Doves.

282 601 34 29 By
328 602 50 22 that
389 603 72 21 which
474 604 100 22 knitteth
588 607 67 26 souls,
668 607 45 22 and
724 616 104 20 prospers
840 609 67 22 loves.

281 640 34 29 By
326 641 30 21 aU
367 641 39 22 the
419 650 59 13 vows
490 642 51 22 that
555 651 51 13 ever
618 651 52 15 men
682 644 57 23 have
752 645 76 27 broke,

280 677 26 22 In
318 679 95 21 number
424 686 62 14 more
499 679 54 21 than
566 688 52 13 ever
630 689 86 13 woman
730 682 77 26 spoke.

163 736 77 24 There
250 738 19 22 is
283 746 13 15 a
306 739 95 22 curious
412 739 130 23 document
550 740 147 31 concerning
708 740 160 25 Midsummer
877 742 100 31 Night's

130 788 88 23 Dream
230 789 24 22 in
272 789 119 23 Lambeth
405 789 109 30 Library.
552 789 22 22 It
588 789 18 22 is
620 796 12 15 a
654 788 94 30 journal
762 788 26 23 of
808 796 13 15 a
831 789 145 23 self-consti-

127 838 69 23 tuted
206 838 98 27 society,
318 839 79 23 which
410 843 50 19 met
478 842 26 19 to
517 839 92 29 impose
622 838 105 23 nominal
750 838 59 23 fines
826 847 31 14 on
879 839 30 22 all
923 848 52 22 per-

128 893 57 15 sons
197 887 80 23 whom
290 888 56 29 they
360 888 141 23 denounced
514 888 37 22 for
561 888 120 30 violating
693 888 63 22 their
769 897 54 14 own
836 891 140 29 puritanical

127 932 104 24 notions.
268 934 22 22 A
304 938 85 27 strong
407 943 55 16 case
478 938 123 25 occurred,
624 938 75 30 being
712 938 41 22 the
774 939 165 30 performance
953 942 24 22 of

125 983 160 24 Midsummer
310 985 101 30 Night's
428 985 89 23 Dream
541 993 31 15 on
592 993 13 15 a
628 984 106 31 Sunday,
756 988 24 21 at
799 986 42 23 the
864 987 74 23 house
952 989 25 22 of

128 1033 88 31 Bishop
240 1033 127 26 Williams,
387 1034 41 22 the
441 1033 136 23 celebrated
596 1033 64 22 Lord
674 1033 103 31 Keeper.
814 1034 161 31 Appropriate

124 1081 168 30 punishments
314 1090 40 14 are
375 1082 111 22 awarded
509 1082 38 22 for
568 1082 42 23 the
628 1082 100 31 Bishop,
752 1083 46 22 and
823 1083 41 23 the
883 1086 92 22 several

124 1131 78 22 Lords
215 1131 47 22 and
275 1131 95 26 Ladies,
384 1131 31 30 by
433 1138 78 19 name,
526 1131 54 22 who
601 1131 109 22 assisted.
748 1131 50 22 The
820 1131 154 30 punishment

124 1181 122 31 adjudged
257 1181 38 22 for
307 1181 41 23 the
362 1189 87 22 person
460 1181 54 22 who
527 1181 70 22 acted
610 1181 93 22 Bottom
716 1181 20 22 is
749 1181 24 22 in
783 1181 68 22 these
864 1185 74 19 terms
940 1195 33 3 —

149 1231 118 22 Likewise
280 1239 49 15 wee
343 1231 45 23 doe
400 1231 71 22 order
483 1231 53 22 that
549 1231 49 22 Mr.
614 1230 103 26 Wilson,
732 1230 101 23 because
852 1230 29 23 he
895 1231 41 22 did
948 1231 24 22 in

122 1279 58 22 such
194 1286 13 15 a
224 1279 110 23 brutishe
355 1286 100 16 manner
473 1282 53 20 acte
544 1280 42 22 the
601 1286 64 16 same
691 1280 57 22 with
764 1288 28 14 an
814 1280 69 22 Ass's
902 1280 69 27 head.

121 1328 120 23 therefore
260 1328 30 23 he
303 1328 60 23 shall
383 1336 87 22 appear
489 1336 31 15 on
542 1329 110 30 Tuesday
673 1332 58 20 next
754 1329 62 23 from
830 1330 36 22 six
889 1330 25 22 of
930 1331 41 23 the

121 1378 81 24 clocke
215 1378 24 22 in
252 1378 41 23 the
306 1378 113 30 morning
432 1378 35 22 till
481 1378 36 22 six
531 1381 24 19 at
575 1377 71 30 night
666 1377 87 30 sitting
776 1377 23 22 in
813 1377 40 22 the
868 1378 102 29 porter's

119 1427 73 30 lodge
206 1430 23 20 at
242 1435 40 23 my
295 1428 65 23 Lord
374 1428 111 30 Bishop's
498 1428 82 25 house,
594 1427 59 23 with
665 1427 37 22 his
715 1427 61 22 feete
792 1427 24 22 in
826 1427 40 23 the
881 1427 88 26 stocks,

119 1478 48 22 and
179 1478 87 23 attired
279 1478 57 22 with
350 1478 37 22 his
400 1477 68 23 Ass's
482 1476 69 25 head,
566 1475 48 23 and
626 1483 13 14 a
654 1474 75 23 bottle
743 1474 26 22 of
785 1474 46 31 hay
842 1478 36 18 set
888 1473 81 23 before

119 1524 58 26 him,
191 1524 47 23 and
251 1525 48 22 this
308 1524 141 29 inscription
462 1532 31 14 on
506 1524 37 22 his
556 1523 81 23 breast
647 1532 4 13 :

270 1596 67 22 Good
349 1596 80 28 people
440 1595 10 21 I
462 1596 56 20 have
530 1595 82 28 played
624 1594 38 21 the
674 1594 66 24 beast,

299 1635 53 21 And
364 1635 95 28 brought
474 1635 24 20 ill
509 1634 77 28 things
598 1638 23 16 to
634 1641 58 19 pass.

269 1671 10 20 I
291 1678 44 13 was
348 1678 12 13 a
371 1678 59 18 man,
443 1670 44 20 and
496 1670 53 21 thus
562 1670 55 20 have
629 1668 65 22 made

299 1707 88 26 Myself
393 1714 12 15 a
417 1707 50 22 sillv
480 1707 51 21 Ass.
