1120 1962
133 171 65 31 102

432 185 120 14 POETICAL
571 183 104 15 AVIARY.

166 258 54 22 And
231 258 24 22 in
268 258 68 22 Prior
340 271 29 3 —

254 307 44 22 She
309 307 47 22 first
368 307 27 22 of
401 307 30 22 all
443 307 37 22 the
493 312 59 17 town
565 315 43 14 was
621 307 48 22 told

253 345 82 22 Where
348 350 83 17 newest
444 345 64 22 India
521 346 75 27 things
608 352 56 15 were
676 345 57 25 sold,

254 381 30 21 So
295 381 22 21 in
329 389 12 13 a
352 381 109 29 morning,
472 382 95 21 without
578 382 87 26 bodice,

253 417 58 29 Slipt
323 418 127 22 sometimes
462 423 39 17 out
513 423 24 18 to
549 419 56 22 Mrs.
618 420 108 30 Thody's,

253 455 35 22 To
300 456 101 27 cheapen
413 460 42 22 tea,
467 460 23 18 to
501 457 45 27 buy
558 463 13 15 a
583 464 84 19 screen,

252 493 67 20 What
333 493 45 20 else
389 493 67 20 could
467 500 24 13 so
503 493 67 20 much
581 493 73 20 virtue
666 500 72 13 mean.

168 550 28 23 In
210 550 40 23 the
262 555 96 26 present
377 550 45 31 day
434 550 44 23 Tea
491 550 19 22 is
522 550 123 31 generally
658 550 105 26 noticed,
785 558 24 14 as
822 549 31 32 by
867 549 92 28 Greene,

134 609 30 13 on
178 604 100 18 account
288 600 26 22 of
323 600 41 22 the
378 600 95 22 scandal
488 600 57 22 with
555 599 79 23 which
637 613 32 3 —

253 660 117 28 Adopting
381 660 88 21 modish
481 666 103 14 manners
597 665 31 14 we

252 697 27 21 In
290 697 38 21 aid
338 697 26 21 of
372 704 72 19 sugar,
456 699 96 18 sweeten
564 699 44 18 tea.

168 754 35 22 Or
224 754 143 25 sometimes,
387 760 25 16 as
426 753 31 30 by
470 753 96 30 Young,
581 760 30 15 on
633 756 100 20 account
756 753 26 23 of
793 753 40 23 the
849 753 46 23 airs
915 752 56 23 with

134 803 79 23 which
224 803 19 23 it
255 803 18 23 is
286 803 47 29 sipt
334 817 33 3 —

254 875 61 22 Here
327 875 71 29 might
410 876 11 21 I
433 875 48 29 sing
492 875 26 22 of
526 875 126 22 Memmia's
664 875 98 28 mincing
774 875 67 26 mien,

252 914 54 20 And
318 914 29 20 all
357 914 38 21 the
407 917 139 18 movements
558 914 26 21 of
592 914 49 21 that
653 914 44 20 soft
708 913 111 26 machine,

254 952 58 21 How
323 955 44 18 two
378 952 39 21 red
428 951 43 28 lips
480 950 96 22 affected
588 950 101 29 Zephyrs
701 950 64 25 blow,

253 991 36 21 To
301 990 49 22 cool
362 990 37 21 the
411 989 84 25 Bohea,
508 988 43 21 and
562 987 89 21 inflame
664 986 38 22 the
715 987 65 25 beau,

252 1027 74 21 While
339 1034 41 14 one
392 1026 66 21 white
470 1025 70 28 finger
551 1024 44 22 and
607 1031 13 14 a
632 1024 78 21 thumb
723 1023 103 29 conspire

253 1064 35 21 To
299 1064 35 21 lift
345 1063 39 22 the
395 1070 50 20 cup,
458 1063 44 21 and
513 1062 64 21 make
591 1061 37 21 the
641 1061 69 21 world
721 1060 93 21 admire.

170 1130 53 31 Gay
235 1133 74 19 wrote
322 1137 13 15 a
346 1129 125 23 Tea-table
485 1129 107 30 eclogue.
616 1129 112 30 Canning
738 1129 44 22 has
794 1136 14 15 a
820 1128 71 23 Latin
903 1136 67 22 poem

133 1187 30 15 on
300 1179 23 22 in
333 1179 40 22 the
386 1178 77 23 Musæ
474 1179 142 22 Etonenses.
653 1179 64 22 Lord
729 1179 80 30 Byron
821 1179 56 23 calls
894 1179 77 22 Green

132 1228 49 23 Tea
235 1227 41 23 the
305 1227 78 23 China
415 1227 100 30 Nymph
550 1227 27 23 of
738 1227 98 27 Swift's,
898 1228 72 22 Polite

341 1277 87 23 relates
439 1284 57 23 very
511 1276 70 23 much
594 1278 25 21 to
632 1275 40 23 the
682 1275 122 25 tea-table,
816 1275 79 22 where
905 1274 65 23 weak

133 1327 48 23 Tea
193 1327 20 23 is
224 1327 76 23 called
338 1326 84 23 Water
434 1324 133 24 bewitched
621 1332 13 14 a
645 1331 87 23 person
746 1323 113 31 drinking
870 1323 42 22 hot
925 1322 46 23 Tea

133 1375 19 23 is
166 1374 51 23 said
229 1378 24 19 to
266 1374 60 23 have
339 1374 42 23 her
394 1373 73 23 mouth
478 1373 73 30 paved
560 1383 6 17 ;
586 1372 46 23 and
645 1380 14 14 a
670 1372 54 31 lady
737 1372 20 22 is
776 1372 92 22 desired
887 1375 25 19 to
930 1371 41 23 stir

133 1420 41 23 the
187 1423 38 20 tea
233 1420 57 22 with
303 1427 14 15 a
329 1427 76 22 spoon
515 1419 86 30 deeper
614 1419 40 23 the
832 1419 10 22 I
863 1427 53 22 may
928 1427 41 14 no-

132 1466 47 22 tice
191 1466 52 22 that
253 1469 139 27 tea-spoons
411 1467 64 27 (now
488 1467 59 23 such
560 1476 29 14 an
602 1468 131 31 important
746 1472 53 27 part
812 1469 26 23 of
848 1470 41 23 the
903 1469 68 23 silver

133 1516 129 23 consumed
275 1516 24 22 in
312 1516 131 30 England),
462 1523 61 15 were
537 1519 41 19 not
591 1516 135 30 commonly
736 1516 59 22 used
809 1516 36 22 till
862 1516 41 22 the
914 1516 55 22 time

134 1566 25 22 of
168 1566 83 27 Queen
262 1566 78 22 Anne.
376 1565 51 23 The
441 1565 101 31 English
563 1565 115 23 comforts
692 1565 25 23 of
735 1565 176 32 Tea-drinking
932 1574 39 15 are

133 1615 53 23 best
199 1615 124 23 described
336 1615 31 29 by
381 1615 109 29 Cowper.

252 1679 57 21 Now
321 1679 40 21 stir
373 1679 37 21 the
422 1679 45 26 fire,
480 1680 44 21 and
536 1680 58 21 close
607 1680 38 21 the
658 1680 99 21 shutters
766 1680 50 25 fast,

252 1716 43 21 Let
306 1717 39 21 fall
356 1717 38 21 the
406 1717 106 25 curtains,
525 1717 69 21 wheel
607 1717 37 21 the
657 1717 47 20 sofa
716 1716 79 26 round,
