1120 1962
155 160 28 20 16

458 166 120 14 POETICAL
597 164 104 15 AVIARY.

241 238 50 22 The
304 238 73 29 nights
388 245 37 15 are
436 239 142 27 wholesome,
590 238 54 22 then
657 245 28 15 no
696 238 90 28 planets
799 236 69 22 strike
878 244 4 17 ;

241 276 37 21 No
290 276 65 28 Fairy
367 277 70 25 takes,
449 283 29 15 no
490 277 67 22 witch
569 277 55 22 hath
637 284 75 21 power
723 280 23 18 to
759 276 85 22 charm.

241 315 30 21 So
282 315 110 21 haUowed
403 315 44 21 and
458 315 102 27 gracious
570 315 18 21 is
601 315 38 21 the
652 315 62 21 time.

244 350 106 21 Horatio.
354 363 30 3 —
387 350 28 21 So
425 350 11 21 I
447 351 56 21 have
514 351 77 26 heard,
602 351 46 21 and
659 352 29 20 do
699 351 23 20 in
734 354 50 25 part
795 349 87 22 befieve
894 349 23 22 it.

242 386 51 24 But,
303 386 52 20 look
366 386 38 21 the
416 393 63 15 morn
492 387 22 21 in
525 392 74 17 russet
611 387 85 22 mantle
708 387 51 22 clad

241 422 78 21 Walks
328 422 45 21 o'er
385 422 38 21 the
436 423 47 21 dew
492 423 27 21 of
525 431 44 20 yon
581 424 54 27 high
646 427 90 18 eastern
748 423 47 21 hiU.

873 460 100 22 Hamlet.

186 531 51 22 The
251 531 79 22 Robin
343 531 20 22 is
376 531 143 31 designated
541 531 31 31 by
585 531 91 24 several
689 535 68 27 poets
771 539 25 15 as
809 531 42 23 the
890 531 77 23 friend
980 531 25 23 of

272 580 23 23 It
308 580 43 23 has
363 580 62 23 been
447 580 121 30 supposed
578 583 25 20 to
623 579 56 23 take
687 579 70 30 pains
769 579 24 22 in
812 578 113 30 covering
944 578 59 23 dead

152 631 84 31 people
249 631 57 23 with
326 639 65 15 moss
413 631 46 23 and
481 631 86 23 leaves.
604 630 35 23 As
661 630 24 22 in
701 630 42 22 the
762 629 40 23 old
821 628 78 24 ballad
918 628 26 23 of
962 628 41 24 the

179 680 77 21 Babes
268 680 25 21 in
305 680 42 21 the

334 743 37 21 No
382 741 73 22 burial
467 741 46 22 this
525 746 75 23 pretty
612 741 48 28 pair

362 779 36 22 Of
405 787 42 19 any
457 786 51 15 man
520 779 107 26 receives,

331 817 47 22 Till
389 818 78 22 Robin
479 818 130 22 red-breast
613 817 120 29 painfully

360 853 47 22 Did
416 862 65 13 cover
492 854 62 22 them
565 854 54 22 with
630 855 81 21 leaves.

185 917 52 22 The
256 916 115 23 tradition
393 916 24 23 in
438 917 41 22 the
503 917 79 22 ballad
607 917 19 22 is
647 917 56 22 thus
725 917 96 22 noticed
845 917 32 30 by
899 915 100 24 Words-

151 967 77 22 worth
230 980 32 4 —

301 1021 44 21 Art
356 1021 57 21 thou
424 1021 39 21 the
475 1021 50 22 bird
536 1022 72 21 whom
619 1029 52 15 man
683 1022 62 22 loves
757 1024 57 26 best,

301 1057 50 22 The
359 1060 70 26 pious
441 1059 54 21 bird
503 1059 55 22 with
569 1060 39 22 the
620 1061 82 22 scarlet
713 1062 83 25 breast,

363 1095 49 22 Our
423 1095 59 22 Httle
494 1095 94 29 EngUsh
601 1098 78 21 Robin
690 1100 9 19 ?

301 1131 50 21 The
359 1132 50 21 bird
420 1133 50 22 that
481 1140 77 15 comes
569 1134 70 22 about
651 1143 41 14 our
704 1136 77 27 doors,

300 1170 75 21 When
387 1174 94 18 autumn
493 1171 71 22 winds
576 1179 37 14 are
627 1172 96 29 sobbing
735 1172 5 22 !

299 1208 44 20 Art
354 1207 56 22 thou
421 1207 39 22 the
473 1207 68 22 Peter
552 1208 27 21 of
588 1208 97 28 Norway
697 1209 66 21 boors
776 1208 9 21 ?

363 1243 70 22 Their
445 1243 101 23 Thomas
558 1245 22 20 in
591 1245 96 21 Finland

361 1280 53 21 And
426 1280 83 22 Russia
520 1282 34 21 far
565 1282 78 21 inland
654 1282 11 21 ?

305 1318 51 22 The
368 1319 50 21 bird
430 1319 49 21 who
490 1320 29 28 by
532 1327 61 14 some
605 1327 66 15 name
683 1327 24 15 or
717 1320 65 22 other

298 1356 40 21 All
349 1364 50 13 men
411 1356 50 22 who
470 1357 65 21 know
547 1357 51 21 thee
611 1357 42 21 caU
665 1356 59 22 their
735 1357 98 21 brother.

299 1392 49 22 Can
359 1392 46 22 this
417 1393 28 21 be
457 1392 39 22 the
507 1393 57 27 bird,
576 1398 26 17 to
610 1401 52 14 man
674 1402 24 13 so
710 1395 59 28 good

298 1429 61 22 That
372 1430 57 21 after
441 1430 59 21 their
512 1430 152 27 bewildering,

299 1467 102 23 Covered
410 1468 54 22 with
475 1468 75 21 leaves
559 1468 39 21 the
610 1468 60 22 Httle
679 1468 108 26 children,

358 1505 29 22 So
395 1506 121 28 painfully
528 1505 22 21 in
563 1504 39 22 the
613 1504 66 22 wood
690 1504 11 21 ?

183 1570 28 23 In
232 1569 110 27 Herrick,
356 1577 13 14 a
388 1569 120 31 sprightly
520 1569 81 22 writer
614 1568 27 23 of
652 1568 41 23 the
714 1569 158 22 seventeenth
885 1572 107 28 century,

149 1625 36 15 we
198 1619 61 21 have
260 1631 33 4 —

299 1679 72 23 Sweet
384 1680 122 29 Amaryllis
517 1681 30 28 by
558 1687 13 14 a
583 1680 95 28 spring's

297 1715 49 22 Soft
358 1717 45 21 and
412 1717 159 28 soul-melting
584 1718 151 28 murmurings
