1120 1962
165 158 44 20 124

472 163 119 15 POETICAL
612 164 102 14 AVIARY.

193 240 23 23 It
228 239 78 23 would
326 247 72 18 seem,
413 239 51 22 that
487 239 166 30 compliments
674 243 24 19 to
712 240 100 30 royalty,
827 248 54 22 may
903 240 96 22 become

165 295 26 14 so
215 286 108 23 habitual
343 293 24 16 as
387 288 26 21 to
434 286 29 23 be
482 286 102 25 uttered,
602 286 46 22 like
669 285 41 24 the
731 285 75 31 dying
819 285 86 31 speech
924 285 26 22 of
961 285 38 23 the

165 337 102 23 courtier
279 337 25 22 in
316 337 64 27 Pope
381 348 33 4 —

284 393 26 26 If,
319 392 73 22 where
401 392 40 22 Tm
453 392 72 27 going,
535 392 11 22 I
557 392 67 22 could
635 398 62 15 serve
708 398 52 21 you,
773 391 40 22 Sir.

166 452 55 26 For,
239 452 19 22 it
270 451 19 22 is
302 451 91 22 related
407 450 26 23 of
443 450 151 30 Archbishop
605 450 113 25 Fenelon,
732 450 61 25 that,
812 449 24 22 in
851 457 13 14 a
878 449 45 22 like
939 448 60 27 vein,

166 507 31 14 on
216 498 37 22 his
265 497 139 26 death-bed,
419 497 29 22 he
467 497 68 22 made
547 497 48 22 this
608 497 63 29 loyal
689 497 100 22 effusion
804 506 4 13 :
875 496 25 23 Si
915 497 84 29 j'aurai

388 531 15 12 1*

166 550 125 22 l'honneur
304 548 28 23 de
345 548 50 23 voit
405 548 68 26 Dieu,
486 548 29 22 Je
526 555 29 15 ne
574 546 138 30 manquerai
725 553 85 23 gueres
823 546 29 22 de
865 545 32 22 lui
906 552 91 15 racom-

166 601 98 20 mander
276 600 55 21 bien
345 599 69 22 l'ame
429 599 30 22 du
473 599 45 22 Roi
531 598 29 22 de

199 647 29 22 In
241 655 13 14 a
265 654 70 23 poem
352 646 31 30 by
396 646 102 22 Warton
519 653 35 15 we
567 646 60 22 have
641 653 12 15 a
666 646 108 30 pleasing
795 646 145 30 description
953 646 25 22 of
988 652 12 15 a

167 698 63 23 Lark
239 697 24 22 in
276 705 29 14 an
318 695 68 29 April
399 695 93 23 shower
492 707 33 4 —

285 754 99 28 Fraught
395 753 53 21 with
461 760 12 13 a
485 751 109 22 transient
605 751 77 21 frozen
695 751 90 26 shower,

286 790 23 21 If
316 797 13 14 a
340 789 67 21 cloud
419 789 79 21 should
510 788 67 26 haply
588 788 74 25 lower,

287 826 83 27 Sailing
381 825 44 21 o'er
436 824 38 21 the
486 824 120 27 landscape
618 823 61 26 dark,

286 864 66 21 Mute
364 870 28 13 on
403 870 13 13 a
428 861 86 22 sudden
526 861 19 21 is
556 861 38 21 the
604 860 66 21 Lark.

285 902 44 21 But
341 900 63 22 when
417 900 83 27 gleams
512 898 38 21 the
563 905 39 13 sun
615 896 71 29 again,

286 938 56 22 O'er
353 937 39 21 the
403 936 61 28 pearl
476 934 143 28 besprinkled
630 933 67 28 plain,

286 973 60 25 And,
357 972 57 21 from
425 971 83 21 behind
519 971 35 20 his
565 974 82 24 watery
657 970 51 25 veil,

285 1010 75 22 Looks
371 1009 98 28 through
480 1009 38 20 the
529 1008 49 21 thin
590 1008 136 28 descending
737 1008 52 25 hail,

286 1049 44 21 She
341 1050 97 21 mounts,
450 1046 44 20 and
504 1044 113 28 lessening
629 1048 23 17 to
663 1043 38 22 the
714 1043 66 28 sight,

285 1085 89 21 Salutes
385 1084 38 21 the
436 1082 69 22 bfitbe
517 1086 76 18 return
605 1082 26 20 of
638 1081 63 29 fight.

284 1121 53 21 And
348 1120 53 28 high
413 1119 40 20 her
464 1118 88 21 tuneful
564 1117 63 21 track
637 1124 102 21 pursues,

285 1156 51 20 Mid
347 1156 38 20 the
399 1155 45 21 dim
456 1154 115 22 rainbow's
584 1155 111 21 scattered
707 1154 61 22 hues.

199 1212 29 23 In
240 1212 41 22 the
299 1209 162 23 introduction
473 1212 25 19 to
510 1209 42 22 the
591 1208 50 30 Lay
654 1209 25 22 of
690 1209 40 22 the
746 1208 57 23 Last
966 1216 34 15 we

166 1259 60 21 have
227 1270 33 4 —

287 1314 37 22 No
335 1320 61 15 more
408 1319 27 15 on
447 1312 107 29 prancing
563 1311 87 29 palfrey
661 1312 68 20 borne

286 1353 35 21 He
333 1352 106 24 carolled,
450 1349 58 27 light
519 1357 23 13 as
554 1348 59 22 Lark
627 1352 23 17 at
661 1354 69 15 morn.

203 1408 46 22 But
262 1406 109 29 carolling
384 1406 43 22 has
440 1405 60 22 been
511 1404 94 31 applied
617 1408 24 19 to
655 1404 41 23 the
707 1403 160 32 Nightingale
881 1404 47 23 and
936 1404 67 22 other

168 1457 65 24 birds
243 1467 5 17 ;
267 1457 41 23 the
318 1459 60 20 term
388 1456 20 21 is
418 1454 139 31 principally
569 1453 59 22 used
639 1452 58 22 with
708 1452 120 22 reference
841 1455 26 19 to
911 1452 90 22 Christ-

169 1513 51 16 mas
352 1503 28 23 In
391 1503 50 23 Ben
450 1503 113 23 Jonson's
584 1511 97 22 masque
692 1503 26 22 of
731 1503 142 26 Christmas,
895 1503 66 22 Carol
983 1503 20 22 is

169 1551 140 24 introduced
322 1559 25 15 as
359 1559 14 14 a
385 1551 122 22 character
518 1558 88 23 among
619 1551 41 22 the
674 1551 68 22 other
756 1551 107 22 children
876 1551 25 22 of
911 1551 90 22 Christ-

169 1607 59 18 mas,
247 1599 45 25 viz,
310 1598 133 31 Mince-pie,
466 1597 107 26 Misrule,
592 1596 135 31 Mumming,
754 1596 95 27 Wassel,
868 1596 58 31 Log,
945 1596 57 25 Box,

173 1646 102 27 Gambol,
285 1646 144 31 New-year's
442 1646 58 30 Gift,
512 1646 137 31 Baby-cake,
660 1647 30 23 all
701 1647 23 23 in
735 1648 150 30 appropriate
896 1648 92 22 dresses
998 1656 4 15 ;

170 1695 55 27 and,
245 1699 26 18 to
293 1695 82 28 puzzle
396 1695 168 28 antiquarians,
588 1695 58 22 Post
668 1695 44 22 and
732 1695 58 22 Pair
808 1695 87 28 calling
912 1695 36 22 for
969 1694 35 22 his
