1120 1962
309 437 265 37 POETICAL
599 437 220 38 AVIARY.

423 623 86 22 PART
527 624 67 21 THE
612 624 98 21 FIRST.

303 693 63 13 BIRDS
381 693 108 13 WITHOUT
504 694 111 12 ALLUSION
631 693 27 13 TO
673 694 67 12 THEIR
757 693 76 13 NOTES.

176 735 59 22 One
248 735 27 23 of
285 735 41 23 the
340 736 96 23 curious
448 735 106 31 political
568 735 90 24 medals
671 736 53 23 that
736 744 62 15 were
812 736 82 23 struck
907 736 25 22 in
951 736 41 22 the

142 783 69 30 reign
226 784 25 22 of
264 784 101 23 Charles
380 784 33 23 II.
428 787 145 27 represents,
589 792 30 15 on
632 792 45 15 one
691 784 59 26 side,
764 784 68 23 Titus
846 784 75 23 Oates
934 785 58 23 with

142 835 48 20 two
203 833 73 23 faces.
315 833 39 23 On
373 834 41 22 the
435 841 95 15 reverse
555 841 40 15 are
613 834 42 22 the
677 833 74 23 heads
771 833 25 22 of
814 833 41 23 the
874 833 59 31 king
946 835 46 22 and

140 881 54 23 four
214 881 27 22 of
256 881 37 23 his
312 881 118 31 principal
447 881 130 26 ministers,
602 881 58 23 with
680 881 49 23 this
751 884 78 20 motto
851 882 79 22 round
951 882 41 23 the

140 929 96 27 border,
286 929 71 24 Birds
378 930 26 22 of
426 938 13 15 a
458 930 94 23 feather
569 929 63 23 flock
823 928 66 28 This,
901 937 25 15 as
939 930 53 23 well

140 984 26 15 as
185 977 96 23 various
307 978 69 22 other
400 978 117 30 proverbs
541 978 99 23 derived
660 978 63 22 from
746 978 75 27 birds,
846 978 61 24 haee
931 979 61 23 been

140 1025 144 25 introduced
298 1027 50 22 into
362 1030 94 26 poetry.
493 1027 66 23 Thus
572 1026 93 30 Anstey
667 1039 34 3 —

232 1080 55 21 And
298 1080 63 21 'twas
373 1084 76 25 pretty
460 1084 24 17 to
497 1088 36 14 see
545 1081 50 21 how
606 1080 46 22 like
664 1081 65 21 birds
741 1081 29 29 of
777 1088 13 14 a
794 1080 98 30 feather

232 1120 51 21 The
296 1120 80 28 people
389 1120 26 21 of
423 1120 87 28 quality
514 1120 98 28 flocked
622 1120 35 20 all
668 1118 108 28 together,

230 1156 40 21 All
281 1156 111 28 pressing,
403 1156 140 28 addressing,
556 1155 120 29 caressing,
689 1156 44 21 and
745 1155 60 27 fond,

229 1193 55 22 Just
296 1193 39 22 the
348 1200 60 15 same
420 1201 25 14 as
457 1193 65 22 those
534 1193 95 22 animals
641 1194 29 21 do
682 1193 22 22 in
717 1201 12 14 a
740 1194 69 27 pond.

173 1249 86 23 Under
272 1249 42 23 the
334 1249 55 30 sign
403 1249 26 22 of
447 1257 31 14 an
491 1249 41 22 inn
553 1249 170 30 representing
734 1256 15 15 a
762 1256 55 15 man
839 1249 58 22 with
911 1257 13 14 a
937 1249 51 23 bird

137 1298 25 22 in
175 1298 37 22 his
226 1298 74 26 hand,
311 1298 48 22 and
370 1302 49 18 two
432 1298 66 22 birds
512 1298 23 23 in
550 1307 13 15 a
575 1299 62 23 bush
649 1299 11 23 I
673 1299 61 23 have
747 1308 56 14 seen
817 1301 101 25 written,

313 1354 22 22 A
347 1354 50 22 bird
407 1355 23 21 in
442 1355 38 21 the
578 1356 51 29 d'ye
640 1364 36 15 see
698 1376 6 11 ,

290 1392 22 21 Is
324 1392 71 21 worth
407 1397 45 16 two
463 1392 23 21 in
497 1392 39 21 the
546 1392 83 21 bushes
641 1392 51 21 that
702 1393 33 20 be.

171 1448 78 24 These
270 1457 82 15 verses
371 1448 76 23 under
468 1448 67 31 signs
554 1456 40 15 are
612 1456 54 15 now
685 1457 14 14 a
721 1448 74 31 rarity
815 1448 23 23 in
859 1448 112 31 England
983 1458 3 17 ;

137 1497 58 30 they
206 1504 64 15 were
282 1496 115 31 formerly
410 1504 67 15 more
488 1504 120 15 common.
630 1497 77 27 Swift,
722 1498 117 31 speaking
852 1498 26 23 of
892 1498 94 32 Harley,

138 1544 56 23 Earl
206 1544 26 22 of
243 1544 103 26 Oxford,
359 1544 43 23 the
414 1544 77 30 prime
503 1545 117 26 minister,
632 1553 53 22 says
687 1559 34 4 —

288 1600 85 21 Would
385 1600 52 21 take
449 1607 36 14 me
497 1600 22 21 in
530 1600 36 21 his
578 1600 69 22 coach
659 1604 25 18 to
696 1601 57 25 chat,

288 1636 55 21 And
354 1637 106 27 question
472 1645 36 14 me
520 1638 26 21 of
554 1638 46 21 this
612 1646 24 13 or
647 1639 49 21 that
707 1647 5 17 ;

288 1672 34 22 Or
333 1674 90 27 gravely
434 1678 35 23 try
480 1678 24 17 to
515 1674 54 22 read
581 1675 39 21 the
631 1675 58 22 lines

289 1709 59 22 Writ
359 1711 142 22 underneath
511 1712 38 22 the
559 1717 95 25 country
666 1714 67 28 signs.

342 1767 11 12 ii
