1120 1962
181 203 2 2 44

454 191 119 14 POETICAL
594 191 102 14 AVIARY.

188 264 113 23 Linnæus
321 264 92 23 classed
427 266 112 29 together
559 274 47 14 men
621 267 46 22 and
687 266 58 26 bats,
768 266 85 31 chiefly
875 267 79 30 owing
975 271 24 19 to

152 312 38 23 his
200 316 169 27 arrangement
382 312 79 23 which
473 322 49 14 was
534 313 107 23 founded
654 321 31 14 on
697 312 41 23 the
752 312 76 23 teeth.
855 312 86 24 Cuvier
953 314 46 22 and

152 361 166 22 Blumenbach
338 361 61 23 have
422 363 99 22 rescued
549 370 56 14 man
624 361 63 23 from
699 361 49 23 this
770 361 142 32 fellowship.
948 362 51 24 The

153 408 87 22 animal
263 407 117 31 kingdom
403 408 20 22 is
447 408 96 23 divided
562 409 87 22 into—
651 408 43 30 (1)
720 409 150 23 vertebrated
892 410 105 27 animals,

152 459 90 30 having
266 467 13 15 a
303 459 66 30 spine
378 468 6 17 ;
411 460 38 28 (2)
473 458 154 25 molluscous,
649 457 74 31 being
747 456 55 27 soft,
826 457 48 23 and
897 458 100 23 without

153 510 116 24 skeleton,
295 516 26 16 as
345 508 72 23 snails
443 508 47 23 and
515 510 94 27 oysters
623 515 4 17 ;
661 507 38 27 (3)
726 504 147 26 articulated,
897 504 100 23 without

153 556 116 26 skeleton,
295 556 43 22 but
351 555 57 23 with
422 555 65 22 skins
500 562 27 15 or
539 554 126 30 coverings
679 551 96 24 divided
787 551 46 22 and
849 550 101 31 jointed,
972 558 25 15 as

153 603 82 23 insects
259 603 47 23 and
330 611 88 15 worms
430 612 4 17 ;
462 603 37 28 (4)
518 601 117 25 radiated,
657 600 25 22 in
704 599 78 23 which
802 598 40 24 the
867 607 86 23 organs
973 599 26 22 of

153 650 92 22 motion
258 650 46 22 aud
317 650 121 23 sensation
458 649 91 23 radiate
570 648 62 23 from
649 655 14 15 a
676 654 111 16 common
807 650 90 22 centre,
918 654 24 16 as
954 647 41 23 the

153 698 116 23 star-fish.
289 698 161 23 Vertebrated
458 698 99 23 animals
566 706 39 14 are
614 697 95 23 divided
718 697 50 22 into
770 711 32 3 —
804 697 39 31 (1)
854 697 140 27 mammalia,

152 747 71 24 those
246 748 79 23 which
349 749 81 22 suckle
444 758 5 17 ;
476 748 40 31 (2)
541 748 66 23 birds
621 758 5 17 ;
652 749 36 29 (3)
713 748 96 31 reptiles
823 758 5 17 ;
854 750 36 28 (4)
914 749 79 23 fishes.

153 798 131 22 Lawrence
297 805 54 23 says
363 797 54 23 that
428 797 41 23 the
482 797 90 23 human
583 800 118 19 structure
714 797 19 23 is
748 797 174 30 distinguished
935 797 58 23 from

152 846 53 23 that
217 846 26 23 of
258 846 70 23 other
340 846 99 23 animals
451 846 32 31 by
496 847 92 22 sixteen
610 846 167 31 peculiarities.
815 847 119 24 However
953 848 41 23 the

152 896 71 22 Poets
240 896 68 22 make
321 902 30 16 no
365 895 138 23 distinction
523 895 108 23 between
644 896 137 22 articulated
798 896 47 22 and
857 896 140 22 vertebrated

153 942 108 23 animals.
299 942 9 22 I
323 942 61 23 shall
396 950 54 22 pass
465 950 57 14 over
543 942 100 30 reptiles,
665 942 48 22 and
734 951 60 14 even
809 942 77 31 flying
898 943 94 30 spiders,

152 992 94 31 though
268 995 67 27 poets
356 991 61 23 have
437 990 96 23 noticed
554 990 63 23 their
635 990 118 22 balloons.
789 990 48 22 For
853 991 105 30 treating
970 990 26 23 of

152 1040 51 23 flies
216 1040 24 22 in
253 1040 154 31 conjunction
418 1040 60 22 with
490 1046 118 23 sparrows
629 1038 47 23 and
689 1038 69 23 other
771 1038 145 30 undisputed
927 1038 64 23 birds

151 1089 68 22 there
239 1089 73 22 needs
323 1096 32 15 no
367 1089 78 22 better
456 1088 121 30 authority
590 1088 59 23 than
662 1089 41 22 the
718 1089 126 22 venerable
865 1089 85 22 author
969 1089 27 22 of

182 1139 65 21 Cock

185 1186 23 23 It
220 1187 43 22 has
275 1186 61 23 been
358 1194 14 14 a
389 1186 100 22 favorite
509 1186 80 23 theme
609 1186 58 22 with
691 1186 71 23 Poets
778 1189 25 20 to
817 1186 69 23 dwell
903 1194 30 15 on
952 1186 39 23 the

152 1232 171 23 circumstance
336 1233 26 22 of
373 1232 77 23 Gnats
464 1233 47 22 and
524 1233 69 22 other
605 1233 68 23 small
683 1234 97 30 winged
792 1234 89 23 insects
897 1235 94 30 getting

152 1282 50 22 into
215 1282 80 23 ladies'
311 1290 62 23 eyes.
410 1283 57 22 This
480 1290 142 16 occurrence
632 1283 44 23 has
687 1284 61 23 been
761 1284 92 32 usually
864 1285 127 23 attributed

152 1332 25 19 to
190 1329 40 23 the
240 1329 128 30 particular
378 1329 73 23 lustre
463 1330 47 22 and
522 1330 127 23 attraction
664 1330 26 23 of
704 1331 41 23 the
766 1332 85 22 female
872 1339 75 23 organ
968 1332 24 22 of

151 1378 85 22 vision.

269 1458 74 21 When
355 1459 44 20 this
404 1460 39 27 jiy
454 1458 59 21 lived
525 1459 39 21 she
575 1459 56 21 used
642 1462 24 18 to
678 1459 51 28 play

270 1496 26 21 In
308 1496 38 21 the
358 1496 117 21 sun-shine
487 1496 29 21 all
527 1496 39 21 the
582 1496 50 28 day,

271 1533 45 21 Till
327 1533 88 28 coming
426 1540 54 14 near
490 1540 37 21 my
539 1532 82 22 Celia's
632 1532 67 28 sight,

271 1571 44 21 She
326 1571 69 22 found
407 1578 13 14 a
431 1578 48 14 new
491 1571 44 21 and
546 1571 111 21 uuknown
669 1571 56 28 light
738 1579 5 18 ;

270 1609 29 21 So
310 1609 42 21 full
363 1609 25 21 of
396 1609 69 28 glory,
477 1615 24 14 as
512 1609 18 20 it
539 1609 64 20 made

271 1645 50 21 The
332 1646 116 27 noon-day
457 1645 61 27 quite
530 1653 12 13 a
553 1645 88 28 gloomy
654 1645 68 21 shade
732 1654 5 17 ;

270 1682 65 21 Then
348 1682 45 21 this
404 1690 103 13 amorous
511 1683 39 27 .Z***//
561 1682 91 21 became

269 1718 40 29 My
321 1719 61 25 rival,
391 1720 44 20 and
447 1720 38 20 did
497 1723 62 18 court
572 1726 36 21 my
619 1719 72 22 flame.
