1120 1962
147 171 45 21 108

442 177 120 14 POETICAL
582 177 102 14 AVIARY.

177 251 11 22 I
209 259 55 22 may
278 254 86 23 revert,
385 250 31 32 by
430 259 30 15 an
482 259 55 23 easy
549 252 134 26 transition,
705 251 62 23 from
781 251 96 31 Elegiac
897 252 83 31 Poetry

141 304 25 19 to
187 300 42 23 the
242 308 108 23 memory
363 300 26 23 of
400 300 91 32 Bishop
505 300 89 26 Heber,
616 301 78 23 which
706 301 20 22 is
737 309 26 15 so
776 300 71 24 much
859 300 122 24 cherished

141 353 32 29 by
185 351 38 23 his
236 351 86 23 Indian
334 350 89 23 friends
442 351 52 23 that
505 350 57 32 they
576 349 46 23 will
636 349 61 23 have
715 349 108 31 pleasure
835 349 24 22 in
881 348 98 30 reading

140 399 37 22 his
190 406 79 16 verses
283 406 30 15 on
326 398 41 23 the
379 398 112 29 plaintive
504 401 69 19 notes
586 397 26 23 of
624 397 41 23 the
678 396 161 31 Nightingale
850 405 5 15 :

260 451 52 22 Still
323 459 23 14 as
356 459 33 14 we
400 459 59 21 pass,
470 452 56 21 from
538 452 57 22 bush
607 453 45 21 and
664 453 65 26 briar,

260 489 51 21 The
323 489 62 21 shrill
397 488 79 29 Cigala
488 489 79 21 strikes
579 489 35 21 his
625 489 54 29 lyre,

258 525 54 22 And
323 525 58 22 what
393 525 18 22 is
424 525 47 27 she,
483 526 73 21 whose
567 526 72 28 liquid
652 526 69 21 strain

259 564 85 21 ThriUs
356 563 95 29 through
463 571 43 21 yon
519 571 67 20 copse
598 564 26 21 of
632 570 135 21 sugar-cane
775 562 9 21 ?

259 601 11 21 I
281 602 65 21 know
358 601 49 22 that
420 601 194 28 soul-entrancing
626 601 67 26 swell,

258 637 21 21 It
290 637 27 25 is,
329 637 17 21 it
357 641 60 18 must
428 638 35 24 be,
476 637 114 22 Philomel.

174 693 96 23 Several
278 693 71 23 Poets
367 697 123 26 represent
507 694 43 23 the
569 694 161 30 Nightingale
743 702 25 14 as
776 693 98 31 leaning
886 695 90 29 against

139 751 13 15 a
163 743 81 22 thorn.
264 741 29 23 In
301 741 55 27 fact,
366 741 172 31 Nightingales
549 741 89 31 usually
648 741 75 23 nestle
732 741 23 22 in
765 741 105 30 quickset
879 741 96 31 hedges.

138 791 67 31 They
217 798 75 18 come,
306 790 40 23 the
359 790 61 22 male
432 790 66 22 birds
511 790 60 26 first,
584 790 73 22 about
669 790 41 22 the
723 790 53 22 first
788 789 65 23 week
866 789 26 23 of
902 790 73 29 April,

139 840 46 22 and
205 840 30 22 do
253 842 43 20 not
314 839 66 23 build
400 838 36 23 till
454 838 40 23 the
514 837 88 23 middle
622 836 27 24 of
665 836 67 31 May.
769 836 59 23 Like
846 836 40 23 the
899 836 76 22 Robin

138 886 47 23 and
198 886 83 26 Wren,
295 885 56 31 they
365 884 55 31 only
433 892 69 15 move
521 884 60 22 from
594 884 78 29 hedge
684 886 26 20 to
723 883 86 30 hedge,
823 883 47 22 and
882 882 31 23 do
934 886 41 20 not

136 934 56 23 take
215 934 42 22 the
281 934 158 22 Michaelmas
463 933 46 23 and
533 933 87 24 March
632 933 90 30 flights,
748 933 46 23 like
815 935 64 21 most
892 932 27 23 of
935 933 40 23 the

138 984 102 22 Finches
241 996 33 4 —

257 1039 29 22 So
297 1039 110 22 Philomel
417 1039 100 27 perched
528 1045 29 15 on
569 1045 28 15 an
610 1045 68 21 aspen
691 1038 67 28 sprig.

255 1077 84 28 Weeps
351 1077 29 21 all
391 1077 38 21 the
441 1077 64 28 night
516 1077 33 21 for
560 1077 39 21 her
610 1077 44 21 lost
666 1084 107 21 progeny,

257 1116 54 21 And
323 1115 59 28 sings
394 1115 39 20 her
445 1114 39 21 sad
495 1114 46 21 tale
552 1117 25 18 to
588 1113 39 22 the
638 1121 72 22 merry
721 1114 60 28 twig,

256 1152 61 22 That
329 1153 82 20 dances
422 1155 23 18 at
455 1151 55 22 such
519 1150 73 30 joyful
603 1151 81 28 misery
692 1160 6 17 ;

244 1188 86 22 -Never
340 1188 44 22 lets
396 1191 68 18 sweet
475 1191 46 18 rest
532 1188 80 21 invade
623 1187 40 21 her
674 1193 48 22 eye,

256 1226 45 22 But
315 1226 91 28 leaning
417 1233 29 15 on
457 1233 15 14 a
484 1225 67 22 thorn
563 1224 41 22 her
616 1225 81 27 dainty
708 1223 69 26 chest,

256 1263 44 21 For
310 1263 46 21 fear
368 1263 43 21 soft
423 1262 61 28 sleep
496 1262 81 21 should
588 1261 56 21 steal
656 1261 48 21 into
715 1261 40 21 her
766 1261 82 26 breast,

255 1299 123 28 Expresses
389 1299 22 21 in
423 1299 39 21 her
474 1305 55 21 song
540 1298 59 28 grief
607 1304 75 15 scarce
693 1301 23 18 to
727 1297 28 21 be
767 1295 125 30 expressed.

754 1333 64 20 Giles
831 1331 110 22 Fletcher.

168 1385 29 22 In
210 1383 124 24 Browne's
345 1383 77 30 Elegy
435 1389 31 15 on
654 1387 35 15 we
702 1379 60 23 have
763 1392 32 3 —

251 1442 50 22 'Tis
312 1445 39 19 not
362 1441 34 21 for
407 1440 53 22 thee
471 1439 64 21 these
547 1437 64 29 briny
622 1441 60 18 tears
694 1444 37 14 are
743 1441 71 23 spent,

252 1477 46 22 But
309 1485 24 13 as
345 1477 39 21 the
395 1475 152 29 Nightingale
559 1475 94 28 against
665 1474 37 22 the
714 1475 73 26 briar,

252 1514 49 23 'Tis
312 1515 33 21 for
356 1514 83 29 myself
447 1514 11 21 I
469 1520 80 15 mourn
560 1513 45 21 and
616 1513 28 21 do
656 1513 92 21 lament.

165 1567 51 24 The
238 1567 77 31 Elegy
328 1575 30 15 on
371 1567 118 24 Philarete
509 1566 19 23 is
541 1566 156 27 remarkable,
720 1574 26 16 as
758 1567 18 23 it
788 1568 28 26 is,
830 1568 57 23 with
906 1576 63 15 some

133 1615 66 23 shew
220 1615 26 23 of
262 1623 94 18 reason,
370 1614 119 32 supposed
501 1618 25 20 to
548 1614 60 22 have
621 1614 61 23 been
694 1614 41 23 the
748 1618 56 28 type
816 1615 26 22 of
861 1615 108 23 Milton's

131 1662 110 30 Lycidas.
271 1662 33 23 So
326 1662 124 23 Browne's
498 1669 98 23 masque
616 1662 27 23 of
767 1663 20 23 is
809 1663 117 31 supposed
945 1667 24 19 to

130 1708 61 24 have
202 1709 61 23 been
280 1709 41 24 the
334 1712 55 28 type
402 1710 26 23 of
439 1709 90 24 Comus
539 1718 7 19 ;
570 1710 46 24 and
627 1718 14 15 a
654 1714 53 26 part
719 1711 26 23 of
755 1712 37 23 his
