1120 1962
160 171 28 21 62

461 174 120 16 POETICAL
594 173 102 15 AVIARY.

160 249 37 23 his
239 249 166 23 Groatsworth
417 250 25 22 of
530 250 142 30 addressing
685 249 36 22 his
737 249 98 22 brother
848 249 152 27 Dramatists,

159 298 84 29 speaks
267 298 25 22 of
315 298 149 30 Shakspeare
488 298 74 23 under
579 298 42 22 the
634 304 81 16 names
730 296 25 22 of
812 296 118 23 Factotum
955 298 45 22 and

337 347 46 23 and
396 347 56 23 calls
462 347 49 22 him
522 354 29 15 an
596 346 99 30 Upstart
711 346 64 23 Crow
788 346 53 23 who
852 346 46 23 had
910 346 89 22 beauti-

159 395 47 22 fied
218 394 97 23 himself
326 395 57 22 with
396 394 62 23 their
634 394 57 22 This
715 394 20 22 is
748 394 39 22 ths
801 393 95 23 earliest
919 397 81 19 extant

157 448 79 22 notice
250 448 26 22 of
287 447 157 30 Shakspeare,
458 447 45 22 viz.
518 446 24 22 in
558 446 71 22 1592.
668 444 38 23 He
720 443 127 31 published
859 442 38 23 his
918 450 80 23 poems

157 498 25 22 in
197 498 71 22 1593.
307 497 44 22 His
365 504 68 15 name
447 496 19 22 is
479 495 86 30 signed
577 498 25 19 to
616 503 14 14 a
642 493 109 31 petition,
765 500 54 15 now
842 492 23 22 in
878 492 41 22 the
933 491 65 23 State

157 547 75 31 Paper
246 547 83 26 Office,
344 547 25 22 of
378 547 41 23 the
433 547 54 22 date
500 547 26 22 of
539 547 71 22 1596.
648 546 22 22 A
682 545 96 30 printed
788 552 61 23 copy
864 544 24 22 of
896 543 102 23 Richard

157 597 56 26 III.,
228 597 30 22 A.
273 597 30 22 D.
321 597 72 26 1594,
408 597 47 22 and
467 597 93 22 Romeo
574 596 47 22 and
632 595 83 25 Juliet,
731 595 71 24 1597,
816 593 24 22 in
853 592 41 23 the
917 600 79 23 poses-

157 647 51 22 sion
229 647 25 22 of
273 648 42 22 the
338 647 68 23 Duke
420 647 25 22 of
456 646 158 26 Devonshire,
632 653 48 18 are,
694 645 10 23 I
719 645 97 24 believe,
838 644 41 22 the
905 643 92 23 earliest

157 694 104 29 existing
273 694 96 23 records
380 694 26 22 of
419 693 37 22 his
468 693 76 30 plays.

191 741 28 22 In
232 749 14 14 a
258 741 54 30 play
323 741 33 30 by
369 741 61 29 Lilly
442 748 36 15 we
489 740 61 22 have
563 747 14 15 a
590 746 61 22 song
663 737 135 31 beginning
807 737 88 22 thus—

275 789 69 21 What
356 789 50 21 bird
417 796 24 13 so
453 787 67 29 sings,
532 790 37 25 yet
582 794 23 13 so
618 786 53 21 does
684 785 55 22 wail

336 825 109 21 Philomel
456 824 39 22 the
508 824 146 28 Nightingale
667 831 5 18 ;

276 864 71 27 Jugg,
360 863 69 27 Jugg,
442 862 71 28 Jugg,
529 862 74 21 Terue
615 860 40 22 she
671 860 57 21 cries

274 901 54 22 And
340 901 77 27 hating
428 900 72 26 earth,
513 904 23 17 to
549 900 85 21 heaven
647 899 39 21 she
698 899 56 21 flies.

189 956 50 22 The
259 963 70 15 name
350 955 26 23 of
393 955 40 23 the
450 955 55 30 play
525 954 62 23 from
609 954 78 22 which
705 953 48 23 this
772 961 62 23 song
849 953 20 22 is
888 952 70 23 taken
976 952 17 22 is

155 1003 138 23 Alexander
306 1003 46 22 and
367 1003 126 30 Camaspe,
507 1003 97 30 printed
621 1005 70 21 1584.
724 1004 64 22 Nine
802 1004 26 22 of
836 1003 82 31 Lilly's
930 1004 63 29 plays

154 1060 40 14 are
214 1055 91 22 extant,
327 1052 43 22 but
389 1052 57 31 they
467 1061 39 14 are
520 1061 57 22 very
590 1061 88 15 scarce.
728 1054 38 23 He
786 1061 48 16 was
856 1054 41 23 the
919 1054 74 22 Court

154 1102 131 23 Dramatist
297 1102 26 22 of
333 1102 84 27 Queen
431 1102 132 23 Elizabeth.
579 1103 38 22 All
629 1104 37 22 his
679 1104 67 30 plays
757 1111 63 15 were
833 1103 70 23 acted
914 1103 79 23 before

153 1153 44 23 her
209 1152 114 30 Majesty.
339 1151 59 31 Lilly
411 1151 142 23 introduced
566 1151 79 24 fairies
659 1160 31 15 on
704 1152 40 23 the
758 1155 76 27 stage,
849 1160 26 14 as
888 1150 103 23 Middle-

154 1210 42 18 ton
209 1204 40 23 did
262 1204 106 25 witches,
382 1203 81 23 before
477 1202 158 29 Shakspeare.

187 1253 34 22 As
235 1252 40 23 the
294 1252 73 22 above
382 1251 119 22 instances
515 1250 25 22 of
557 1250 41 23 the
619 1250 47 30 Jug
686 1250 46 30 Jug
754 1257 39 15 are
814 1249 109 22 between
945 1253 46 17 two

154 1299 46 23 and
213 1299 66 23 three
292 1298 109 23 hundred
414 1307 69 14 years
495 1298 71 26 old.it
579 1306 53 23 may
642 1298 29 22 be
685 1305 86 23 proper
782 1301 25 19 to
818 1298 46 22 add
876 1306 44 14 one
931 1298 59 22 from

154 1349 128 31 Coleridge
284 1363 32 3 —

273 1398 44 21 But
329 1405 66 14 never
406 1397 120 21 elsewhere
538 1397 41 20 but
591 1396 22 20 in
625 1403 41 13 one
679 1395 63 28 place
755 1394 10 21 I
777 1395 63 20 knew

273 1435 28 22 So
313 1442 65 21 many
391 1435 164 28 Nightingales.
588 1434 53 21 And
652 1435 33 19 far
697 1435 44 20 and
752 1441 53 14 near

272 1474 25 20 In
310 1473 63 21 wood
384 1473 44 20 and
440 1472 93 25 thicket,
545 1479 53 13 over
610 1471 38 21 the
660 1470 55 22 wide
727 1478 66 20 grove

273 1512 65 27 They
350 1518 91 17 answer,
453 1509 44 21 and
508 1508 97 29 provoke
617 1508 55 21 each
685 1507 83 22 other's
781 1514 61 21 song,

269 1547 63 22 With
345 1546 103 22 skirmish
461 1547 43 20 and
516 1545 124 29 capricious
652 1545 130 28 passagings
792 1553 5 17 ;

271 1587 52 20 And
336 1593 109 14 murmurs
456 1585 99 26 musical,
567 1584 43 21 and
623 1583 58 22 swift
692 1584 47 27 Jug
751 1584 55 27 Jug.

271 1623 52 20 And
335 1630 42 13 one
389 1621 40 21 low
441 1621 75 28 piping
529 1620 71 22 sound
612 1627 60 14 more
685 1624 66 17 sweet
765 1620 53 21 than
831 1621 34 20 all.

185 1674 98 22 Besides
294 1674 40 22 the
348 1674 47 30 Jug
407 1674 55 30 Jug,
478 1674 67 22 other
560 1674 88 22 sounds
661 1674 26 22 of
698 1674 39 22 the
750 1674 166 30 Nightingale,
930 1674 58 22 have

150 1723 60 23 been
224 1723 141 23 introduced
377 1723 23 22 in
413 1726 93 26 poetry.
