1120 1962
970 178 2 2 41

427 162 120 14 POETICAL
567 163 95 13 AVIARY

123 233 65 27 And,
202 233 116 29 Chaucer,
331 235 24 23 in
368 236 38 23 his
419 236 152 31 Canterbury
589 237 79 27 Tales,
691 238 57 23 thus
770 238 138 25 introduces
932 240 40 23 the

124 281 114 32 Squyre's
251 291 102 22 yeoman
354 297 35 4 —

244 339 54 21 And
309 339 29 21 he
349 347 45 13 was
406 339 50 22 clad
468 339 22 21 in
503 343 50 18 cote
565 340 45 20 and
621 340 60 21 hode
693 341 27 20 of
726 348 77 22 green,

243 375 22 21 A
277 375 68 21 sheaf
351 375 27 21 of
385 376 105 21 Peacock
502 383 89 20 arrows,
603 376 83 28 bright,
699 378 44 21 and
755 378 89 22 sheene.

155 430 56 22 And
224 430 118 31 although
352 430 42 23 the
406 438 42 15 use
461 430 28 23 of
495 431 121 23 fire-arms
629 440 55 23 may
695 436 101 27 prevent
809 434 41 22 the
863 433 108 31 frequent

121 486 143 16 occurrence
287 479 26 23 of
323 479 60 23 such
405 479 187 23 circumstances
605 486 26 16 as
649 479 53 23 that
723 480 116 22 recorded
852 480 24 22 in
889 479 82 31 Chevy

121 527 79 23 Chace
202 541 33 3 —

239 583 98 29 Against
351 583 34 22 Sir
397 583 70 30 Hugh
480 584 183 29 Mountgomerie

270 619 31 22 So
312 620 60 28 right
383 621 39 21 the
434 622 60 21 shaft
505 622 28 21 he
545 626 52 22 sett,

239 657 51 22 The
300 666 139 21 grey-goose
450 659 59 30 wing
520 660 49 21 that
582 668 45 14 was
638 660 94 22 thereon

269 696 27 22 In
308 697 35 21 his
355 696 82 23 heart's
449 698 68 21 blood
528 706 45 13 was
585 701 62 18 wett.

150 762 48 22 Yet
209 762 19 22 it
240 762 50 23 will
301 762 30 23 be
344 771 13 14 a
375 762 59 31 long
447 763 58 22 time
518 762 82 23 before
614 762 41 23 the
677 762 126 22 invention
814 762 26 22 of
851 762 68 30 ruby,
941 769 26 15 or

118 810 59 23 steel
189 818 68 23 pens,
271 819 27 15 or
311 811 71 23 silver
391 819 60 23 pens
468 811 177 22 immortalized
658 811 31 30 by
703 810 100 26 Waller,
815 810 48 23 will
881 810 86 23 render

115 856 42 23 the
169 856 126 32 following
308 858 103 24 charade
424 859 26 23 of
461 858 71 24 Swift
544 859 107 23 obsolete
661 869 4 13 :

235 918 27 21 In
273 919 72 28 youth
356 920 91 21 exalted
458 921 54 28 high
524 921 23 21 in
559 921 39 27 air,

235 955 33 23 Or
279 957 95 28 bathing
385 957 22 21 in
417 957 39 22 the
467 962 81 18 waters
559 959 47 26 fair,

235 994 88 22 Nature
334 999 25 17 to
370 995 58 21 form
439 1003 35 13 me
486 996 55 21 took
553 995 94 29 deHght,

234 1031 55 21 And
300 1031 51 22 clad
362 1038 37 22 my
410 1032 61 28 body
482 1032 30 21 all
522 1032 23 21 in
556 1032 76 22 white.

234 1067 42 29 My
286 1075 82 21 person
380 1068 48 26 taU,
439 1069 45 21 and
496 1069 90 21 slender
596 1070 71 27 waist,

234 1104 37 23 On
283 1104 73 22 either
367 1105 49 21 side
428 1105 53 21 with
493 1105 84 29 fringes
588 1106 83 28 graced
679 1115 4 17 ;

233 1143 46 22 Till
290 1152 43 18 me,
345 1144 50 22 that
407 1148 82 25 tyrant,
501 1152 53 14 man
566 1145 84 28 espied,

231 1181 55 22 And
297 1181 100 29 dragged
407 1189 37 14 me
452 1181 58 22 from
521 1190 37 20 my
569 1183 107 22 mother's
688 1184 54 21 side.

231 1219 38 22 No
280 1220 91 21 wonder
382 1227 50 14 now
444 1220 11 21 I
466 1220 52 22 look
531 1228 24 14 so
566 1221 50 22 thin
626 1231 5 17 ;

229 1259 44 27 My
283 1262 76 24 tyrant
371 1259 66 27 stript
450 1267 35 14 me
497 1264 24 17 to
532 1260 39 21 the
583 1260 49 21 skin
638 1276 2 5 .

230 1295 42 28 My
282 1295 49 21 skin
344 1295 28 21 he
384 1295 92 27 fleeced,
489 1303 37 22 my
538 1296 49 22 hair
597 1297 29 21 he
638 1301 64 24 cropt
715 1306 3 17 ;

229 1333 35 22 At
276 1333 58 22 head
346 1334 45 21 and
402 1334 47 21 foot
461 1341 38 21 my
510 1334 59 28 body
581 1334 56 28 lopt.

228 1372 56 21 And
295 1372 54 21 then
361 1371 55 22 with
428 1372 64 21 heart
503 1379 62 14 more
577 1371 56 22 hard
645 1371 54 22 than
712 1375 71 22 stone,

228 1411 37 22 He
276 1411 82 29 picked
369 1419 37 21 my
418 1418 93 14 marrow
522 1410 58 21 from
591 1409 39 22 the
642 1410 64 20 bone.

229 1447 34 22 To
273 1455 38 14 see
322 1455 36 14 me
370 1455 72 19 move,
454 1447 29 22 he
494 1447 55 21 took
561 1454 13 14 a
585 1446 71 27 freak,

228 1485 34 22 To
275 1485 37 22 slit
323 1493 39 21 my
373 1489 92 25 tongue,
477 1485 45 22 and
533 1485 66 22 make
610 1493 36 14 me
659 1485 75 28 speak.

227 1524 45 21 But
284 1524 50 22 that
345 1524 73 21 which
430 1523 125 22 wonderful
566 1529 95 22 appears

225 1563 12 21 I
248 1563 70 28 speak
329 1568 24 16 to
365 1570 60 21 eyes,
438 1562 44 22 and
494 1565 40 18 not
546 1565 25 18 to
583 1568 56 14 ears.

226 1606 36 17 He
275 1606 32 17 oft
319 1606 102 24 employs
433 1608 35 15 me
480 1606 23 16 in
515 1606 107 23 disguise,

225 1637 54 21 And
291 1637 77 21 makes
379 1645 36 14 me
428 1638 40 21 tell
480 1645 12 13 a
504 1636 114 22 thousand
629 1636 48 21 lies.

224 1675 36 21 To
272 1683 36 13 me
320 1675 28 21 he
360 1675 80 29 chiefly
452 1676 62 28 gives
526 1675 22 20 in
560 1678 59 17 trust

224 1712 36 21 To
272 1712 76 28 please
360 1712 35 21 his
406 1712 88 27 malice,
506 1720 25 14 or
542 1712 35 22 his
588 1712 53 21 lust.
