1120 1962
160 160 27 20 12

464 166 120 15 POETICAL
603 164 103 16 AVIARY.

156 243 29 22 In
229 242 103 23 Twelfth
459 241 38 24 Sir
509 241 68 30 Toby
588 248 62 23 says,
687 242 60 20 next
758 242 25 18 to
797 245 13 15 a
817 237 72 30 pavin
902 236 11 23 I
926 236 57 23 hate
996 244 12 15 a

157 293 108 23 drunken
417 292 39 23 Sir
467 293 68 30 Toby
548 293 20 22 is
581 292 64 30 tipsy
664 289 99 24 himself
773 288 47 23 and
834 288 119 30 naturally
964 288 44 22 has

157 348 30 15 an
208 340 110 23 aversion
341 343 26 20 to
380 340 92 24 solemn
495 342 97 23 dances.
629 339 40 25 Sir
681 340 23 23 J.
726 339 88 23 Davies
837 338 41 23 the
901 338 107 24 eminent

157 389 96 30 lawyer,
267 389 23 22 in
304 389 36 22 his
350 397 70 23 poem
431 398 30 15 on
472 389 112 32 dancing,
597 389 128 24 dedicated
737 393 26 19 to
774 388 86 29 Queen
871 387 136 27 Elizabeth,

157 438 58 23 does
234 442 43 19 not
290 438 54 31 give
361 438 41 23 the
423 447 82 15 names
527 439 27 23 of
574 439 42 24 the
638 440 88 22 dances
738 438 31 23 he
791 437 130 24 describes.
957 436 51 24 The

157 489 123 30 following
301 488 78 23 would
398 488 30 23 be
450 496 65 15 more
535 488 47 23 Hke
603 488 40 23 the
666 491 115 20 accounts
803 487 93 23 related
920 486 27 23 of
967 486 41 23 the

158 538 89 29 Canary
259 546 26 14 or
295 538 40 22 the
350 537 100 23 modern
462 537 71 23 waltz
545 537 59 23 than
618 537 26 23 of
654 537 42 23 the
709 537 78 23 Paven
797 546 7 12 :

246 594 44 23 Yet
302 594 63 23 there
377 595 19 22 is
407 602 49 19 one,
469 596 38 21 the
518 599 59 18 most
589 595 120 29 delightful
720 595 63 26 kind,

246 631 20 21 A
279 631 56 28 lofty
343 630 111 29 jumping,
467 631 43 21 and
522 638 12 14 a
545 631 91 28 leaping
646 631 82 26 round,

246 668 82 21 Where
341 675 46 14 arm
398 668 23 21 in
433 676 47 13 arm
491 672 44 18 two
547 669 95 21 dancers
654 676 37 14 are
704 668 123 27 entwined,

246 705 54 22 And
311 706 64 21 whirl
386 706 134 22 themselves
532 707 53 21 with
598 707 64 22 strict
671 708 180 21 embracements
863 708 83 22 bound.

191 766 29 22 In
232 766 130 23 Chaucer's
371 766 142 23 translation
524 766 25 23 of
559 767 40 23 the
611 768 106 22 Romant
725 767 27 23 of
759 767 42 23 the
809 767 73 26 Rose,
895 768 25 28 (a
929 775 78 22 poem,

157 815 87 25 which,
257 815 24 22 in
295 814 30 23 its
338 814 53 31 day,
406 822 50 15 was
478 823 66 14 more
557 815 96 22 studied
665 814 152 32 throughout
837 815 170 24 Christendom

157 862 59 22 than
235 862 103 30 perhaps
357 869 46 24 any
424 862 61 23 later
504 862 67 23 work
583 862 27 23 of
627 863 181 32 imagination,)
821 873 30 15 an
864 866 143 31 interesting

157 913 75 23 dance
245 913 20 22 is
286 912 125 23 described
423 921 26 14 as
462 912 137 31 performed
610 913 33 31 by
654 917 49 20 two
717 914 104 24 damsels
863 916 67 30 right
942 923 65 24 yong

159 961 47 23 and
218 961 42 23 full
273 960 26 23 of

426 1012 66 30 They
503 1014 87 21 danced
601 1014 108 29 queintly,

306 1050 34 21 As
351 1057 42 14 one
406 1050 74 21 would
491 1058 62 14 come
566 1051 30 21 all
607 1051 87 28 privily,

308 1089 65 29 Ayen
385 1089 50 21 that
443 1088 72 27 other,
530 1089 45 20 and
585 1088 65 21 when
662 1088 54 29 they
727 1096 57 14 were

307 1126 116 28 Together
434 1126 88 26 almost,
535 1126 53 27 they
599 1126 71 21 threw
680 1126 62 27 yfere

308 1161 69 22 Their
388 1162 91 21 mouths
492 1170 31 17 so,
536 1162 49 21 that
594 1162 97 29 through
704 1163 58 21 their
773 1163 60 29 play,

309 1199 21 22 It
343 1200 91 21 seemed
445 1208 24 13 as
481 1200 54 28 they
546 1199 45 22 kist
601 1200 76 28 alway.

193 1254 87 23 Soame
299 1254 92 31 Jenyns
413 1254 66 29 (who
500 1255 60 23 with
579 1254 40 24 Sir
631 1256 23 23 J.
670 1257 87 24 Davies
778 1258 60 23 both
857 1261 75 21 wrote
945 1266 62 23 upon

161 1306 95 31 dancing
277 1306 47 23 and
335 1306 60 23 both
414 1314 31 15 on
457 1306 42 23 the
512 1306 158 31 immortality
682 1306 28 23 of
724 1307 42 23 the
785 1307 63 30 soul)
864 1307 78 23 shews
954 1307 53 23 how

159 1352 135 30 perishable
307 1360 39 15 are
358 1353 41 23 the
412 1360 83 16 names
509 1354 26 22 of
545 1362 60 15 even
619 1354 41 23 the
671 1359 64 19 most
748 1356 100 29 popular
860 1357 96 23 dances.

307 1409 55 21 And
373 1409 88 22 Isaac's
472 1409 127 28 Rigadoon
610 1410 57 22 shall
678 1411 43 22 Uve
732 1420 25 13 as
767 1412 53 29 long

310 1447 33 20 As
355 1446 119 29 Raphael's
485 1447 109 29 painting,
606 1455 26 14 or
639 1455 25 14 as
676 1448 89 29 Virgil's
777 1456 61 21 song.

194 1517 38 13 An
246 1517 106 13 obsolete
365 1517 57 13 kind
435 1517 23 13 ot
471 1517 55 13 race
539 1517 59 12 with
611 1517 92 16 horses,
717 1517 25 13 in
755 1517 78 13 which
845 1517 42 13 the
900 1517 71 13 horse
983 1517 23 13 in

161 1555 105 23 advance
279 1555 47 22 had
346 1554 86 31 always
451 1554 41 23 the
505 1554 65 31 right
584 1554 26 23 of
629 1554 133 31 indicating
774 1555 42 23 the
828 1563 84 16 course
931 1556 36 23 till
977 1557 30 22 he

160 1609 50 15 was
222 1602 137 27 overtaken,
381 1610 48 15 was
439 1602 75 24 called
529 1607 13 8 *'
553 1603 51 23 The
616 1604 132 31 wild-goose
892 1607 50 22 The
955 1615 53 16 race

161 1650 20 22 is
203 1650 139 23 mentioned
362 1651 24 22 in
405 1651 114 23 Burton's
539 1653 112 31 Anatomy
673 1655 28 22 of
718 1655 156 32 Melancholy
899 1656 28 31 (a
944 1657 65 24 book

161 1698 79 23 which
253 1699 11 22 I
284 1707 59 17 once
360 1707 48 16 saw
425 1701 25 22 in
460 1708 14 15 a
485 1701 78 29 public
585 1702 88 28 library
691 1703 93 25 classed
803 1704 58 23 with
880 1706 78 23 works
977 1714 32 15 on
