1120 1962
421 138 121 15 POETICAL
562 138 103 15 AVIARY.

936 137 27 21 21

120 214 131 32 mortality,
271 213 121 24 describes
410 213 19 23 it
449 213 58 23 with
520 214 42 22 the
580 214 70 24 naive
667 214 103 32 feelings
788 216 27 23 of
831 217 36 22 his
880 217 86 27 friend,

121 262 54 23 who
195 261 96 24 advices
310 264 26 21 to
353 261 33 23 fix
399 268 61 23 your
471 260 56 30 frog
539 268 65 22 upon
623 269 63 22 your
699 262 64 23 hook
805 263 23 23 in
842 271 13 15 a
867 272 99 15 manner

120 318 25 15 as
158 310 20 23 if
188 318 48 21 you
247 310 66 23 loved

239 380 21 22 O
271 388 38 21 my
320 379 95 22 beloved
427 378 91 29 Nymph
529 378 5 23 !
551 378 43 22 fair
607 378 71 28 Dove,

239 417 103 22 Princess
354 417 27 21 of
392 417 77 24 rivers,
480 417 51 21 how
543 417 12 21 I
565 417 51 22 love

269 453 67 28 Upon
348 452 42 28 thy
400 452 90 29 flowery
501 453 73 22 banks
585 456 25 19 to
621 454 36 26 He,

269 488 55 21 And
335 487 56 22 view
402 488 41 27 thy
452 488 67 22 silver
531 493 91 22 stream,

240 523 74 21 When
326 522 77 29 gilded
414 523 31 28 by
456 531 13 13 a
480 531 99 15 summer
589 526 67 21 beam
663 526 4 21 !

357 561 55 22 And
422 561 24 21 in
457 561 18 22 it
487 561 31 22 all
528 561 39 22 the
578 562 34 28 fry

356 597 95 29 Playing
461 601 23 19 at
496 598 87 28 liberty,

239 633 54 22 And
301 632 54 23 with
363 640 39 22 my
410 634 65 28 angle
486 635 113 27 tempting
610 635 68 27 them,

359 672 51 22 The
422 673 30 21 aU
463 673 27 21 of
502 674 117 27 treachery

241 710 11 22 I
263 718 51 14 ever
324 710 94 22 learned
429 714 23 18 to
463 710 106 28 practise,
581 711 44 21 and
637 715 23 17 to
669 715 41 23 try.

153 770 79 23 There
249 770 20 23 is
290 777 14 16 a
322 777 58 23 very
397 776 53 16 rare
469 776 71 22 poem
562 768 33 31 by
617 767 77 27 Peele,
717 775 46 15 one
786 767 25 24 of
830 767 41 24 the
891 769 75 23 Ante-

122 820 178 31 Shakspearian
309 819 146 26 dramatists,
466 817 96 31 printed
570 817 30 23 A.
614 816 31 24 D.
657 817 73 26 1589,
741 815 76 24 called
860 815 23 23 A
895 816 71 23 Fare-

120 870 53 22 well
193 872 26 20 to
236 869 42 23 the
298 868 105 23 Famous
421 867 47 23 and
481 867 133 23 Fortunate
628 866 116 24 Generals
766 866 26 23 of
803 875 43 14 our
866 867 101 31 English

120 916 95 26 Forces,
236 915 39 24 Sir
288 915 98 24 Francis
407 915 89 27 Drake,
518 916 49 23 and
591 915 39 24 Sir
647 916 25 25 J.
683 916 96 27 Norris,
793 917 48 23 and
856 918 32 23 all
905 918 62 24 their

119 964 73 23 brave
203 964 48 22 and
263 964 105 22 resolute
562 963 23 22 It
595 963 22 23 is
629 962 43 23 full
691 962 26 23 of
733 962 71 24 those
823 963 142 24 sentiments

120 1013 79 23 which
209 1012 62 24 have
284 1012 61 23 been
358 1014 97 21 current
468 1011 23 22 in
506 1010 112 31 England
637 1010 38 23 for
689 1010 127 26 centuries,
831 1010 47 23 and
890 1011 77 23 which

119 1059 130 24 constitute
270 1059 42 23 the
374 1059 69 23 heart
462 1058 28 24 of
508 1068 15 14 a
689 1060 50 24 The
761 1060 125 31 following
907 1062 60 23 lines

119 1115 72 15 occur
202 1118 4 12 :

239 1161 36 21 To
286 1161 77 26 Arms,
375 1165 25 18 to
412 1162 75 25 Arms,
499 1165 24 19 to
535 1163 123 22 honorable
670 1164 66 21 Arms
749 1164 4 21 !

238 1198 78 29 Hoyse
328 1199 81 28 sayles,
421 1200 54 21 waie
487 1200 96 22 anchors
594 1208 38 21 up,
645 1201 58 28 plow
714 1210 31 20 up
756 1203 40 21 the
808 1211 49 14 seas

237 1234 65 22 With
314 1234 69 29 flying
394 1235 83 27 keeles,
488 1236 72 28 plowe
571 1245 31 20 up
614 1238 39 21 the
662 1239 54 21 land
724 1239 55 22 with
791 1241 91 22 swords.
902 1252 8 9 <

237 1272 27 21 In
277 1272 70 22 God's
359 1279 65 15 name
436 1277 94 18 venture
543 1282 36 19 on,
590 1276 46 21 and
646 1276 33 22 let
690 1284 36 15 me
738 1285 47 21 say,
830 1282 80 24 dcu^-

239 1309 37 22 To
285 1317 54 21 you,
351 1316 38 22 my
400 1314 80 23 mates,
493 1317 24 15 as
530 1311 78 22 Cæsar
619 1311 49 22 said
680 1316 24 18 to
715 1313 44 27 his,
839 1329 19 6 ~
893 1318 17 24 ■*>

240 1347 100 29 Striving
351 1347 54 22 with
416 1347 128 29 Neptune's
555 1348 60 28 hills,
652 1357 46 21 you
788 1352 73 28 quoth
873 1352 35 27 he,

266 1383 84 27 Cæsar,
362 1384 45 21 and
417 1383 97 23 Cæsar's
525 1384 91 22 fortune
628 1385 23 21 in
661 1393 58 21 your

244 1424 49 21 You
304 1423 75 22 follow
391 1423 63 22 them
464 1423 76 22 whose
551 1423 84 22 swords
647 1424 126 22 successful
784 1433 45 19 are,

239 1460 52 22 You
302 1460 75 22 foUow
389 1461 82 21 Drake
482 1461 30 28 by
523 1468 45 20 sea,
580 1461 40 22 the
632 1469 94 22 scourge
738 1463 27 21 of
773 1463 75 29 Spain,

238 1496 51 22 The
302 1497 104 22 dreadful
417 1498 93 29 dragon,
522 1502 73 19 terror
606 1502 24 19 to
642 1507 57 20 your
710 1501 56 21 foes.

237 1535 131 22 Victorious
379 1536 23 21 in
413 1536 35 21 his
460 1539 78 19 return
549 1536 58 22 from
620 1537 65 27 Inde,

238 1572 27 21 In
277 1572 30 21 aU
315 1572 36 22 his
362 1572 54 29 high
425 1576 110 24 attempts
546 1574 182 27 unvanquished.

239 1610 21 23 O
272 1615 69 18 tenne
352 1610 66 23 times
430 1610 72 23 treble
514 1610 76 29 happy
601 1618 60 19 men,
673 1611 50 22 that
733 1611 56 29 fight

238 1646 80 22 Under
329 1647 39 21 the
380 1648 109 28 sanguine
501 1655 82 19 crosse,
595 1648 67 21 brave
674 1648 122 29 England's
808 1650 80 29 badge,

239 1682 79 22 Under
329 1682 39 22 the
379 1691 75 14 crosse
466 1683 27 21 of
501 1682 85 28 Christ,
598 1684 45 21 and
655 1684 123 29 England's
791 1693 80 20 queen.
