1120 1962
150 167 32 21 52

460 174 120 14 POETICAL
599 172 103 16 AVIARY.

271 246 38 22 On
320 246 39 22 the
371 247 130 28 forp-finger
512 247 26 21 of
547 254 28 14 an
587 247 123 24 alderman,

272 284 84 22 Drawn
367 284 54 22 with
433 291 12 14 a
456 288 61 18 team
529 285 26 20 of
561 284 60 21 little
633 281 97 22 atomies

278 321 101 21 Athwart
388 321 69 21 men's
468 329 66 13 noses
546 329 24 13 as
582 320 55 27 they
648 319 29 21 He
690 318 82 28 asleep.

274 358 49 21 Her
334 358 188 28 waggon-spokes
532 357 66 22 made
607 357 26 22 of
640 357 53 27 long
704 356 110 28 spinner's
826 356 47 28 legs
881 364 5 18 ;

272 395 51 22 The
335 402 73 20 cover,
420 395 26 22 of
452 395 40 22 the
503 395 70 28 wings
585 395 26 20 of
619 393 161 29 grasshoppers
781 406 29 4 —

273 431 50 21 The
335 435 74 18 traces
420 432 26 20 of
453 432 38 20 the
503 431 102 21 smaUest
613 430 93 29 spider's
718 431 55 25 web,

273 468 51 21 The
336 468 80 21 collars
428 468 26 21 of
461 468 39 21 the
511 468 153 21 moonshine's
671 468 77 29 wat'ry
759 470 77 20 beams
844 478 5 17 ;

273 506 50 21 Her
334 506 59 27 whip
405 506 26 21 of
438 506 103 21 cricket's
553 506 57 21 bone
619 513 5 18 ;
636 506 38 21 the
685 506 57 25 lash,
754 506 25 21 of
787 506 53 21 film.

273 544 49 21 Her
333 551 124 20 waggoner,
469 551 13 14 a
494 544 64 22 small
567 544 154 27 grey-coated
730 547 61 24 gnat,

273 580 48 22 Not
332 580 51 21 half
390 588 24 13 so
425 580 38 29 big
474 588 24 13 as
510 588 12 13 a
533 580 73 21 round
617 579 59 22 little
687 587 76 14 worm.

273 619 50 21 Her
334 618 86 22 chariot
432 618 18 21 is
461 625 28 14 an
501 622 77 24 empty
588 617 127 26 hazle-nut,

273 655 70 22 Made
355 655 29 28 by
395 655 38 21 the
443 655 73 27 joiner
527 655 101 27 squirrel,
641 662 24 14 or
676 655 39 21 old
726 655 62 28 grub,

275 692 65 20 Time
353 695 40 17 out
405 692 26 20 of
438 691 63 21 mind
511 692 39 20 the
562 692 81 20 fairies'
656 692 164 20 coachmakers.

189 745 91 31 Lastly,
291 744 71 23 Birds
373 744 61 23 have
448 744 65 22 often
525 744 62 23 been
607 744 127 31 employed
751 744 38 23 for
801 744 41 23 the
859 752 101 23 purpose
973 745 24 23 of

156 793 149 30 inculcating
318 792 40 23 the
373 795 62 19 most
450 791 91 23 serious
553 792 94 22 lessons
660 791 53 23 that
726 799 45 15 can
784 799 94 23 engage
899 792 41 23 the
959 800 36 15 re-

157 841 96 23 flection
266 848 27 15 or
303 839 118 23 influence
429 838 41 23 the
479 838 102 31 feelings
599 837 26 23 of
635 837 115 23 mankind
764 837 24 23 in
801 838 30 23 all
844 838 42 23 the
901 845 96 16 seasons

157 887 27 22 of
192 887 49 22 life.

191 936 82 22 Watts
287 935 44 23 has
344 935 124 30 conveyed
481 938 25 20 to
519 942 28 15 us
560 942 67 16 some
641 936 26 22 of
686 943 43 15 our
742 936 96 23 earliest
858 936 76 23 moral
952 936 43 23 les-

159 994 55 16 sons
227 986 107 30 through
346 986 42 22 the
400 986 105 22 medium
519 986 25 22 of
555 987 48 22 this
616 987 59 23 kind
686 987 25 23 of
722 988 116 30 imagery.

306 1032 59 21 How
376 1031 56 22 doth
444 1031 39 21 the
494 1031 60 21 Uttle
566 1032 56 27 busy
634 1032 39 21 bee

340 1069 103 27 Improve
455 1068 55 21 each
522 1068 89 28 shining
622 1069 64 26 hour,

307 1106 55 22 And
373 1105 79 26 gather
463 1104 74 27 honey
549 1105 29 20 aU
589 1105 39 20 the
640 1105 49 26 day,

337 1141 66 22 From
415 1148 65 20 every
491 1141 90 27 op'ning
592 1141 74 22 flower
674 1142 4 21 !

308 1207 75 22 Birds
395 1206 22 21 in
428 1206 59 22 their
495 1207 60 21 Httle
566 1210 51 18 nest
629 1214 72 21 agree,

338 1244 53 21 And
403 1243 36 22 'tis
451 1251 13 13 a
476 1243 111 22 shameful
599 1244 58 29 sight

310 1280 74 22 When
397 1279 102 22 children
511 1280 27 21 of
545 1287 43 14 one
599 1280 77 28 family

341 1317 49 22 Fall
402 1321 47 22 out,
461 1317 45 21 and
515 1317 73 26 chide,
600 1317 45 22 and
655 1317 56 28 fight,

195 1370 51 22 The
257 1368 94 23 conceit
363 1367 26 23 of
407 1367 124 27 mankind,
544 1367 25 23 in
592 1368 134 31 supposing
745 1369 54 23 that
820 1369 32 23 all
872 1373 84 21 nature
980 1371 18 23 is

162 1421 103 30 adapted
276 1419 146 30 exclusively
433 1418 38 23 for
483 1418 40 22 the
537 1418 152 30 enjoyments
708 1417 26 22 of
744 1417 41 23 the
798 1417 89 23 human
902 1418 96 30 species,

162 1470 19 22 is
194 1468 55 23 thus
262 1465 114 24 ridiculed
388 1465 31 29 by
432 1465 64 29 Pope
497 1477 34 4 —

284 1519 56 21 How
351 1517 106 22 Nature's
469 1516 101 22 children
579 1517 31 21 all
618 1517 74 21 divide
704 1517 39 21 her
753 1525 50 14 care
817 1518 5 21 !

284 1557 50 22 The
345 1556 36 22 fur
392 1556 50 21 that
453 1563 79 14 warms
544 1562 12 15 a
567 1555 115 27 monarch,
692 1556 98 21 warmed
801 1563 13 14 a
823 1556 59 21 bear.

282 1595 76 22 While
367 1602 52 14 man
431 1593 106 23 exclaims
580 1600 36 15 see
628 1593 31 21 aU
669 1593 75 28 things
755 1593 34 21 for
798 1600 37 21 my
846 1593 38 22 use'

309 1632 42 21 See
362 1638 52 14 man
425 1631 34 20 for
559 1630 82 28 replies
653 1638 12 13 a
672 1631 132 27 pampered
816 1638 68 21 goose.

282 1671 56 21 And
343 1669 48 29 just
403 1676 24 14 as
439 1669 62 21 short
513 1668 26 21 of
545 1675 80 14 reason
636 1667 29 21 he
676 1671 61 17 must
748 1667 45 26 fall,

284 1706 60 21 Who
356 1705 76 21 thinks
443 1705 29 21 aU
481 1705 65 21 made
557 1704 35 22 for
603 1712 49 18 one,
670 1709 39 17 not
721 1712 42 14 one
775 1705 34 21 for
820 1704 36 23 all.
