1120 1962
178 167 45 21 122

489 178 119 16 POETICAL
627 180 102 17 AVIARY.

174 252 69 23 when
251 252 30 23 he
289 252 100 23 touches
399 260 29 15 on
437 252 43 23 her
487 253 103 24 features
601 263 5 17 ;
618 262 33 18 as,
657 254 158 31 particularly,
825 254 24 22 in
858 254 40 23 the
910 256 99 22 acrostic

176 308 30 15 on
219 300 43 23 her
274 300 99 30 picture,
394 301 115 30 excusing
522 301 40 23 the
581 301 165 30 imperfection
766 301 26 23 of
803 301 40 23 the
861 301 100 31 painter,
980 309 29 15 on

174 347 41 23 the
233 347 95 31 ground
339 347 52 23 that
405 348 30 23 he
448 348 69 23 could
535 352 42 20 not
590 349 61 23 raise
665 357 30 22 up
715 349 36 23 his
764 356 63 23 eyes,
841 349 56 30 they
910 357 61 15 were
985 357 24 14 so

175 396 104 22 daunted
290 396 31 30 by
333 395 40 24 the
386 397 100 31 majesty
500 396 26 23 of
535 397 40 23 the
588 397 105 28 Queen's
713 400 171 20 countenance.
921 396 39 23 On
969 397 40 22 the

176 446 92 30 subject
277 445 26 23 of
311 445 84 28 Queen
403 446 145 23 Elizabeth's
559 445 109 31 personal
678 445 89 30 vanity,
779 445 18 22 it
807 452 54 22 may
869 444 28 23 be
906 444 103 29 thought

175 495 94 23 curious
291 499 26 18 to
337 495 79 22 notice
429 495 41 23 the
486 495 122 29 following
621 493 78 24 Order
715 493 24 22 in
753 491 100 24 Council
872 490 78 23 which
962 498 47 15 was

174 542 80 23 issued
267 542 36 23 for
316 550 12 14 a
342 545 104 21 warrant
458 545 25 20 to
496 542 41 23 the
549 542 104 28 Queen's
666 541 110 29 Serjeant
787 541 94 23 Painter
882 554 33 3 —

306 591 39 25 30,
359 589 30 23 A.
402 589 30 23 D.
450 591 71 21 1596.
557 590 22 22 A
591 593 103 19 warrant
708 593 24 19 to
747 589 51 23 Her
814 589 128 30 Majesty's
955 588 53 23 Ser-

173 639 67 29 jeant
252 638 103 26 Painter,
377 638 46 23 and
436 641 25 20 to
481 638 30 23 all
523 638 109 30 publicke
647 638 101 25 officers,
760 640 27 19 to
798 636 78 30 yielde
889 636 49 23 him
948 637 62 22 their

175 685 130 24 assistance
317 687 116 29 touching
444 687 41 23 the
500 687 89 23 offence
609 687 140 22 committed
763 687 31 29 by
808 686 77 23 divers
897 686 113 24 unskilful

176 735 101 22 artisans
289 735 24 21 in
325 734 122 31 unseemly
460 735 46 22 and
518 735 144 30 improperly
682 734 132 30 paintinge,
828 734 122 30 gravinge,
963 734 47 23 and

176 785 120 30 printinge
308 784 26 23 of
343 784 51 23 Her
401 784 126 31 Majesty's
536 792 86 22 person
632 783 46 22 and
686 790 96 23 vysage,
792 785 26 20 to
827 782 50 22 Her
885 782 124 30 Majesty's

176 837 69 27 great
257 833 99 26 offence,
370 832 46 23 and
433 832 40 23 the
486 832 108 30 disgrace
607 831 26 23 of
643 831 53 23 that
715 830 115 23 beautiful
843 830 47 22 and
910 837 97 23 magna-

176 881 94 22 nimous
283 880 101 30 majesty
396 880 137 23 wherewith
547 879 54 23 God
614 879 58 23 hath
684 879 95 22 blessed
791 879 51 23 her.
879 879 130 30 Requiring

175 930 66 23 them
253 932 26 20 to
291 936 70 15 cause
374 929 30 22 all
417 928 72 23 suche
501 931 26 19 to
538 928 30 23 be
582 928 105 26 defaced,
701 929 47 22 and
759 936 63 15 none
834 931 25 20 to
869 929 29 23 be
912 929 97 23 allowed

174 977 44 22 but
239 976 57 22 such
310 984 25 14 as
355 975 50 23 Her
417 976 127 30 Majesty's
565 975 109 32 Serjeant
693 978 95 23 Painter
805 979 59 22 shall
877 979 52 22 first
949 979 60 23 have

176 1023 65 29 sight
339 1022 50 23 Her
401 1022 126 30 Majesty's
540 1023 87 29 beauty
640 1023 20 22 is
673 1023 93 23 alluded
780 1027 24 20 to
817 1025 25 21 in
854 1031 65 16 some
933 1025 25 22 of
967 1025 43 22 her

176 1070 90 22 medals
279 1070 45 23 and
344 1070 73 22 coins.
453 1069 77 23 There
543 1069 19 22 is
576 1077 13 15 a
600 1070 92 23 broken
712 1071 159 31 crown-piece
892 1075 82 20 extant
987 1072 24 23 of

175 1119 146 24 Elizabeth's
339 1119 68 30 reign
419 1128 4 17 ;
450 1119 18 22 it
489 1119 20 22 is
530 1118 119 29 supposed
676 1118 53 22 that
750 1118 42 23 the
821 1118 139 23 circulation
986 1118 25 23 of

175 1174 93 15 crowns
279 1166 23 22 of
312 1165 46 22 this
371 1168 76 27 stamp
458 1172 47 15 was
519 1168 73 27 stopt,
610 1164 26 22 in
646 1171 162 22 consequence
819 1163 24 22 of
855 1163 51 23 Her
919 1163 89 31 Majes-

175 1215 48 31 ty's
377 1214 73 30 being
461 1217 41 18 too
512 1212 120 31 faithfully
645 1212 81 23 drawn
735 1220 31 15 on
776 1212 42 23 the
831 1212 46 23 die.
908 1211 103 30 Spenser

176 1265 43 23 has
231 1265 108 22 flattered
351 1264 83 27 Queen
447 1263 125 23 Elizabeth
590 1271 31 14 on
632 1262 44 22 her
687 1262 87 30 beauty
787 1262 24 22 in
824 1269 13 15 a
847 1261 61 30 style
919 1261 92 30 worthy

178 1313 26 23 of
215 1322 13 14 a
238 1313 58 22 Poet
307 1312 110 24 Laureat,
430 1312 80 22 whom
526 1309 68 24 Swift
607 1309 93 23 advises
701 1321 33 4 —

297 1398 64 21 Thus
372 1406 56 20 your
439 1398 127 21 encomium
576 1401 23 18 to
610 1398 28 21 be
651 1401 76 25 strong

296 1435 64 22 Must
372 1436 27 20 be
411 1435 90 28 applied
512 1434 93 28 directly
616 1441 77 20 wrong
702 1442 5 17 ;

297 1473 22 22 A
330 1477 75 24 tyrant
416 1472 34 21 for
461 1472 34 21 his
506 1478 75 22 mercy
592 1470 80 29 praise,

299 1510 54 20 And
364 1516 72 14 crown
448 1516 13 14 a
472 1508 61 29 royal
544 1508 73 20 dunce
628 1507 54 21 with
693 1507 62 28 bays,

299 1545 23 22 A
334 1546 116 27 squinting
461 1545 92 27 monkey
565 1544 55 22 load
631 1544 54 22 with
696 1544 98 26 charms,

298 1584 53 21 And
362 1583 62 28 paint
435 1591 13 13 a
459 1582 87 22 coward
557 1582 66 22 fierce
634 1582 23 21 in
668 1588 65 15 arms.

214 1660 111 31 Spenser,
342 1660 25 23 in
384 1660 38 23 his
435 1660 70 31 Fairy
518 1660 92 27 Queen,
628 1660 93 23 besides
734 1660 97 29 loading
843 1658 58 23 with
920 1658 91 23 charms

179 1706 37 24 his
251 1707 171 29 sexagenarian
450 1707 140 29 Sovereign,
621 1715 82 21 passes
731 1715 29 15 an
791 1706 117 23 elaborate
928 1705 83 31 eulogy
