1120 1962
159 166 28 21 10

459 173 120 14 POETICAL
598 173 104 14 AVIARY.

156 245 47 22 and
216 252 47 15 was
276 245 122 29 generally
411 245 141 22 considered
564 250 26 18 to
603 245 102 22 militate
718 244 97 30 against
828 243 41 22 the
884 242 122 30 authority

156 292 27 23 of
193 293 40 22 the
247 292 47 23 Old
307 292 147 23 Testament.
491 293 51 24 The
553 294 99 26 Jesuits,
666 294 25 22 in
702 293 65 23 their
780 291 100 26 edition,
894 290 80 23 which
987 290 19 23 is

155 342 42 22 the
216 342 61 25 best,
297 341 25 22 of
340 340 113 27 Newton,
468 345 68 19 enter
548 350 14 14 a
575 345 91 22 caveat,
680 341 53 23 that
752 341 58 29 they
824 339 31 22 do
867 342 44 19 not
923 339 83 22 believe

158 390 53 22 that
222 390 42 22 the
277 389 75 23 world
365 398 59 22 goes
446 391 85 25 round,
544 391 44 22 but
601 391 56 30 only
678 390 77 23 divert
777 389 148 23 themselves
949 389 57 22 with

155 438 41 22 the
207 438 160 30 speculations
376 437 90 30 arising
478 441 41 19 out
528 438 26 22 of
563 438 52 22 that
628 437 98 23 fanciful
735 435 152 31 hypothesis.
908 435 96 26 Brome,

155 486 41 23 the
209 486 95 30 loyalist
316 485 171 23 bacchanalian
502 488 112 27 songster
627 483 89 31 during
729 483 41 22 the
781 483 63 22 Civil
864 482 81 27 Wars,
957 490 48 15 was

155 536 24 22 in
191 536 105 23 advance
310 536 26 22 of
347 535 148 30 Copernicus
509 534 98 24 himself
618 542 30 15 on
662 534 47 22 this
724 533 100 31 subject.

305 599 35 21 As
353 598 140 27 Copernicus
505 597 77 25 found,

336 636 61 21 That
409 636 39 21 the
459 635 70 22 world
538 634 55 22 doth
606 641 28 20 go
646 633 79 26 round,

305 673 43 22 We
360 674 46 20 will
417 681 69 20 prove
499 681 25 13 so
536 673 54 21 does
602 679 67 21 every
680 671 65 29 thing
756 671 23 21 in
790 671 24 21 it.

189 737 54 23 One
256 738 26 22 of
299 737 40 24 the
354 737 85 24 Oldest
453 737 103 32 English
570 737 89 23 Games
672 737 20 22 is
705 737 41 23 the
798 737 77 32 Royal
889 737 76 24 Game
978 739 25 22 of

191 836 29 22 In
232 835 41 23 the
286 835 118 23 Deserted
416 835 97 30 Village
514 849 33 3 —
548 843 36 15 we
597 836 61 23 have
660 850 34 3 —

244 897 61 21 Near
315 897 87 28 yonder
412 897 68 22 thorn
488 898 50 21 that
549 899 48 21 fists
608 899 29 22 its
647 900 59 22 head
716 908 28 14 on
757 901 62 29 high,

242 935 84 22 Where
337 943 56 14 once
405 936 39 21 the
457 936 115 29 sign-post
584 938 84 29 caught
679 939 39 21 the
727 939 93 29 passing
832 947 48 21 eye.

241 974 54 21 Low
305 974 42 20 lies
358 974 50 21 that
420 974 71 21 house
503 974 72 22 where
588 979 41 17 nut
637 975 76 21 brown
725 975 109 29 draughts
845 976 108 29 inspired,

241 1009 83 21 Where
336 1011 136 27 grey-beard
481 1011 68 21 mirth
561 1012 45 21 and
618 1012 90 28 smiling
720 1013 41 21 toil
773 1013 91 22 retired.

241 1047 50 21 The
303 1047 79 28 village
395 1051 123 17 statesmen
529 1048 77 21 talked
617 1048 55 21 with
683 1049 64 20 looks
759 1049 120 28 profound,

242 1085 53 22 And
306 1092 60 15 news
378 1085 67 22 much
457 1085 63 22 older
531 1085 55 22 than
598 1085 60 22 their
669 1085 35 22 ale
716 1090 59 17 went
786 1086 81 21 round.

240 1120 150 28 Imagination
402 1121 78 27 fondly
493 1125 78 23 stoops
582 1125 25 18 to
619 1126 61 17 trace

241 1159 50 21 The
301 1159 90 28 parlour
403 1159 117 28 splendors
532 1159 26 21 of
566 1159 50 22 that
628 1159 79 22 festive
717 1159 70 28 place,

241 1196 50 21 The
303 1196 100 27 pictures
414 1195 81 28 placed
506 1195 34 22 for
547 1200 118 17 ornament
677 1195 46 22 and
734 1202 48 19 use,

241 1234 51 22 The
329 1234 80 21 twelve
420 1233 60 27 good
591 1233 39 21 the
641 1232 83 28 Royal
737 1232 74 21 Game
823 1232 29 28 of
859 1231 82 23 Goose.

183 1296 57 24 And
252 1295 65 24 Lord
328 1295 81 30 Byron
420 1295 81 22 writes
503 1310 28 3 —

239 1358 21 20 A
272 1363 76 22 young
359 1355 128 22 unmarried
498 1361 60 19 man,
569 1353 56 22 with
636 1360 13 14 a
661 1352 59 29 good
732 1359 65 13 name

238 1395 56 21 And
304 1394 97 25 fortune,
414 1394 39 20 has
465 1399 29 14 an
506 1390 111 23 awkward
628 1394 51 24 part
691 1394 23 17 to
725 1389 53 28 play
787 1397 5 18 ;

238 1432 45 22 For
293 1432 57 28 good
363 1431 85 28 society
459 1431 20 20 is
488 1431 41 20 but
541 1437 12 13 a
565 1436 72 22 game.

238 1469 51 21 The
324 1469 72 27 Royal
407 1476 63 20 game
480 1468 28 21 of
619 1474 24 14 as
655 1466 12 22 I
678 1474 51 21 may
741 1474 45 21 say.

182 1526 58 23 Two
253 1526 106 23 obsolete
370 1535 91 22 games,
472 1528 120 29 practised
602 1529 61 22 after
675 1529 109 31 shriving
794 1530 62 23 hour
863 1539 32 14 on
904 1530 91 25 Shrove

149 1574 117 31 Tuesday,
288 1583 40 14 are
341 1575 139 24 mentioned
498 1577 33 30 by
544 1578 40 23 old
597 1579 100 27 writers,
718 1580 46 23 viz.
815 1581 127 31 threshing
954 1582 41 23 the

147 1621 35 22 fat
269 1623 47 22 and
623 1628 51 23 The
686 1629 54 23 first
751 1638 50 15 was
812 1630 138 30 performed
962 1632 32 30 by

149 1678 12 15 a
171 1671 147 30 ploughman
337 1673 118 23 blindfold
468 1674 24 22 in
507 1683 12 14 a
538 1674 59 23 barn
609 1684 4 17 ;
636 1675 42 23 the
698 1677 89 22 second
808 1684 48 16 was
868 1685 14 15 a
894 1677 100 24 favorite

148 1721 119 24 diversion
286 1723 58 22 with
365 1723 40 23 the
419 1723 102 23 London
537 1725 159 30 apprentices,
718 1726 122 31 anciently
862 1735 13 15 a
895 1727 65 23 bodv
970 1728 25 22 of
