1120 1962
149 160 30 22 94

452 169 120 15 POETICAL
592 168 103 16 AVIARY.

150 242 76 23 whole
236 243 83 26 world,
330 250 47 16 was
388 244 40 22 the
437 244 64 22 wind
514 244 75 23 music
600 243 69 23 when
683 242 41 23 the
736 241 71 31 angel
820 249 81 16 comes
911 242 77 25 down,

147 291 79 23 which
239 299 48 15 was
305 299 28 15 so
354 295 72 20 sweet
438 292 53 23 that
513 292 18 23 it
551 291 112 24 ravished
685 299 45 17 me,
745 290 55 26 and,
820 291 95 25 indeed,
937 291 24 22 in
977 300 12 14 a

147 339 74 27 word,
235 339 40 23 did
288 348 64 22 wrap
366 348 30 22 up
406 349 40 22 my
455 341 52 23 soul
520 349 26 14 so
559 340 52 23 that
623 340 19 22 it
653 339 69 23 made
736 347 38 15 me
787 339 72 30 really
872 339 56 27 sick,
936 340 50 31 just

147 395 25 15 as
186 388 10 22 I
210 388 112 31 formerly
336 388 41 23 felt
391 389 69 23 when
472 389 24 23 in
509 389 52 23 love
576 389 58 23 with
647 397 39 22 my

181 435 103 31 Though
299 436 125 30 Kynaston
446 445 48 15 was
515 445 27 15 so
561 438 86 30 highly
667 438 96 29 praised
785 438 31 30 by
837 438 85 30 Pepys,
940 438 48 23 real

149 490 117 20 actresses
280 487 93 23 excited
386 488 24 22 in
422 495 32 15 no
466 487 48 23 less
526 488 88 30 degree
622 488 38 22 his
671 488 86 22 ardent
771 487 151 23 admiration.
951 487 37 23 He

149 543 53 22 says
216 536 26 22 of
253 535 57 23 Nell
323 536 87 30 Gwyn,
424 536 60 23 after
503 537 82 31 seeing
598 537 43 23 her
653 541 39 19 act
712 537 41 23 the
766 541 54 27 part
833 537 25 22 of
870 537 75 23 Cœlia
964 537 24 23 in

146 584 133 23 Fletcher's
329 584 139 24 Humorous
678 585 52 29 (the
750 584 52 23 first
826 584 55 31 play
905 592 79 23 repre-

147 633 84 23 sented
253 637 24 20 at
299 634 40 23 the
361 634 88 30 King's
462 635 102 23 Theatre
578 635 61 23 after
652 635 40 23 the
707 635 167 26 Restoration,
896 636 46 22 and
963 636 25 22 of

145 681 80 23 which
238 681 40 23 the
298 681 110 31 play-bill
425 682 20 22 is
466 685 94 27 extant)
611 685 98 30 mighty
722 688 80 27 pretty
815 685 52 23 soul
880 686 42 22 she

147 732 40 23 On
209 732 101 23 another
322 732 119 27 occasion,
463 733 30 23 he
506 734 119 23 mentions
639 735 73 30 being
730 736 89 22 behind
832 736 42 23 the
893 745 91 19 scenes,

146 780 49 23 and
206 780 102 30 heariug
319 780 74 31 Nelly
569 790 31 14 on
618 786 101 20 account
732 784 27 23 of
777 784 41 23 the
830 784 109 24 thinness
961 785 26 23 of

147 830 42 23 the
211 830 83 23 house.
332 830 28 22 In
381 830 48 23 fact
442 830 42 23 she
504 830 48 23 had
564 839 14 14 a
590 831 59 23 rival
662 831 24 23 in
708 831 62 24 Miss
791 832 86 23 Davies
899 836 23 20 at
945 833 39 23 the

146 877 70 24 other
233 877 83 27 house,
330 877 80 23 whom
422 878 76 31 Pepys
520 879 86 23 admits
625 884 27 19 to
671 881 60 23 have
753 881 92 24 danced
864 883 77 24 better
959 884 24 23 in

145 926 69 31 boy's
231 927 91 23 clothes
343 926 59 24 than
421 927 80 31 Nelly.
535 928 62 23 Miss
617 929 86 24 Davies
714 939 48 15 was
775 931 49 24 also
835 932 91 24 famous
945 934 38 22 for

146 975 98 31 singing
255 983 14 15 a
281 983 69 23 song,
363 975 79 23 which
460 984 55 23 may
526 976 30 23 be
570 985 56 15 seen
646 978 24 23 in
691 979 124 22 Hawkins'
841 979 100 32 History
960 981 25 23 of

145 1025 88 26 Music,
246 1024 75 23 called
368 1023 45 32 My
426 1023 100 32 lodging
539 1024 20 22 is
570 1033 31 14 on
614 1024 41 23 the
676 1025 54 23 cold
901 1026 47 22 But
960 1026 23 23 in

145 1073 67 23 these
233 1073 70 22 times
322 1073 69 22 when
405 1073 41 22 the
459 1073 34 30 pit
511 1081 48 14 was
571 1073 143 26 uncovered,
734 1074 41 22 the
796 1074 105 23 weather
922 1078 61 19 must

145 1123 60 23 have
218 1123 66 22 often
296 1122 62 23 tried
383 1121 42 23 the
444 1124 105 26 tempers
562 1121 26 22 of
604 1124 126 19 actresses.
768 1120 76 30 Pepys
865 1121 117 23 mentions

145 1171 41 23 the
200 1170 112 23 audience
322 1169 74 31 being
409 1168 122 31 dispersed
544 1168 32 31 by
593 1176 14 14 a
619 1167 146 23 hail-storm.
802 1167 116 23 Theatres
936 1168 46 22 had

145 1225 44 19 not
201 1221 25 23 in
245 1220 37 23 his
294 1220 66 25 time,
374 1219 64 31 quite
452 1221 42 28 got
507 1218 37 22 rid
564 1217 26 23 of
600 1217 63 23 their
676 1216 101 31 original
803 1220 127 22 structure,
952 1224 29 15 an

145 1271 126 31 Inn-yard.
314 1265 46 27 We
386 1269 79 25 know,
483 1268 63 23 from
564 1275 12 15 a
595 1266 147 24 transaction
764 1266 24 22 in
807 1266 41 23 the
867 1266 67 31 reign
959 1266 25 22 of

145 1322 84 28 Queen
242 1321 79 25 Mary,
333 1320 54 23 that
399 1319 67 30 plays
478 1325 63 15 were
553 1316 58 23 then
624 1315 69 23 acted
707 1318 23 20 at
741 1315 41 22 the
796 1313 150 30 Bel-Savage
957 1314 24 22 in

144 1370 111 30 Ludgate
274 1369 58 25 Hill,
345 1368 42 23 the
400 1366 54 24 Bull
466 1366 25 23 in
504 1366 169 29 Bishopsgate,
686 1364 48 23 and
746 1363 40 23 the
800 1363 64 22 Boar
876 1363 25 22 in
921 1362 58 23 Aid-

144 1421 65 27 gate.
255 1416 51 22 The
323 1415 108 31 galleries
449 1417 25 19 to
486 1413 29 23 be
530 1421 56 14 seen
598 1412 25 22 in
642 1411 39 23 old
695 1411 57 22 Inns
765 1410 48 23 still
824 1410 76 22 retain
920 1410 61 22 their

142 1474 78 15 name.
256 1465 139 29 According
406 1467 26 19 to
454 1463 94 23 various
561 1460 141 24 authorities
722 1460 25 22 in
758 1467 71 23 prose
842 1459 47 23 and
901 1467 78 19 verse,

142 1514 41 23 the
207 1513 76 23 boxes
303 1520 63 15 were
388 1510 77 24 called
495 1518 81 18 rooms,
597 1509 42 23 the
660 1509 35 30 pit
716 1509 41 22 the
783 1509 66 29 yard,
877 1508 46 23 and
940 1509 40 22 the

141 1561 114 23 audience
268 1560 24 22 in
305 1559 40 23 the
355 1559 36 30 pit
598 1570 33 4 —

261 1609 42 21 Let
315 1615 42 14 one
368 1608 41 21 but
421 1607 39 21 ask
471 1607 38 21 the
520 1614 80 13 reason
611 1606 50 28 why
672 1606 54 28 they
737 1614 56 17 roar,

260 1645 89 29 They'U
360 1652 92 19 answer,
464 1644 73 21 'cause
550 1644 38 21 the
599 1647 46 18 rest
657 1643 39 22 did
707 1652 24 13 so
742 1644 76 21 before
827 1653 4 16 ;

261 1682 44 21 But
316 1682 62 20 leave
389 1689 32 13 we
434 1681 69 27 them,
515 1681 49 21 who
575 1681 34 21 for
620 1681 59 21 their
686 1681 49 27 just
747 1682 83 20 reward

260 1720 62 21 Shall
333 1727 62 20 gape,
408 1720 43 21 and
463 1727 54 20 gaze
530 1726 80 21 among
621 1719 39 22 the
671 1719 57 22 fools
740 1719 22 22 in
774 1719 39 22 the
822 1720 67 27 yard.
