1120 1962
135 174 31 20 30

443 182 120 15 POETICAL
582 181 103 16 AVIARY.

136 253 77 23 Other
227 254 59 23 stuff
302 254 26 23 of
344 255 47 23 this
411 259 51 20 sort
481 264 54 22 may
553 257 29 22 be
601 256 58 23 read
678 256 152 30 throughout
850 256 41 24 the
904 258 75 23 whole

134 303 109 30 tragedy,
257 303 104 23 wherein
374 304 41 23 the
427 308 56 27 poet
497 305 58 22 used
569 308 42 19 not
624 303 72 23 much
709 303 88 23 license
810 304 25 22 in
853 305 126 31 departing

134 352 62 22 from
208 352 42 23 the
262 352 67 23 truth
349 353 26 22 of
383 353 101 29 history,
499 351 78 23 which
599 350 102 23 delivers
714 349 106 23 Richard
833 357 14 15 a
859 349 59 31 deep
932 350 47 24 dis-

135 401 103 23 sembler
250 404 42 20 not
306 401 26 23 of
339 401 38 23 his
388 401 123 23 affections
522 400 64 28 only,
599 399 43 22 but
656 398 50 22 also
719 397 26 23 of

167 446 36 23 As
228 446 151 31 Shakspeare
401 455 48 15 was
478 452 43 18 not
543 447 42 23 the
613 450 68 19 court
703 451 56 26 poet
780 447 77 23 either
883 448 26 22 of
929 448 47 24 Eli-

134 494 87 23 zabeth
239 502 28 15 or
283 495 89 26 James,
399 503 26 15 so
449 496 93 23 neither
565 505 48 15 was
637 497 30 23 he
698 498 41 23 the
764 499 47 30 city
835 504 56 26 poet
905 510 4 17 ;
937 502 40 22 the

134 540 48 30 city
201 540 26 22 of
242 540 102 24 London
365 542 49 23 had
427 551 13 15 a
452 548 57 25 poet
528 545 24 22 in
569 546 36 22 his
620 546 67 31 days.
724 548 95 32 During
830 550 37 23 his
880 551 96 25 lifetime

134 589 40 23 the
196 590 48 31 city
256 594 69 26 poets
347 600 63 15 were
424 593 76 27 Peele,
515 595 118 31 Munday,
653 596 102 28 Decker,
769 599 48 23 and
830 600 145 26 Middleton.

135 638 133 30 Heywood,
283 639 54 23 who
350 644 75 19 wrote
439 641 136 25 Interludes
587 644 24 22 in
624 644 41 23 the
678 645 69 31 reign
760 646 26 22 of
798 647 83 31 Henry
894 648 71 24 VIII.

133 689 20 22 is
166 689 41 22 the
221 689 51 22 first
285 697 32 14 on
328 690 86 22 record
425 700 4 17 ;
444 690 85 27 Settle,
540 692 42 23 the
594 692 47 23 last
654 693 27 23 of
697 701 45 23 any
755 695 128 31 notoriety.
902 696 70 30 Pope,

133 737 23 23 in
168 737 41 23 the
231 737 119 27 Dunciad,
363 738 67 30 gives
449 739 67 22 them
537 743 26 18 to
582 739 42 24 the
645 741 128 30 particular
786 742 88 31 charge
892 743 26 23 of
934 744 40 22 the

134 786 84 26 Queen
231 787 25 23 of
272 787 116 24 Dulness.

252 861 58 22 Now
321 861 84 28 May'rs
417 861 44 22 and
473 861 98 22 shrieves
582 861 31 22 all
624 861 80 22 hush'd
716 861 45 22 and
773 861 81 22 satiate
865 861 42 28 lay,

251 899 45 21 Yet
308 902 36 18 eat
353 899 23 20 in
388 899 88 21 dreams
487 898 39 22 the
537 898 92 21 custard
640 898 26 21 of
678 898 38 21 the
730 898 50 28 day.

250 935 72 22 Much
333 939 24 17 to
368 935 39 21 the
418 935 96 21 mindful
526 935 81 25 Queen
616 935 39 21 the
667 935 58 21 feast
736 935 81 21 recalls

251 973 69 21 What
335 973 53 28 City
400 972 81 22 Swans
492 979 55 14 once
560 979 55 21 sung
626 971 77 22 within
715 971 66 22 those
793 971 62 22 walls
867 980 6 17 ;

250 1010 72 22 Much
333 1010 39 22 she
383 1010 100 21 revolves
494 1009 60 21 their
566 1012 54 22 arts,
631 1008 59 21 their
701 1007 90 22 ancient
802 1007 82 29 praise,

250 1048 54 21 And
312 1054 50 14 sure
374 1046 127 22 succession
513 1046 64 21 down
592 1045 57 21 from
659 1045 134 28 Heywood's
806 1046 62 28 days.

251 1083 44 21 She
307 1091 44 13 saw
361 1082 55 22 with
422 1082 39 27 joy
473 1082 38 21 the
522 1082 45 21 line
578 1082 114 21 immortal
703 1090 49 19 run,

250 1119 62 22 Each
325 1119 42 21 sire
377 1119 125 28 impressed
513 1119 45 21 and
567 1120 86 28 glaring
664 1120 23 21 in
699 1120 38 22 the
751 1127 46 15 son.

250 1155 29 21 So
290 1155 106 21 watchful
407 1155 70 22 Bruin
488 1156 75 26 forms,
575 1157 53 21 with
640 1157 81 28 plastic
734 1165 58 19 care,

250 1192 62 22 Each
323 1192 98 28 growing
431 1193 69 27 lump,
512 1193 44 21 and
567 1193 75 27 brings
653 1192 18 22 it
682 1197 25 18 to
718 1201 13 13 a
742 1194 55 21 bear.

166 1274 51 23 The
229 1277 107 28 greatest
346 1274 88 31 stigma
446 1282 64 22 upon
520 1274 40 23 the
575 1274 63 31 City,
652 1275 24 22 in
686 1275 88 31 regard
786 1279 25 19 to
824 1275 62 24 their
894 1280 74 27 poets,

130 1324 21 23 is
163 1324 62 23 their
238 1328 128 19 treatment
380 1324 25 23 of
414 1325 52 22 Ben
474 1324 101 28 Jonson,
588 1325 71 23 when
671 1325 30 23 he
712 1334 47 15 was
769 1326 40 23 old
820 1327 47 23 and
877 1327 91 30 paraly-

130 1375 41 26 tic,
184 1374 47 23 and
243 1374 48 22 had
304 1374 47 22 lost
363 1374 41 22 the
417 1374 66 22 favor
497 1373 26 22 of
538 1373 42 23 the
593 1376 76 22 court,
689 1373 80 30 owing
781 1376 26 20 to
819 1373 38 22 his
877 1373 91 30 quarrel

128 1424 58 22 with
199 1423 70 30 Inigo
282 1423 82 25 Jones,
378 1421 143 23 occasioned
543 1421 31 30 by
593 1420 38 23 his
652 1420 109 31 printing
773 1429 14 14 a
800 1429 97 22 masque
910 1420 57 23 with

129 1471 38 22 his
185 1479 54 14 own
259 1478 69 15 name
353 1468 83 32 placed
454 1468 82 23 before
555 1468 53 23 that
627 1468 26 22 of
663 1468 41 23 the
719 1468 102 31 English
834 1468 131 23 Vitruvius.

129 1518 50 23 The
201 1518 171 22 circumstance
384 1517 20 22 is
427 1516 138 24 mentioned
581 1517 23 22 in
625 1516 40 23 the
685 1517 130 29 postscript
828 1517 26 23 of
870 1525 14 15 a
896 1517 70 23 letter

129 1567 24 22 in
171 1567 113 22 Jonson's
302 1567 65 22 hand
385 1567 97 29 writing
500 1566 128 30 preserved
648 1566 24 23 in
685 1566 40 23 the
740 1566 90 23 British
844 1567 120 22 Museum.

129 1615 50 22 The
193 1615 100 27 pension
306 1622 48 14 was
369 1615 50 21 33
435 1615 34 21 6s.
485 1613 37 23 8d.

193 1666 26 22 P.
234 1664 25 24 S.
275 1665 133 24 Yesterday
428 1664 41 23 the
489 1663 131 23 barbarous
635 1662 75 23 Court
724 1663 26 23 of
758 1663 129 23 Aldermen
907 1663 59 24 have

129 1713 138 22 withdrawn
280 1714 62 22 their
354 1713 128 23 chanderlv
495 1712 99 29 pension
608 1711 35 23 for
657 1712 102 29 verjuice
773 1713 46 22 and
