1120 1962
150 174 30 21 26

448 178 119 14 POETICAL
586 177 102 15 AVIARY.

149 254 58 22 tion.
245 253 50 22 The
308 252 82 23 Saxon
413 251 129 24 Chronicle
555 255 25 19 at
593 252 183 30 Peterborough
789 251 48 24 had
849 252 61 23 been
936 259 55 16 con-

149 301 83 23 tinued
245 301 70 22 down
326 303 25 19 to
363 299 42 22 the
417 307 57 22 year
489 300 64 22 1154
566 308 4 17 ;
586 299 111 24 Chaucer
709 308 49 15 was
770 303 44 19 not
827 300 61 23 born
903 301 36 22 till
951 301 41 23 the

148 347 90 23 middle
251 347 26 22 of
288 346 41 23 the
352 346 139 23 fourteenth
504 350 109 28 century.
651 349 34 22 As
699 352 25 20 to
737 350 41 23 the
791 351 92 29 precise
896 351 57 24 time
967 352 26 23 of

149 394 37 22 his
199 393 65 23 birth
278 393 68 23 there
359 393 20 22 is
400 402 13 14 a
426 394 176 24 contradiction
616 396 109 24 between
737 397 42 24 the
798 398 142 30 inscription
960 408 31 15 on

147 439 38 23 his
198 443 142 20 monument
352 441 48 22 and
414 449 14 14 a
440 441 144 31 deposition,
598 445 57 23 with
668 446 36 22 his
719 455 53 16 own
792 449 131 31 signature,
942 451 46 23 still

147 486 130 30 preserved
293 486 25 23 in
330 486 42 24 the
387 487 113 25 Herald's
513 491 102 30 college.

181 536 54 24 One
246 537 27 23 of
282 537 41 24 the
338 538 77 24 oldest
427 540 190 25 confabulations
628 543 26 23 of
663 544 70 23 Birds
743 545 20 23 is
774 546 127 23 contained
914 546 22 22 in
947 547 41 23 the

146 593 72 26 poem
258 586 54 24 who
331 587 73 24 killed
417 588 68 24 Cock
499 590 78 23 Robin
654 591 52 25 The
726 593 104 23 editions
850 594 138 31 containing

146 634 41 24 the
200 636 66 23 word
278 637 57 25 seed,
350 637 94 24 instead
457 638 27 23 of
494 646 53 20 saw,
561 647 40 15 are
613 648 57 20 very
684 642 80 21 scarte
777 641 47 22 and
837 640 116 24 valuable.

414 687 59 21 Who
485 689 55 20 seed
549 688 46 21 him
608 688 35 21 die
655 687 9 25 ?

417 724 17 26 I,
448 733 50 18 says
510 725 39 21 the
562 726 53 25 Fly,

414 761 64 22 With
491 769 36 20 my
539 762 60 21 little
611 769 47 20 eye,

415 798 11 20 I
438 800 54 19 seed
501 798 46 21 him
560 799 41 20 die.

180 844 132 24 Chaucer's
355 844 145 23 Parliament
520 845 26 22 of
671 846 19 23 is
710 855 14 14 a
741 846 148 24 remarkable
907 855 77 22 poem,

146 896 36 23 for
200 895 59 23 both
279 894 104 31 Spenser
401 894 47 22 and
467 893 149 31 Shakspeare
635 901 86 23 appear
739 898 26 18 to
783 894 60 24 have
861 894 123 25 borrowed

144 944 61 22 from
218 943 27 23 it.
281 943 69 22 Most
363 942 26 23 of
400 942 40 23 the
454 942 65 23 birds
535 942 53 23 take
603 949 13 15 a
627 945 53 26 part
694 943 24 22 in
734 942 42 23 the
789 943 105 26 debates,
907 943 77 24 which

142 992 74 23 relate
229 994 24 20 to
265 991 131 25 bird-love,
411 990 47 23 and
480 990 58 31 they
552 998 39 15 are
605 990 29 22 all
648 990 92 31 shortly
754 991 132 26 described,
905 999 25 15 as
943 992 41 23 the

144 1043 75 25 Dove,
240 1041 57 24 with
316 1041 44 23 her
408 1040 54 30 iyen
596 1038 46 22 and
663 1037 41 24 the
726 1038 114 27 Pecocke,
864 1038 59 23 with
947 1039 36 22 his

169 1088 80 32 Angel
269 1087 104 24 feathers
540 1086 58 22 This
616 1092 79 23 poem,
722 1085 47 23 Hke
796 1085 31 23 all
854 1085 129 24 Chaucer's

141 1136 162 31 productions,
317 1137 84 28 except
411 1135 37 22 his
462 1134 150 31 Canterbury
621 1134 78 27 Tales,
706 1141 50 17 was
768 1136 129 23 addressed
906 1140 24 19 to
943 1137 40 22 the

141 1186 92 31 courtly
252 1186 88 22 classes
358 1186 26 22 of
404 1186 99 30 society.
540 1185 46 23 His
605 1186 66 29 pride
692 1193 48 15 was
758 1188 25 20 to
801 1186 30 22 be
849 1186 76 23 called
942 1186 41 23 the

142 1234 60 23 Poet
219 1234 27 23 of
262 1233 73 24 Love.
378 1234 22 23 A
423 1237 183 27 contemporary
626 1233 73 31 styles
721 1234 49 22 him
794 1234 42 23 the
887 1235 94 23 notable

142 1284 115 24 Rhetore,
270 1282 53 23 that
334 1281 82 23 rained
428 1281 41 23 the
483 1280 57 31 gold
550 1280 51 23 dew
615 1281 72 30 drops
699 1280 25 23 of
736 1280 128 30 eloquence
876 1280 51 23 into
940 1288 42 15 our

141 1333 58 23 rude
362 1330 56 23 And
428 1330 104 27 Caxton,
546 1330 54 23 who
613 1330 95 30 printed
719 1330 36 22 his
768 1330 86 25 works,
869 1330 23 22 in
903 1338 14 14 a
928 1337 52 23 pre-

138 1385 59 26 face,
219 1383 126 24 addresses
360 1382 106 23 Readers
509 1381 46 23 and
566 1380 168 26 furthermore,
749 1380 10 22 I
774 1380 76 23 desire
863 1388 29 23 ye
904 1380 77 22 would

137 1444 58 22 pray
207 1435 38 23 for
262 1435 41 22 the
317 1434 52 23 soul
382 1433 26 23 of
417 1432 42 23 the
472 1431 50 23 said
535 1429 139 31 worshipful
687 1437 55 14 man
752 1429 98 30 Geffrey
864 1428 116 26 Chaucer,

137 1481 41 21 the
191 1481 77 21 Fader
289 1480 46 22 and
356 1479 52 22 first
420 1479 119 22 foundeur
557 1478 48 23 and
617 1478 152 23 embellisher
787 1478 27 23 of
831 1481 83 20 ornate
932 1478 47 23 elo-

138 1536 89 21 quence
240 1529 24 22 in
276 1535 42 16 our

170 1577 77 23 There
260 1577 20 22 is
293 1584 13 15 a
327 1576 70 23 mode
411 1574 26 24 of
448 1575 87 31 speech
548 1574 58 23 used
620 1574 23 22 in
665 1574 41 23 the
726 1578 98 26 present
842 1574 46 31 day
901 1574 76 25 which

136 1624 88 23 relates
236 1628 26 18 to
281 1624 41 23 the
335 1623 167 24 conversation
515 1623 26 22 of
550 1623 75 22 birds.
662 1622 23 23 It
705 1623 20 22 is
744 1623 98 23 noticed
863 1623 23 22 in
901 1622 76 23 Shen-

135 1670 90 22 stone's

254 1715 156 28 Forewarned,
421 1717 21 21 if
454 1718 57 21 little
522 1718 55 21 bird
586 1717 58 22 their
655 1719 82 28 pranks
746 1720 90 26 behold,

251 1754 75 23 'Twill
339 1755 99 32 whisper
449 1756 22 22 in
483 1756 39 22 her
533 1764 44 20 ear,
589 1758 44 21 and
645 1758 30 21 all
687 1758 38 22 the
737 1767 66 14 scene
815 1760 85 21 unfold.
