1120 1962
139 174 33 20 40

444 181 120 13 POETICAL
583 179 102 15 AVIARY.

260 254 63 21 Muff
330 261 36 21 my
378 254 89 21 faithful
480 255 104 21 Romeo's
594 258 90 25 present
699 253 4 22 !

260 292 91 27 Tippet,
363 295 46 22 too,
420 292 56 21 from
489 292 39 21 tail
539 292 27 21 of
574 292 121 21 Pheasant
707 291 8 22 I

259 328 63 22 Muff
329 328 56 21 from
398 329 79 28 downy
488 329 76 21 breast
576 328 26 21 of
612 328 72 20 Swan
697 327 8 20 .'

260 367 29 25 O,
301 367 39 21 the
351 367 54 21 dear
417 366 136 28 enchanting
564 372 52 14 man
628 364 4 21 !

259 403 63 21 Muff
329 403 49 21 that
389 402 77 22 makes
477 409 36 14 me
524 402 73 25 think,
609 401 50 21 how
667 400 56 22 Jove

259 441 59 19 Flew
330 445 24 15 to
366 441 62 19 Leda
439 441 55 19 from
506 441 77 19 above.

259 475 63 22 Muff
328 475 49 22 that
378 490 29 2 —
410 475 87 28 Tabby,
511 483 36 13 see
559 475 49 21 who
619 480 50 23 rapt
682 475 59 21 then.

284 512 100 26 Madam,
397 512 100 26 Madam,
509 513 36 21 'tis
557 512 38 22 the

863 554 86 26 Anstey.

257 593 54 21 And
322 593 63 26 thou,
398 597 46 23 too,
456 594 27 21 of
487 594 38 22 the
538 594 144 23 snow-ichite
690 595 77 28 plume
780 596 7 22 !

257 633 83 21 Whose
352 633 70 21 realm
433 633 90 22 refused
534 634 54 20 thee
599 633 50 21 ev'n
661 640 12 14 a
682 634 63 21 tomb
758 642 4 17 ;

257 672 108 28 Through
376 673 39 21 the
427 672 181 22 smoke-created
619 671 64 29 night

257 711 34 23 Of
295 711 39 22 the
346 711 65 22 black
422 711 45 21 and
479 711 135 28 sulphurous
625 709 63 29 fight,

257 748 49 21 The
318 748 82 21 soldier
409 748 74 21 raised
494 748 34 21 his
540 747 92 26 seeking
643 754 40 19 eye

256 784 35 21 To
303 784 64 22 catch
380 785 49 21 that
441 785 77 21 crest's
530 785 147 27 ascendancy,

256 824 54 21 And
321 832 24 13 as
356 824 18 21 it
385 824 91 21 onward
487 823 80 29 rolUng
578 830 58 19 rose,

257 861 29 22 So
297 861 81 22 moved
389 861 34 21 his
435 861 64 22 heart
511 868 60 20 upon
583 868 41 14 our
635 860 53 21 foes.

646 896 68 21 Lord
725 895 80 27 Byron
817 903 28 14 on
857 896 88 21 Murat.

168 956 92 31 Anstey
283 956 55 23 thus
360 956 118 23 describes
492 965 13 14 a
527 957 55 31 lady
594 957 76 31 going
689 960 26 19 to
735 965 13 14 a
758 956 51 23 Ball
820 957 25 22 in
859 965 13 14 a
892 957 81 24 sedan-

134 1004 65 21 chair
200 1016 33 4 —

254 1067 82 22 Thrice
348 1067 39 22 did
399 1067 38 21 she
449 1067 127 21 endeavour
587 1065 40 22 her
635 1066 59 21 head
705 1065 22 22 in
740 1070 24 17 to
772 1073 54 21 pop,

255 1105 53 21 And
319 1104 71 22 thrice
402 1103 39 22 did
452 1103 40 22 her
496 1103 97 29 feather
605 1103 65 22 catch
682 1103 54 22 hold
747 1103 26 22 of
780 1103 38 22 the
830 1108 45 24 top.

251 1142 33 22 At
295 1142 85 28 length,
392 1149 54 21 poor
458 1142 53 21 dear
522 1142 56 26 soul,
591 1149 52 21 very
654 1142 24 21 ill
690 1145 23 18 at
725 1142 40 21 her
776 1149 50 15 ease

252 1181 44 21 She
308 1184 33 18 sat
354 1180 52 21 with
419 1180 39 20 her
470 1179 57 21 head
538 1179 81 21 almost
628 1178 101 27 jammed
741 1182 23 17 to
776 1178 39 21 her
828 1178 75 21 knees.

340 1216 57 22 How
409 1220 86 25 crampt
506 1216 23 21 in
540 1216 46 22 this
597 1220 92 25 posture

341 1253 66 28 They
418 1253 99 28 wriggl'd
528 1254 44 21 and
585 1258 46 17 tost
639 1254 40 21 her
687 1263 5 16 ;

251 1292 75 21 While
337 1299 65 20 every
415 1295 49 25 step
475 1292 50 21 that
536 1292 53 29 they
601 1294 57 25 trod,

340 1330 49 21 Her
399 1330 87 27 foretop
498 1330 44 21 and
553 1337 54 15 nose

340 1369 57 21 Beat
408 1367 54 21 time
474 1370 24 18 to
509 1367 58 21 their
578 1371 56 20 toes,

251 1407 52 22 And
315 1407 40 21 her
359 1406 97 28 feather
467 1410 58 17 went
537 1405 152 28 niddity-nod.

164 1469 28 22 In
202 1468 42 22 the
257 1468 38 22 old
309 1470 113 20 accounts
435 1466 26 23 of
478 1466 40 22 the
542 1465 85 31 Royal-
630 1465 135 24 Wardrobe
785 1466 67 23 there
865 1466 20 23 is
904 1474 65 15 men-

130 1518 49 22 tion
193 1517 26 23 of
230 1524 13 15 a
255 1516 89 30 charge
357 1514 35 23 for
409 1513 146 32 purchasing
568 1512 128 24 Peacocks'
717 1512 104 24 feathers
834 1517 25 19 to
871 1513 29 23 be
914 1513 55 23 used

130 1567 36 20 for
178 1573 95 14 arrows.
311 1563 33 24 So
356 1563 24 23 in
390 1563 41 23 the
442 1563 39 22 old
493 1563 79 22 ballad
585 1562 25 23 of
620 1563 78 22 Robin
719 1564 72 23 Hood
792 1578 33 3 —

249 1622 53 20 And
314 1628 64 21 every
391 1628 68 14 arrow
471 1627 28 14 an
511 1620 28 21 ell
550 1620 51 28 long

247 1659 63 21 With
321 1658 103 22 Peacock
435 1658 49 21 well
495 1657 86 27 ydight,

247 1695 54 21 And
312 1695 87 21 nocked
411 1694 52 28 they
475 1701 57 15 were
544 1694 52 22 with
608 1694 66 22 white
687 1695 40 21 silk

246 1732 22 21 It
279 1738 44 15 was
334 1739 13 13 a
359 1732 82 27 semely
454 1732 65 27 sight.
