1120 1962
149 172 31 21 96

465 179 120 14 POETICAL
605 179 102 14 AVIARY.

183 252 36 23 To
241 255 81 20 return
343 252 62 23 from
427 261 92 15 women
533 254 47 23 and
592 253 149 24 womanized
763 261 55 15 men
839 255 25 21 to
878 252 41 23 the
941 251 53 31 only

149 305 72 23 rivals
241 304 26 23 of
279 304 112 23 womens'
404 305 90 26 voices,
508 305 42 23 the
564 304 183 31 Nightingales,
761 303 90 23 Milton
863 303 44 23 has
926 311 66 15 seve-

149 352 35 22 ral
203 360 113 23 passages
337 360 30 15 on
380 352 40 23 the
443 353 93 31 subject
555 353 24 23 in
591 353 38 23 his
652 353 111 23 Paradise
777 352 68 26 Lost,
860 360 45 15 one
919 352 24 23 in
956 353 38 23 the

150 400 111 23 Paradise
285 400 131 31 Regained,
442 401 100 23 another
566 401 24 22 in
613 400 42 23 the
679 400 98 27 Comus,
803 400 101 22 another
927 400 23 22 in
975 400 19 23 II

150 452 139 26 Penseroso,
304 452 46 23 and
363 461 13 14 a
389 456 85 19 sonnet
493 452 123 31 expressly
635 450 131 24 addressed
778 453 26 19 to
817 450 41 22 the
879 449 115 31 Nightin-

150 500 62 30 gale.
249 500 48 23 But
309 500 41 23 the
364 500 19 22 II
396 500 131 23 Penseroso
550 500 160 31 Nightingale
721 500 20 22 is
763 499 111 23 Milton's
894 502 98 20 master-

150 551 66 30 piece
229 551 24 23 in
266 552 88 29 regard
366 555 25 19 to
404 551 49 23 this
465 551 54 23 bird
521 564 32 3 —

270 625 54 21 And
335 625 39 21 the
384 628 63 18 mute
459 625 82 21 silence
553 624 45 21 hist
610 623 75 29 along,

271 662 55 22 Less
338 662 111 22 Philomel
459 662 45 21 wiU
516 662 66 28 deign
594 670 12 13 a
619 670 62 21 song,

271 699 27 21 In
309 699 40 21 her
360 703 104 18 sweetest
476 699 92 22 saddest
580 699 80 28 plight,

272 736 134 29 Smoothing
417 736 40 22 the
466 736 86 29 rugged
564 736 60 21 brow
635 736 27 20 of
668 735 72 29 night.

273 772 75 21 While
361 772 99 29 Cynthia
471 772 82 21 checks
564 772 41 21 her
617 773 84 28 dragon
712 772 66 29 yoke,

271 809 85 28 Gently
368 809 45 21 o'er
425 809 38 21 the
475 809 146 21 accustomed
632 809 50 21 oak.

272 847 73 22 Sweet
357 847 56 26 bird,
425 847 50 21 that
487 846 87 22 shun'st
586 846 38 21 the
636 846 61 21 noise
710 846 26 20 of
745 845 60 28 folly,

271 883 66 21 il/bst
348 883 101 26 musical,
462 887 57 17 most
531 883 141 28 melancholy
680 883 5 21 !

271 920 72 27 Thee,
354 920 140 27 chauntress,
506 921 40 26 oft,
558 921 39 21 the
609 922 76 21 woods
696 930 80 22 among

270 956 12 22 I
293 964 55 19 woo,
359 961 25 18 to
394 957 54 22 hear
459 958 41 28 thy
511 965 56 15 even
579 966 62 20 song.

186 1030 23 23 It
230 1039 53 23 may
295 1031 30 24 be
344 1032 116 24 observed
480 1033 52 24 that
545 1035 132 24 Fletcher's
698 1045 62 24 song
780 1038 25 23 in
829 1039 41 24 the
890 1040 54 31 play
968 1041 24 22 of

178 1082 62 23 Nice
363 1082 63 23 from
439 1083 78 23 which
529 1083 40 23 the
582 1083 53 24 idea
643 1085 47 22 and
701 1085 90 23 several
802 1085 27 23 of
838 1086 41 23 the
888 1086 101 31 pictures

150 1130 25 23 in
188 1130 40 23 the
250 1130 21 23 II
288 1131 132 23 Penseroso
442 1139 39 15 are
503 1131 126 32 obviously
652 1133 80 26 taken,
753 1134 43 23 has
809 1138 42 19 not
873 1143 14 15 a
899 1135 90 31 Night-

151 1180 87 30 ingale,
252 1181 43 22 but
309 1180 56 30 only
377 1180 66 26 Bats,
458 1180 46 23 and
518 1179 74 24 Owls.

184 1247 51 23 The
256 1246 154 23 alliterations
421 1246 26 23 of
458 1246 40 23 the
510 1246 71 23 letter
593 1254 21 14 m
624 1255 62 14 were
696 1247 119 30 practised
829 1247 31 32 by
873 1248 40 23 the
923 1249 61 23 anci-

151 1301 41 21 ent
202 1299 70 22 Poets
282 1301 25 20 to
319 1297 105 31 produce
434 1305 14 15 a
459 1295 121 24 mournful
590 1295 102 30 melody.
718 1295 90 22 Milton
821 1295 43 22 has
878 1303 109 15 recourse

152 1351 25 18 to
190 1347 67 22 them
270 1346 24 23 in
306 1346 37 22 his
356 1345 111 23 Paradise
481 1345 67 22 Lost.

270 1413 131 27 Fountains,
414 1414 44 21 and
468 1421 27 20 ye
507 1414 49 21 that
568 1414 81 21 warble
661 1421 24 15 as
696 1421 28 20 ye
735 1414 49 22 flow

270 1450 131 22 .Melodious
413 1451 166 29 murmurrings,
591 1452 107 28 warbling
710 1456 55 18 tune
778 1453 34 21 his
823 1454 71 26 praise.

186 1523 44 23 His
249 1523 156 23 alliterations
426 1522 25 23 of
462 1522 68 22 other
543 1522 84 22 letters
647 1529 40 15 are
699 1529 58 22 very
776 1521 119 30 frequent,
918 1528 26 16 as
965 1521 22 23 in

152 1570 89 22 Comus
243 1584 32 4 —

268 1641 59 22 Who
339 1642 53 21 with
404 1642 45 22 soft
460 1643 59 28 pipe,
532 1643 44 22 and
587 1643 187 23 smooth-dittied
784 1653 64 22 song,

276 1679 58 20 Well
345 1679 77 21 knows
433 1682 24 18 to
469 1679 45 22 still
526 1679 38 21 the
577 1679 52 22 wild
641 1680 71 22 winds
724 1688 24 14 as
760 1681 53 29 they
825 1689 56 18 roar,

270 1717 53 21 And
334 1716 58 22 hush
404 1717 38 22 the
454 1717 87 29 waving
552 1717 82 22 woods.
