1120 1962
414 150 121 15 POETICAL
556 150 102 15 AVIARY.

936 145 28 22 81

176 222 46 21 But
233 230 13 13 a
258 222 71 21 kettle
337 222 26 21 of
376 223 102 28 scalding
495 223 39 22 hot
547 227 70 18 water
628 223 108 29 injected,

177 260 113 28 Infalfibly
302 268 65 13 cures
378 260 40 22 the
429 261 83 21 timber
523 262 105 22 affected.

176 297 51 21 The
240 305 66 14 omen
318 298 17 21 is
347 298 93 27 broken,
453 299 38 22 the
504 300 85 29 danger
600 301 18 22 is
630 309 60 20 over,

176 334 51 22 The
238 338 92 24 maggot
341 335 45 22 will
395 335 44 27 die,
451 337 45 21 and
508 337 39 22 the
560 338 49 22 sick
622 340 45 22 will
675 348 96 14 recover.

149 417 50 23 The
222 417 85 28 Queen
331 417 49 23 Bee
400 417 44 24 has
456 418 59 31 long
535 418 61 23 been
611 419 137 24 celebrated
766 420 38 23 for
826 428 13 16 a
860 421 105 30 peculiar

116 468 76 23 sound
211 468 136 31 producing
367 468 40 23 the
422 471 62 19 most
498 468 184 31 extraordinary
703 468 82 22 effects
806 476 32 14 on
852 467 42 23 her
908 467 55 22 sub-

112 518 71 30 jects.
220 517 154 27 Sometimes,
394 517 51 31 just
469 517 82 23 before
576 517 60 22 Bees
656 524 93 19 swarm,
772 517 20 22 if
811 517 41 23 the
873 524 40 15 ear
934 516 30 23 be

114 568 83 31 placed
211 567 63 23 close
288 571 25 19 to
326 567 42 23 the
382 567 85 23 mouth
477 567 26 22 of
515 575 13 15 a
540 566 64 27 hive,
620 566 95 23 instead
727 566 28 23 of
764 566 41 24 the
823 570 70 27 great
905 566 58 23 hum

114 616 93 32 usually
230 616 84 27 heard,
335 624 14 15 a
368 616 72 31 sharp
462 616 64 23 clear
549 616 77 22 sound
648 623 54 23 may
726 616 29 22 be
777 616 185 30 distinguished,

114 664 78 23 which
205 672 100 22 appears
316 668 25 20 to
354 665 30 23 be
396 665 122 30 produced
530 664 32 31 by
575 664 41 23 the
631 665 118 23 vibration
760 664 26 24 of
797 665 41 23 the
851 665 77 30 wings
939 664 26 23 of

114 719 14 14 a
141 712 76 31 single
231 713 57 23 Bee.
323 713 66 23 John
403 714 96 24 Hunter
512 716 128 30 compared
652 716 42 23 the
707 717 77 22 sound
798 721 25 19 to
836 717 41 23 the
887 717 74 22 lower

114 763 22 23 A
147 763 24 23 in
183 764 42 23 the
238 764 77 23 treble
329 764 26 23 of
363 765 40 22 the
414 764 146 23 Pianoforte.
597 764 51 23 The
661 765 77 22 sound
752 765 19 22 is
784 764 125 30 produced
931 763 31 30 by

114 812 41 23 the
177 812 86 28 Queen
283 813 49 23 Bee
349 813 119 30 reclining
486 813 44 23 her
545 813 81 23 throat
644 813 94 30 against
759 820 13 16 a
789 812 172 31 honey-comb,

114 863 58 23 with
183 863 45 23 her
240 863 77 30 wings
328 863 98 23 crossed
440 870 64 22 upon
523 862 44 22 her
582 860 68 27 back,
669 859 87 27 which,
776 859 102 23 without
888 859 75 30 being

113 911 131 23 uncrossed
258 920 27 14 or
295 911 93 23 further
401 911 133 31 expanded,
550 919 39 15 are
602 911 57 30 kept
673 911 24 22 in
709 913 113 20 constant
832 910 127 23 vibration.

113 957 34 24 As
161 966 59 15 soon
233 967 26 15 as
271 959 42 23 the
326 960 77 23 sound
416 960 19 22 is
448 960 83 26 heard,
546 961 40 23 the
600 962 70 22 other
683 962 69 26 Bees,
761 962 55 23 who
827 962 60 23 have
898 963 62 23 been

114 1009 126 31 employed
252 1010 23 23 in
290 1011 122 30 plucking,
422 1011 87 30 biting,
523 1011 48 23 and
584 1010 101 31 chasing
698 1010 40 23 the
754 1010 84 28 Queen
853 1011 73 22 about
936 1010 23 22 in

113 1055 71 23 order
196 1059 25 20 to
234 1061 101 26 prevent
346 1058 44 22 her
402 1058 126 31 following
540 1058 44 23 her
602 1058 100 23 instinct
714 1059 24 22 in
751 1059 142 32 destroying
918 1060 41 23 the

114 1107 221 32 Queen-embryos,
357 1108 67 32 hang
442 1108 71 23 down
537 1109 63 23 their
617 1109 83 26 heads,
722 1110 47 22 and
790 1110 91 23 remain
900 1110 59 23 alto-

112 1155 86 31 gether
211 1157 149 23 motionless.
408 1157 23 23 It
442 1157 20 23 is
474 1158 54 22 well
540 1158 88 23 known
641 1159 53 23 that
705 1168 13 14 a
731 1168 56 14 man
800 1160 27 22 of
838 1160 41 23 the
889 1168 70 16 name

112 1204 26 24 of
155 1204 125 24 Wildman
301 1205 86 31 played
405 1207 183 31 extraordinary
609 1208 62 23 feats
694 1209 59 24 with
771 1211 69 25 Bees,
860 1211 100 31 making

112 1254 67 24 them
198 1255 68 31 hang
284 1255 62 23 from
362 1256 37 22 his
413 1256 55 23 chin
485 1256 48 23 like
546 1264 14 15 a
572 1257 82 27 beard,
675 1258 54 26 and,
744 1259 58 22 with
820 1259 40 23 the
883 1268 41 15 use
937 1260 26 23 of

112 1314 66 15 some
198 1306 132 31 gibberish,
353 1306 115 31 ordering
488 1306 67 23 them
581 1306 73 22 about
675 1306 62 23 from
752 1307 67 30 place
839 1311 25 19 to
882 1308 76 31 place.

113 1356 38 22 He
164 1356 141 22 afterwards
328 1356 128 30 explained
470 1356 52 22 that
536 1356 37 22 his
592 1360 37 18 art
643 1356 121 23 consisted
777 1357 24 22 in
815 1357 89 32 having
918 1358 41 23 the

111 1402 85 28 Queen
221 1402 49 24 Bee
295 1403 24 22 in
341 1403 38 22 his
401 1403 72 24 hand,
495 1402 85 31 giving
598 1403 41 23 the
657 1411 86 15 swarm
766 1406 160 30 occasionally
947 1414 13 14 a

111 1450 103 29 glimpse
226 1450 26 22 of
262 1450 51 23 her.

143 1500 51 23 The
208 1500 79 24 Poets,
302 1508 25 14 as
341 1508 34 14 we
390 1500 60 22 shall
461 1507 39 15 see
513 1500 25 22 in
551 1500 41 22 the
606 1503 58 19 next
675 1500 100 24 section,
789 1500 61 22 have
865 1500 94 23 noticed

110 1549 61 24 Bees
181 1550 141 31 principally
335 1550 23 22 in
372 1549 41 23 the
433 1557 51 24 way
495 1549 27 23 of
531 1549 155 30 description,
700 1549 46 22 and
761 1549 59 22 with
832 1550 89 30 regard
935 1554 24 18 to

109 1599 42 22 the
164 1599 83 22 effects
269 1599 27 22 of
311 1599 63 22 their
386 1599 136 31 humming,
540 1599 82 23 rather
644 1599 59 23 than
717 1599 35 22 for
765 1599 40 23 the
820 1608 101 23 purpose
937 1601 23 23 of

109 1648 127 23 imitation.
258 1648 28 22 In
297 1647 131 23 Addison's
436 1647 145 23 translation
592 1646 26 23 of
625 1646 102 30 Virgil's
738 1647 93 22 Fourth
843 1647 115 31 Georgic,

108 1702 13 14 a
134 1702 110 23 passage,
259 1693 80 25 which
352 1694 78 22 shews
445 1694 39 23 the
498 1702 114 23 progress
623 1695 27 23 of
661 1695 93 24 science
771 1697 133 29 regarding
916 1698 42 23 the

314 1750 15 13 u
