1120 1962
421 164 120 16 POETICAL
560 165 106 17 AVIARY.

967 186 2 2 9

269 238 57 22 And
337 238 74 23 raised
422 239 17 22 it
452 240 35 21 till
495 241 17 21 it
525 241 96 22 levelled
633 242 60 28 right

268 275 99 28 Against
378 275 39 22 the
428 276 139 29 glow-worm
578 277 41 21 tail
630 278 27 21 of
664 278 52 22 kite.

268 313 81 28 When,
362 315 29 28 by
402 314 136 28 mischance,
551 315 38 22 the
599 315 55 22 fatal
665 316 78 30 string,

268 350 61 23 That
341 352 54 28 kept
403 353 39 21 the
455 353 100 29 tow'ring
566 353 52 22 fowl
626 361 28 14 on
666 355 59 29 wing

265 386 120 31 Breaking,
397 390 65 21 down
473 390 39 22 fell
524 391 39 22 the
576 395 46 18 star
622 406 30 3 —
675 393 51 21 weU

267 424 78 27 Quoth
359 427 135 28 Whackum,
506 430 50 22 who
563 430 60 29 right
634 431 77 29 wisely
723 433 104 30 thought,

266 463 74 22 He'ad
352 465 97 22 levelled
461 470 22 18 at
495 474 13 14 a
520 472 53 20 star,
586 469 44 21 and
642 469 34 22 hit
688 469 25 22 it.

264 499 45 24 But
323 501 126 30 Sidrophel,
461 511 62 15 more
536 506 176 28 subtle-witted,

265 539 69 22 Cried
441 541 60 22 what
513 542 105 27 horrible,
631 545 44 20 and
687 545 80 23 fearful

264 576 95 24 Portent
372 579 18 22 is
402 579 54 26 this,
466 584 24 17 to
502 588 37 14 see
551 589 13 13 a
581 586 46 18 star
638 583 38 22 fall

141 638 36 32 By
188 639 136 32 Sidrophel,
333 642 84 23 Butler
426 651 83 15 means
520 644 62 32 Lilly
593 645 41 23 the
643 645 93 24 famous
745 647 151 30 Astrologer,
907 648 44 23 whc

111 696 49 16 was
179 690 127 24 consulted
327 692 60 23 both
406 700 31 15 on
458 693 83 23 behalf
557 693 27 24 of
604 694 129 24 Cromwell
752 696 47 23 and
813 696 26 23 of
851 696 100 26 Charles,

111 736 47 23 and
170 737 55 23 who
238 747 49 15 was
301 741 142 29 questioned
455 742 32 31 by
499 743 42 23 the
555 743 85 24 House
650 745 26 23 of
693 745 141 28 Commons,
846 747 60 23 after
919 748 32 22 the

111 786 163 29 Restoration,
293 790 74 24 about
378 791 42 24 the
441 792 44 23 fire
499 793 27 22 of
544 793 111 24 London.
693 796 69 23 With
780 797 88 30 regard
880 800 25 20 to
918 797 33 23 the

109 834 139 33 Telescope,
260 837 18 23 it
299 847 48 14 was
361 839 23 23 in
398 840 105 24 Butler's
516 842 60 23 time
588 850 14 15 a
615 851 54 15 new
688 844 134 24 invention.
858 845 93 27 Milton,

108 884 55 23 who
185 892 49 16 was
252 886 104 23 Butler's
377 892 194 29 contemporary,
594 893 121 24 mentions
735 895 53 24 that
807 896 24 22 in
855 896 62 31 Italy
927 897 24 23 he

135 936 75 23 found
220 938 48 22 and
280 938 87 24 visited
380 940 41 23 the
439 941 94 23 famous
548 941 92 24 Galileo
654 950 84 23 grown
755 943 47 27 old,
822 945 47 22 and
882 953 14 14 a
908 945 43 30 pri-

107 992 72 16 soner
190 988 27 20 to
238 986 41 23 the
300 986 144 31 Inquisition
466 988 38 23 for
522 988 115 31 thinking
654 990 46 23 and
723 991 83 31 acting
827 992 124 23 otherwise

106 1030 59 23 than
174 1030 42 24 the
229 1031 145 25 Franciscan
388 1035 47 22 and
449 1035 143 24 Dominican
602 1037 128 25 Licencers
906 1041 45 22 Ga-

105 1081 55 23 lileo
171 1081 52 23 first
235 1082 111 24 revealed
358 1084 42 23 the
413 1085 112 22 wonders
538 1085 26 23 of
582 1086 41 23 the
632 1086 132 32 Telescope
774 1097 4 16 ;
798 1087 95 31 though
913 1087 38 23 the

105 1131 87 24 double
205 1132 51 23 lens
277 1140 101 23 appears
395 1137 25 20 to
439 1134 60 23 have
521 1135 61 23 been
605 1135 116 23 invented
741 1143 66 15 some
826 1135 45 23 few
884 1143 67 23 years

103 1181 82 24 before
206 1182 30 23 he
255 1183 59 23 used
333 1183 26 24 it.
395 1184 52 23 The
466 1184 58 23 tube
544 1194 49 15 was
614 1185 87 23 known
722 1189 26 19 to
770 1185 41 23 the
836 1185 115 23 ancients.

102 1231 84 31 Tycho
195 1232 80 24 Brahe
288 1232 48 24 had
349 1233 69 23 made
429 1234 119 23 excellent
559 1235 167 22 observations
739 1243 31 14 on
783 1234 42 23 the
837 1234 114 26 heavens,

101 1278 48 23 and
162 1278 128 31 published
302 1288 14 14 a
328 1280 127 31 catalogue
469 1280 26 23 of
506 1284 62 20 stars
579 1281 82 24 before
674 1282 41 22 the
735 1282 123 22 invention
873 1281 26 23 of
910 1281 41 23 the

100 1329 140 32 Telescope.
276 1329 99 27 Milton,
398 1330 24 23 in
436 1331 41 22 the
498 1330 112 23 Paradise
621 1330 66 26 Lost,
708 1337 124 23 compares
854 1328 97 23 Satan's

100 1379 77 23 shield
201 1383 26 19 to
248 1379 42 24 the
310 1388 73 15 moon
401 1388 26 15 as
449 1388 56 15 seen
527 1379 108 31 through
655 1379 42 23 the
714 1378 131 31 Telescope
867 1378 26 22 of
908 1378 42 22 the

125 1430 95 24 Tuscan
367 1430 98 31 Kepler,
480 1431 81 23 before
575 1430 41 23 the
627 1430 148 31 publication
786 1429 26 23 of
822 1429 41 23 the
876 1429 71 22 Para-

97 1481 51 24 dise
161 1481 68 27 Lost,
242 1482 49 23 had
312 1481 114 24 invented
444 1481 43 23 the
500 1478 177 25 Astronomical
687 1477 130 30 Telescope
831 1477 56 22 with
901 1480 47 19 two

97 1536 93 16 convex
213 1529 79 23 lenses
305 1538 4 17 ;
332 1528 126 29 (Galileo's
483 1528 123 32 eye-glass
628 1528 75 30 being
724 1527 124 28 concave,)
869 1526 79 23 which

96 1586 48 15 was
157 1586 14 15 a
191 1578 167 23 considerable
381 1578 177 31 improvement
581 1577 26 23 of
622 1577 41 23 the
676 1577 154 22 instrument.
868 1576 10 22 I
893 1583 54 22 may

95 1626 57 23 here
165 1626 80 23 notice
257 1626 42 24 the
312 1626 150 24 remarkable
475 1633 100 15 manner
587 1626 24 22 in
625 1625 79 23 which
717 1623 89 23 Milton
819 1626 73 20 treats
905 1622 41 23 the

95 1674 150 31 Copernican
268 1676 85 30 theory
375 1675 26 23 of
422 1675 40 23 the
476 1674 92 24 motion
582 1673 27 23 of
626 1673 40 23 the
680 1671 68 24 earth
761 1671 23 23 in
798 1671 41 23 the
861 1671 85 31 eighth

89 1721 68 24 'book
174 1723 27 23 of
223 1723 41 23 the
278 1723 112 24 Paradise
404 1723 68 24 Lost.
510 1723 23 23 It
551 1722 48 24 had
616 1723 61 23 been
691 1722 99 23 scouted
809 1722 30 25 bv
853 1722 89 26 Bacon.,
