1120 1962
917 158 43 21 131

417 163 121 13 POETICAL
557 163 103 13 AVIARY.

149 237 53 23 The
223 237 199 32 golden-crested
444 237 76 24 Wren
544 237 21 23 is
588 237 41 24 the
653 237 106 25 smallest
778 239 27 23 of
822 239 41 24 the
874 240 91 23 British

117 287 74 27 birds,
217 287 54 26 and,
296 287 112 31 perhaps,
435 287 26 22 of
479 287 127 30 European
627 287 75 22 birds.
733 287 23 23 It
775 295 115 24 averages
909 288 56 31 only

117 337 68 22 three
207 337 47 22 and
279 343 13 16 a
316 336 52 23 half
388 336 83 23 inches
496 336 24 22 in
541 336 95 30 length,
650 337 48 22 and
720 337 150 30 seventy-six
883 337 82 30 grains

117 384 24 24 in
164 384 98 31 weight.
301 384 77 24 There
403 392 40 16 are
461 384 74 23 about
557 385 50 22 300
621 384 92 30 species
735 385 26 22 of
779 385 91 23 British
890 385 74 26 birds,

118 437 46 23 and
177 437 73 23 about
266 437 90 26 10,000
369 436 27 22 of
407 435 92 23 British
511 434 99 23 insects.
649 433 94 23 Insects
757 441 40 15 are
809 436 26 19 to
848 433 30 23 be
891 432 74 23 found

117 483 81 31 larger
218 483 60 24 than
296 491 67 15 some
381 482 67 24 birds
472 481 134 32 belonging
631 485 25 19 to
675 485 64 20 most
761 481 27 23 of
804 482 42 23 the
865 490 98 23 genera,

119 541 59 15 even
190 532 20 23 if
229 532 124 24 measured
366 532 31 31 by
411 531 133 31 extending
565 530 63 24 their
640 530 87 31 wings.
764 530 49 23 But
826 530 140 23 two-thirds

119 579 26 23 of
155 579 41 24 the
208 579 90 24 insects
319 579 27 23 of
369 579 97 31 Europe
479 588 40 15 are
537 579 75 23 under
626 588 13 15 a
652 583 96 27 quarter
769 579 26 23 of
812 588 30 14 an
867 579 57 23 inch
941 579 25 23 in

117 626 92 31 length,
224 628 47 23 and
284 629 125 22 one-third
422 629 25 22 of
457 629 65 22 them
536 628 58 23 does
607 631 42 20 not
662 628 72 23 much
748 629 89 22 exceed
848 636 14 15 a
873 629 93 22 twelfth

119 679 26 22 of
166 688 30 13 an
218 679 65 22 inch.
319 679 59 22 This
399 680 20 21 is
439 679 121 22 exclusive
582 679 27 22 of
627 679 66 22 what
713 679 109 22 Addison
847 679 57 22 calls
925 679 41 22 the

118 729 187 31 imperceptibles.
340 728 51 23 Mr.
406 728 85 31 Kirby,
505 727 97 31 writing
621 734 65 23 upon
699 727 41 23 the
762 727 93 30 subject
880 728 26 22 of
925 728 42 23 the

119 777 49 23 size
179 776 28 23 of
214 777 98 26 insects,
326 784 63 23 says,
429 775 11 23 I
450 784 97 22 possess
560 784 29 15 an
602 776 161 24 undescribed
774 776 90 27 Beetle,
880 778 86 27 which,

119 824 95 32 though
234 824 125 23 furnished
373 823 58 24 with
452 823 76 32 elytra
543 824 76 31 (wing
638 827 88 28 cases),
741 825 85 31 wings,
848 830 119 24 antennæ,

119 872 47 22 and
184 879 73 23 every
275 872 70 22 other
364 879 75 23 organ
453 872 92 32 usually
566 873 75 23 found
654 874 23 22 in
697 874 41 24 the
752 876 70 23 order
837 875 26 23 of
872 875 95 24 Beetles

121 921 89 29 (which
224 921 60 23 have
307 921 41 23 the
362 924 63 20 most
446 921 92 30 perfect
550 925 120 20 structure
683 923 27 22 of
721 923 30 23 all
770 924 40 23 the
824 924 111 30 insects),
947 924 20 23 is

119 973 133 32 absolutely
261 976 42 20 not
313 972 87 32 bigger
408 973 59 23 than
478 973 40 24 the
527 973 44 23 full
583 977 54 28 stop
648 975 53 24 that
715 976 76 23 closes
799 977 49 23 this

240 1040 57 21 This
309 1039 136 22 moss-lined
454 1039 63 27 shed,
527 1047 74 21 green,
614 1040 51 26 soft,
678 1040 45 22 and
735 1040 47 29 dry,

240 1078 117 21 Harbours
369 1085 13 14 a
391 1078 178 22 self-contented
588 1079 75 25 Wren,

239 1115 47 22 Not
295 1115 112 28 shunning
415 1115 70 22 man's
496 1116 80 27 abode,
588 1116 87 30 though
687 1117 42 30 shy

238 1153 91 21 Almost
342 1159 24 15 as
378 1153 98 28 thought
489 1153 65 22 itself
559 1154 27 21 of
590 1154 85 22 human
685 1155 51 22 ken.

239 1190 35 22 To
284 1190 38 22 the
334 1190 66 22 bleak
411 1191 72 21 winds
494 1191 40 22 she
547 1192 130 22 sometimes
685 1193 60 29 gives

240 1229 21 21 A
273 1230 90 21 slender
373 1230 143 25 unexpected
526 1231 89 22 strain;

238 1266 71 21 Proof
316 1266 50 21 that
378 1266 39 21 the
429 1266 120 22 hermitess
562 1267 47 22 still
621 1268 63 27 lives,

239 1305 97 29 Though
349 1305 40 21 she
400 1313 84 21 appear
496 1309 47 23 not,
551 1306 46 21 and
605 1306 28 21 be
647 1306 82 28 sought
741 1307 23 21 in
776 1307 57 22 vain.

777 1345 161 20 Wordsworth.

433 1414 51 14 THE
504 1413 142 15 BLACKBIRD

239 1457 88 23 Within
339 1465 36 21 my
384 1456 71 22 limits
467 1456 51 22 lone
528 1455 45 21 and
583 1454 47 22 still

238 1495 50 21 The
301 1493 121 22 Blackbird
429 1494 71 26 pipes
511 1492 22 21 in
543 1492 80 21 artless
632 1491 52 22 trill.

666 1527 117 22 Walton's
797 1528 143 25 Hermitage.

239 1578 94 22 Besides
344 1578 37 22 'tis
392 1578 81 20 known
485 1577 28 21 he
526 1576 68 21 could
605 1574 70 29 speak
687 1574 75 22 Greek

239 1615 34 21 As
284 1615 113 26 naturally
407 1622 24 13 as
440 1614 50 27 pigs
500 1613 86 28 squeak
595 1622 5 17 ;

239 1653 62 22 That
312 1653 68 22 Latin
392 1660 46 14 was
449 1660 29 14 no
489 1660 61 13 more
563 1652 91 21 difficile

240 1693 66 20 Than
318 1693 34 20 for
364 1700 12 13 a
388 1691 123 22 Blackbird
522 1691 36 21 'tis
571 1695 23 16 to
606 1689 95 22 whistle.

814 1718 126 21 Hudibras.

323 1778 11 13 s
356 1772 13 19 2
