1120 1962
420 156 121 16 POETICAL
560 157 105 16 AVIARY.

941 154 30 21 35

239 228 65 22 Thee
318 229 91 22 Athens
421 233 135 20 reverenced
567 233 23 21 in
603 233 38 22 the
649 234 105 22 studious
766 242 66 21 grove
841 244 5 17 ;

237 267 54 21 And
303 275 54 14 near
367 268 39 21 the
417 269 83 28 golden
512 274 89 25 sceptre
613 272 97 27 grasped
721 272 29 28 by
761 272 66 27 Jove,

237 305 43 22 His
292 305 90 29 Eagle's
394 306 93 22 favorite
496 307 76 28 perch,
585 307 65 22 while
665 309 72 20 round
749 309 47 21 him
809 313 46 18 sate

237 341 51 22 The
301 342 64 22 Gods
377 344 114 27 revolving
502 344 39 22 the
553 345 93 21 decrees
657 346 27 20 of
691 346 52 25 fate,

235 380 68 22 Thou
315 385 39 18 too
367 385 52 19 wert
432 387 90 22 present
535 387 24 17 at
571 382 123 23 Minerva's
706 384 47 22 side.

771 423 165 21 Wordsworth.

235 456 33 23 Or
280 457 65 22 those
358 457 117 22 Athenian
488 458 85 28 sceptic
589 458 63 21 Oivls

235 494 60 22 That
308 495 44 21 will
364 499 40 17 not
417 495 72 22 credit
501 496 60 21 their
573 504 49 13 own
635 497 67 20 souls.

807 527 127 20 Hudibras.

146 576 51 24 The
210 577 54 23 bird
277 586 100 23 appears
388 582 25 21 to
433 587 96 23 possess
542 589 67 14 some
623 581 102 31 slyness,
748 581 19 23 if
777 581 42 23 the
840 581 124 32 following

112 626 146 23 transaction
271 627 30 23 be
314 628 119 30 correctly
446 629 125 23 described
586 630 31 29 by
632 630 92 23 Butler.

233 683 55 22 And
298 691 25 14 as
335 691 28 14 an
379 686 53 21 Owl
442 686 50 22 that
504 686 22 22 in
538 694 13 14 a
561 686 56 22 barn

233 719 55 22 Sees
300 727 12 14 a
323 727 79 14 mouse
414 722 106 29 creeping
531 723 23 20 in
566 724 39 21 the
616 731 61 19 corn,

234 757 45 22 Sits
291 758 54 26 still,
358 759 45 21 and
414 759 64 22 shuts
490 760 35 21 his
536 762 74 21 round
621 762 51 21 blue
685 769 51 22 eyes

230 794 35 22 As
276 795 21 21 if
304 795 28 21 he
344 796 66 28 slept,
422 796 59 22 until
491 797 28 21 he
532 798 59 27 spies

231 831 50 21 The
293 831 59 22 little
365 833 63 21 beast
440 833 78 21 within
530 834 35 22 his
571 835 75 26 reach,

230 868 67 22 Then
310 874 75 21 starts,
397 871 45 21 and
454 871 71 21 seizes
537 879 29 14 on
578 872 38 21 the
627 873 91 21 wretch.

142 923 99 24 Several
253 924 110 24 fabulous
376 925 66 22 birds
456 925 60 23 have
528 925 61 23 been
603 925 72 23 much
687 925 128 31 employed
826 925 38 22 for
882 925 74 30 poeti-

108 972 37 23 cal
156 979 124 24 purposes.
317 973 50 23 The
384 973 94 22 Phœnix
499 973 127 32 especially
638 974 44 23 has
696 974 62 23 been
781 973 27 23 of
825 978 69 26 great
916 982 40 14 use

108 1022 24 23 in
145 1026 108 27 amatory
263 1023 47 22 and
323 1023 91 31 elegiac
436 1025 93 28 poetry,
549 1022 94 23 besides
656 1022 75 30 being
744 1021 104 30 adapted
860 1024 26 19 to
898 1028 58 16 con-

108 1070 139 30 flagrations
260 1071 27 23 of
297 1071 95 30 palaces
406 1071 47 23 and
465 1071 114 23 theatres.
616 1071 22 22 It
651 1071 20 22 is
689 1070 60 23 used
769 1071 32 29 by
814 1078 13 15 a
840 1070 116 23 dramatic

107 1126 55 26 poet
175 1122 151 31 Glapthorpe
351 1122 23 22 in
390 1123 72 25 1639,
477 1122 24 22 in
515 1129 13 15 a
539 1121 91 23 lecture
643 1121 32 29 by
687 1128 14 14 a
721 1119 93 31 jealous
836 1119 118 26 husband,

106 1169 40 24 Sir
157 1170 93 24 Martin
266 1170 90 26 Yellow,
369 1173 26 20 to
406 1170 38 23 his
458 1170 62 23 wife.

256 1227 50 21 The
318 1227 88 21 Phenix
417 1227 94 22 ascends
523 1227 63 27 again

224 1265 88 22 Vested
323 1265 23 21 in
357 1272 101 21 younger
469 1265 99 21 feathers
579 1265 58 21 from
648 1264 39 21 her
699 1264 43 28 pile

224 1303 37 23 Of
268 1304 62 28 spicy
341 1304 73 21 ashes.
447 1304 45 22 But
503 1311 57 21 your
571 1304 71 21 honor
653 1304 45 21 lost

224 1339 23 21 Is
259 1339 170 27 irrecoverable,
441 1341 39 21 the
491 1341 60 22 force
563 1342 27 20 of
596 1342 46 21 fate

224 1376 90 22 Cannot
325 1378 75 21 revive
411 1378 25 21 it.

135 1426 97 24 Carrier
245 1427 105 32 Pigeons
371 1430 61 23 have
453 1431 61 24 been
536 1434 135 25 celebrated
689 1437 32 31 by
743 1438 41 23 the
808 1438 79 27 Poets,
909 1443 42 20 not

102 1476 85 24 indeed
198 1477 37 23 for
247 1478 64 24 their
323 1487 112 16 common
449 1489 41 15 use
503 1482 24 23 in
549 1484 41 23 the
603 1489 97 25 present
713 1486 54 30 day,
781 1486 53 23 that
848 1486 26 23 of
884 1494 64 15 com-

101 1529 150 31 municating
263 1530 41 23 the
345 1531 64 30 price
422 1531 28 23 of
585 1533 43 24 but
638 1534 38 23 for
687 1535 136 30 conveying
834 1542 65 15 news
908 1538 42 19 not

100 1580 47 23 less
160 1580 71 24 liable
245 1581 59 23 both
317 1585 26 19 to
362 1582 47 23 rise
429 1582 48 23 and
495 1582 48 23 fall.
569 1583 100 23 Charles
689 1583 59 27 Fox,
763 1583 69 23 when
849 1586 24 20 at
886 1583 64 23 Eton

100 1632 74 20 wrote
187 1637 14 15 a
213 1630 71 22 Latin
298 1637 70 23 poem
382 1638 30 14 on
426 1630 41 23 the
480 1630 101 30 subject,
594 1630 79 23 which
693 1630 21 22 is
736 1633 91 20 extant.

280 1686 86 29 Lovely
378 1687 89 21 courier
478 1687 26 21 of
517 1687 40 21 the
569 1687 48 28 sky,

281 1722 102 23 Whence
396 1724 44 21 and
452 1723 95 22 whither
559 1724 52 21 dost
623 1724 56 21 thou
691 1724 29 29 fly
730 1725 9 21 ?
