1120 1962
155 164 46 20 142

453 171 122 14 POETICAL
595 169 105 16 AVIARY.

185 244 11 22 I
209 253 55 23 may
275 245 56 23 here
344 245 86 26 notice,
445 246 57 23 with
515 247 87 30 regard
624 250 26 19 to
662 246 122 30 whistling,
799 254 13 15 a
826 254 101 23 passage
940 254 57 15 con-

151 293 93 31 taining
257 302 45 15 one
322 294 26 22 of
368 294 40 23 the
428 294 94 23 boldest
536 294 27 23 of
574 293 171 31 Shakspeare's
759 293 58 23 bold
836 293 108 23 conceits
955 303 5 17 ;
980 293 19 23 it

151 343 77 23 shews
241 344 49 22 also
303 344 51 22 that
364 343 30 23 he
407 343 46 23 had
466 343 76 23 heard
552 343 27 22 of
587 342 94 23 Nature
695 340 132 29 abhorring
837 348 13 15 a
862 347 102 15 vacuum
966 352 33 2 —

461 400 50 21 The
522 400 46 26 city
578 403 47 17 cast

269 437 48 21 Her
329 438 79 28 people
420 442 40 17 out
472 445 59 21 upon
543 437 40 21 her
592 446 5 17 ;
615 436 44 22 and
671 436 101 28 Antony,

269 474 133 22 Enthroned
413 475 22 20 in
447 475 38 21 the
497 474 171 28 market-place,
680 474 40 21 did
731 474 29 21 sit
772 473 73 25 alone,

269 510 122 29 Whistling
403 514 23 18 to
438 510 38 21 the
488 510 45 26 air;
550 510 79 26 which,
642 511 39 21 but
685 512 45 28 for
742 519 108 20 vacancy,

269 547 52 22 Had
332 555 57 19 gone
401 551 24 18 to
436 554 54 20 gaze
502 554 28 15 on
543 547 122 27 Cleopatra
676 551 47 22 too,

270 585 54 22 And
335 585 64 22 made
411 593 13 13 a
434 592 43 20 gap
489 585 22 21 in
523 589 87 18 nature.

478 661 50 12 THE
547 661 117 12 BITTERN.

183 708 50 23 The
245 708 94 23 Bittern
353 708 19 22 is
384 708 50 22 said
446 711 25 19 to
484 708 69 22 make
564 716 14 14 a
590 707 84 26 sound,
689 707 78 22 which
779 706 118 31 Southey,
911 707 25 22 in
958 707 37 22 his

149 756 114 26 Thalaba,
276 756 57 23 calls
346 756 40 23 the
397 757 114 22 Bittern's
524 757 70 26 boom,
608 757 47 22 and
668 757 77 22 which
756 757 107 22 Chaucer
877 758 118 23 describes

149 804 31 30 by
193 804 41 23 the
244 807 61 20 term
511 806 47 22 and
570 806 107 30 Dryden,
690 806 24 23 in
726 807 37 22 his
777 807 101 23 modern
890 809 104 25 version,

149 855 32 29 by
192 855 51 23 that
254 855 26 23 of
501 856 78 22 There
592 864 39 15 are
646 857 110 23 different
768 866 65 22 ways
844 858 26 22 of
881 862 113 19 account-

149 904 42 30 ing
203 904 36 22 for
249 904 41 22 the
303 903 83 26 sound,
400 904 47 22 and
459 903 131 26 Thomson,
599 904 25 22 in
637 903 37 23 his
861 904 20 22 is
894 911 100 22 suppos-

149 950 29 23 ed
191 954 24 18 to
229 950 64 23 shew
315 958 66 14 some
403 950 129 31 ignorance
546 951 26 22 of
589 952 155 31 ornithology
755 961 63 22 upon
831 953 49 23 this
891 954 102 29 subject.

150 999 144 26 Goldsmith,
317 999 25 22 in
363 999 37 23 his
421 1000 129 22 Animated
569 1000 102 26 Nature,
685 1001 113 23 becomes
822 1002 99 22 himself
937 1011 57 22 very

149 1047 121 22 animated
287 1047 69 22 when
375 1047 31 23 he
428 1048 62 22 talks
502 1048 26 22 of
543 1048 42 23 the
605 1048 116 23 Bittern's
916 1050 78 23 which

149 1098 30 23 he
192 1105 122 23 compares
327 1101 25 20 to
364 1098 41 23 the
425 1098 130 30 bellowing
568 1097 26 23 of
611 1105 13 15 a
637 1097 61 26 Bull,
711 1098 42 22 but
767 1097 91 27 louder,
871 1099 47 22 and
940 1099 52 22 hol-

149 1144 79 26 lower,
243 1144 48 22 and
303 1148 24 18 to
336 1144 30 23 be
379 1144 74 23 heard
466 1149 24 18 at
502 1153 14 14 a
529 1145 76 23 mile's
618 1146 116 23 distance.
771 1147 131 23 Chaucer's
926 1156 66 15 men-

149 1196 49 22 tion
212 1196 25 22 of
253 1196 40 22 the
314 1196 115 23 Bittern's
451 1196 77 22 sound
547 1203 84 15 occurs
652 1195 25 22 in
685 1195 42 23 the
778 1195 65 23 Wife
866 1196 27 22 of
909 1196 85 24 Bath's

149 1244 55 23 Tale
251 1244 11 23 I
276 1244 45 23 will
333 1244 46 23 cite
392 1244 41 22 the
441 1243 102 31 original
555 1251 108 22 passage,
674 1243 113 29 thinking
800 1243 60 22 both
872 1243 121 30 Dryden's

149 1295 46 22 and
209 1294 83 31 Pope's
304 1294 109 23 versions
435 1293 26 23 of
478 1292 109 23 Chaucer
607 1291 98 23 inferior
717 1293 25 20 to
755 1290 42 23 the
817 1289 104 31 original
933 1298 60 15 even

149 1340 25 22 in
195 1339 83 31 simple
300 1339 127 25 narrative,
448 1338 80 23 which
539 1337 20 23 is
584 1337 41 23 the
648 1341 85 18 nature
746 1336 27 23 of
789 1336 41 23 the
855 1339 93 20 extract
968 1336 25 23 in

150 1387 118 30 question.
307 1386 35 23 Of
353 1386 130 23 Chaucer's
500 1386 86 22 humor
606 1386 94 22 neither
713 1385 27 22 of
751 1385 40 22 the
808 1385 101 22 modern
922 1385 71 23 Poets

150 1436 119 22 furnishes
293 1443 47 23 any
366 1436 116 29 adequate
508 1436 53 22 idea
568 1445 6 17 ;
603 1435 59 30 they
682 1442 62 16 were
773 1438 42 19 not
844 1434 130 23 humorists
986 1445 5 16 ;

151 1486 97 28 Dryden
261 1485 122 29 expressly
396 1485 120 23 disclaims
530 1485 40 22 the
583 1485 74 22 talent
671 1485 37 22 for
720 1484 86 22 humor
807 1497 33 2 —

269 1545 80 26 Ovide,
361 1552 105 22 amonges
478 1546 65 22 other
553 1546 90 29 thinges
659 1548 76 26 smale,

269 1581 52 21 Said
333 1581 76 22 Midas
420 1583 45 21 had
475 1584 71 21 under
557 1584 35 21 his
602 1585 66 28 longe
679 1585 61 22 hairs

269 1618 106 29 Growing
386 1626 59 21 upon
458 1619 33 21 his
502 1619 59 21 head
572 1624 44 17 two
627 1628 62 13 asses
700 1628 56 18 ears,

267 1657 50 22 The
330 1657 84 22 whiche
426 1658 48 21 vice
486 1658 28 21 he
526 1658 46 26 hid,
585 1666 22 13 as
620 1658 50 21 best
682 1658 29 21 he
723 1658 79 28 might,

270 1694 43 21 Ful
325 1695 91 27 subtilly
428 1695 56 21 from
496 1702 65 20 every
573 1695 100 22 manne's
684 1695 67 27 sight,
