1120 1962
416 143 121 14 POETICAL
557 143 103 14 AVIARY.

936 137 30 20 83

235 211 24 21 If
267 212 10 20 I
289 220 50 21 may
350 221 60 20 gone
419 221 61 21 upon
493 215 41 22 her
546 215 82 26 honde,

236 250 67 22 Than
315 251 21 21 if
344 252 11 21 I
368 259 48 14 won
429 259 13 14 a
454 252 85 28 kinge's
551 253 74 21 londe.

233 288 45 22 For
289 289 64 21 when
367 290 10 20 I
388 298 50 20 may
451 289 39 21 her
502 289 74 22 honde
588 290 97 27 beclipe,

233 326 64 21 With
311 326 55 21 such
378 326 105 28 gladness
497 326 10 21 I
519 326 88 22 daunce
620 328 44 20 and
676 327 56 28 skip,

233 364 149 22 Methinketh
395 364 10 21 I
417 364 70 21 touch
499 368 38 17 not
551 364 39 21 the
599 363 77 27 floore,

231 402 50 22 The
293 409 39 15 roe
344 403 72 21 which
429 402 98 21 runneth
540 408 28 14 on
581 401 39 21 the
632 408 76 14 nioore

232 441 22 21 Is
271 442 55 20 than
338 441 88 28 nought
438 448 24 15 so
474 441 58 28 light
543 448 24 14 as
581 441 17 21 I.

144 516 66 24 Such
222 517 144 30 exquisitely
379 518 47 22 fine
441 518 74 22 touch
527 521 64 20 must
603 518 60 23 have
675 519 61 22 been
747 527 14 14 a
776 523 69 26 great
857 519 105 31 blessing

109 568 25 20 to
155 565 95 26 Gower,
273 565 54 22 who
349 565 140 23 afterwards
510 566 99 23 became
632 566 75 25 blind,
730 567 47 22 and
798 569 130 28 composed
949 576 13 15 a

108 623 70 22 poem
190 623 32 14 on
240 614 41 22 the
295 614 121 31 pleasures
429 614 80 23 which
522 623 13 14 a
548 614 66 23 lover
627 614 79 32 might
726 615 80 23 derive
819 616 61 22 from
895 617 64 23 hear-

109 666 37 29 ing
161 665 63 30 only.

143 712 85 23 Ladies
242 721 96 22 appear,
353 713 73 22 down
438 716 26 20 to
477 712 41 23 the
532 712 68 31 reign
614 712 24 22 of
653 712 83 32 Henry
758 712 79 27 VIII.,
861 716 24 19 to
900 713 58 22 have

107 765 37 19 set
166 761 41 23 the
232 769 95 23 proper,
353 762 96 31 though
472 762 145 30 necessarily
636 762 67 31 high,
726 763 68 23 value
815 772 62 22 upon
896 763 63 23 their

106 811 85 27 hands,
207 811 70 23 when
296 811 111 23 solicited
427 811 85 30 simply
532 811 37 23 for
586 811 40 23 the
644 820 104 22 purpose
767 812 26 22 of
808 812 112 30 dancing,
932 820 25 14 as

107 858 17 23 it
134 858 80 23 would
225 867 65 15 seem
304 859 62 23 from
379 860 42 23 the
435 860 135 23 celebrated
585 861 57 22 Earl
655 862 26 22 of
693 861 111 32 Surrey's
819 867 100 19 account
934 863 25 22 of

106 909 37 22 his
156 912 130 20 treatment
299 912 23 20 at
336 916 13 16 a
363 909 76 23 Court
454 910 51 22 Ball
506 923 33 3 —

136 983 54 21 And
202 982 53 21 with
267 988 13 15 a
292 981 70 22 becke
374 981 42 21 full
427 981 56 21 lowe
497 980 9 21 I
515 980 80 21 bowed
607 983 23 17 at
642 979 39 21 her
692 979 66 25 feete,

135 1019 26 21 In
173 1019 93 21 humble
278 1018 60 26 wise,
350 1026 24 13 as
386 1018 50 21 who
448 1017 74 21 would
535 1025 46 20 say,
625 1017 11 21 I
647 1024 36 14 am
696 1021 38 17 too
745 1017 33 21 far

134 1055 64 22 With
211 1055 50 22 that
273 1054 40 23 she
326 1054 81 28 swiftly
420 1058 69 18 starts
502 1054 62 22 aside
576 1054 49 22 well
635 1061 66 15 neere
714 1062 12 14 a
737 1054 48 22 foot
797 1062 25 14 or
834 1055 88 25 twaine,

134 1092 55 21 And
200 1095 56 18 unto
267 1099 37 13 me
316 1091 39 21 she
367 1098 43 22 gan
421 1091 54 21 look
488 1092 66 20 down
565 1092 55 21 with
632 1096 65 24 spyte
709 1093 44 21 and
765 1097 63 23 great
841 1093 95 22 disdain.

138 1165 22 23 It
171 1165 79 23 would
264 1173 65 16 seem
342 1166 120 26 however,
477 1166 62 23 from
553 1175 13 15 a
579 1175 63 23 song
654 1168 24 22 in
692 1176 13 14 a
716 1168 99 22 modern
825 1169 62 30 play,
901 1170 51 22 that

103 1226 59 15 even
175 1218 81 23 before
270 1218 41 23 the
325 1218 164 23 introduction
504 1218 26 22 of
542 1217 116 26 Waltzes,
673 1217 78 23 which
764 1218 60 22 have
835 1218 117 23 rendered

101 1267 82 23 ladies'
197 1267 77 23 hands
288 1275 13 14 a
313 1267 80 23 minor
405 1267 80 30 object
497 1266 25 23 of
529 1266 185 26 consideration,
726 1265 57 31 they
799 1266 47 22 had
866 1267 85 22 ceased

100 1320 25 19 to
149 1318 29 22 be
201 1325 27 15 so
247 1316 91 31 charily
360 1315 133 26 bestowed,
512 1319 24 18 at
554 1314 60 22 least
635 1313 61 23 after
715 1313 42 23 the
782 1313 168 30 introductory

100 1368 91 22 minuet
204 1375 48 15 was
267 1375 59 15 over
327 1380 33 3 —

280 1443 36 22 Of
322 1443 57 22 balls
392 1443 38 21 the
443 1443 63 29 pride

281 1483 64 22 Thus
359 1483 58 22 Miss
430 1483 45 21 I've
487 1483 63 28 eyed,

279 1520 50 21 The
342 1520 87 21 minuet
438 1528 55 19 pace

278 1559 63 21 With
355 1559 106 29 blushing
472 1559 55 21 face.

278 1598 45 21 But
333 1598 44 21 e're
389 1597 39 22 the
441 1597 64 28 night

279 1636 54 22 Had
345 1636 69 21 taken
427 1634 72 28 flight,

300 1689 18 14 m
340 1683 13 20 2
