1120 1962
154 175 44 21 110

457 184 120 14 POETICAL
596 184 101 14 AVIARY.

151 266 12 15 a
176 260 147 22 remarkable
335 260 54 29 play
402 259 75 23 called
488 260 40 22 the
569 259 57 23 Two
640 258 79 23 Noble
915 257 20 24 It
946 266 45 16 was

149 306 52 23 first
221 307 102 30 printed,
338 307 71 23 about
428 307 62 30 forty
515 315 68 22 years
598 307 59 23 after
678 305 170 31 Shakspeare's
862 305 71 23 death
946 307 45 22 and

148 356 55 22 nine
216 364 68 22 years
297 356 59 22 after
369 356 50 22 that
441 355 26 22 of
486 355 118 25 Fletcher,
626 354 75 22 under
723 354 40 22 the
783 353 63 30 joint
865 360 82 16 names
968 354 24 22 of

179 401 148 31 Shakspeare
349 403 46 22 and
593 402 50 23 The
667 402 53 23 best
745 401 79 23 critics
849 401 26 23 of
892 402 97 23 modern

148 451 70 23 times
231 451 90 23 believe
343 452 19 22 it
374 455 26 19 to
412 452 29 23 be
455 459 13 15 a
478 452 61 29 joint
552 452 150 29 production,
717 451 47 23 and
777 451 52 22 that
842 451 40 22 the
896 458 91 23 respec-

147 499 49 23 tive
208 499 81 23 shares
302 507 39 15 are
355 500 204 30 distinguishable.
580 499 27 23 In
621 508 12 13 a
647 499 117 31 laughing
773 506 69 23 song,
857 498 23 22 in
890 498 98 23 another

146 547 54 29 play
213 547 31 29 by
257 547 117 26 Fletcher,
389 555 34 14 we
437 547 68 26 have,
507 560 32 3 —

327 606 39 21 Set
378 613 13 14 a
403 606 66 29 sharp
478 606 52 28 jest,

324 641 95 27 Against
431 649 36 19 my
478 642 74 21 breast

263 679 34 21 As
309 679 156 28 Nightingales
477 679 48 28 sing
536 680 49 21 best
598 679 86 28 against
696 688 13 13 a
720 680 92 28 prickle,

267 714 35 26 So,
315 715 48 20 how
375 722 36 19 my
422 715 65 26 lungs
499 715 44 21 will
554 715 75 26 tickle,
642 716 36 25 oh,
690 716 44 20 will
746 716 75 21 tickle.

179 773 46 22 We
241 776 59 19 next
313 780 67 15 come
392 777 25 18 to
430 773 157 29 descriptions
599 774 26 22 of
636 774 40 22 the
690 778 55 19 note
759 775 25 22 of
793 775 40 23 the
848 774 55 24 Owl.

179 823 64 22 Lord
256 823 81 30 Byron
350 823 137 22 introduces
499 830 29 15 an
541 822 53 23 Owl
608 823 97 29 singing
724 829 88 24 among
824 822 40 23 the
882 822 63 23 ruins
958 823 24 22 of

144 873 129 22 Newstead
286 872 84 30 Abbey
383 882 5 16 ;
407 871 41 23 the
458 870 52 23 wall
522 870 138 30 containing
673 869 41 23 the
726 873 108 26 aperture
842 869 37 22 for
892 877 13 14 a
916 869 64 31 large

143 920 101 23 window
262 928 48 14 was
329 920 51 22 sold
398 920 31 30 by
447 919 37 23 his
506 918 78 23 father
601 922 26 19 to
647 926 13 15 a
674 926 83 15 mason
775 917 26 23 of
811 917 167 31 Nottingham,

143 969 54 23 who
218 969 43 23 left
281 969 19 22 it
318 968 121 31 standing,
465 968 55 30 only
533 968 99 22 because
645 967 37 23 his
696 975 53 15 men
763 967 46 23 and
822 967 83 23 horses
920 974 60 15 were

144 1020 85 23 unable
242 1023 26 20 to
280 1020 49 29 pull
341 1020 18 22 it
372 1020 77 22 down.

452 1058 13 12 f

260 1076 22 21 A
295 1075 86 28 mighty
393 1075 99 27 window,
505 1076 80 22 hoUow
596 1077 22 20 in
630 1077 38 21 the
680 1081 82 21 centre,

260 1109 71 21 Shorn
343 1109 26 21 of
376 1109 29 21 its
417 1110 59 27 glass
488 1110 26 21 of
522 1110 112 22 thousand
645 1110 117 27 colorings,

260 1149 107 27 Through
379 1149 72 21 which
463 1149 38 21 the
513 1149 109 27 deepen'd
633 1149 81 28 glories
726 1156 55 14 once
792 1149 67 21 could
871 1153 68 22 enter,

260 1183 124 30 Streaming
395 1184 56 21 from
462 1185 34 21 off
504 1185 38 21 the
554 1193 48 18 sun,
614 1186 44 21 like
671 1186 99 28 seraph's
781 1186 77 29 wings,

258 1222 55 22 Now
326 1231 75 20 yawns
413 1224 29 20 all
455 1224 99 21 desolate
564 1232 5 18 ;
586 1231 48 14 now
645 1224 61 25 loud,
718 1231 48 14 now
778 1224 88 25 fainter,

260 1259 49 21 The
322 1259 48 28 gale
383 1266 83 21 sweeps
478 1260 97 28 through
586 1261 30 20 its
627 1261 110 26 fretwork,
749 1261 65 21 while
826 1261 32 21 oft
871 1261 59 29 sings

257 1297 50 21 The
323 1298 52 20 Owl
384 1297 35 21 his
431 1298 96 20 anthem.

170 1349 56 23 And
239 1349 23 23 in
276 1349 86 30 Gray's
377 1349 169 30 Church-yard
547 1364 32 3 —

257 1408 55 22 Save
324 1408 72 22 where
408 1408 56 21 from
476 1408 84 28 yonder
572 1407 149 29 ivy-mantled
733 1410 68 18 tower

255 1447 50 21 The
318 1447 91 28 moping
425 1447 53 22 Owl
488 1447 54 21 does
554 1450 23 17 to
589 1445 38 21 the
639 1452 65 14 moon
716 1445 114 28 complain

256 1485 34 22 Of
297 1485 54 20 such
362 1491 25 14 as
398 1483 126 28 wandering
536 1490 52 13 near
599 1481 39 21 her
650 1485 71 17 secret
733 1481 74 21 bower

255 1521 83 21 Molest
351 1520 38 21 her
402 1519 88 22 ancient
504 1519 91 25 solitary
607 1517 68 27 reign.

871 1554 69 25 Gray.

475 1620 49 14 THE
544 1619 77 15 EAGLE

167 1666 27 23 In
209 1665 85 30 Gray's
308 1663 63 23 Bard
385 1671 34 14 we
432 1662 60 23 have
493 1676 33 3 —

250 1719 49 22 The
312 1719 111 21 furnished
435 1719 76 28 Eagle
524 1726 98 14 screams
636 1718 42 22 and
691 1726 78 20 passes
784 1719 34 27 by.

182 1745 23 10 /-
231 1754 10 1 *
378 1754 70 2 ...
