1120 1962
149 165 29 21 78

453 172 120 15 POETICAL
593 172 104 15 AVIARY.

146 243 90 22 release
248 243 40 22 the
303 243 103 30 Spanish
419 245 129 22 Admiral's
562 254 51 17 son,
628 246 58 22 with
708 246 40 23 the
762 246 183 31 imprisonment
968 249 25 22 of

147 290 79 22 whom
244 290 31 23 he
288 298 48 15 was
349 293 126 22 entrusted
485 293 31 29 by
530 293 84 27 Queen
628 293 126 23 Elizabeth
757 308 32 3 —

329 352 44 20 Til.
377 365 27 2 —
407 352 21 21 A
438 356 82 19 retreat
532 354 22 21 in
569 354 68 29 Spain
646 355 4 21 !

330 389 58 22 Gon.
390 403 29 3 —
422 389 118 31 Outlawry
553 391 54 22 here
617 392 4 21 !

329 426 44 21 Til.
376 441 28 1 —
406 426 63 22 Your
481 427 128 29 daughter's
620 436 79 21 prayer
709 429 3 20 !

325 464 57 21 Gov.
385 477 29 4 —
415 464 62 22 Your
488 464 93 22 father's
592 465 53 21 oath
658 465 6 21 !

328 501 76 22 Til.—
405 501 43 29 My
459 503 61 21 lover
532 503 5 22 !

331 540 57 22 Gov.
390 553 29 3 —
421 540 41 29 My
474 544 95 25 country
578 540 3 22 !

329 577 75 21 Til—
407 576 118 22 Tilburina
535 578 4 20 !

329 616 57 21 Gov.
388 629 29 2 —
418 614 104 28 England
532 615 5 21 !

327 653 76 21 Til—
404 652 20 22 A
438 652 51 22 title
502 653 4 21 !

329 690 56 21 Gov.
388 703 28 4 —
419 689 79 22 Honor
507 690 4 20 !

327 728 45 22 Til.
375 741 28 3 —
405 727 22 21 A
438 727 96 28 pension
543 727 5 21 !

327 764 88 22 Goc—
419 763 139 22 Conscience
570 762 4 22 !

326 801 45 22 Til.
373 814 29 3 —
403 801 22 21 A
436 800 114 22 thousand
561 799 89 28 pounds
658 800 5 20 !

326 841 56 21 Gov.
385 853 29 3 —
415 839 38 22 Ha
462 839 5 21 !
485 839 56 21 thou
550 838 51 21 hast
612 837 100 22 touched
724 845 35 15 me
771 839 77 27 nearly
860 839 3 21 !

175 900 94 23 Juliet's
277 907 47 23 pun
337 906 63 23 upon
412 898 42 23 the
466 896 86 24 Lark's
565 896 101 23 division
680 904 54 23 may
746 904 65 15 seem
824 904 25 14 as
861 895 119 27 ill-timed,

143 957 25 15 as
182 949 80 23 Gaunt
274 947 109 31 punning
396 955 31 14 on
438 945 38 23 his
493 953 54 14 own
566 951 70 15 name
649 951 64 22 upon
723 944 37 22 his
771 944 130 22 death-bed
916 954 4 15 ;
940 944 41 22 but

142 999 69 22 when
221 997 149 30 Shakspeare
382 999 82 23 wrote,
479 1003 13 14 a
504 1003 49 22 pun
565 1002 48 14 was
624 1002 72 15 never
706 998 41 19 out
761 995 26 22 of
798 1003 92 19 season,
902 1003 27 14 or
941 999 40 19 out

143 1046 25 23 of
176 1046 74 31 place.
287 1045 67 23 Even
373 1044 41 23 the
427 1052 108 15 sermons
556 1044 27 22 of
600 1044 69 23 those
683 1045 58 32 days
760 1054 40 15 are
812 1046 41 23 full
868 1047 25 22 of
902 1047 79 23 verbal

142 1094 118 24 clenches.
308 1093 74 26 Thus,
407 1093 42 23 the
473 1093 136 23 celebrated
628 1093 94 28 Donne,
747 1094 25 22 in
796 1103 13 14 a
832 1102 95 16 sermon
951 1103 29 15 on

141 1143 87 26 Death,
247 1149 61 23 says,
357 1140 65 24 Who
431 1141 19 22 is
460 1141 49 23 this
522 1149 85 24 enemy
619 1143 7 22 ?
647 1151 30 14 an
690 1152 85 23 enemy
795 1145 52 22 that
859 1153 53 23 may
925 1145 54 23 thus

140 1195 36 23 far
189 1194 68 23 think
269 1193 97 23 himself
375 1192 68 30 equal
455 1195 26 20 to
492 1192 55 23 God
555 1202 5 17 ;
581 1193 61 26 that,
653 1200 26 15 as
688 1200 32 15 no
731 1201 55 14 man
800 1201 55 15 ever
868 1201 48 15 saw
927 1193 52 23 God

141 1243 47 22 and
197 1242 70 25 lived,
277 1248 26 15 so
321 1248 32 15 no
366 1248 55 14 man
432 1247 55 15 ever
498 1247 48 15 saw
559 1240 48 22 this
620 1248 85 22 enemy
715 1241 47 22 and
774 1241 72 23 lived.
874 1241 47 23 For
933 1241 18 22 it
960 1241 19 22 is

293 1292 48 22 But
354 1291 17 22 it
384 1291 20 22 is
417 1289 66 31 right
496 1292 25 20 to
535 1289 76 26 allow,
625 1289 53 22 that
689 1288 72 23 much
774 1288 64 31 good
849 1296 69 15 sense
931 1296 48 15 was

139 1340 136 30 commonly
286 1338 81 24 mixed
380 1337 57 23 with
449 1337 41 22 the
504 1337 138 30 quaintness
654 1336 27 23 of
698 1344 43 15 our
755 1336 39 23 old
814 1336 99 23 divines.
951 1336 27 23 In

135 1386 87 31 justice
234 1389 26 19 to
272 1384 94 25 Donne,
381 1382 10 23 I
410 1382 47 23 will
478 1382 53 26 add,
545 1382 62 23 from
631 1382 100 22 another
752 1382 27 23 of
800 1383 37 22 his
863 1391 113 17 sermons,

166 1434 131 23 Sentences
303 1432 23 22 in
339 1431 125 30 scripture,
475 1430 46 22 like
531 1430 65 22 hairs
603 1430 25 22 in
636 1430 91 22 horses'
734 1430 62 26 tails,
803 1439 87 14 concur
899 1430 24 22 in
934 1438 43 15 one

137 1486 53 20 root
204 1481 25 23 of
239 1481 86 30 beauty
338 1480 47 22 and
398 1478 120 31 strength.
555 1478 55 26 But,
624 1478 73 30 being
705 1479 102 29 plucked
821 1482 42 20 out
882 1486 45 16 one
946 1479 30 29 by

137 1539 53 18 one,
205 1536 67 16 serve
290 1528 55 30 only
366 1527 37 23 for
422 1526 109 31 springes
552 1525 46 23 and
775 1526 82 23 When
879 1526 97 24 Danton

135 1588 49 15 was
197 1578 131 29 ascending
339 1577 42 22 the
392 1574 106 26 scaffold,
511 1574 24 22 in
548 1574 70 22 order
636 1577 26 19 to
675 1574 29 22 be
718 1574 143 30 guillotined
874 1574 24 23 in
911 1582 63 15 com-

134 1636 63 24 pany
210 1627 58 23 with
280 1626 42 23 the
339 1629 56 27 poet
409 1624 75 23 Fabre
498 1623 168 31 D'Eglantine,
680 1624 31 22 he
725 1624 49 23 said
785 1628 26 19 to
823 1624 40 24 the
881 1624 92 23 revolu-

134 1677 94 28 tionary
247 1674 97 25 laureat,
399 1673 70 22 Nous
482 1673 75 22 allons
574 1676 55 20 tous
653 1675 50 21 6tre
726 1676 91 27 poetes,
841 1680 39 15 car
916 1679 58 16 nous

133 1722 80 22 ferons
227 1721 40 22 des
379 1720 89 27 (either
480 1728 80 15 verses
574 1728 26 14 or
613 1720 108 27 worms.)
