1120 1962
139 180 27 22 76

434 187 120 14 POETICAL
573 184 101 17 AVIARY.

257 260 11 21 I
279 259 70 22 heard
361 267 12 14 a
384 260 138 22 Stock-dove
535 261 49 28 sing
596 268 25 14 or
632 268 39 15 say

257 296 43 22 His
310 296 90 29 homely
411 298 51 26 tale,
474 298 46 21 this
531 305 52 20 very
595 298 51 27 day,

257 332 44 22 His
312 333 61 22 voice
385 342 44 13 was
440 335 81 21 buried
532 342 81 21 among
624 333 39 22 the
675 336 68 22 trees,

258 370 45 22 Yet
315 374 23 18 to
350 370 27 22 be
389 378 63 14 come
466 375 23 17 at
498 372 29 28 by
538 371 39 21 the
588 372 88 20 breeze.

260 406 35 22 He
308 407 39 21 did
359 411 39 18 not
410 415 63 15 cease
483 416 4 18 ;
504 409 40 21 but
556 408 71 22 cooed
638 408 44 21 and
693 407 72 22 cooed

261 445 55 21 And
324 445 123 22 somewhat
456 446 116 28 pensively
581 445 29 22 he
621 444 86 22 wooed.

262 482 36 21 He
310 490 55 21 sang
376 483 27 21 of
408 483 49 22 love
468 483 54 21 with
534 482 63 29 quiet
608 481 115 29 blending,

262 517 59 23 Slow
332 522 24 18 to
368 519 74 27 begin,
455 520 44 21 and
511 527 66 14 never
589 519 90 27 ending.

792 552 162 22 Wordsworth.

177 629 29 23 In
219 638 44 14 one
274 629 26 23 of
312 629 121 23 Colman's
447 629 75 28 plays,
536 628 75 23 called
649 627 68 30 Polly
923 638 31 4 —

176 701 142 21 Scribble.—
319 700 57 22 Now
393 700 34 20 for
445 699 58 22 Miss
515 699 71 28 Polly.
605 697 82 21 Here's
694 697 41 21 her
752 695 145 23 biUet-doux.

144 742 36 21 my
193 735 89 21 dearest
428 735 105 27 (reading
544 734 39 22 the
602 734 122 28 direction)
737 734 51 26 and,
809 734 38 21 the
869 734 51 26 seal,
941 737 44 18 two

146 772 67 21 doves
225 771 85 27 biffing,
318 771 53 22 with
384 771 44 21 this
439 775 80 18 motto.

445 807 42 21 We
498 811 50 21 two,

447 844 74 22 When
533 852 32 15 we
577 853 53 19 woo,

447 881 53 20 Bill
509 882 44 19 and
568 882 53 19 Coo.

182 946 49 23 The
253 947 77 30 cooing
344 946 26 23 of
390 946 41 23 the
445 946 66 23 Dove
531 947 20 22 is
564 955 13 14 a
598 947 149 23 remarkable
770 951 64 22 note,
857 948 71 30 being
947 948 40 22 the

150 995 56 31 only
218 995 106 23 instance
339 995 27 22 of
386 1003 46 23 any
445 995 71 30 thing
529 994 47 23 soft
589 995 47 22 and
649 995 114 30 soothing
782 995 62 22 from
857 1003 13 14 a
881 995 53 22 bird
947 996 39 21 he-

149 1043 101 30 longing
258 1046 25 19 to
293 1043 41 22 the
340 1043 69 22 order
422 1042 26 23 of
459 1042 142 23 Scratchers.
632 1042 50 23 The
695 1042 80 23 voices
783 1042 26 23 of
814 1043 66 22 birds
889 1043 97 31 belong-

151 1092 41 30 ing
204 1095 25 20 to
241 1092 49 23 this
303 1091 70 23 order
395 1098 38 15 are
447 1090 136 31 frequently
605 1093 93 27 strong,
710 1089 44 22 but
774 1089 101 23 without
886 1089 102 32 melody,

151 1149 33 19 as,
197 1142 38 22 for
244 1142 115 24 instance,
373 1140 41 23 the
430 1139 108 31 crowing
548 1138 27 23 of
586 1145 13 15 a
612 1137 75 26 Cock,
702 1136 47 23 and
759 1136 41 23 the
813 1143 91 16 scream
917 1136 25 23 of
949 1137 40 22 the

151 1188 114 24 Peacock.
301 1188 50 22 The
366 1187 137 26 Swimmers,
526 1187 42 22 the
586 1187 105 25 Waders,
712 1187 47 22 and
774 1187 109 22 Coursers
905 1187 30 22 do
947 1190 41 19 not

153 1243 87 22 appear
257 1238 26 20 to
301 1235 61 23 have
384 1243 45 22 any
442 1235 53 23 bird
508 1234 26 23 of
544 1235 62 23 their
625 1235 133 30 respective
781 1236 83 22 orders
876 1238 26 20 to
914 1236 74 22 vindi-

153 1286 52 20 cate
218 1282 61 23 their
291 1282 99 23 musical
403 1283 132 22 character.
572 1283 50 23 The
636 1283 52 24 Owl
709 1287 89 19 cannot
810 1284 29 23 be
853 1284 50 23 said
914 1287 25 20 to
952 1292 36 16 ac-

154 1334 119 30 complish
285 1334 71 23 much
366 1333 37 23 for
415 1334 41 23 the
469 1332 98 24 musical
579 1332 125 23 character
717 1332 26 23 of
754 1332 40 23 the
805 1332 115 23 Raveners
929 1343 7 16 ,■
949 1333 41 22 but

154 1381 19 23 it
185 1381 20 23 is
218 1381 90 23 related
322 1381 51 23 that
387 1388 46 15 one
451 1380 27 23 of
496 1380 63 23 their
571 1380 128 26 members,
713 1380 34 23 Le
760 1380 96 23 Faucon
870 1380 121 23 Chanteur

154 1430 27 23 of
191 1430 88 26 Africa,
292 1437 123 23 possesses
428 1429 99 23 musical
540 1429 97 23 talents.
674 1428 91 30 Nearly
778 1428 31 23 all
821 1428 41 23 the
875 1429 116 30 harmony

155 1477 26 23 of
190 1477 41 23 the
244 1484 87 23 groves
351 1476 115 31 proceeds
478 1476 60 23 from
558 1477 42 22 the
619 1477 70 23 order
703 1477 27 23 of
739 1478 125 23 Perchers.
901 1479 55 23 And
969 1479 24 23 of

154 1526 49 23 this
223 1526 77 26 order,
319 1525 42 23 the
373 1524 117 30 cleft-bill,
511 1524 150 26 slender-bill,
676 1524 47 22 and
735 1524 106 31 climbing
853 1524 72 23 tribes
938 1532 53 23 pro-

156 1573 59 22 duce
228 1581 57 22 very
295 1573 136 23 indifferent
442 1575 132 28 songsters.
610 1573 49 22 But
678 1580 14 15 a
715 1573 45 23 few
781 1573 102 23 families
908 1574 26 22 of
953 1574 39 23 the

155 1622 126 27 tooth-bill,
301 1623 47 22 and
368 1622 119 23 conic-bill
504 1622 73 23 tribes
597 1621 25 23 of
632 1622 41 23 the
687 1622 70 23 order
770 1622 26 23 of
809 1623 113 22 Perchers
934 1623 59 22 have

155 1668 91 23 carried
262 1677 73 23 away,
349 1669 24 23 in
385 1670 88 30 regard
482 1673 25 20 to
520 1670 63 24 their
595 1674 76 23 notes,
687 1672 29 22 all
729 1672 41 23 the
784 1673 115 30 suffrages
912 1673 26 22 of
953 1673 40 22 the

155 1715 80 22 Poets.
270 1715 51 23 The
338 1717 51 22 first
402 1717 54 22 bird
476 1717 26 22 of
512 1717 82 24 whose
613 1720 75 22 music
702 1720 11 22 I
726 1728 61 21 gave
800 1721 139 27 imitations,
953 1722 40 22 the
