1120 1962
912 149 43 22 101

404 156 124 16 POETICAL
549 157 106 15 AVIARV.

145 230 22 24 It
180 230 20 24 is
211 231 97 24 curious
321 234 25 20 to
360 230 79 24 notice
452 231 53 23 that
518 238 78 21 sugar,
610 231 80 23 whilst
710 230 18 23 it
741 239 48 15 was
811 238 80 16 scarce
912 231 47 22 and

111 280 119 30 precious,
251 288 49 15 was
323 281 72 22 much
417 281 61 23 used
500 281 24 22 in
543 281 65 30 early
629 281 103 31 English
751 285 93 28 poetry.
882 282 78 30 Fynes

111 331 139 30 Morryson,
263 331 55 23 who
328 331 127 30 published
467 331 38 23 his
518 331 120 31 Itinerary
651 332 24 22 in
692 332 71 26 1617,
786 332 85 30 speaks
884 332 26 22 of
920 332 41 22 the

112 381 166 23 manufacture
292 382 26 22 of
329 380 81 31 Sugar
423 380 79 23 which
516 380 29 23 he
560 387 48 16 saw
621 382 25 20 at
671 379 102 30 Cyprus,
790 386 26 15 as
829 387 13 14 a
855 378 106 31 novelty,
966 387 5 17 c

113 431 78 32 Sugar
204 440 49 15 was
267 432 23 22 in
303 431 65 31 early
381 431 70 23 times
465 430 123 31 generally
602 430 107 30 brought
732 429 62 23 from
807 429 117 30 Barbary,
936 437 27 15 or

113 481 102 23 Candia.
251 481 66 23 Thus
331 481 24 22 in
377 479 136 24 Marston's
526 479 55 31 play
594 480 26 23 of
667 480 75 23 What
763 488 48 22 you
927 488 36 15 we

112 532 61 22 have
174 544 33 3 —
282 533 73 20 sweet
368 530 81 30 honey
468 529 108 30 Barbary
598 537 81 22 sugar,
851 528 64 27 And,
937 529 25 22 in

117 577 136 23 Beaumont
265 577 47 22 and
324 576 134 24 Fletcher's
509 576 120 32 Beggar's
755 577 42 24 the
804 578 125 23 merchant
939 578 26 23 of

114 626 103 32 Bruges,
230 635 65 23 upon
309 626 74 32 being
405 626 91 23 offered
513 626 96 23 various
630 627 170 24 merchandise
819 628 31 31 by
863 636 99 23 persons

112 678 55 23 who
179 677 49 23 had
241 677 61 23 been
323 676 61 23 hard
397 684 64 23 upon
484 676 50 22 him
555 676 80 23 whilst
647 676 25 23 in
686 676 109 27 distress,
818 677 47 22 and
878 676 84 24 before

112 727 42 23 the
167 726 99 30 Beggar
279 725 48 23 had
339 725 110 30 supplied
460 725 51 22 him
526 724 57 23 with
596 728 118 19 treasure.

235 797 41 27 Or,
288 797 21 22 if
315 804 45 21 you
371 801 60 18 want
443 797 43 22 fine
498 804 73 21 sugar,
583 797 37 22 'tis
634 797 41 22 but
687 797 95 29 sending
793 806 4 18 ;

233 835 38 22 No
271 847 31 5 —
303 836 67 20 /can
382 834 56 21 send
450 837 23 18 to
487 834 107 27 Barbary.

148 912 29 23 In
189 919 30 15 an
232 911 64 30 early
310 917 71 16 scene
393 908 27 24 of
429 909 41 23 the
482 917 65 14 same
560 908 54 31 play
636 909 20 22 is
677 908 141 23 mentioned
839 909 40 23 the
901 909 60 30 high

114 964 64 31 price
203 963 25 22 of
245 961 190 33 Candy-Sugars.
473 960 84 23 Hence
579 960 117 31 probably
718 961 41 22 the
781 968 70 16 name
873 961 89 31 Sugar-

116 1012 92 31 Candy,
221 1016 27 18 to
260 1011 80 23 which
352 1011 41 22 the
405 1010 103 23 Jacobin
521 1013 113 27 songster
646 1017 123 23 compares
779 1016 14 16 a
801 1013 73 20 sweet
884 1014 80 26 pretty
976 1022 2 9 <

116 1062 55 31 girl.
967 1057 10 19 *

148 1111 51 23 The
226 1110 47 23 like
303 1108 166 25 observations
494 1108 72 30 apply
589 1110 25 21 to
634 1108 41 24 the
701 1108 91 24 notices
821 1108 26 23 of
872 1108 44 23 Tea
939 1108 24 23 in

116 1159 64 30 early
192 1161 94 28 poetry.
324 1156 55 22 Few
393 1163 102 23 persons
508 1156 80 22 would
606 1156 76 27 write,
696 1156 25 22 in
741 1156 41 23 the
799 1160 97 26 present
910 1156 54 30 day,

116 1209 26 23 of
152 1209 56 26 Tea,
222 1216 26 15 as
261 1208 24 22 in
298 1205 113 24 Waller's
426 1212 71 23 poem
510 1205 100 23 entitled
660 1214 32 14 on
704 1205 49 23 Tea
767 1205 159 23 commended
934 1205 31 30 by

116 1260 43 23 her
298 1271 33 3 —

235 1338 81 22 Venus
327 1338 40 21 her
378 1337 89 29 myrtle,
481 1336 99 21 Phœbus
592 1334 40 21 has
644 1332 35 23 his
690 1332 62 28 bays,

238 1377 50 22 Tea
298 1377 57 22 both
366 1376 83 24 excels,
461 1373 74 22 which
547 1372 39 22 she
598 1371 134 22 vouchsafes
744 1373 24 18 to
780 1367 80 30 praise.

150 1448 78 29 Pepys
249 1445 121 23 mentions
392 1443 24 23 in
434 1443 38 22 his
485 1442 74 30 Diary
573 1440 114 31 drinking
730 1447 15 15 a
758 1447 44 23 cup
824 1438 27 23 of
868 1437 48 24 Tee
940 1438 25 28 (a

116 1497 79 23 China
206 1494 80 29 drink)
307 1493 26 24 of
343 1493 80 23 which
438 1492 11 23 I
463 1498 74 17 never
555 1489 76 24 drank
643 1488 83 23 before
781 1487 56 26 and,
860 1486 68 24 later,
942 1485 24 22 in

115 1548 41 22 the
169 1545 70 31 reign
259 1544 27 23 of
305 1542 85 28 Queen
410 1542 79 24 Anne,
502 1547 35 16 we
549 1538 61 23 have
633 1537 24 22 in
670 1536 92 23 Swift's
813 1535 115 29 Progress
943 1532 25 23 of

257 1604 34 4 —

237 1664 33 21 At
282 1671 41 15 one
336 1663 40 22 she
388 1664 98 21 rambles
498 1668 24 17 to
534 1664 40 21 the
587 1663 76 28 shops,

238 1702 35 22 To
286 1702 102 26 cheapen
401 1705 46 22 tea,
460 1701 44 21 and
515 1701 48 21 talk
576 1700 52 22 with
640 1700 56 28 fops.
