1120 1962
958 138 30 22 37

441 145 120 15 POETICAL
579 144 104 16 AVIARY.

137 218 122 31 authority
272 219 48 23 will
330 219 28 23 be
369 219 76 23 found
457 220 25 22 in
495 227 43 16 our
547 220 68 24 vocal
629 221 113 31 Chapter,
754 229 36 15 we
804 225 63 20 must
878 222 110 23 acknow-

136 266 71 31 ledge
226 267 121 25 ourselves
369 271 26 20 to
417 268 60 23 have
491 268 61 24 been
576 269 115 23 indebted
705 273 25 20 to
743 271 65 22 birds
822 278 60 15 even
900 271 25 22 in
946 278 42 15 our

137 313 100 23 cradles.

271 363 47 24 We
340 363 71 23 stand
423 363 73 24 much
510 363 97 31 obliged
627 366 25 20 to
666 363 66 23 birds
745 363 37 23 for
794 364 133 30 gratifying
946 371 42 16 our

135 415 75 19 tastes
223 419 59 16 even
296 411 61 23 after
369 411 58 31 they
439 411 61 24 have
513 411 85 23 ceased
611 415 25 19 to
650 411 71 32 enjoy
734 419 47 24 any
789 412 109 31 pleasure
909 412 78 23 them-

137 459 84 23 selves.
258 460 35 22 As
306 460 58 22 thus
364 474 34 2 —

407 510 55 21 And
473 510 56 21 then
540 510 39 21 the
588 509 83 28 justice

255 547 26 22 In
293 547 42 23 fair
345 548 74 22 round
430 548 66 28 belly,
507 548 54 22 with
573 548 59 28 good
642 556 75 20 capon
728 548 67 22 lined.

776 586 33 20 As
817 592 47 20 you
877 585 43 21 like
932 586 23 21 it.

256 633 60 21 Both
328 640 51 14 men
391 633 27 21 of
425 633 56 22 such
493 637 66 22 taste,
569 632 59 22 their
639 631 104 29 opinions
756 639 37 13 are
805 631 72 21 taken

255 670 68 23 From
339 671 108 22 Ortalons
460 672 65 21 down
533 675 25 18 to
570 679 13 14 a
593 671 77 22 rasher
681 671 27 21 of
715 671 79 21 bacon.

256 753 30 22 So
298 754 90 21 stubble
400 753 74 23 Geese
486 759 23 17 at
522 754 150 22 Michaelmas
681 763 37 13 are
731 763 53 14 seen

258 793 67 29 Upon
336 793 39 22 the
387 793 44 29 spit
440 802 5 18 ;
463 798 53 16 next
528 793 56 29 May
595 794 111 28 produces
718 803 66 21 green.

822 834 44 22 Dr.
883 835 70 27 King.

255 876 46 21 But
314 876 45 21 this
369 877 11 20 I
391 877 72 25 know,
476 877 49 21 that
538 884 32 14 we
582 879 147 27 pronounced
741 879 53 22 thee
805 880 45 21 fine

255 913 116 23 Seasoned
382 914 54 22 with
449 923 53 21 sage
513 917 45 21 and
569 917 87 27 onions,
669 918 45 21 and
725 920 127 26 port-wine.

589 955 101 29 Soulhey
701 963 28 15 on
740 963 14 15 a
764 958 92 21 roasted
871 959 81 22 Goose.

168 1007 28 22 In
209 1007 52 23 Ben
271 1007 114 23 Jonson's
428 1006 132 24 Invitation
571 1007 26 23 of
613 1015 14 15 a
638 1007 88 23 Friend
737 1011 27 20 to
916 1018 67 15 some

133 1056 64 23 birds
223 1064 39 15 are
283 1055 140 24 mentioned
450 1055 80 24 which
555 1064 40 15 are
619 1059 43 19 not
686 1064 112 16 common
827 1065 32 16 on
882 1059 100 22 modern

133 1106 84 24 tables.

313 1157 56 21 And
380 1157 94 22 Godwit
485 1156 21 22 if
512 1163 33 14 we
557 1163 49 19 can,

250 1198 72 25 Knot,
334 1197 74 22 Raile
419 1196 45 21 and
473 1195 73 30 Ruffe
558 1198 45 18 too.
636 1193 146 27 Howsoever,
794 1200 37 22 my
843 1200 52 15 man

254 1232 65 22 Shall
329 1233 55 21 read
395 1241 13 13 a
419 1233 64 28 piece
496 1232 26 21 of
529 1232 80 28 Virgil,
622 1231 103 27 Tacitus,

253 1270 64 27 Livy,
330 1277 24 15 or
365 1271 27 21 of
400 1277 62 15 some
475 1271 74 21 better
560 1270 60 21 book
632 1274 24 17 to
667 1277 33 19 us,

253 1309 36 23 Of
295 1309 74 22 which
380 1317 33 14 we
424 1309 24 21 '11
459 1308 70 29 speak
541 1315 41 15 our
593 1308 74 21 minds
679 1307 82 22 amidst
773 1315 41 14 our
825 1311 66 23 meat,

252 1347 55 22 And
319 1347 34 21 I'll
365 1347 87 27 profess
463 1354 28 14 no
503 1354 75 14 verses
590 1350 23 18 to
624 1349 86 25 repeat.

165 1401 111 23 Milton's
289 1401 128 23 invitation
429 1404 26 20 to
478 1409 88 22 supper
579 1402 19 22 is
611 1402 104 31 perhaps
729 1410 65 15 more
809 1403 115 30 spiritual,
938 1403 43 23 but

131 1452 86 30 might,
223 1452 66 23 leave
300 1451 47 23 less
360 1451 38 23 for
412 1451 148 30 conjecture.

250 1510 70 21 What
331 1513 53 17 neat
396 1513 76 24 repast
483 1508 58 22 shall
551 1509 58 21 feast
621 1517 33 19 us,
664 1509 57 28 light
733 1510 45 21 and
789 1509 84 27 choice,

252 1549 34 23 Of
294 1549 55 22 attic
361 1552 67 22 taste,
440 1547 54 22 with
506 1547 63 27 wine,
582 1547 91 22 whence
685 1555 32 14 we
729 1555 52 21 may
791 1547 44 22 rise

250 1588 36 21 To
297 1588 54 21 hear
363 1587 38 21 the
412 1586 47 22 lute
471 1586 50 22 well
532 1585 108 26 touched,
651 1592 26 14 or
688 1585 68 21 artful
767 1584 62 21 voice

250 1624 92 22 Warble
354 1624 114 21 immortal
480 1628 72 21 notes,
565 1623 45 21 and
622 1622 92 21 Tuscan
727 1622 39 20 air.

249 1661 37 23 He
298 1661 50 21 who
360 1661 26 21 of
394 1661 55 21 such
462 1660 98 29 delights
572 1667 41 14 can
619 1659 79 29 judge,
711 1659 45 22 and
767 1667 66 21 spare

249 1699 37 22 To
297 1699 114 28 interpose
423 1699 62 22 them
496 1699 41 26 oft,
549 1699 19 21 is
579 1702 39 18 not
631 1698 91 22 unwise.
