1079 1710
868 80 34 25 41

281 86 22 20 A
327 86 118 20 SINNER
467 86 62 20 BUT
551 87 41 19 NO
616 87 97 19 SAINT.

86 170 40 20 an
162 159 119 43 impure
320 162 199 33 attachment.
579 163 67 32 The
683 164 112 31 former
832 163 73 32 rises

87 220 139 42 superior
249 226 32 27 to
307 223 40 31 all
370 235 83 20 mere
478 224 136 32 material
639 224 171 42 separation
823 236 7 28 ;
854 224 51 31 the

85 281 92 33 latter
200 283 109 32 knows
333 285 35 31 of
389 286 101 31 actual
512 297 144 31 presence
673 286 78 42 only,
769 286 59 31 and
845 297 60 31 you

88 343 93 31 annul
204 343 23 32 it
252 344 26 31 if
298 357 60 29 you
386 351 138 37 separate
552 347 52 32 the
632 347 145 32 so-called
802 347 103 41 loving

87 405 117 41 couple.
237 406 102 42 Away
354 407 77 32 from
447 408 52 32 the
517 408 127 42 Sphinx,
662 408 123 40 Olivier,
802 420 33 20 as
850 408 55 32 has

87 465 78 32 been
193 467 126 42 already
344 469 107 39 stated,
484 480 62 21 Avas
571 469 147 32 liberated
745 469 77 32 from
847 481 58 30 any

88 528 163 32 attraction
273 529 53 32 she
351 529 98 41 might
480 530 133 31 exercise
645 541 72 21 over
747 530 73 40 him,
846 531 59 31 and

89 589 110 42 simply
211 590 98 32 vexed
325 595 32 27 at
372 590 117 42 having
503 590 52 33 the
572 591 68 42 lazy
652 591 253 42 easy-goingness

88 651 35 31 of
143 651 48 31 his
218 651 152 33 existence
398 651 163 33 disturbed.
623 653 135 36 Besides,
786 652 119 37 thou_.li

88 711 42 31 M.
149 711 37 31 de
203 711 183 32 Beauvoisin
409 711 109 33 lacked
540 712 52 32 the
612 712 78 32 keen
707 712 137 43 aptitude
860 712 45 32 for

85 772 148 41 planning
262 772 61 32 and
353 773 177 42 combining
560 773 66 32 that
656 774 25 31 is
713 785 56 20 one
798 774 33 31 of
852 773 52 32 the

86 833 120 41 springs
233 833 35 32 of
290 834 127 40 avarice,
439 834 38 32 he
504 834 133 42 thought
655 846 81 31 upon
755 834 51 32 the
834 834 71 32 sub-

81 894 64 41 ject
176 894 33 32 of
235 894 46 32 his
312 896 115 31 uncle's
465 895 188 32 inheritance
684 900 102 38 pretty
812 896 92 31 much

83 966 33 20 as
143 954 51 32 did
220 955 52 32 the
299 956 161 41 Dowager.
508 957 50 31 He
584 957 89 31 could
695 961 53 27 not
773 957 131 41 imagine

82 1016 47 32 his
153 1028 55 20 son
233 1018 85 41 (poor
341 1018 143 31 innocent
500 1018 77 32 little
593 1018 103 31 Pierre
713 1030 64 20 Avas
792 1019 52 31 the
860 1018 44 31 in-

82 1077 134 32 variable
255 1079 240 41 stalking-horse
534 1079 34 31 of
601 1079 83 31 them
723 1080 50 40 all)
811 1079 94 41 being

82 1138 166 33 frustrated
278 1139 34 32 of
338 1140 51 31 the
420 1140 121 31 fortune
572 1140 101 31 Avhich
703 1152 64 20 Avas
791 1140 46 32 his
861 1141 42 40 by

82 1212 92 30 every
190 1201 69 40 law,
407 1202 61 31 and
484 1202 109 31 divine.

122 1263 43 31 M.
184 1263 36 31 de
237 1263 184 32 Beauvoisin
438 1263 90 31 could
543 1262 72 33 with
630 1263 115 41 perfect
760 1263 142 41 sincerity

80 1335 87 20 serve
188 1323 49 32 his
259 1324 117 32 uncle's
399 1324 151 40 interests,
568 1335 33 21 as
623 1324 45 32 far
689 1335 34 21 as
744 1324 158 32 Florestan

78 1384 37 33 de
142 1385 122 32 Nesves
288 1396 65 21 was
381 1385 179 41 concerned,
578 1385 60 32 and
663 1385 87 32 there
777 1396 62 20 was
862 1396 40 20 no

77 1446 147 42 difficulty
239 1446 31 32 in
287 1446 172 41 answering
474 1446 47 32 for
535 1446 55 32 the
605 1446 116 42 perfect
737 1446 164 31 innocence

76 1507 34 33 of
122 1507 158 39 Claudine,
298 1507 32 32 in
346 1507 157 32 Avhatever
526 1506 169 33 concerned
714 1506 68 32 that
797 1517 104 29 young
