1079 1710
152 78 32 25 52

384 85 84 20 LOVE
491 84 64 21 THE
578 81 162 23 AVENGER.

149 160 68 33 that
241 162 44 32 M.
311 162 36 32 de
371 159 185 34 Beauvoisin
580 169 82 21 owes
677 163 32 27 to
724 168 53 31 my
793 153 186 35 brother-in-

194 284 102 33 Count
311 284 128 41 Dupont
463 283 103 33 stared
590 287 32 28 at
647 282 83 32 Mile,
758 281 38 31 de
822 279 157 43 Mourjon-

148 345 79 32 ville.

339 408 53 32 she
408 407 154 43 repeated,
612 406 195 42 obligations,
825 405 61 32 and
902 416 75 30 very

148 469 115 32 serious
294 481 73 20 ones
397 474 51 27 too
462 483 5 18 :
506 469 100 31 listen.
668 467 66 32 The
766 466 140 43 Marquis
938 466 39 33 de

147 529 183 32 Beauvoisin
346 530 134 42 thought
506 529 127 32 himself
653 529 30 31 in
711 528 69 32 love
802 527 75 33 with
900 538 77 32 poor

147 591 134 41 Camille,
301 591 67 32 who
383 604 64 20 was
470 604 19 19 a
512 591 141 42 reigning
676 591 114 41 beauty
806 590 75 31 then
904 589 71 43 (and

146 653 74 32 such
244 665 18 20 a
285 654 82 32 child
380 654 30 42 !),
429 654 67 39 and,
516 665 33 21 as
566 665 61 30 you
643 653 71 32 Avell
735 653 101 40 knoAV,
854 652 39 33 he
909 664 65 20 was

145 715 96 32 under
280 727 66 30 age,
379 715 61 32 and
479 715 88 33 could
598 715 122 42 dispose
754 715 34 31 of
821 719 55 27 not
915 726 59 21 one

145 776 142 42 farthing.
344 777 82 32 Well
438 779 6 30 !
479 778 14 31 I
526 788 130 31 suppose
688 776 38 32 he
751 776 159 32 contrived
941 781 32 27 to

144 837 118 32 borrow
301 838 89 31 small
429 850 83 19 sums
550 838 77 31 from
666 849 57 20 one
761 848 113 31 person
910 837 62 32 and

144 899 138 41 another,
314 899 55 31 but
401 911 57 19 one
490 899 59 42 day
579 898 39 32 he
649 903 56 38 got
731 899 64 31 into
827 910 19 20 a
876 911 93 20 mess.

145 960 156 32 Camille's
316 972 84 30 poor,
418 960 88 41 little,
524 960 68 42 silly
608 960 80 32 head
707 971 64 21 was
794 960 113 32 turned
930 960 41 42 by

144 1033 18 19 a
186 1022 113 31 certain
324 1026 47 27 set
394 1021 34 32 of
446 1021 100 42 pearls
572 1021 59 31 and
659 1022 151 31 emeralds
835 1022 55 32 she
909 1022 61 32 had

144 1094 70 20 seen
246 1082 30 31 in
303 1083 141 31 Marrefs
469 1082 141 40 windoAv,
643 1082 60 32 and
733 1083 151 41 probably
915 1083 56 32 her

143 1143 140 42 youthful
307 1144 108 31 adorer
446 1144 130 40 guessed
606 1143 83 32 what
716 1144 102 31 Avould
849 1145 38 32 be
915 1146 53 31 the

144 1215 105 30 power
274 1204 112 41 gained
414 1215 71 20 over
507 1203 55 32 her
585 1203 43 42 by
643 1203 145 33 whoever
804 1207 165 39 presented

142 1265 54 31 her
223 1265 73 31 Avith
321 1265 53 31 the
399 1265 116 41 jeAvels.
561 1265 92 31 Their
680 1266 83 41 price
788 1278 65 21 Avas
885 1267 84 43 sixty

141 1326 152 31 thousand
308 1326 110 32 francs.
465 1326 91 40 Well,
575 1338 56 20 one
647 1327 61 32 fine
732 1328 144 43 morning
892 1329 76 43 they

142 1398 80 20 Avere
238 1386 93 41 given
346 1390 33 28 to
394 1386 54 32 her
463 1386 42 41 by
521 1388 44 31 M.
584 1387 37 32 de
638 1388 187 34 Beauvoisin
837 1391 6 31 !

190 1447 113 42 (Count
318 1447 127 42 Dupont
460 1447 131 33 listened
606 1449 175 40 unmoved.)

186 1509 138 42 Aspasie,
336 1508 77 33 after
423 1521 38 20 an
472 1509 227 42 imperceptible
709 1522 106 29 pause,
826 1518 83 28 went
920 1525 46 22 on.
