1079 1710
126 71 34 25 90

361 77 83 21 LOVE
468 76 64 22 THE
556 73 161 22 AVENGER.

125 153 109 42 people
258 152 118 41 honest,
402 152 177 42 everybody
600 151 91 31 knew
714 149 54 33 the
793 149 165 32 difference

126 215 140 32 between
283 215 83 42 right
382 215 61 32 and
459 226 108 29 wrong
579 227 6 27 ;
611 213 61 32 and
695 212 111 40 Claire,
826 211 74 32 with
917 210 40 32 all

126 276 55 33 her
206 277 120 32 natural
351 276 297 42 high-mindedness,
673 275 52 32 fell
750 274 65 32 into
838 273 54 33 the
924 284 34 21 so

128 339 142 42 ordinary
294 338 132 32 mistake
450 338 35 32 of
513 337 210 43 confounding
747 337 53 32 the
825 336 134 42 acquisi-

126 400 66 31 tion
215 399 35 32 of
268 400 183 42 knowledge
475 399 76 32 with
575 399 97 32 moral
695 398 154 43 teaching.
898 398 62 32 But

127 462 113 32 hidden
257 462 30 31 in
303 462 55 32 her
374 462 91 32 heart
481 462 51 42 lay
548 461 52 32 the
617 461 44 32 bit
678 461 35 32 of
727 465 67 28 true
812 473 51 19 ore
880 460 77 40 that,

128 524 79 41 spite
220 523 35 32 of
265 523 55 33 her
333 536 69 19 own
418 524 221 42 imperfection,
657 522 176 43 responded
857 527 31 27 to
905 522 54 32 the

127 590 127 37 magnet
275 585 35 33 of
328 586 54 32 her
398 587 102 31 aunt's
517 586 109 32 words.
674 585 104 43 Might
801 585 89 32 there
906 589 54 28 not

127 647 39 32 be
183 647 174 43 something
371 652 32 27 to
420 647 38 32 do
468 650 15 30 ?
506 660 84 20 some
614 647 71 43 help
702 652 31 27 to
750 647 71 42 give
833 648 15 31 ?
893 646 67 33 The

130 709 139 42 question
295 721 63 19 was
385 709 67 32 that
479 709 33 31 of
534 722 18 19 a
577 710 117 31 human
718 709 66 32 soul
787 729 44 3 —
833 709 54 41 for,
907 709 53 31 de-

130 770 116 41 graded
269 782 33 19 as
325 770 52 32 the
394 776 94 26 Avorst
512 771 102 31 sinner
636 783 72 29 may
723 770 49 42 be,
789 770 39 32 he
845 770 26 32 is
888 782 72 31 pos-

131 831 103 32 sessed
263 831 34 31 of
319 843 18 19 a
358 832 76 40 soul,
463 832 60 31 and
550 832 70 32 that
646 833 26 31 is
698 832 95 33 God's
817 832 66 41 gift.
932 832 31 31 If

131 893 94 41 really
242 893 85 32 there
343 905 81 20 were
447 894 161 40 darkness,
626 894 101 41 might
749 899 56 27 not
825 894 80 41 light
921 894 38 32 be

131 953 43 32 let
198 953 31 31 in
241 955 13 30 ?
300 954 31 31 If
354 955 154 31 Christian
536 955 102 32 truths
664 955 62 31 had
756 967 95 20 never
882 955 78 33 been

133 1015 186 42 Christianly
341 1016 134 42 brought
499 1016 89 33 home
612 1022 32 27 to
667 1016 61 33 this
754 1017 117 42 pariah,
897 1029 64 21 was

132 1076 24 31 it
171 1088 70 20 now
256 1077 171 40 altogether
442 1082 53 28 too
512 1077 61 33 late
584 1079 16 31 ?

177 1138 62 32 But
255 1138 83 32 what
362 1143 31 28 to
417 1139 39 32 do
466 1140 14 31 ?
502 1139 60 32 and
588 1139 71 32 how
673 1144 33 28 to
732 1140 39 32 do
790 1140 24 32 it
823 1143 15 30 ?
883 1141 30 32 It
938 1141 25 32 is

135 1204 54 27 not
215 1199 126 32 difficult
365 1204 31 27 to
422 1212 104 20 rescue
552 1200 52 32 the
632 1201 157 42 indigent;
814 1215 63 29 you
900 1208 63 27 rest

136 1271 77 31 your
247 1261 144 42 morality
430 1273 83 30 upon
555 1274 78 30 your
660 1275 124 31 money,
818 1265 60 31 and
910 1265 53 33 the

137 1321 130 33 chances
291 1334 51 20 are
365 1323 31 31 in
419 1335 77 30 your
520 1323 115 42 favour,
654 1329 32 28 at
710 1325 40 32 all
773 1331 118 37 events,
910 1339 53 31 ap-

136 1383 157 42 parently;
317 1384 57 32 but
397 1384 24 32 it
446 1385 24 31 is
496 1397 78 20 none
600 1397 33 20 so
658 1397 75 32 easy
755 1392 33 27 to
811 1389 152 41 persuade

136 1445 54 31 the
217 1445 64 32 rich
304 1445 68 32 that
394 1446 74 42 they
490 1447 79 31 need
592 1447 161 42 rescuing;
778 1448 61 32 and
866 1449 97 33 what-

138 1519 72 20 ever
241 1507 50 33 the
318 1507 116 43 Sphinx
460 1507 100 43 might
584 1521 76 20 once
688 1510 79 32 have
794 1511 88 40 been,
910 1512 53 33 she
