1079 1710
871 90 51 25 269

341 97 122 19 BEFORE
487 97 67 19 AND
576 96 109 20 AFTER.

101 170 65 32 told
181 175 32 27 to
230 172 38 31 do
284 172 41 41 by
340 172 65 31 him
421 172 69 32 who
507 173 90 31 could
617 184 95 21 never
728 184 84 19 more
829 172 95 41 speak

101 238 33 26 to
151 233 62 32 her.
263 234 61 33 She
341 239 82 27 went
438 241 32 25 to
487 234 139 32 Olivier's
648 238 182 38 apartment,
848 246 77 28 rang

102 294 53 31 the
186 295 62 31 bell
279 296 70 31 that
379 296 244 31 communicated
653 295 73 32 with
758 295 50 32 the
839 307 85 20 room

102 355 103 32 where
226 356 46 32 his
294 357 83 31 valet
398 357 87 42 slept,
504 357 61 31 and
584 357 107 41 telling
714 357 121 31 Leroux
857 357 67 31 that

102 416 49 32 his
172 422 115 27 master
308 418 61 31 had
391 417 61 32 had
476 429 18 20 a
518 418 43 40 fit,
587 416 182 43 dispatched
792 417 64 31 him
879 418 46 31 for

102 478 54 32 the
482 478 61 32 and
565 478 66 32 told
651 478 71 40 him,
740 478 52 31 the
809 478 115 31 instant

103 539 69 32 that
195 539 53 32 the
272 539 94 32 latter
391 551 95 28 came,
512 544 33 27 to
569 539 73 32 take
665 550 17 20 a
706 539 135 41 carriage
865 539 59 31 and

102 600 83 32 fetch
202 600 103 33 Count
321 600 127 40 Dupont
463 600 130 31 without
609 600 98 40 delay.

147 663 30 31 It
197 674 64 20 was
283 662 150 42 half-past
456 661 48 32 six
526 661 127 32 o'clock.
700 661 66 31 The
786 661 139 32 Medecin

102 724 54 31 des
172 729 94 26 morts
286 723 129 40 arrived,
438 722 61 32 and
522 721 101 33 Claire
645 721 93 42 spoke
754 727 31 26 to
801 721 63 32 him
880 721 45 33 for

101 785 61 32 five
185 785 131 31 minutes
340 784 96 31 alone.
453 813 2 2 .
483 783 51 32 He
554 794 63 21 was
642 782 179 42 apparently
837 782 88 32 satis-

102 847 61 31 fied
185 847 43 41 by
244 846 84 31 what
349 846 55 31 she
426 845 65 32 said
511 850 32 26 to
564 844 72 40 him,
654 843 47 32 for
716 843 38 32 he
772 843 101 32 stated
894 843 30 33 in

103 908 48 31 his
167 912 101 37 report
292 907 69 31 that
382 906 53 31 the
460 905 135 42 Marquis
612 905 36 32 de
665 905 184 32 Beauvoisin
864 905 61 32 had

104 969 71 31 died
197 968 68 31 that
288 967 143 41 morning
454 966 149 42 suddenly
618 966 34 31 of
669 977 38 20 an
729 966 150 42 apoplexy
896 967 29 30 of

103 1030 53 30 the
172 1030 95 30 heart.

147 1090 109 32 Before
272 1090 39 31 he
327 1089 61 31 had
404 1089 91 31 taken
510 1088 47 31 his
573 1088 94 41 leave,
684 1088 98 31 Henri
798 1089 125 41 Dupont

104 1151 114 32 rushed
233 1151 40 40 in,
291 1151 54 30 full
362 1150 34 31 of
414 1149 129 42 genuine
565 1149 60 31 and
646 1149 149 42 profound
812 1161 111 20 sorrow

103 1213 48 32 for
165 1213 53 31 the
234 1212 93 31 death
344 1211 34 31 of
396 1211 52 31 the
467 1222 71 19 man
554 1210 68 31 who
638 1209 61 32 had
715 1210 106 32 leaned
842 1223 81 29 upon

103 1273 64 32 him
183 1272 133 40 through
333 1272 56 31 life.

148 1334 46 32 As
217 1345 74 21 soon
315 1345 33 20 as
371 1332 98 32 Henri
492 1344 62 19 was
577 1332 74 32 with
674 1332 62 39 her,
762 1332 108 39 Claire,
893 1333 28 30 in

134 1444 15 13 *
166 1441 79 23 AVhen
262 1448 49 23 any
325 1448 43 15 one
383 1440 50 23 dies
447 1440 26 22 in
484 1440 93 28 France,
590 1439 41 23 the
664 1439 106 22 medecin
781 1439 41 22 des
833 1442 73 19 morts

102 1487 65 19 must
183 1483 29 22 be
230 1484 53 21 sent
298 1482 37 23 for
353 1484 24 21 at
393 1489 64 22 once,
468 1482 47 22 and
532 1489 31 15 no
578 1481 78 23 burial
673 1488 43 15 can
731 1480 55 23 take
802 1480 66 31 place
879 1481 44 22 but

101 1533 66 21 upon
178 1524 37 23 his
228 1527 132 20 statement.
