1079 1710
136 66 52 26 200

370 73 83 20 LOVE
475 71 66 21 THE
564 68 162 22 AVENGER.

135 150 180 42 frequently.
362 151 44 31 At
436 149 51 32 the
525 145 142 33 identical
703 146 139 30 moment
873 140 92 32 when

134 211 100 33 Claire
251 211 111 33 looked
377 217 32 27 at
430 211 54 32 her
507 209 106 33 cousin
635 207 48 32 his
705 206 109 43 glance
831 215 64 20 was
911 206 54 27 not

133 274 81 32 fixed
230 286 83 30 upon
327 275 63 40 her,
408 274 56 31 but
481 271 171 42 seemingly
667 281 84 30 upon
768 277 145 23 someone
931 276 33 20 or

134 336 174 41 something
328 336 31 31 in
377 336 54 31 the
453 347 64 19 row
536 334 35 32 of
589 333 96 32 boxes
709 344 39 19 on
772 331 53 31 the
851 327 113 34 second

133 397 66 32 tier.
244 397 75 32 This
334 397 159 33 reassured
509 396 65 41 her,
591 394 61 33 and
668 394 55 32 she
736 392 51 32 did
801 396 57 28 not
874 394 90 29 avert

133 458 55 31 her
219 470 71 29 eyes
305 471 6 28 ;
351 459 55 31 but
434 458 104 33 before
561 457 52 32 the
638 455 62 32 will
724 459 32 27 to
780 454 39 31 do
844 465 33 20 so
901 452 62 32 had

133 520 142 32 returned
290 525 31 27 to
338 520 62 40 her,
420 520 53 32 she
489 520 60 31 had
565 522 65 29 met
645 518 57 40 his,
720 516 60 32 and
792 516 75 42 they
880 526 81 22 were

133 581 123 40 looking
272 586 32 27 at
321 581 74 32 each
414 581 95 33 other.

177 644 81 42 Only
277 656 18 19 a
318 644 71 32 look
403 646 6 30 !
442 656 56 20 one
523 643 69 32 look
616 643 31 32 in
673 642 40 32 all
740 653 18 21 a
785 641 52 32 life
856 640 35 32 of
913 652 48 20 re-

132 706 349 41 nouncement—might
504 706 23 31 it
546 710 54 27 not
621 705 38 31 be
683 703 165 42 forgiA^en?
894 703 67 32 The

133 780 83 19 more
233 780 32 19 so
282 772 61 36 too,
359 768 68 31 that
442 779 76 30 poor
534 767 102 32 Claire
653 766 54 32 felt
724 766 68 31 that
807 765 72 32 look
896 776 65 21 was

133 829 108 41 saving
256 828 54 32 her
326 828 77 31 from
419 828 53 31 the
484 827 112 41 misery
606 827 68 31 that
686 838 63 20 was
762 825 197 32 unbearable.

132 890 95 31 What
252 889 54 32 she
332 888 89 32 could
448 889 73 31 bear
547 900 65 19 was
630 888 53 32 the
711 888 136 31 sacrifice
855 907 44 3 —
906 887 55 32 she

132 951 61 32 had
222 951 95 31 borne
343 950 33 40 it,
401 950 103 31 Avould
529 950 73 31 bear
626 951 25 30 it
677 949 223 42 unflinchingly
928 954 33 27 to

132 1012 52 33 the
200 1012 59 32 end
260 1031 43 3 —
303 1012 56 31 but
373 1011 84 32 what
473 1011 54 32 she
544 1012 91 31 could
656 1016 55 27 not
731 1011 75 32 bear
822 1023 63 20 was
906 1011 55 32 the

133 1073 102 33 doubt.
282 1073 44 31 To
350 1073 96 31 doubt
470 1073 33 31 of
521 1073 108 32 Victor
649 1084 64 20 was
736 1073 153 40 madness,
915 1073 46 32 for

132 1134 32 32 in
187 1134 95 32 doubt
304 1134 34 31 of
357 1134 63 31 him
441 1134 49 41 lay
506 1134 52 32 the
582 1134 173 42 incapacity
772 1134 34 33 of
825 1146 136 21 answer-

133 1194 52 39 ing
199 1194 47 30 for
261 1193 120 32 herself.

176 1255 37 31 In
228 1254 52 31 the
297 1254 69 31 look
382 1254 53 31 she
452 1259 62 27 met
530 1255 81 32 fixed
626 1267 83 31 upon
725 1256 56 32 her
795 1256 88 33 there
896 1269 63 20 Avas

133 1327 17 21 a
162 1315 168 32 revelation
346 1315 35 31 of
392 1315 39 31 all
447 1315 87 31 those
549 1316 104 42 things
666 1317 101 32 Avhich
783 1318 75 42 they
871 1319 88 32 alone

133 1376 89 33 could
254 1376 183 41 appreciate.
492 1376 27 32 It
546 1388 63 21 Avas
641 1390 17 20 a
687 1380 154 31 mournful
872 1393 86 29 gaze,

133 1437 106 33 tender
264 1437 30 31 in
319 1437 52 31 the
397 1442 135 28 extreme
560 1439 61 31 and
652 1439 135 43 charged
815 1442 77 31 Avith
918 1443 41 31 all

133 1498 52 33 the
206 1498 104 41 loving
331 1498 128 40 anguish
480 1498 34 32 of
531 1510 19 21 a
571 1499 136 33 farewell
727 1502 68 31 that
817 1515 72 28 may
905 1509 54 27 not
