1079 1710
125 81 52 24 232

364 86 82 20 LOVE
470 84 65 22 THE
558 82 161 23 AVENGER.

125 163 67 32 who
208 163 61 33 will
285 163 154 41 naturally
457 161 88 32 think
567 160 16 32 I
605 160 79 31 have
706 156 150 43 betrayed
877 155 76 41 him,

125 226 61 32 and
208 231 32 26 at
260 226 52 31 the
337 237 82 19 same
444 223 73 32 time
543 222 15 32 I
581 221 110 33 should
715 220 78 32 have
810 223 32 27 to
865 217 89 32 assist

125 287 128 33 Camille
277 287 26 31 if
321 287 152 42 anything
495 283 161 44 happened
673 288 32 27 to
722 282 55 32 her
800 280 153 33 husband.

335 348 55 33 she
417 347 108 41 added,
554 347 96 40 rising
672 345 77 32 from
775 344 55 31 her
859 342 93 40 chair,

155 411 15 31 I
186 410 77 32 have
280 422 39 20 no
335 410 83 40 time,
436 421 34 20 as
491 409 15 32 I
523 409 65 32 told
603 420 61 30 you
666 427 42 3 —
711 408 14 30 I
747 410 84 28 must
846 409 106 28 return

121 476 32 27 to
170 484 52 28 my
237 472 119 40 patient

165 533 116 31 Olivier
307 533 111 42 passed
444 532 47 32 his
517 531 82 32 hand
624 542 72 21 over
720 530 47 32 his
793 529 158 40 forehead,

123 595 158 40 repeating
298 595 100 40 again,
402 613 43 3 —

197 658 74 29 Two
287 657 140 30 hundred
443 655 155 32 thousand
615 655 108 31 francs.

196 718 70 32 You
292 718 92 31 knoAV
407 718 15 31 I
446 718 78 31 have
559 717 65 32 told
658 728 61 30 you
755 716 40 32 all

120 779 143 32 resumed
295 779 140 42 Aspasie,
465 779 128 41 moving
617 779 134 31 toAvards
783 778 54 32 the
865 778 84 39 door,

153 839 68 32 that
246 839 15 31 I
290 839 89 32 could
408 844 55 27 not
494 839 189 32 understand
714 851 77 30 your
822 839 127 41 making

121 900 76 32 such
230 912 19 21 a
275 900 65 33 fuss
372 901 95 32 about
490 901 52 32 the
569 906 113 27 matter
694 914 7 29 ;
734 913 62 30 you
821 900 61 33 had
904 900 45 32 far

121 962 103 32 better
235 962 66 43 just
318 962 37 32 do
372 962 83 32 Avhat
470 962 170 43 Theophile
657 962 73 32 asks
747 962 34 32 of
800 975 71 30 you,
890 963 59 31 and

120 1024 79 40 keep
215 1036 76 28 your
308 1036 111 28 money
435 1024 32 31 in
482 1036 76 28 your

198 1086 29 30 It
243 1085 26 31 is
285 1090 50 26 too
474 1086 180 31 murmured
670 1085 45 32 he.

197 1146 82 31 That
302 1146 25 31 is
352 1146 173 41 altogether
548 1146 130 32 another
902 1159 47 20 re-

122 1207 101 31 torted
250 1207 84 30 Mile,
363 1207 36 30 de
434 1208 223 41 Mourjonville,
687 1209 127 40 turning
840 1209 108 41 round,

120 1267 74 31 with
228 1279 54 19 one
315 1268 82 30 hand
425 1280 39 19 on
489 1268 52 32 the
569 1269 114 31 handle
716 1270 35 31 of
772 1270 55 32 the
853 1270 75 33 door
942 1285 6 27 ;

153 1327 75 31 each
254 1339 57 19 one
336 1328 108 31 knoAvs
465 1329 84 31 what
574 1330 90 32 value
692 1331 39 31 he
757 1331 140 33 attaches
917 1336 32 28 to

119 1387 81 32 what
227 1387 38 32 he
297 1387 176 42 purchases.
522 1390 167 32 Reckoned
713 1391 43 42 by
782 1392 84 33 what
893 1405 56 31 ap-

119 1448 111 42 peared
245 1452 32 28 to
293 1448 37 32 be
347 1460 77 30 your
440 1448 88 42 fears,
555 1451 14 30 I
587 1450 111 33 should
714 1452 81 33 have
812 1454 136 42 thought

119 1510 110 31 almost
244 1522 58 30 any
319 1521 66 20 sum
412 1509 95 43 cheap
510 1530 41 4 —
552 1511 56 33 but
633 1513 93 32 that's
751 1526 77 28 your
850 1516 96 32 affair.
