1079 1710
142 72 51 26 150

371 79 83 20 LOVE
478 78 63 21 THE
564 76 162 22 AVENGER.

183 156 135 32 Refused
327 157 14 31 ?
395 156 49 31 No
459 157 5 30 !
498 158 54 27 not
579 165 33 20 as
640 153 52 32 the
721 153 84 31 word
837 153 25 31 is
893 152 75 32 used

140 228 91 31 every
248 217 60 42 day
308 237 44 2 —
353 221 54 27 not
422 217 68 31 that
501 229 7 27 ;
533 216 38 31 he
589 216 91 31 kneAV
699 215 68 31 that
788 214 104 32 would
915 218 53 28 not

138 278 37 31 be
187 291 6 26 ;
218 278 55 32 but
296 278 37 32 he
351 278 121 31 wanted
495 289 85 20 more
604 289 79 28 now,
709 277 61 31 and
792 277 53 31 she
867 276 101 41 might

138 344 105 37 accept
269 339 63 32 him
357 344 53 37 yet
434 339 100 32 refuse
561 339 133 32 herself:
727 339 87 32 there
842 339 50 42 lay
915 338 53 33 the

137 401 132 42 possible
292 402 115 40 failure,
430 401 61 32 and
512 401 69 32 that
604 401 38 32 he
666 401 143 32 dreaded.
858 401 62 32 But
943 401 24 32 it

137 474 63 20 Avas
215 463 55 31 but
286 475 18 19 a
319 463 127 42 passing
462 463 96 31 alarm
560 482 42 3 —
604 463 184 42 reasonably
805 463 158 42 speaking,

136 525 51 32 the
204 526 137 39 Marquis
357 526 53 31 felt
426 538 69 19 sure
512 526 33 31 of
557 526 53 31 the
627 531 100 27 event.

179 587 148 33 Claudine
344 599 63 21 was
423 588 105 32 seated
550 588 41 41 by
607 587 55 33 the
684 587 64 41 fire,
767 587 149 43 wrapped
932 587 29 31 in

136 649 74 32 dark
225 650 108 41 purple
350 650 101 31 velvet
467 649 61 32 and
544 649 109 32 sables.
688 649 61 32 She
763 661 64 20 Avas
843 649 118 42 ahvays

135 710 100 42 chilly,
254 711 179 31 circulation
446 711 74 31 Avith
537 711 55 31 her
608 711 93 42 being
718 711 75 31 slow
805 725 6 27 ;
830 711 54 32 she
901 712 60 31 had

134 771 77 32 been
234 772 103 42 trying
361 778 31 25 to
418 773 85 30 learn
527 772 68 31 hoAV
618 777 32 26 to
673 777 54 26 net
751 784 109 30 purses
886 772 74 32 with

134 832 129 31 chenille
294 833 60 31 and
384 833 73 41 gold
486 833 104 40 beads,
626 834 61 31 and
718 845 63 19 Avas
820 834 140 42 clumsily

132 893 161 42 labouring
317 899 31 26 to
374 894 92 31 make
490 894 55 32 her
569 895 70 41 pale
663 895 115 40 fingers
804 896 79 41 obey
906 896 53 32 the

133 956 138 41 example
302 955 34 31 of
369 956 228 32 Mademoiselle
633 957 159 41 Aspasie's
828 957 131 33 nimbler

133 1028 81 29 ones,
231 1017 89 31 when
338 1017 52 32 the
407 1018 74 31 door
498 1018 128 41 opened.

175 1077 49 31 On
248 1078 53 30 the
327 1083 142 27 entrance
497 1079 33 31 of
557 1079 51 32 the
639 1079 138 42 Marquis
805 1081 76 31 both
907 1081 52 32 the

131 1150 118 20 Avomen
272 1151 76 27 rose,
367 1151 18 19 a
401 1140 141 42 quantity
565 1140 33 32 of
617 1140 132 33 chenille
766 1142 61 31 and
843 1143 116 41 strings

131 1199 34 31 of
183 1200 71 39 gold
273 1200 94 31 beads
388 1200 52 32 fell
461 1200 76 32 from
555 1201 179 32 Claudine's
751 1203 59 42 lap,
830 1205 60 31 and
906 1205 53 32 the

131 1261 127 31 amiable
275 1261 131 41 Aspasie
423 1267 45 26 set
484 1262 117 32 herself
613 1267 32 27 to
661 1263 53 32 the
731 1265 71 31 task
821 1266 34 31 of
873 1267 86 41 pick-

129 1322 52 41 ing
207 1322 85 32 them
319 1334 41 31 up
388 1324 77 31 from
491 1324 53 31 the
573 1330 114 36 carpet,
718 1327 113 42 during
855 1327 103 34 which.

130 1384 156 42 operation
303 1384 63 41 she,
384 1386 202 41 unobserved,
610 1388 73 32 took
706 1401 19 20 a
746 1391 115 31 careful
878 1392 79 31 view

131 1445 32 32 of
174 1446 54 31 her
245 1446 181 41 employer's
442 1448 75 33 face.

172 1508 36 30 In
230 1519 19 20 a
270 1508 60 31 few
351 1509 128 31 seconds
505 1509 40 32 all
570 1510 69 33 that
662 1511 62 33 had
749 1513 91 32 fallen
864 1515 91 31 doAvn
