1079 1710
163 88 51 27 260

392 94 82 20 LOVE
498 92 64 22 THE
585 90 162 22 AVENGER.

205 171 51 32 He
283 172 118 41 opened
432 171 47 31 his
511 182 71 30 eyes
611 168 117 43 slowly,
757 166 62 33 and
847 164 74 33 with
954 176 38 19 an

161 233 123 32 evident
308 233 94 41 effort,
429 232 167 40 answered,
619 230 92 32 while
733 229 47 32 his
804 228 48 43 icy
875 228 117 41 fingers

160 295 125 41 pressed
301 294 122 42 heavily
439 306 82 30 upon
538 294 55 31 her
609 293 92 40 Avrist,
706 311 43 4 —

237 357 66 42 Pay
319 356 150 32 attention
485 360 32 28 to
533 367 53 31 my
603 355 111 40 Avords,
739 353 112 40 Claire,
875 363 71 20 now
947 371 41 3 —

161 418 36 32 be
220 419 83 41 quite
327 418 83 42 quiet
411 438 42 3 —
456 418 15 31 I
495 418 78 31 have
597 421 126 37 strange
749 416 106 41 things
878 418 34 28 to
935 413 53 33 tell

159 491 61 30 you
221 498 43 4 —
264 479 38 32 be
315 480 79 31 calm
408 480 96 31 above
609 478 63 31 and
688 477 46 32 his
751 477 115 41 fingers
884 476 104 32 closed

159 552 81 29 upon
256 541 53 31 her
325 553 73 19 arm.
477 541 14 30 I
507 552 51 20 am
574 539 157 42 poisoned,
750 538 103 32 Claire
867 538 6 32 !

204 603 61 32 She
286 603 120 31 uttered
427 614 39 20 no
483 602 94 40 Avord,
595 602 120 31 neither
737 601 52 32 did
811 601 55 31 she
889 604 79 28 start
979 614 7 27 ;

158 664 45 31 for
224 664 52 32 the
299 664 100 32 words
424 664 77 31 sank
525 664 91 31 down
640 664 61 31 like
727 663 68 32 lead
821 674 84 31 upon
931 662 55 31 her

158 737 112 28 senses,
288 725 146 40 crushing
449 725 55 32 her
519 725 64 31 into
600 725 90 32 silent
706 724 134 41 rigidity.

230 786 14 31 I
271 786 79 31 have
377 797 19 20 a
422 791 88 36 great
540 786 68 32 deal
638 791 32 26 to
818 785 166 32 continued

156 846 42 33 M.
224 847 36 31 de
286 846 185 32 Beauvoisin
484 860 6 27 ;
554 858 84 21 more
661 846 76 32 than
761 847 15 31 I
800 846 80 33 shall
905 846 79 32 have

155 906 75 31 time
257 906 45 31 for
313 919 6 27 ;
353 906 30 31 in
411 907 52 31 the
490 907 67 31 first
584 907 95 41 place,
708 907 93 40 mind,
830 907 78 41 that,
938 913 46 27 to-

155 979 138 28 morrow,
312 968 90 31 when
424 968 52 32 the
497 980 73 20 man
592 980 103 20 comes
717 973 32 27 to
772 968 141 33 examine
930 968 54 33 the

154 1027 85 42 body

198 1089 61 32 But
281 1089 53 33 the
357 1091 167 31 numbness
548 1091 35 31 of
601 1091 130 32 Claire's
754 1091 141 32 faculties
919 1091 61 32 had

154 1150 110 41 passed
284 1161 96 31 away,
401 1151 61 32 and
483 1152 128 42 making
626 1165 19 18 a
662 1153 118 31 sudden
803 1158 177 28 movement

153 1222 34 20 as
204 1211 119 41 though
339 1216 31 27 to
386 1212 60 32 rise
462 1217 32 27 to
501 1213 63 36 .her
579 1214 71 39 feet,
653 1233 43 4 —

345 1273 142 32 madness
507 1274 24 31 it
634 1275 53 32 she
713 1277 179 40 exclaimed,

154 1333 37 31 be
211 1333 99 42 losing
331 1334 72 31 time
425 1335 31 31 in
477 1335 61 32 this
555 1338 129 41 way!—
688 1349 18 20 a
731 1338 107 32 doctor
861 1350 57 21 can
943 1338 36 33 be

155 1399 67 27 sent
237 1394 46 32 for

198 1456 65 31 The
279 1456 113 42 weight
408 1457 34 31 of
453 1457 140 34 Olivier's
614 1459 83 33 hand
718 1461 73 33 held
812 1462 56 33 her
889 1463 90 33 down

157 1517 194 41 immovably.
