1079 1710
361 92 64 20 THE
448 92 115 20 SILVER
585 92 117 20 MEDAL.

902 89 33 24 99

195 167 82 32 Who
294 179 38 20 on
348 168 87 32 earth
459 168 24 32 is
500 168 53 33 she
565 170 14 31 ?
630 168 138 42 inquired
790 168 51 32 the
857 168 80 32 Mar-

121 228 94 40 quise,
234 229 151 41 abruptly.

195 290 59 40 Oh,
274 290 54 32 she
353 290 25 32 is
398 290 170 42 altogether
588 291 127 32 another
740 295 61 28 sort
818 290 33 32 of
870 302 67 30 per-

235 351 134 42 rejoined
392 351 108 40 Henri,
518 352 110 31 almost
644 352 113 42 sternly
770 366 6 26 ;
833 351 34 32 of
884 351 53 32 her

118 423 62 30 you
196 423 93 21 never
304 412 78 32 need
406 412 91 32 know
514 412 146 42 anything
678 412 64 43 (she
766 413 24 31 is
809 412 52 32 the
877 413 60 31 fac-

118 477 101 28 totum
250 478 32 27 at
311 473 52 32 the
387 473 97 32 Hotel
514 473 37 31 de
576 473 186 42 Moranges),
794 474 60 31 and
884 474 52 31 she

119 533 149 42 certainly
283 533 65 33 told
364 545 49 20 me
430 533 172 33 Claudine's
626 545 89 21 name
716 554 42 2 —
759 534 23 31 it
798 534 25 31 is
840 545 97 20 some-

117 596 92 41 thing
230 595 60 31 like
306 595 97 31 Reval
404 615 43 2 —
448 606 62 30 yes,
536 594 169 32 Madeleine
725 595 105 39 Reval,
856 595 16 31 I
888 606 48 20 am

117 661 103 36 pretty
237 667 68 20 sure
321 656 68 31 that
404 655 26 32 is

161 717 82 31 That
266 717 66 31 said
355 716 130 41 nothing
508 720 32 27 to
557 716 109 40 Claire,
684 717 59 31 and
768 716 52 32 she
847 716 87 32 knew

116 790 40 18 no
172 790 84 18 more
273 777 75 31 than
365 777 111 31 before.

190 839 16 31 I
221 839 61 30 had
307 839 99 30 better
422 838 86 31 write
525 842 31 27 to
572 838 52 31 the
650 850 69 19 cure
735 839 34 31 of
792 839 43 31 St.
853 839 80 30 Mar-

210 901 55 30 she
282 900 181 40 suggested.

190 962 75 40 May
365 961 134 41 rejoined
514 961 98 31 Henri
623 974 7 28 ;
684 961 115 41 though
814 960 46 32 for
875 972 58 30 any

114 1024 142 42 genuine,
269 1023 146 42 practical
430 1023 81 40 good
525 1023 39 31 he
580 1035 72 19 ever
668 1023 50 31 did
734 1023 51 31 the
801 1023 66 40 girl,
881 1023 52 31 she

112 1085 103 41 might
229 1085 38 31 be
283 1096 39 20 an
338 1088 82 27 utter
437 1088 138 37 stranger
589 1088 32 27 to

190 1146 95 33 What
301 1157 57 29 age
375 1145 25 32 is
417 1145 54 32 she
484 1147 13 30 ?
550 1145 141 41 inquired
707 1145 106 33 Claire.

189 1209 65 31 Not
270 1213 52 35 yet

156 1270 66 31 The
239 1268 154 41 Marquise
409 1268 177 32 shuddered.

191 1331 83 32 How
492 1328 55 33 she
574 1328 97 33 added
685 1343 6 26 ;
819 1340 112 31 young,

111 1394 60 33 and
188 1405 33 20 so
247 1392 90 32 sinful
351 1405 6 27 ;
382 1390 60 32 and
468 1390 147 42 probably
630 1402 70 20 now
716 1390 108 32 devoid
840 1390 34 32 of
894 1390 38 32 all

316 1515 116 41 replied
449 1514 102 33 Count
561 1514 127 41 Dupont
702 1526 5 28 ;
757 1513 67 31 that
840 1512 25 31 is
880 1516 51 27 not

806 1580 15 12 H
839 1574 10 18 2
