1079 1710
118 347 176 53 LOVE
356 348 136 52 THE
551 349 315 52 AVENGER

374 548 199 32 CHAPTER
602 549 23 31 I.

407 643 85 22 TRUE
515 645 89 21 LOVE.

137 718 153 32 Neither
323 718 100 33 Claire
446 730 57 21 nor
526 719 42 32 M.
600 719 38 32 de
663 720 141 32 Lancour
830 730 80 21 were

94 779 101 32 killed.

137 840 28 31 It
181 839 25 32 is
222 850 34 22 as
272 839 126 33 difficult
413 844 32 28 to
461 840 203 43 comprehend
679 841 78 41 how,
771 841 31 31 in
818 840 93 32 disas-

92 906 62 27 ters
166 900 103 33 where
285 900 92 33 death
394 912 97 21 seems
506 901 179 43 impending
696 913 81 31 upon
791 901 48 41 all,
853 913 59 31 any

92 974 56 20 can
172 973 118 32 escape,
311 973 33 21 as
368 961 24 33 it
413 961 26 33 is
459 961 77 33 hard
559 966 31 28 to
613 963 189 32 understand
821 962 91 32 death

92 1024 92 42 being
198 1022 51 33 the
264 1022 96 33 result
375 1022 34 33 of
429 1034 83 21 some
536 1023 136 33 accident
689 1035 33 20 so
738 1023 92 43 slight
845 1023 67 32 that

90 1085 24 32 it
146 1084 134 42 scarcely
304 1096 99 21 seems
426 1084 151 33 sufficient
602 1084 45 32 for
671 1085 53 32 the
745 1085 166 32 extinction

91 1146 34 32 of
144 1157 18 21 a
176 1146 50 42 fly.
274 1146 61 31 Yet
358 1145 75 32 both
455 1145 104 42 things
582 1145 122 43 happen
728 1158 93 30 every
842 1146 68 41 day.

90 1207 68 32 Life
180 1207 26 32 is
230 1206 196 42 outweighed
440 1206 42 43 by
503 1218 18 20 a
540 1207 145 33 feather's
706 1207 123 42 weight,
852 1207 59 32 and

89 1268 183 33 withstands
302 1268 53 33 the
385 1268 137 42 blowing
551 1281 41 30 up
627 1269 34 32 of
683 1281 18 20 a
730 1269 60 41 city
802 1282 7 27 ;
840 1281 71 19 men

87 1342 53 21 are
162 1330 192 42 vanquished
376 1330 41 42 by
442 1342 20 20 a
482 1330 128 41 scratch,
637 1331 41 41 by
705 1342 18 21 a
749 1330 108 32 breath
881 1330 33 31 of

87 1392 92 41 wind,
203 1392 43 43 by
270 1403 40 22 an
342 1391 143 40 emotion,
521 1391 60 32 and
612 1403 122 30 emerge
763 1391 147 32 scathless

86 1454 79 32 from
188 1465 85 20 some
289 1452 187 33 destructive
493 1452 205 32 combination
714 1452 196 33 tremendous

87 1514 127 41 enough
241 1519 32 27 to
305 1513 79 33 have
416 1512 129 33 crushed
575 1513 83 33 them
693 1518 32 28 to
755 1513 155 42 shapeless

146 1579 53 16 YOL.
219 1580 35 15 III.

814 1580 11 14 B
