1079 1710
284 90 151 20 FREEDOM
458 90 73 20 WON
553 90 66 20 AND
642 89 82 21 LOST.

855 84 53 26 239

134 164 116 33 Olivier
281 165 62 32 had
371 166 81 32 risen
479 167 60 31 late
570 167 67 31 that
664 166 67 42 day,
759 165 61 32 and
846 177 63 20 was

89 225 208 43 breakfasting
313 227 97 41 alone,
428 228 98 31 which
543 227 159 42 happened
723 226 182 40 sometimes,

90 287 120 42 though
234 294 55 27 not
312 289 92 40 often,
429 294 32 26 to
489 289 70 32 him.
612 290 49 30 He
686 289 51 32 left
761 289 46 31 his
830 288 80 32 meal

90 349 185 40 untouched,
316 350 188 41 swallowing
548 350 71 41 only
652 350 73 31 with
763 349 148 41 unsteady

90 410 88 32 haste
204 423 18 19 a
248 423 57 29 cup
323 411 33 31 of
374 416 52 26 too
452 411 54 32 hot
524 416 59 27 tea.
630 411 108 31 Before
765 423 89 27 noon,
871 411 39 30 he

90 477 83 27 went
189 477 54 26 out
259 483 39 20 on
321 472 71 39 foot,
416 472 74 31 took
505 472 52 31 the
573 472 65 31 first
653 472 99 41 fiacre
768 472 38 31 he
824 472 87 31 could

90 533 72 40 find,
180 533 61 32 and
257 533 93 32 drove
366 538 33 26 to
415 533 46 31 his
485 533 245 39 stock-broker's,
747 533 101 31 where
872 533 38 31 he

91 595 79 32 staid
195 600 55 27 not
272 606 93 30 many
381 594 141 38 minutes,
540 594 74 31 then
637 599 32 26 to
694 594 47 31 his
763 594 144 41 notary's,

91 655 102 32 where
220 655 38 32 he
280 655 79 31 staid
383 654 218 39 half-an-hour,
624 655 61 30 and
708 654 74 32 then
804 659 32 26 to
858 654 52 31 the

92 716 97 32 Hotel
205 716 36 32 de
257 716 174 40 Moranges.
478 715 30 31 It
523 726 64 20 was
610 715 137 32 between
771 726 57 21 one
852 715 59 32 and

91 783 63 26 two
178 777 89 32 when
294 777 39 31 he
359 776 131 32 reached
512 776 47 31 his
586 776 114 31 uncle's
726 776 104 39 house,
855 776 56 31 but

91 840 87 31 there
195 850 63 20 was
274 850 40 20 no
331 850 57 20 one
416 842 29 27 at
465 837 90 32 home
570 850 6 27 ;
600 837 84 32 Mile,
703 837 36 32 de
755 837 156 41 Mourjon-

90 901 72 31 ville
185 911 64 20 was
272 899 95 41 really
392 903 59 34 out,
484 898 60 31 and
575 898 143 31 Madame
742 898 169 31 Claudine's

91 962 92 39 maid,
207 961 103 31 whom
336 960 43 31 M.
409 960 36 31 de
473 959 183 32 Beauvoisin
681 958 110 32 caused
819 963 32 27 to
873 958 38 32 be

93 1022 190 40 summoned,
310 1020 150 43 reported,
481 1020 68 32 that
570 1019 116 41 though
711 1019 199 42 exceedingly

90 1085 97 40 weak,
205 1084 55 31 her
274 1083 136 31 mistress
427 1093 72 28 was,
518 1092 38 20 on
580 1080 51 32 the
647 1080 107 40 whole,
773 1092 32 20 so
821 1080 90 32 much

90 1148 111 37 better,
218 1145 69 31 that
302 1142 230 33 Mademoiselle
548 1142 61 31 had
629 1142 77 32 been
729 1141 128 32 enabled
879 1146 32 28 to

92 1219 40 31 go
149 1211 54 28 out
219 1204 162 42 shopping,
399 1215 39 19 an
454 1202 206 42 employment
683 1202 53 32 she
758 1202 61 32 had
833 1202 78 32 been

92 1267 149 34 debarred
272 1266 77 31 from
378 1264 46 31 for
455 1275 82 20 some
567 1263 74 32 time
672 1263 97 42 owing
800 1268 32 27 to
860 1263 51 32 the

91 1328 216 42 indefatigable
333 1325 147 42 assiduity
496 1325 34 31 of
548 1325 54 31 her
627 1325 181 31 attendance
830 1337 81 30 upon

93 1392 155 32 Madame.

134 1452 116 34 Olivier
290 1450 87 32 stood
414 1448 45 32 for
497 1460 38 19 an
572 1448 114 31 instant
722 1446 100 32 before
857 1446 51 32 the

89 1515 123 41 abigail,
252 1525 34 19 as
320 1510 119 42 though
476 1509 183 32 bewildered
692 1509 41 40 by
765 1508 52 31 the
850 1507 59 32 dis-
