1079 1710
851 116 52 26 291

326 120 121 22 BEFORE
469 121 67 21 AND
558 121 110 21 AFTER.

82 194 178 40 gentleman
271 209 7 27 ;
331 196 24 32 it
377 198 149 31 re-unites
548 199 41 31 all
608 199 53 31 the
678 198 150 32 Clavreuil
845 200 59 31 and

83 255 143 33 Lancour
248 262 154 38 property.
447 259 109 31 Victor
579 260 73 31 does
670 272 19 20 a
714 260 81 41 good
817 260 87 42 thing

83 316 46 32 for

258 379 53 31 she
339 379 25 32 is
392 392 74 30 very
640 382 65 31 said
728 394 40 20 an
791 383 112 41 elderly

83 450 80 20 man.

121 501 66 31 The
203 501 72 42 lady
291 502 69 31 who
376 502 62 31 had
453 503 67 31 first
536 504 118 40 spoken
671 504 113 33 smiled.

160 563 16 31 I
193 563 153 32 shouldn't
361 563 88 32 think
465 564 68 31 that
548 565 151 31 mattered
850 565 54 33 she

85 624 163 32 remarked
259 637 6 27 ;
333 624 152 41 however,
516 637 35 20 as
591 637 61 30 you
687 637 63 30 say,
781 626 24 32 it
834 637 70 30 may

127 746 72 31 And
215 746 71 31 thus
302 746 51 31 the
370 746 94 31 world
476 746 122 41 judged.

129 868 67 31 The
219 874 74 25 next
316 868 59 41 day
392 868 15 30 I
430 872 82 27 went
534 872 33 27 to
588 867 53 32 the
662 868 113 31 church
792 869 111 38 where,

86 930 31 31 in
159 930 51 32 the
243 930 131 42 quietest
415 931 60 32 and
514 935 80 28 most
630 931 118 42 private
779 943 124 20 manner

85 992 141 42 possible,
243 992 53 32 the
311 993 152 41 marriage
479 1005 63 19 was
565 993 180 32 celebrated.
790 993 46 32 As
851 994 52 31 the

84 1064 71 21 new
169 1053 140 31 husband
322 1053 60 31 and
398 1053 67 32 wife
481 1053 53 31 left
549 1054 53 31 the
614 1054 128 41 sacristy
753 1054 150 41 together,

86 1115 15 31 I
117 1114 165 32 remarked
302 1115 85 31 them
403 1115 77 39 well,
498 1114 60 31 and
578 1114 133 42 thought
726 1115 15 30 I
758 1126 63 20 saw
836 1115 67 31 that

85 1186 83 31 upon
190 1175 53 32 the
267 1175 65 31 face
357 1175 35 31 of
409 1174 75 32 each
500 1173 98 33 which
620 1174 89 32 made
733 1185 49 21 me
806 1186 97 30 augur

85 1236 70 30 well
172 1236 34 30 of
216 1236 80 30 their
310 1236 110 30 future.

129 1297 101 32 Claire
245 1308 73 29 was,
336 1308 34 19 as
385 1296 15 31 I
415 1307 64 20 was
494 1295 72 40 told,
583 1299 32 28 to
631 1295 86 32 leave
732 1295 68 32 that
814 1295 89 42 night

86 1359 47 31 for
169 1358 135 41 Algeria,
342 1356 131 32 whither
510 1356 53 32 she
601 1356 216 42 accompanied
848 1357 55 31 her

85 1419 142 32 husband
227 1438 43 2 —
271 1430 19 19 a
316 1417 104 32 sharer
448 1416 32 32 in
509 1415 48 33 his
582 1416 70 32 toils
674 1416 60 32 and
760 1416 140 43 dangers,

87 1482 30 30 in
133 1480 47 32 his
192 1480 70 41 joys
278 1479 60 31 and
361 1489 121 20 success
483 1498 42 2 —
527 1489 19 20 a
563 1482 75 36 true,
655 1477 92 32 brave
769 1477 134 32 soldier's

85 1542 78 31 wife.
