1079 1710
111 66 52 26 168

355 72 83 21 LOVE
461 71 64 21 THE
548 69 160 22 AVENGER.

184 149 73 40 Yes,
286 161 51 29 my
361 160 68 20 own
456 147 109 41 Claire,
583 147 132 31 because
739 156 61 31 you
826 143 112 32 under-

112 211 89 32 stand
216 211 56 32 her
287 211 114 40 misery
417 209 62 32 and
494 209 55 31 her
564 208 97 32 needs
673 221 6 27 ;
697 206 61 33 and
773 217 62 31 you
852 205 86 31 don't

110 273 64 42 pity
198 272 72 40 him,
298 272 132 32 because
465 283 61 30 you
559 271 86 31 don't
668 267 189 33 understand
881 266 57 32 his.

110 334 29 31 A
155 345 71 20 man
242 333 105 31 whose
364 333 85 41 pride
476 333 30 30 in
531 332 48 31 his
596 343 70 20 own
684 329 182 43 superiority
883 328 56 32 has

110 394 129 33 sufficed
264 394 62 32 him
352 394 40 32 all
419 394 48 32 his
498 394 60 40 life,
585 393 70 32 who
679 393 55 31 has
758 390 82 33 lived
863 390 76 32 with

110 456 125 32 himself
264 456 98 41 alone,
389 455 158 44 despising
574 454 85 33 Avhat
681 465 72 21 men
777 453 58 32 call
859 452 79 41 love,

110 519 60 32 and
193 518 68 31 who
279 523 30 27 at
325 518 144 41 fifty-five
491 517 88 32 seeks
597 517 32 31 in
651 528 17 20 a
686 515 154 42 marriage
864 514 75 33 with

110 581 46 32 his
172 581 140 32 mistress
328 592 39 20 an
385 592 108 31 escape
496 599 42 4 —
549 581 6 32 !
602 580 95 31 From
712 579 85 31 what
809 580 14 30 ?
846 577 92 40 That,

110 654 44 21 Ave
171 643 92 31 know
278 648 63 34 not,
358 642 54 32 but
428 642 23 32 it
466 647 83 27 must
566 642 38 32 be
621 642 176 40 something
812 640 78 32 hard
906 645 32 26 to

110 704 80 32 bear.
237 703 73 32 And
326 703 100 42 again,
441 704 16 31 I
474 715 62 31 say,
556 714 133 32 suppose
705 703 39 32 he
761 703 87 31 loves
864 701 56 32 her
931 702 7 32 !

109 765 101 32 Think
237 765 34 32 of
289 765 65 31 that
377 769 125 35 torture,
529 764 101 33 Claire
643 778 6 27 ;
679 764 61 33 and
763 769 33 27 to
821 763 76 33 such
921 774 18 21 a

110 839 70 19 man
215 838 33 20 as
285 838 77 30 your
393 826 98 40 uncle,
518 826 74 31 used
625 826 78 31 from
738 825 49 32 his
817 825 121 32 earliest

109 900 88 31 years
212 893 31 26 to
260 888 71 31 look
355 887 91 32 down
462 900 82 29 upon
561 887 87 32 those
666 887 68 32 Avho
755 887 98 41 loved,
872 887 63 31 and

110 951 68 31 Avho
202 949 129 32 allowed
353 949 80 32 their
448 950 104 31 hearts
579 954 32 27 to
635 954 55 36 get
716 949 52 32 the
793 949 100 32 better
909 949 32 32 of

153 1071 73 32 And
243 1083 32 19 so
293 1071 73 41 they
382 1072 104 31 talked
502 1084 49 28 on,
569 1073 60 31 and
646 1072 112 40 Claire,
776 1072 91 32 AAdien
885 1073 53 31 she

110 1134 53 32 left
196 1133 142 32 Madame
369 1134 189 40 Beaudouin,
586 1134 52 32 did
668 1139 55 27 not
747 1134 191 33 Understand

110 1206 60 31 any
200 1194 99 33 better
329 1194 75 33 than
435 1195 91 32 when
557 1195 55 32 she
652 1207 87 21 came
778 1196 72 42 why
883 1196 55 32 her

110 1255 115 33 uncle's
263 1255 234 33 determination
533 1261 31 27 to
597 1269 104 30 marry
729 1258 53 31 the
818 1258 120 42 Sphinx

111 1316 97 42 might
231 1316 95 42 imply
352 1316 67 32 that
452 1317 46 32 his
531 1318 94 31 entire
649 1319 51 31 life
724 1319 62 32 had
818 1320 79 32 been
922 1332 16 20 a

111 1378 111 31 failure.

154 1441 44 30 As
215 1439 53 32 she
284 1439 111 42 passed
410 1440 136 41 through
560 1441 52 32 the
629 1443 153 31 vestibule
798 1447 32 27 to
846 1443 91 31 reach

112 1502 53 31 her
182 1501 143 39 carriage,
344 1500 53 32 she
414 1506 63 26 met
493 1513 18 20 a
526 1502 135 32 footman
673 1503 34 32 of
717 1503 56 33 her
789 1503 148 33 mother's
