1079 1710
133 73 52 26 106

363 80 81 19 LOVE
469 78 63 21 THE
556 76 161 21 AVENGER.

131 158 63 39 but,
228 162 31 27 at
296 158 69 39 last,
400 156 53 31 the
488 154 113 32 handle
633 153 36 32 of
695 153 52 32 the
784 151 177 33 room-door

130 219 120 40 turned,
269 218 60 33 and
345 230 18 20 a
378 218 75 41 lady
469 216 125 33 dressed
610 216 32 30 in
659 215 99 40 black,
776 213 61 33 and
853 212 108 38 veiled,

131 280 130 31 entered.

205 341 69 32 You
302 353 51 20 are
376 341 70 41 late,
479 341 148 32 Madame
641 341 6 32 !
705 339 66 33 said
802 339 51 32 the
878 339 82 31 Mar-

130 403 93 42 quise,
265 404 194 41 committing
491 408 63 27 two
584 403 149 32 mistakes
771 401 104 33 before
907 401 53 33 the

129 465 135 32 footman
289 466 61 32 had
365 467 89 31 made
480 467 46 31 his
554 466 61 32 exit
626 479 6 28 ;
657 466 75 40 first,
752 465 161 42 springing
929 468 31 28 to

129 528 55 31 her
214 528 69 40 feet,
324 528 120 32 instead
475 528 34 32 of
534 528 172 41 remaining
737 527 105 32 seated
854 540 6 26 ;
900 526 60 32 and

129 594 83 35 next,
239 589 138 42 showing
402 590 75 31 with
496 590 86 31 what
609 590 183 42 impatience
819 588 55 33 she
899 588 61 32 had

129 651 78 32 been
223 652 133 40 waiting.

294 714 15 29 I
444 713 116 41 replied
585 713 52 31 the
655 712 98 32 veiled
780 712 79 42 lady,
885 711 33 32 in
942 723 17 20 a

131 774 84 31 voice
232 775 127 30 familiar
374 779 33 27 to
422 787 44 19 us.

206 836 86 31 Your
307 841 72 26 note
396 837 65 31 said
477 842 62 26 two
559 836 116 32 o'clock
687 849 6 20 :
719 837 15 30 I
751 836 79 32 have
847 835 113 32 waited

128 903 51 25 ten

260 959 24 31 is
309 964 54 27 not
390 959 114 42 always
529 971 73 30 easy
617 964 32 27 to
676 959 121 42 dispose
822 958 34 32 of
875 959 84 31 one's

249 1020 139 42 objected
403 1021 52 31 the
471 1033 69 19 new
557 1033 111 28 comer,
686 1031 43 30 as,
747 1020 105 43 laying
875 1020 84 32 aside

129 1081 55 32 her
201 1081 68 40 veil,
288 1081 53 32 she
358 1082 178 31 discovered
551 1082 53 31 the
629 1082 175 32 semblance
822 1081 34 32 of
874 1082 85 31 Mile.

129 1142 139 40 Aspasie.

206 1204 29 31 It
259 1208 83 27 must
366 1204 37 31 be
428 1204 175 41 something
630 1205 202 42 exceedingly
849 1211 111 36 urgent

130 1264 100 33 which
256 1265 88 31 could
361 1265 89 31 make
476 1278 60 28 you
560 1267 55 30 ask
641 1271 33 27 to
697 1279 51 20 see
775 1279 49 21 me
841 1268 72 33 here
930 1268 30 32 in

129 1339 52 29 my
197 1339 69 19 own
426 1328 163 31 continued
604 1328 53 33 the
674 1329 164 43 Dowager,
857 1330 103 31 allow-

130 1388 54 42 ing
210 1388 54 32 her
290 1389 179 31 ill-humour
495 1394 32 26 to
551 1400 89 32 carry
667 1390 55 32 her
753 1392 124 41 beyond
908 1393 52 31 the

132 1450 93 31 limits
254 1450 33 31 of
308 1450 54 31 her
393 1450 137 32 habitual
560 1452 156 40 prudence
731 1466 5 28 ;
802 1453 158 42 incurring

132 1510 74 31 such
223 1522 18 19 a
256 1510 62 31 risk
332 1511 5 30 !
