1079 1710
147 85 53 26 270

378 91 83 20 LOVE
484 90 65 21 THE
572 87 162 23 AVENGER.

144 168 163 33 obedience
329 174 32 26 to
384 168 55 32 her
461 166 170 32 husband's
655 164 109 41 desire,
792 162 184 33 summoned

143 230 55 33 her
213 230 105 33 cousin
335 230 108 33 Victor
458 229 80 40 Avho,
555 228 99 41 living
670 226 72 43 only
757 225 89 33 three
863 228 112 28 streets

143 292 47 41 off,
203 303 64 21 was
283 297 33 27 at
332 291 52 32 the
401 291 97 32 Hotel
514 291 37 31 de
569 288 187 34 Beauvoisin
772 287 31 32 in
820 286 62 33 less
897 286 76 32 than

144 352 67 32 half
222 365 38 19 an
277 353 84 31 hour.

184 415 50 31 No
246 426 58 20 one
316 413 134 43 thought
462 413 23 33 it
496 424 165 31 necessary
676 424 36 20 as
728 416 53 38 yet
797 416 33 27 to
847 409 124 43 apprize

142 475 50 32 the
209 476 162 39 Dowager.

184 536 67 32 The
282 537 78 31 dead
390 548 71 20 man
492 548 62 19 was
589 535 153 40 disrobed,
779 534 61 32 and
875 533 96 32 robed

140 610 86 20 anew
242 598 31 31 in
294 598 52 31 the
363 602 168 27 vestments
553 597 35 32 of
607 597 47 32 his
677 596 120 33 eternal
820 596 85 43 sleep
928 595 42 43 by

139 660 52 32 the
216 665 62 27 two
303 660 78 40 who,
407 660 142 42 perhaps,
574 660 89 31 alone
687 659 93 32 cared
803 658 99 42 aught
924 657 47 32 for

140 722 62 31 him
226 722 30 31 in
279 722 59 40 life,
356 722 70 40 and,
451 722 91 31 aided
566 722 41 41 by
631 721 47 32 his
697 721 93 40 valet,
813 720 76 42 they
905 719 64 33 laid

136 783 65 31 him
223 794 39 20 on
284 794 18 21 a
323 783 97 31 couch
439 783 32 31 in
494 783 52 31 the
567 783 129 31 boudoir
717 782 103 32 where
843 782 41 31 he
907 781 61 32 had

138 843 148 33 breathed
317 843 46 32 his
394 843 68 33 last.
526 843 100 33 Claire
657 855 80 30 gave
769 843 87 32 them
891 843 76 31 such

139 905 151 42 Avomanly
312 905 71 42 help
405 916 34 21 as
455 916 63 21 was
540 904 127 41 needed,
693 904 104 33 folded
820 904 53 33 the
897 904 70 32 cold

139 967 97 31 hands
253 978 73 20 over
342 966 52 32 the
410 966 111 41 breast,
543 966 163 32 smoothed
726 966 53 32 the
801 966 67 32 hair
883 978 85 31 upon

138 1030 52 32 the
212 1031 171 31 stone-cold
403 1031 94 40 brow,
519 1031 128 41 moving
661 1031 183 42 noiselessly
859 1031 105 32 about.

137 1092 51 31 All
213 1104 64 20 Avas
301 1092 78 32 done
406 1092 31 32 in
465 1092 120 41 silence,
615 1104 79 21 none
723 1092 98 43 spake
849 1104 73 21 ever
949 1105 18 20 a

138 1153 91 29 Avord.

180 1213 100 32 Claire
304 1213 61 31 had
388 1213 110 42 picked
514 1226 40 30 up
571 1214 52 32 the
643 1214 111 32 ribbon
779 1214 61 32 and
862 1215 101 31 medal

135 1275 76 31 from
227 1274 51 32 the
295 1274 128 41 ground,
441 1275 62 31 and
518 1275 109 42 placed
643 1276 87 32 them
746 1288 84 31 upon
842 1289 19 19 a
874 1277 89 31 small

135 1335 91 40 table,
250 1347 38 20 on
311 1335 109 41 which,
439 1336 89 32 when
551 1337 53 31 the
627 1337 83 42 body
730 1350 64 20 was
819 1339 144 42 decently

135 1396 60 33 laid
219 1401 62 36 out,
308 1396 97 32 Henri
430 1397 129 42 Dupont
582 1400 172 40 proceeded
781 1405 33 26 to
839 1405 58 37 put
919 1401 44 42 by

135 1469 58 20 one
212 1457 42 43 by
269 1469 66 29 one,
353 1457 52 32 the
422 1457 140 33 different
581 1459 106 43 things
709 1461 68 32 that
798 1461 64 32 had
882 1462 80 32 been

135 1520 92 31 found
251 1532 83 29 upon
360 1519 51 32 the
439 1532 110 29 person
577 1522 34 31 of
632 1522 53 32 the
711 1522 151 34 deceased
876 1537 6 19 :
914 1524 49 32 his
