1079 1710
370 85 64 20 THE
457 85 115 20 SILVER
594 84 116 21 MEDAL.

912 77 33 24 91

127 170 70 20 now
213 161 116 32 ranked
344 173 115 31 among
473 162 53 32 the
549 161 73 33 rich.
669 161 60 33 She
745 172 62 20 was
829 159 118 32 neither

126 232 76 29 poor
228 233 57 20 nor
310 222 159 33 friendless
494 235 70 20 now
575 236 7 29 ;
616 222 53 32 she
700 233 62 20 was
787 221 97 41 living
913 220 32 31 in

127 282 83 42 daily
237 282 101 33 habits
362 284 33 31 of
416 285 119 41 luxury,
553 284 44 32 far
619 288 120 38 greater
763 294 77 21 even
870 282 75 32 than

128 343 101 33 Claire
250 343 117 33 herself
385 345 145 42 indulged
552 346 31 30 in
597 359 6 27 ;
628 345 53 31 she
698 356 71 29 was,
788 356 33 20 as
845 343 44 32 far
912 354 34 20 as

129 416 71 20 men
223 417 81 20 were
327 407 179 40 concerned,
525 407 188 31 surrounded
734 407 41 41 by
790 405 157 32 whatever

130 465 86 32 Paris
233 466 71 32 held
320 472 32 26 to
367 467 38 32 be
420 472 81 27 most
516 467 229 42 distinguished.
793 466 64 32 The
877 465 70 43 only

127 532 78 37 part,
229 528 83 41 then,
342 529 34 31 of
395 529 144 31 Madame
559 528 203 31 Beaudouin's
784 531 162 38 argument

130 587 30 32 in
177 587 54 32 her
246 588 108 31 favour
376 588 66 31 that
465 588 71 31 held
557 588 82 42 good
655 600 63 19 was
734 588 66 31 that
816 587 52 32 she
885 587 61 32 had

129 649 77 32 been
231 650 157 41 untaught.
437 650 60 30 But
519 649 101 31 would
646 649 53 31 she
723 661 68 20 care
815 661 69 19 now
900 649 46 31 for

128 711 151 41 teaching,
304 711 51 32 the
378 712 65 31 first
465 711 96 32 result
582 711 136 32 whereof
736 711 104 32 would
859 711 39 31 be
914 715 32 27 to

128 771 106 31 snatch
250 771 54 31 her
322 771 77 31 from
422 771 55 32 her
492 771 189 41 luxuriously
697 772 137 31 indolent
854 771 92 32 exist-

126 833 98 30 ence?
279 832 123 41 Berthe,
425 832 53 31 the
502 832 170 41 well-born,
702 832 243 36 well-educated,

122 893 64 31 and
212 894 31 29 in
259 905 91 29 every
381 905 68 30 way
475 893 232 32 well-defended
732 894 122 40 Berthe,
885 894 61 31 had

124 954 79 31 been
226 954 67 31 first
314 954 74 31 false
411 960 31 25 to
466 954 54 31 her
544 954 83 42 duty,
645 954 61 31 and
728 955 74 31 then
825 955 75 32 false
915 959 32 27 to

125 1016 56 31 her
206 1016 70 31 love
290 1029 6 27 ;
325 1015 54 32 she
406 1016 59 31 had
486 1016 128 31 resisted
638 1028 38 19 on
702 1028 38 20 no
767 1028 56 20 one
849 1017 96 41 single

124 1077 97 42 point,
261 1077 71 42 why
370 1077 109 32 should
526 1077 61 32 this
626 1077 87 32 other
750 1089 121 21 woman
907 1078 39 32 be

124 1144 141 36 stronger
276 1140 14 31 ?
333 1138 73 32 And
422 1138 168 42 supposing
613 1150 77 20 even
705 1138 87 33 there
808 1151 89 29 were,
914 1139 31 32 in

125 1199 61 32 this
212 1211 84 20 more
323 1199 152 42 primitive
500 1204 118 36 nature,
646 1211 19 21 a
694 1199 101 43 larger
821 1207 125 25 amount

124 1260 36 33 of
170 1260 83 43 plain
268 1260 97 42 rough
383 1260 107 41 worth,
508 1260 69 33 how
597 1272 38 21 on
658 1261 88 32 earth
762 1274 64 19 was
845 1262 100 32 Claire

123 1327 32 27 to
172 1322 64 31 find
259 1333 60 31 any
334 1333 106 20 means
457 1321 35 32 of
511 1322 104 42 acting
631 1334 38 19 on
692 1322 25 31 it
727 1324 13 30 ?
785 1324 82 30 How
883 1335 62 19 was

122 1383 25 32 it
162 1388 32 27 to
210 1383 38 31 be
272 1383 106 31 drawn
401 1383 81 31 forth
495 1385 14 30 ?
553 1383 73 31 Had
649 1384 52 31 the
726 1384 120 41 Sphinx
869 1384 76 32 been

122 1446 140 41 starving
284 1445 31 31 in
337 1445 53 31 the
414 1450 117 36 streets,
550 1457 34 20 or
607 1446 95 40 dying
725 1458 39 19 on
779 1458 19 18 a
814 1445 132 42 hospital

122 1507 104 42 pallet,
245 1507 102 33 Claire
370 1506 55 32 felt
447 1506 67 32 that
537 1506 54 32 she
608 1506 101 31 would
733 1506 79 31 have
835 1511 54 36 got
905 1518 42 30 up
