1079 1710
155 75 35 26 74

394 81 83 20 LOVE
501 80 64 21 THE
589 77 161 22 AVENGER.

155 159 181 43 presenting
362 159 56 31 her
443 170 68 20 own
540 155 135 33 conduct
702 154 33 32 in
760 154 54 32 the
831 153 79 32 least
934 164 60 19 un-

155 221 176 33 favourable
367 220 87 42 light,
483 219 61 33 and
575 218 35 32 of
637 217 121 42 finding
780 216 53 32 the
872 219 117 28 utmost

155 296 67 20 sum
250 283 35 32 of
302 281 158 44 palliation
486 281 45 32 for
559 280 93 32 faults
680 292 34 20 so
738 278 129 42 terribly
883 289 106 31 grave.

155 346 61 31 But
243 344 156 32 somehow
423 355 35 20 or
484 342 89 33 other
602 342 143 33 Berthe's
769 345 132 28 account
924 351 66 20 was

156 405 246 42 unsatisfactory,
430 405 60 32 and
522 404 146 32 Madame
694 403 180 33 Beaudouin
891 402 55 32 felt
971 413 19 20 a

155 468 74 31 kind
261 467 35 32 of
319 467 261 42 disappointment
605 470 31 28 at
661 465 53 32 the
746 463 243 44 comparatively

156 529 94 42 slight
269 529 128 32 interest
419 528 169 32 awakened
613 528 30 31 in
669 527 56 32 her
752 528 42 41 by
810 526 53 32 the
879 525 62 32 tale
959 524 38 33 of

156 604 18 19 a
190 590 51 33 life
258 590 54 32 full
336 590 34 32 of
389 590 76 33 such
482 590 182 43 apparently
680 589 129 42 moving
824 588 162 32 incidents.

158 651 60 33 She
246 651 132 33 accused
409 651 117 32 herself
557 651 34 32 of
625 655 83 27 want
741 650 33 32 of
810 649 178 43 sympathy,

156 712 103 33 before
284 712 54 32 she
355 712 102 32 would
476 712 96 32 admit
590 712 68 31 that
675 711 53 32 the
744 711 79 32 fault
846 711 51 42 lay
913 710 76 31 with

157 774 142 30 Madame
316 773 36 31 de
369 773 168 31 Mottefort.

201 836 29 30 It
261 847 62 19 was
350 839 54 27 not
434 835 77 40 that,
537 833 30 33 in
592 834 53 32 the
671 839 84 37 story
784 834 115 32 Berthe
924 833 68 33 told

160 897 32 32 of
211 897 55 32 her
289 909 69 19 own
381 897 146 40 troubles,
549 896 87 32 there
661 908 64 20 was
749 897 153 41 anything
929 908 64 30 you

161 960 100 31 would
283 959 78 31 have
378 959 78 31 been
471 959 174 31 warranted
670 959 31 31 in
725 959 113 41 calling
863 970 110 30 wrong
984 971 8 19 :

159 1020 53 32 the
237 1020 101 32 words
355 1031 80 20 were
451 1019 69 32 well
548 1019 123 41 enough
673 1038 42 3 —
717 1024 55 27 not
796 1020 53 31 the
866 1019 126 32 faintest

161 1087 83 26 trace
268 1081 34 31 of
321 1093 17 19 a
355 1080 166 32 sentiment
537 1080 67 31 that
632 1081 89 31 could
738 1081 96 31 shock
858 1093 133 30 anyone,

160 1147 53 27 not
229 1142 51 32 the
308 1142 126 31 shadow
450 1142 34 31 of
503 1154 38 19 an
570 1142 169 42 indelicacy
759 1143 34 32 of
813 1144 181 42 expression

161 1223 43 3 —
204 1203 50 32 No
267 1203 6 32 !
299 1203 51 31 the
368 1203 103 31 words
491 1214 80 21 were
589 1203 40 32 all
646 1203 91 42 right,
755 1205 57 31 but
835 1206 159 32 somehow

161 1264 53 32 the
231 1269 115 34 accent,
365 1264 51 31 the
432 1268 81 36 tone,
531 1264 52 32 the
610 1264 113 43 feeling
738 1265 68 32 that
829 1269 164 41 prompted

163 1325 83 33 them
262 1336 64 21 was
349 1325 84 33 false.
480 1325 100 33 There
597 1338 64 20 was
677 1338 18 20 a
711 1332 84 27 want
816 1328 34 32 of
868 1330 126 42 gravity

164 1388 31 31 in
219 1387 62 32 this
298 1399 122 20 woman
448 1387 70 32 who
544 1388 61 31 had
633 1390 144 32 assumed
800 1402 34 21 so
855 1403 97 30 grave
977 1404 17 20 a

165 1449 225 41 responsibility
416 1461 82 29 upon
526 1449 133 41 herself;
685 1463 17 19 a
719 1457 83 27 want
831 1452 34 33 of
884 1453 110 32 enthu-

166 1512 92 31 siasm
285 1510 96 39 there,
407 1510 102 33 where
535 1512 52 31 the
615 1517 64 27 acts
708 1513 180 33 committed
914 1526 80 21 were
