1079 1710
343 92 124 22 COMING
489 93 38 21 TO
550 93 63 21 THE
636 93 102 21 POINT.

898 85 52 25 105

131 166 63 41 her,
221 167 61 32 like
309 168 53 33 the
378 170 72 31 wild
475 170 146 41 clickings
646 169 33 32 of
700 181 18 20 a
733 169 99 31 watch
848 168 103 31 whose

130 227 208 44 main-spring
368 230 25 32 is
416 230 125 32 broken.
596 230 89 33 Some
715 234 113 27 master
858 228 93 32 chord

129 287 62 33 had
208 290 77 32 been
300 291 133 32 touched
449 291 31 32 in
495 291 68 32 that
580 291 94 42 steely
689 296 117 35 nature,
823 290 60 33 and
897 290 53 32 the

127 349 49 42 jar
191 352 149 40 persisted
356 353 62 31 still
433 353 41 32 all
490 365 79 20 over.

177 413 66 31 The
273 413 77 32 hour
381 414 112 40 struck,
530 414 60 32 and
619 414 152 42 appeared
800 418 32 27 to
860 413 93 31 strike

130 483 84 31 upon
237 473 53 33 the
315 475 155 42 Marquise
498 475 161 42 Dowager,
687 474 119 41 herself,
830 474 45 32 for
899 473 53 32 she

132 534 116 32 started
272 535 60 32 and
363 536 148 32 shivered.
565 537 60 32 She
650 548 62 19 was
734 540 54 27 not
810 546 141 29 nervous,

132 595 69 32 that
226 608 83 20 same
334 597 153 42 Marquise
502 611 6 26 ;
531 609 41 20 no
584 599 6 30 !
614 597 120 32 neither
757 596 195 42 impression-

133 657 77 40 able,
235 669 56 20 nor
316 658 153 40 sensitive,
495 670 56 19 nor
577 659 30 30 in
632 670 59 30 any
718 670 67 30 way
805 657 89 32 liable
920 661 33 28 to

132 717 143 33 feminine
306 719 204 32 weaknesses.
563 719 62 32 Yet
657 720 23 30 it
711 719 120 31 seemed
860 722 31 27 to
913 718 39 31 be

131 783 103 37 pretty
258 779 92 31 much
374 779 51 32 the
453 791 83 19 same
563 780 31 30 in
618 780 51 31 the
697 780 59 31 end
773 793 5 26 ;
814 779 58 31 and
898 778 53 32 the

132 840 93 31 series
260 840 35 31 of
328 841 88 30 small
446 845 132 27 tortures
609 840 133 42 through
765 840 99 31 which
899 839 52 32 she

131 901 112 41 passed
270 901 111 42 during
403 901 52 32 the
483 913 89 30 space
589 901 34 32 of
643 906 53 27 ten
718 901 137 40 minutes,
872 912 79 20 were

130 963 151 40 probably
308 963 176 40 equivalent
513 967 32 27 to
569 963 82 31 what
682 962 139 41 ordinary
844 963 107 41 people

130 1023 60 31 feel
211 1024 89 30 when
326 1036 147 29 suspense
498 1024 88 31 racks
610 1024 79 31 their
715 1035 84 20 more
826 1023 124 32 delicate

131 1096 134 20 nervous
281 1090 139 35 systems.

173 1146 44 30 At
248 1146 67 40 last,
340 1147 52 30 the
414 1146 85 32 noise
523 1158 64 20 was
610 1146 93 31 heard
734 1146 33 31 of
784 1146 52 31 the
860 1152 92 35 porte

130 1206 119 31 cochere
265 1207 126 40 turning
414 1218 38 19 on
479 1207 38 30 its
544 1206 117 41 hinges,
680 1206 60 32 and
765 1206 74 31 then
862 1218 86 19 came

127 1268 53 32 the
218 1272 72 27 note
328 1280 82 29 upon
453 1268 52 31 the
547 1268 114 39 timbre,
701 1266 193 41 announcing
929 1278 19 19 a

127 1329 115 32 visitor.
291 1329 65 31 The
383 1340 141 30 progress
549 1328 34 31 of
604 1328 53 31 the
684 1328 87 31 latter
794 1327 76 31 from
897 1327 53 31 the

127 1395 87 28 court
248 1395 31 27 to
314 1390 51 32 the
403 1390 219 31 antechamber
660 1389 122 32 seemed
818 1401 19 18 a
872 1388 75 31 slow

128 1464 66 29 one,
227 1452 27 32 if
278 1464 61 31 you
370 1451 132 33 counted
536 1451 23 32 it
591 1451 42 42 by
662 1451 51 32 the
745 1451 112 31 frowns
887 1450 61 31 and

126 1514 220 41 lip-pinchings
371 1525 39 20 on
435 1513 51 32 the
510 1513 180 41 Dowager's
717 1515 208 28 countenance
939 1522 10 28 -y
