1079 1710
151 60 52 26 186

398 68 82 20 LOVE
504 67 66 21 THE
593 66 160 22 AVENGER.

148 146 33 27 to
197 143 130 41 nothing
343 155 73 19 save
433 142 134 40 activity.
616 141 15 30 I
656 151 58 20 can
738 139 71 31 take
840 138 53 32 the
920 137 63 31 fact

151 204 34 31 of
206 204 93 41 being
325 204 157 41 forgotten
508 203 85 41 quite
622 201 103 42 easily,
744 200 62 32 and
830 210 70 21 care
928 202 55 27 not

152 265 51 32 the
229 266 79 31 least
335 265 45 32 for
407 265 128 40 making
559 276 53 29 my
628 263 131 32 fortune.
807 262 15 31 I
843 261 71 32 love
931 260 52 32 the

151 326 117 32 service
280 340 6 26 ;
320 326 65 39 but,
403 337 34 20 as
473 330 33 27 to
534 325 126 42 staying
686 324 32 31 in
749 323 96 41 Paris,
873 334 110 20 sooner

148 387 77 32 than
251 387 117 32 remain
392 387 85 33 there
505 398 57 21 one
590 387 80 31 hour
696 386 125 42 beyond
845 385 85 32 what
956 384 27 32 is

148 449 236 43 indispensable,
413 450 15 30 I
455 449 103 31 would
585 448 175 43 absolutely
787 448 91 32 retire
903 447 79 32 from

147 512 53 32 the

406 573 173 32 thundered
612 578 53 27 out
696 573 53 31 the
779 571 87 43 gruff
891 576 90 27 tones

148 635 90 42 again
252 648 6 29 ;
319 634 83 33 what
427 646 38 20 an
493 635 156 32 incurable
675 635 130 42 original
819 635 6 32 !
884 634 95 42 Why,

147 709 60 31 you
238 701 83 28 must
351 696 80 33 have
457 696 94 33 taken
578 697 87 32 leave
691 697 35 32 of
751 709 80 30 your
855 707 105 22 senses
973 696 6 33 !

148 759 96 31 Don't
268 770 61 31 you
355 770 50 20 see
428 758 68 32 that
521 770 64 20 war
613 770 39 20 on
679 771 19 19 a
721 759 100 42 grand
848 758 82 32 scale
954 758 25 32 is

149 820 166 42 preparing
317 839 41 3 —
360 819 25 31 is
418 819 186 33 inevitable?
664 820 66 31 Not
761 832 63 19 war
855 820 77 32 with
960 832 19 20 a

149 882 78 42 pack
248 881 34 31 of
302 893 138 29 savages,
462 876 56 37 but
542 881 71 41 real,
632 881 134 41 genuine
792 893 63 20 war
857 900 43 3 —
903 881 74 32 such

148 954 33 20 as
198 954 55 19 our
274 942 115 31 fathers
405 942 61 31 had
481 947 31 27 to
529 943 52 31 tell
598 943 48 40 of;
672 943 61 31 and
749 943 70 32 who
835 943 26 32 is
880 943 96 40 there,

148 1003 83 40 then,
261 1003 67 31 that
349 1002 145 34 wouldn't
521 1004 38 31 be
590 1004 166 32 ambitious
768 1006 15 31 ?
828 1005 104 32 Death
949 1005 31 32 of

148 1077 52 29 my
216 1064 51 32 life
281 1065 6 31 !
314 1064 54 32 but
383 1065 52 31 the
461 1065 172 42 Emperors
643 1066 14 31 I
685 1066 143 42 imagine,
856 1066 122 33 doesn't

148 1138 88 20 mean
262 1138 35 19 us
325 1131 31 26 to
384 1138 40 29 go
448 1131 32 27 to
508 1138 55 20 our
587 1138 112 30 graves
715 1128 130 32 without
862 1128 118 43 having

149 1187 153 32 chastised
344 1187 87 31 those
470 1192 120 37 upstart
628 1188 165 33 Prussians
805 1204 6 27 ;
852 1197 56 25 not
946 1196 33 27 to

148 1248 136 33 mention
310 1248 52 31 the
397 1248 165 41 red-coats,
591 1249 70 32 who
691 1250 72 33 hate
795 1264 37 19 us
863 1258 32 26 at
926 1253 53 32 the

149 1312 117 30 bottom
283 1310 34 32 of
335 1310 78 32 their

224 1372 108 39 Bravo,
501 1372 200 43 interrupted,
719 1375 95 42 gaily,
832 1387 17 20 a
873 1387 105 31 young

151 1434 85 31 voice
248 1447 6 27 ;
340 1444 68 19 now
446 1434 90 31 we're
576 1435 124 42 coming
739 1441 32 27 to
810 1436 168 42 perfidious

150 1495 113 34 Albion
275 1494 6 32 !
