1079 1710
394 99 63 21 THE
480 100 113 21 SILVER
616 100 117 21 MEDAL.

921 95 49 26 101

199 172 99 33 Henri
313 174 126 42 Dupont
464 175 109 32 looked
596 180 31 27 at
644 176 99 31 Claire
760 175 74 32 with
860 188 39 19 an
921 188 52 19 ex-

154 234 138 40 pression
303 235 29 32 in
342 235 101 33 which
454 237 131 42 surprise
596 237 59 31 and
665 237 143 42 curiosity
816 237 157 32 combined

154 295 75 32 with
247 307 18 20 a
280 296 74 32 kind
371 297 33 32 of
416 298 241 40 compassionate
675 298 186 33 admiration.

230 357 16 32 I
261 369 50 20 am
338 358 96 32 afraid
457 371 40 19 no
524 371 56 20 one
596 360 61 30 will
678 360 70 41 help
774 372 60 29 you
858 360 31 31 in
907 360 65 32 that

342 419 38 31 he
404 420 65 31 said
480 434 6 27 ;
543 432 75 29 your
643 421 87 31 uncle
758 422 163 40 Moranges
948 422 24 30 is

156 483 54 28 not
237 491 18 20 a
270 492 72 19 man
357 481 68 31 who
441 481 56 31 has
522 494 70 19 ever
618 482 137 31 received
774 483 106 31 advice
896 483 76 31 from

158 553 60 30 any
235 554 67 28 one,
320 554 34 19 or
380 555 71 19 ever
475 543 171 31 renounced
671 555 18 19 a
711 543 71 41 plan
799 555 33 19 or
847 555 18 20 a
880 544 92 30 whim

157 602 46 31 for
225 603 52 31 the
303 604 72 31 sake
392 604 34 31 of
444 604 149 41 anything
618 616 83 30 upon
723 605 84 31 earth
819 618 6 26 ;
849 605 38 31 he
902 616 70 30 may

159 665 138 40 question
314 677 76 19 even
405 677 76 29 your
496 666 83 40 right
593 671 32 27 to

232 726 16 30 I
263 725 85 32 don't
495 726 133 32 retorted
645 726 98 32 Claire
753 726 75 32 with
843 726 128 42 flashing

155 797 71 29 eyes
237 798 6 28 ;
331 786 60 31 feel
405 787 16 30 I
437 798 49 19 am
502 787 30 30 in
556 787 51 31 the
631 787 88 40 right,
738 787 58 31 and
811 787 16 31 I
841 787 62 31 will
918 791 53 27 not

154 847 89 41 yield.
284 848 15 30 I
315 847 62 31 will
392 848 93 41 apply
500 852 31 26 to
547 859 53 29 my
612 848 87 30 uncle
715 848 127 31 himself.
879 848 15 30 I
911 848 59 30 will

153 920 40 29 go
218 912 32 27 at
275 920 74 19 once
373 913 32 26 to
432 920 53 29 my
505 909 240 31 mother-in-law
756 922 7 26 ;
788 909 52 31 she
865 909 104 31 knows

154 968 55 31 her
224 968 124 31 brother

231 1031 61 32 She
309 1031 61 31 will
386 1036 54 27 not
455 1031 69 40 help

228 1091 139 42 Perhaps
381 1104 6 28 ;
412 1091 54 32 but
493 1091 53 32 she
573 1091 76 32 shall
676 1091 94 32 admit
796 1091 65 31 that
883 1091 16 31 I
920 1102 47 20 am

152 1151 83 42 right
283 1152 70 42 (and
378 1151 52 33 she
455 1152 89 32 made
569 1163 18 21 a
613 1152 69 41 sign
700 1157 31 27 to
756 1151 52 32 the
833 1151 134 32 footman

151 1212 112 33 behind
278 1213 54 32 her
356 1218 32 27 to
412 1213 57 31 call
485 1212 51 32 the
553 1212 146 42 carriage)
713 1225 6 27 ;
773 1212 15 32 I
804 1212 61 31 will
880 1223 40 30 go
935 1217 32 27 to

150 1273 55 32 her
221 1273 139 42 straight,
379 1273 59 32 and
453 1273 73 32 then
542 1273 15 31 I
574 1273 61 32 will
651 1273 94 42 speak
760 1278 31 27 to
812 1285 52 30 my
879 1273 87 31 uncle

149 1335 118 43 myself,
287 1335 58 32 and
361 1335 15 32 I
392 1335 61 32 will
479 1335 85 32 leave
589 1347 40 20 no
654 1339 86 28 stone
763 1334 152 33 unturned
935 1339 32 27 to

150 1409 73 20 save
239 1397 69 32 that
323 1409 74 29 poor
414 1397 145 41 unhappy

193 1460 99 31 Henri
309 1460 126 40 Dupont
450 1459 110 32 bowed
576 1460 59 30 low
651 1459 100 31 before
768 1459 63 38 her,
848 1456 68 41 and,
934 1467 33 21 as

148 1521 38 32 he
203 1521 130 32 assisted
357 1521 54 31 her
432 1521 63 31 into
519 1520 55 32 her
588 1520 145 40 carriage,
