1079 1710
331 93 68 21 TWO
421 93 38 21 TO
483 94 64 20 THE
569 94 126 21 RESCUE.

866 88 52 25 123

146 165 104 33 When
274 167 55 33 her
353 169 238 32 mother-in-law
607 170 72 42 paid
699 169 53 32 her
767 169 153 42 promised

103 227 71 32 visit
190 228 77 33 after
282 230 164 42 breakfast,
463 231 86 32 there
565 231 147 42 certainly
727 240 79 23 were
822 235 98 27 traces

103 289 35 31 of
155 289 54 33 the
226 290 209 43 indisposition
458 292 33 32 of
509 292 52 32 the
585 293 58 41 day
658 292 111 41 before,
788 293 59 31 and
869 292 51 31 the

103 349 133 42 pinched
262 351 131 33 features
419 354 59 30 and
504 354 148 41 yellowed
676 354 188 41 complexion
892 352 32 32 of

101 410 54 33 the
171 411 154 43 Dowager
339 414 73 31 bore
428 415 124 31 witness
574 415 67 31 that
664 415 172 40 something
858 415 60 31 had

102 473 78 32 been
208 475 156 32 disturbed
388 476 31 31 in
446 476 51 32 the
524 476 119 42 usually
662 488 77 20 even
758 481 109 27 tenour
890 475 34 32 of

100 533 56 32 her
171 535 115 33 health.
334 537 62 31 But
417 548 82 31 upon
525 537 68 32 that
615 537 116 42 subject
750 537 52 32 she
818 537 101 31 would

100 599 56 27 not
171 596 129 32 tolerate
316 609 19 19 a
351 597 96 41 single
461 598 148 41 question,
624 598 60 31 and
695 598 93 40 tartly
804 597 114 41 replied

100 655 68 32 that
184 657 131 40 nothing
329 669 63 20 was
409 669 71 20 ever
495 658 52 31 the
563 663 111 27 matter
690 658 72 31 with
778 658 64 30 her.

144 717 63 31 But
222 718 91 31 when
330 718 100 32 Claire
454 719 153 31 broached
631 719 52 31 the
705 719 116 41 subject
835 730 82 30 upon

99 779 100 31 which
225 780 53 30 she
304 791 33 20 so
363 780 139 41 ardently
526 780 120 32 desired
669 786 32 26 to
723 780 116 32 consult
864 780 54 32 her

98 841 248 40 mother-in-law,
363 841 53 32 the
441 842 89 31 latter
546 842 85 41 flatly
646 841 121 32 refused
786 846 31 26 to
838 841 79 31 have

99 902 150 41 anything
273 902 158 32 whatever
454 907 32 27 to
512 902 38 32 clo
577 902 74 32 with
675 903 31 32 it.
753 902 45 31 As
820 907 32 27 to
877 902 40 31 all

97 963 52 32 the
165 975 106 30 young
286 964 181 42 Marquise's
488 968 177 38 arguments
689 964 94 31 about
805 963 112 32 human

99 1025 91 40 souls,
218 1025 60 31 and
301 1025 109 41 higher
432 1025 107 40 duties,
557 1026 65 39 &c,
640 1025 64 39 &c,
721 1024 52 32 the
793 1024 124 42 implac-

98 1086 68 31 able
182 1086 155 42 Dowager
352 1086 134 42 laughed
501 1086 84 31 them
608 1090 32 27 to
663 1097 96 28 scorn,
778 1085 60 32 and
852 1085 65 32 told

97 1146 110 40 Claire,
225 1158 168 29 moreover,
408 1147 67 31 that
491 1146 54 32 she
561 1157 63 21 was
640 1145 179 42 embarking
834 1157 83 31 upon

96 1221 18 19 a
128 1213 81 27 most
224 1210 159 41 unseemly
404 1209 175 42 enterprise,
596 1209 61 31 and
679 1208 69 31 that
773 1208 73 31 such
870 1208 46 30 in-

94 1271 121 31 famous
232 1282 119 20 women
374 1283 33 20 as
431 1271 53 31 the
508 1270 119 42 Sphinx
650 1274 82 27 must
754 1270 37 31 be
814 1270 55 31 left
884 1275 31 26 to

94 1332 82 32 their
206 1332 71 40 fate,
309 1332 67 32 that
406 1332 74 41 they
510 1343 80 20 were
620 1331 169 41 invariably
817 1332 98 30 better

93 1393 120 32 treated
228 1393 76 32 than
319 1393 74 42 they
409 1393 155 40 deserved,
582 1393 59 31 and
661 1392 66 32 that
743 1392 24 31 it
782 1404 62 19 was
861 1391 54 31 the

94 1455 110 42 height
225 1455 35 32 of
277 1454 199 43 impropriety
491 1459 31 28 to
546 1454 119 32 meddle
681 1454 74 31 with
777 1454 84 31 them
883 1453 32 30 in

93 1530 61 29 any
169 1529 69 30 way
254 1517 166 32 whatever.
