1079 1710
410 105 83 21 TRUE
515 105 86 22 LOVE.

893 104 15 23 5

140 177 29 32 It
184 188 63 22 was
262 178 89 33 when
366 180 153 32 reflection
535 192 93 29 came,
646 180 59 32 and
720 180 53 32 the
789 180 120 32 distinct

96 250 137 32 memory
249 240 34 32 of
301 241 115 41 details,
433 242 67 32 that
515 243 105 31 Victor
635 242 178 41 recognised
828 241 81 32 what

96 299 53 33 the
164 301 85 32 truth
263 302 95 42 really
370 315 70 20 was.
487 304 29 31 It
531 315 63 20 was
609 308 53 27 not
678 309 31 26 at
723 304 73 32 first.
842 303 66 31 The

96 360 67 33 first
179 362 180 42 impression
374 375 64 21 was
454 375 56 21 one
526 364 33 32 of
576 364 105 32 horror
697 364 58 32 and
772 364 32 32 of
822 375 64 21 awe
901 377 6 27 ;

98 422 35 32 of
160 423 115 33 solemn
300 425 188 41 recognition
518 425 33 32 of
579 425 52 32 the
660 425 118 43 mighty
807 436 101 31 power

98 483 101 32 which
215 489 63 27 sets
300 486 39 30 all
362 486 113 31 human
498 486 215 31 combinations
736 490 31 27 at
781 485 126 41 nought,

98 544 61 31 and
184 544 33 32 of
234 545 65 41 pity
313 545 46 32 for
382 545 51 32 the
455 557 75 29 poor
551 545 274 42 pleasure-seekers
840 545 68 31 who

98 605 61 32 had
195 618 71 20 seen
291 606 78 32 their
392 606 76 32 hour
494 606 35 31 of
560 606 147 33 harmless
737 607 172 41 enjoyment

98 667 109 31 turned
237 667 63 31 into
330 678 56 20 one
413 667 35 31 of
474 667 130 41 wailing.
651 668 101 31 When
785 667 122 41 general

97 727 144 41 suffering
263 727 61 32 and
348 739 112 20 sorrow
477 739 50 20 are
548 728 116 32 around
686 728 70 39 him,
773 739 39 20 no
827 739 79 28 man,

96 787 119 41 worthy
239 787 34 31 of
298 787 52 32 the
372 800 98 28 name,
498 793 117 27 reverts
637 793 33 27 to
699 788 127 40 himself,
854 789 55 30 but

96 860 119 29 merges
238 848 124 32 himself
380 849 63 31 into
466 849 46 31 his
535 849 83 40 kind,
636 849 58 32 and
710 849 74 32 feels
800 849 108 31 collec-

96 909 101 42 tively.
244 909 84 32 Take
344 921 19 20 a
377 921 72 20 man
464 914 32 27 to
517 910 52 32 the
590 922 92 29 verge
704 910 33 31 of
749 909 98 41 death,
866 910 41 31 let

96 970 65 31 him
186 970 59 32 feel
271 970 52 32 the
345 971 70 31 chill
441 971 107 31 breath
569 971 34 31 of
620 971 51 31 the
691 971 153 41 destroyer
870 982 38 20 on

96 1032 48 31 his
168 1032 102 40 cheek,
298 1032 61 32 and
389 1032 38 31 he
449 1032 61 31 will
538 1044 85 20 come
654 1031 77 32 back
761 1031 91 32 cured
879 1031 32 31 of

96 1104 92 31 many
202 1093 104 41 things
321 1093 98 31 which
434 1093 38 32 he
484 1093 73 32 took
571 1093 64 31 into
651 1092 113 32 serious
781 1098 127 26 account

96 1154 109 33 before.
251 1154 30 33 It
304 1154 25 32 is
355 1154 70 42 only
440 1154 52 32 the
515 1153 221 42 firmly-rooted
762 1153 143 41 growths,

96 1215 51 32 the
176 1215 189 42 rock-plants
394 1215 35 31 of
456 1214 47 32 his
538 1215 76 39 soul,
650 1214 66 32 that
747 1213 161 32 withstand

95 1276 84 33 these
212 1275 109 33 shocks
333 1288 6 20 :
371 1275 52 33 the
455 1275 151 42 seedlings
632 1286 51 21 are
705 1274 149 33 scattered
877 1279 31 27 to

96 1337 51 32 the
162 1336 105 33 winds.

138 1399 45 31 At
204 1398 75 41 first,
296 1397 82 41 then,
396 1397 42 33 M.
456 1397 37 32 de
509 1397 140 32 Lancour
672 1397 52 31 did
742 1401 54 27 not
810 1400 99 28 revert

96 1464 33 27 to
144 1458 124 33 himself
287 1470 33 21 or
344 1463 32 28 to
394 1458 49 32 his
466 1470 69 21 own
558 1458 141 43 personal
722 1458 167 32 sensations
903 1469 5 19 :

96 1521 38 32 he
159 1521 52 32 did
234 1521 40 32 all
298 1520 52 32 the
376 1520 80 41 good
480 1519 39 33 he
546 1519 95 38 could,
659 1518 60 33 and
733 1518 88 33 when
843 1518 66 32 that
