1079 1710
438 422 207 32 CHAPTER
676 422 54 32 VI.

298 518 141 21 LIGHTLY
463 517 131 26 LOVING,
620 515 142 23 LIGHTLY
787 514 80 22 LOST.

210 596 110 32 When
343 595 142 32 Madame
502 593 181 33 Beaudouin
700 597 83 28 went
805 597 33 27 to
854 591 146 32 Madame

169 657 36 32 de
222 657 185 32 Mottefort's
430 658 82 39 door,
531 656 53 31 she
601 667 64 20 was
686 654 150 32 informed
852 653 68 32 that
943 652 56 32 she

170 719 61 31 had
254 731 79 29 gone
349 723 31 27 to
396 717 175 41 Versailles,
590 716 103 32 where
715 728 18 20 a
749 715 107 33 cousin
874 714 35 33 of
926 714 75 32 hers

170 780 79 32 lived
275 780 69 31 who
367 780 62 31 had
451 791 94 20 never
572 778 129 41 entirely
734 777 110 32 ceased
868 781 32 27 to
926 776 74 32 hold

171 841 257 32 communication
444 841 75 31 with
542 840 64 40 her,
631 840 56 31 but
710 839 76 32 used
810 843 32 27 to
866 851 62 30 pay
944 838 57 32 her

172 902 85 31 visits
272 902 78 31 from
366 902 73 31 time
454 907 32 26 to
497 902 83 31 time.

215 964 43 31 At
275 963 53 33 the
345 963 58 32 end
420 963 34 32 of
472 975 18 20 a
510 963 149 41 fortnight
675 962 114 33 Berthe
805 962 147 32 returned
968 966 33 28 to

173 1024 55 32 her
243 1024 87 32 Paris
357 1024 105 39 abode,
480 1024 60 31 and
565 1024 144 31 Madame
738 1024 181 32 Beaudouin
945 1024 56 31 im-

173 1084 164 42 mediately
353 1090 46 26 set
421 1084 80 32 forth
517 1096 84 30 upon
623 1084 55 32 her
694 1084 168 33 charitable
891 1085 110 32 errand

175 1150 32 27 to
223 1145 52 32 the
291 1145 171 41 misguided
479 1145 60 32 and
556 1145 265 41 doubly-stricken
838 1157 133 21 woman.

220 1206 60 33 She
297 1206 51 32 did
371 1211 53 27 not
440 1206 69 42 give
537 1206 55 32 her
606 1218 100 29 name,
724 1207 56 32 but
803 1208 117 42 merely
937 1208 67 31 said

177 1267 54 33 she
253 1267 116 33 wished
389 1272 32 28 to
445 1279 50 21 see
518 1268 143 32 Madame
678 1269 37 31 de
739 1269 161 33 Mottefort
921 1283 83 30 upon

178 1329 163 43 particular
364 1329 60 31 and
451 1329 142 42 pressing
620 1329 151 33 business.
818 1331 66 31 The
912 1331 93 32 latter

179 1390 119 42 begged
313 1390 55 31 her
383 1394 31 27 to
431 1390 71 32 wait
523 1402 19 20 a
558 1390 59 32 few
633 1396 153 27 moments
802 1392 47 31 till
867 1392 55 33 she
943 1393 62 32 had

179 1452 129 33 finished
324 1451 144 41 dressing.

224 1515 86 31 Aunt
336 1513 192 33 Clementine
557 1526 62 20 was
645 1514 107 32 shown
781 1515 64 32 into
873 1527 19 20 a
920 1517 87 30 small
