1079 1710
852 90 32 26 17

345 95 63 20 THE
431 96 178 19 FAREAVELL.

79 169 98 32 would
200 169 39 33 be
265 170 68 33 that
363 172 192 41 bridegroom
585 171 59 32 and
673 171 83 32 bride
786 171 102 32 whose

76 241 106 20 names
213 241 80 22 were
324 231 45 32 for
400 244 71 20 ever
494 232 153 32 identified
676 231 73 32 with
777 231 41 32 M.
851 231 37 32 de

77 290 168 33 Lancour's
256 291 184 34 declaration
453 293 34 32 of
497 293 48 32 his
560 293 106 32 dislike
682 293 33 32 of
725 292 163 43 marriages

77 351 141 33 between
234 353 120 32 cousins
367 354 8 31 !

123 412 92 40 Well,
242 413 52 33 the
320 426 138 31 memory
485 416 35 31 of
541 416 59 31 this
624 415 182 32 declaration
825 415 66 31 that

80 475 62 31 had
158 487 33 20 so
206 475 70 33 hurt
298 476 55 32 her
374 482 31 27 at
425 477 50 32 the
498 477 73 31 time
588 478 59 31 had
662 478 59 31 lost
736 478 39 31 all
789 478 102 31 bitter-

80 548 71 19 ness
181 548 70 20 now
280 536 45 32 for
356 537 99 32 Claire
466 550 7 28 ;
508 537 60 31 and
596 538 31 30 in
647 538 52 31 the
723 537 168 32 harmonies

82 597 99 32 which
204 597 171 32 resounded
398 597 132 41 through
551 598 55 31 her
629 598 73 40 soul,
722 598 85 32 there
830 609 61 20 was

82 658 180 41 apparently
277 669 39 20 no
327 657 118 42 jarring
458 663 81 28 note.

126 721 97 32 Claire
261 721 102 31 would
389 721 81 32 often
500 733 69 21 now
598 733 71 31 pass
700 722 73 42 long
801 721 92 32 hours

82 782 87 31 alone
198 781 31 31 in
258 781 68 32 that
355 793 83 21 room
465 782 34 32 of
524 782 70 32 hers
617 782 30 32 in
673 782 54 33 her
751 794 69 21 own
844 782 50 32 old

81 843 99 39 home,
197 842 60 32 and
281 842 61 32 had
367 854 60 30 you
454 843 110 32 looked
588 848 31 27 at
646 843 55 32 her
725 843 81 38 then,
833 854 61 31 you

81 903 102 32 would
205 903 78 32 have
304 915 71 20 seen
392 904 77 40 that,
493 904 149 32 absorbed
662 904 32 32 in
720 915 82 21 some
828 904 65 39 fair,

82 969 93 28 sweet
198 964 107 41 vision,
335 964 53 33 she
412 976 64 21 was
500 965 86 32 miles
612 966 61 31 and
697 965 87 32 miles
808 976 86 30 away

81 1027 77 31 from
187 1026 53 32 the
270 1026 116 42 rivings
419 1027 61 31 and
513 1027 155 42 rubbings,
700 1027 61 31 and
796 1026 98 42 disap-

81 1087 186 43 pointments
292 1086 60 33 and
379 1098 116 21 crosses
520 1087 34 32 of
578 1087 62 32 this
670 1086 152 44 everyday
845 1086 49 32 life

82 1148 34 31 of
128 1160 78 19 ours.

125 1210 62 32 She
210 1221 64 20 was
299 1210 104 32 seated
429 1210 30 31 in
485 1222 58 20 one
569 1210 35 32 of
621 1210 85 32 these
728 1209 168 42 seemingly

82 1271 138 42 peaceful
247 1271 59 43 day
336 1272 118 32 dreams
485 1272 34 31 of
542 1272 79 40 hers,
653 1283 57 20 one
740 1271 156 32 afternoon

82 1333 136 32 towards
242 1332 52 32 the
321 1333 60 32 end
407 1333 34 32 of
462 1333 139 32 October.
656 1333 29 31 It
708 1332 60 32 had
795 1331 102 32 rained

82 1394 122 42 heavily
231 1394 31 31 in
288 1394 53 32 the
365 1394 149 42 morning,
540 1394 60 32 and
624 1394 25 32 it
674 1405 64 20 was
762 1394 71 41 only
863 1404 32 20 as

82 1456 54 32 the
163 1467 57 21 sun
242 1456 170 42 journeyed
437 1455 132 32 towards
593 1455 53 32 the
669 1460 76 27 west
767 1455 68 31 that
858 1454 38 31 he

84 1517 96 32 shone
206 1516 82 33 forth
314 1516 32 32 in
373 1516 113 41 golden
509 1528 79 29 rays,
607 1516 188 33 determined
817 1527 33 20 as
872 1515 25 31 it

802 1582 11 13 c

140 1583 52 14 VOL.
210 1583 34 14 III.
