1062 1607
506 44 29 15 22

52 102 165 29 law-maker,
230 102 54 25 and
296 101 97 25 should
406 106 46 19 not
466 101 33 24 be
513 110 14 15 a
541 100 185 24 law-breaker.
765 99 26 24 If
807 107 52 25 you
879 99 34 24 do
933 103 44 20 not

52 137 77 24 leave
140 136 46 25 the
199 144 74 16 room
287 136 27 24 in
328 135 51 25 five
392 138 125 25 minutes,
537 143 52 23 you
607 134 53 24 will
674 133 56 25 find
743 141 68 25 your
830 133 80 25 shoes
931 133 46 25 full

53 171 31 23 of

86 205 59 24 The
157 204 86 25 oldest
264 203 173 24 Manchester
454 202 91 32 prison
565 210 56 16 was
640 202 98 31 simply
758 210 15 16 a
792 201 127 32 dungeon
942 209 34 18 on

52 238 106 26 Salford
181 238 105 32 Bridge.
323 237 67 24 This
414 245 56 16 was
494 236 126 32 replaced
640 236 68 24 later
731 236 35 32 by
788 244 15 16 a
829 235 95 25 House
948 235 29 25 of

52 272 159 25 Correction
225 276 27 20 at
267 271 103 24 Hunt's
384 271 87 24 Bank.

86 307 59 24 The
157 306 44 25 old
215 306 95 24 House
322 304 29 26 of
371 304 157 26 Correction
549 312 56 16 was
629 304 98 24 visited
744 304 26 23 in
793 310 64 25 1774
875 304 36 31 by
930 304 45 24 the

52 341 105 24 famous
179 340 72 34 John
274 339 131 25 Howard.
442 338 59 24 The
514 338 98 32 keeper
637 346 55 16 was
717 346 14 16 a
756 337 140 29 chandler,
917 337 60 26 who

51 375 142 31 employed
214 382 74 16 some
309 372 30 26 of
356 373 46 25 the
422 372 135 32 prisoners
578 372 27 24 in
628 372 109 32 making
759 371 167 25 candlewick
948 376 28 21 at

51 409 75 24 three
140 408 151 31 half-pence
306 415 14 16 a
333 407 100 32 pound.
483 406 53 24 His
554 406 89 32 salary
660 414 56 16 was
735 406 89 24 raised
837 405 67 25 from

52 447 27 20 to
158 450 33 16 on
205 442 90 32 giving
309 449 36 23 up
359 442 46 23 the
419 440 115 31 farming
547 440 29 24 of
587 440 45 24 the
646 443 57 28 tap.
749 439 59 25 The
822 440 115 24 number
950 440 27 24 of

51 484 134 24 prisoners
215 479 27 21 at
261 483 50 16 one
330 476 64 23 time
413 475 93 24 varied
525 474 68 24 from
612 474 40 24 six
677 478 27 20 to
729 481 41 24 51.
825 474 100 29 When,
945 474 26 24 in

53 511 72 31 1787,
140 518 14 16 a
168 518 58 16 new
239 509 90 32 prison
343 517 56 16 was
411 509 116 27 erected,
541 509 19 23 it
573 516 56 16 was
638 508 132 31 arranged
786 509 147 31 according
946 512 28 20 to

51 544 46 24 the
110 544 78 31 plans
201 542 28 26 of
239 543 71 33 John
325 542 130 28 Howard,
470 542 90 24 whose
574 550 80 16 name
667 550 56 16 was
742 550 33 16 on
797 542 45 24 the
861 542 111 25 founda-

51 578 155 25 tion-stone.
244 577 67 24 This
324 577 56 24 also
394 576 50 24 has
457 576 101 32 passed
572 584 87 24 away.

87 612 24 24 It
134 611 45 25 the
203 619 63 24 year
293 618 63 24 1750
379 618 74 17 some
478 610 168 31 progressive
670 609 78 32 spirit
773 609 116 32 thought
914 610 60 25 that

53 646 173 23 Manchester
250 652 56 17 was
324 652 60 16 now
403 644 73 31 large
495 644 53 24 and
571 643 57 25 rich
649 644 106 31 enough
779 647 28 21 to
827 648 113 27 support
960 653 14 16 a

51 679 80 24 stand
162 678 29 24 of
222 678 124 32 hackney
379 678 125 29 coaches,
530 678 54 24 and
610 677 172 32 accordingly
811 677 66 33 they
906 686 68 17 were

51 713 135 24 stationed
200 712 25 23 in
241 713 39 23 St.
296 713 84 22 Ann's
394 712 112 31 Square,
521 712 64 23 then
599 719 29 16 as
642 719 60 16 now
716 719 15 16 a
745 712 78 31 place
845 712 29 23 of
884 717 84 19 resort

51 746 39 25 for
113 746 47 24 the
184 746 82 24 belles
290 746 53 23 and
367 746 88 23 beaux
472 745 30 24 of
523 746 47 23 the
593 749 82 20 town.
718 746 88 23 There
830 754 70 16 were
925 750 46 21 not

51 780 106 32 enough
171 779 29 24 of
210 784 112 27 patrons
340 784 28 19 to
382 779 56 24 find
456 779 184 32 employment
663 779 40 24 for
721 779 54 24 this
788 779 112 33 solitary
913 780 61 24 cab-

52 814 88 28 stand,
153 813 54 24 and
222 813 19 24 it
255 813 51 24 had
319 817 27 20 to
361 813 32 24 be
405 813 79 32 given
499 821 45 23 up,
559 812 67 25 after
640 812 35 25 its
688 817 152 28 promoters
858 814 54 24 had
924 814 51 25 lost

52 856 96 23 money
162 848 35 31 by
210 847 29 28 it,
253 847 53 24 and
319 846 46 25 the
379 847 81 24 belles
474 846 28 25 of
514 847 44 24 old
573 847 175 24 Manchester
758 847 80 32 again
848 848 125 31 tramped

52 881 70 25 their
146 890 60 23 way
229 889 34 16 on
288 884 109 28 pattens
419 881 116 31 through
560 880 46 25 the
631 881 64 24 mud
720 881 54 25 and
799 881 53 25 dirt
876 882 29 24 of
931 882 45 24 the

51 919 105 20 streets.
194 915 24 24 It
231 922 57 17 was
301 918 47 21 not
367 915 67 24 until
455 916 64 23 1810
531 914 60 25 that
604 915 45 24 the
663 915 231 33 hackney-stands
908 924 68 16 were

52 949 156 31 organized.

85 983 39 23 As
140 983 55 23 late
213 990 30 16 as
258 989 64 24 1770
334 982 46 24 the
399 982 91 24 letters
509 990 68 16 were
596 982 117 32 brought
732 983 67 23 from
820 984 116 24 London
951 984 25 24 in

52 1017 66 31 bags
130 1016 75 24 three
217 1016 78 24 times
308 1024 15 15 a
333 1016 73 23 week
420 1017 34 30 by
467 1024 16 16 a
493 1020 61 27 post
565 1017 51 32 boy
626 1024 34 16 on
675 1024 14 16 a
700 1016 177 26 half-starved
890 1017 87 26 horse.

52 1050 59 24 The
124 1050 118 32 delivery
260 1050 29 23 of
304 1050 45 24 the
365 1050 91 23 letters
477 1058 55 16 was
550 1050 114 24 effected
681 1050 67 24 each
768 1051 53 32 day
836 1052 35 31 by
885 1061 34 15 an
934 1052 43 25 old

52 1092 63 16 man
129 1083 53 25 and
195 1083 41 24 his
249 1083 68 27 wife,
328 1083 60 24 who
399 1083 134 25 delivered
543 1083 44 25 the
601 1084 91 24 letters
705 1083 30 26 of
744 1084 46 25 the
800 1089 84 21 entire
897 1090 80 20 town.

87 1117 58 24 The
158 1126 72 15 news
244 1117 28 24 of
288 1116 45 25 the
352 1117 85 24 battle
449 1116 29 25 of
495 1118 140 24 Waterloo
648 1126 55 16 was
724 1118 116 32 brought
859 1123 28 21 to
902 1121 75 23 Man-

51 1151 107 24 chester
178 1151 34 31 by
226 1159 14 16 a
262 1155 71 20 stout
355 1151 78 29 rider,
458 1151 50 24 Mr.
530 1151 71 34 John
625 1151 106 33 Pooley,
746 1153 62 24 who
829 1154 64 23 rode
912 1154 65 24 from

53 1185 116 24 London
184 1188 26 21 to
224 1185 54 24 this
290 1188 71 21 town
374 1185 26 24 in
415 1188 145 22 seventeen
571 1185 90 26 hours,
676 1186 53 24 and
742 1187 110 32 making
866 1188 41 24 his
919 1197 58 24 way

52 1222 28 21 to
97 1219 46 24 the
164 1219 174 24 Manchester
359 1219 157 31 Exchange,
538 1219 134 24 toil-worn
694 1220 54 24 and
765 1221 212 30 travel-stained,

51 1256 51 27 put
123 1254 44 22 the
192 1253 114 24 Gazette
328 1253 214 32 Extraordinary
564 1253 57 24 into
642 1253 45 25 the
709 1254 88 25 hands
819 1255 28 24 of
864 1256 113 25 Francis

52 1287 113 31 Philips,
179 1286 61 24 who
253 1287 63 23 read
327 1290 45 20 out
383 1287 46 24 the
442 1295 73 16 news
527 1292 28 19 to
569 1287 45 24 the
627 1287 137 33 delighted
779 1288 117 26 hearers.

88 1320 31 24 In
135 1327 62 25 1773
208 1320 20 24 it
239 1328 55 16 was
305 1320 152 24 advertised
467 1320 60 25 that
537 1320 46 24 the
595 1321 182 30 Manchester,
793 1323 184 33 Warrington,

52 1354 55 24 and
129 1354 145 32 Liverpool
299 1358 73 28 stage
391 1354 85 24 coach
497 1354 88 25 would
605 1359 41 20 set
660 1359 47 21 out
729 1355 68 26 from
812 1357 46 24 the
873 1358 104 31 Spread

53 1388 93 32 Eagle,
169 1388 27 24 in
217 1387 115 29 Salford,
355 1396 34 16 on
411 1388 128 32 Monday,
554 1388 180 33 Wednesday,
757 1391 54 23 and
836 1392 102 33 Friday
951 1392 26 24 in

51 1430 81 24 every
145 1421 83 30 week,
241 1421 54 25 and
307 1422 126 24 returned
446 1421 100 25 thither
559 1431 34 15 on
608 1423 136 33 Tuesday,
758 1424 152 34 Thursday,
924 1427 53 24 and

54 1456 144 32 Saturday.
234 1456 66 24 Lest
314 1456 45 24 the
368 1459 99 21 terrors
477 1455 29 25 of
512 1455 45 25 the
565 1456 115 32 journey
690 1457 96 25 should
798 1458 32 25 be
841 1463 46 20 too
897 1460 80 25 much

52 1490 65 32 they
137 1497 69 17 were
228 1489 110 25 assured
357 1489 47 25 the
425 1489 138 25 travellers
583 1491 90 23 would
695 1495 69 21 meet
785 1492 65 25 with
863 1494 114 32 friendly
