1079 1710
141 71 52 24 148

371 77 82 21 LOVE
476 76 65 21 THE
564 74 161 22 AVENGER.

139 153 95 42 bility.
282 154 29 32 It
341 154 61 32 had
431 154 78 31 been
542 152 65 32 said
636 151 70 32 that
736 150 53 32 the
820 148 77 33 rival
925 148 42 33 he

139 215 104 32 feared
259 215 110 40 would,
391 215 29 31 in
444 215 88 31 order
547 219 33 27 to
597 214 61 31 win
677 213 51 32 the
750 212 127 42 Sphinx,
896 210 70 33 Aved

139 275 62 33 her.
249 277 28 31 It
308 288 63 20 was
403 276 70 42 only
504 288 18 20 a
553 275 93 40 word,
674 287 19 20 a
724 273 190 43 suggestion,
947 283 19 21 a

139 337 88 42 thing
254 338 37 32 he
318 338 112 40 would,
459 338 61 32 had
551 337 38 33 he
616 337 78 33 been
720 337 31 32 in
779 336 47 32 his
852 347 115 26 senses,

139 399 77 32 have
233 399 133 42 laughed
387 404 30 27 to
439 411 88 20 scorn
539 414 7 27 ;
570 400 56 31 but
644 399 40 32 he
705 411 63 20 was
788 403 55 28 not
862 398 32 31 in
915 398 49 31 his

140 473 112 29 senses,
274 462 59 31 and
358 462 52 32 the
437 462 72 32 seed
534 461 34 32 of
588 461 180 42 suggestion
792 460 63 31 had
882 459 80 32 sunk

139 524 61 31 into
216 536 17 19 a
249 524 128 31 kindred
393 524 63 40 soil,
475 524 60 32 and
556 524 63 31 had
642 523 146 43 sprouted
804 522 81 32 forth
901 522 66 31 into

139 596 17 20 a
172 585 112 40 goodly
299 590 73 28 tree.

182 646 95 32 What
293 647 27 31 if
330 647 37 32 he
383 659 80 20 were
480 652 32 27 to
528 658 103 31 marry
647 646 55 33 her
725 646 146 32 himself?
893 645 71 43 why

138 712 52 28 not
202 710 14 30 ?
260 708 140 32 Another
424 709 61 31 had
510 709 76 31 been
611 708 130 43 reputed
765 708 94 42 ready
874 712 38 28 to.
923 708 39 32 do

139 781 33 20 so
174 789 42 3 —
217 769 71 42 why
306 774 54 27 not.
381 770 38 31 he
431 772 15 30 ?
469 770 59 32 and
550 770 75 32 then
644 770 38 32 he
704 770 135 42 thought
859 769 34 32 of
910 769 53 32 the

139 831 160 32 artist-like
316 832 138 41 pleasure
479 832 33 31 of
531 832 183 42 developing
730 832 60 31 this
806 832 157 41 primitive

138 896 116 36 nature,
272 892 60 31 and
351 892 34 31 of
403 893 69 31 how
487 894 53 30 she
556 897 83 27 must
654 893 152 41 naturally
825 892 136 42 Avorship

138 953 51 31 the
205 953 175 32 benefactor
398 954 39 32 he
459 954 110 31 should
590 966 93 30 prove
706 954 125 32 himself
848 959 32 27 to
901 955 39 31 be
952 955 7 32 !

139 1014 50 31 He
205 1014 99 31 would
319 1026 69 20 noAV
401 1015 99 31 watch
516 1014 53 32 the
584 1015 129 41 melting
730 1015 33 31 of
774 1015 52 31 the
842 1015 118 31 marble

139 1076 62 30 into
227 1076 77 31 flesh
332 1076 45 31 for
403 1077 73 39 him,
503 1077 182 41 Pygmalion
697 1078 15 31 ?
757 1077 100 32 These
883 1088 79 21 were

139 1148 113 29 among
267 1137 52 31 the
335 1138 144 31 ancients'
502 1138 139 41 god-like
659 1138 79 42 joys,
764 1138 193 42 Pygmalion,

139 1198 109 31 indeed
260 1198 6 32 !
291 1198 82 32 Avhat
388 1198 50 32 did
454 1199 38 32 he
509 1211 54 30 say
575 1201 13 30 ?
611 1200 38 31 he
666 1211 63 21 was
747 1200 134 42 Jupiter,
901 1201 60 31 and

139 1259 52 31 she
206 1259 128 40 Semele,
349 1259 59 32 and
424 1259 37 32 he
474 1272 84 29 grew
569 1260 112 42 lighter
697 1261 61 31 and
774 1274 140 30 younger
926 1275 35 19 as

139 1320 37 31 he
188 1319 131 41 thought
334 1320 65 31 that
415 1320 164 42 happiness
592 1333 63 20 was
673 1322 85 32 there
775 1327 32 27 at
823 1323 48 31 his
887 1323 70 40 feet,

139 1380 126 41 Avaiting
279 1386 32 26 to
327 1380 37 32 be
380 1380 111 42 picked
505 1392 42 31 up
563 1381 26 32 if
599 1381 39 33 he
655 1383 102 31 Avould
774 1384 71 41 only
862 1388 96 37 stoop.

183 1441 89 40 Well,
301 1441 37 32 he
366 1441 99 33 would
493 1447 105 38 stoop;
634 1445 62 31 and
721 1445 117 41 having
863 1446 96 31 taken

139 1504 66 32 that
220 1503 126 41 resolve,
364 1503 38 32 he
418 1504 110 41 would,
547 1506 162 41 according
724 1511 32 27 to
773 1506 46 32 his
835 1511 121 36 nature,
