1079 1710
858 99 52 26 273

331 102 123 22 BEFORE
477 102 67 22 AND
567 103 109 21 AFTER.

88 169 26 33 is
137 176 56 28 not
215 173 58 33 like
297 174 47 33 his
368 176 99 41 hand;
500 177 52 32 the
576 177 39 33 G.
640 177 60 32 and
721 177 52 32 the
797 177 38 32 V.
861 188 49 21 are

88 232 60 33 like

133 295 61 32 But
218 297 73 32 here
315 298 47 41 he,
387 304 60 36 too,
473 300 130 43 stopped
628 300 157 42 suddenly,
810 299 60 33 and
892 311 17 21 a

88 355 142 42 paleness
254 370 85 21 came
363 371 73 21 over
458 359 48 33 his
528 360 140 39 features,
693 361 59 31 and
774 360 75 32 then
871 359 38 33 he

88 417 65 32 also
170 419 42 32 let
226 420 53 32 the
295 432 96 31 paper
406 421 85 43 drop,
509 422 60 31 and
585 423 22 31 it
624 423 50 41 lay
687 435 38 19 on
740 423 53 31 the
809 427 100 37 carpet

89 483 32 27 at
136 479 79 33 their
230 481 68 39 feet,
316 481 76 32 with
407 482 51 32 the
474 494 89 20 name
565 503 44 3 —

195 548 91 24 Gaston
296 550 60 22 Jean
368 550 142 30 Ferdinand,
522 551 106 29 Marquis
640 552 28 22 de
679 552 124 28 Vivienne,

89 604 119 42 staring
229 610 31 27 at
279 606 85 31 them
385 606 79 32 from
483 607 53 32 the
558 608 94 31 soiled
669 608 115 31 surface
807 608 35 31 of
857 608 50 32 the

87 665 94 32 much
198 667 156 41 crumpled
370 680 102 28 paper.

132 728 67 32 The
214 733 62 27 two
291 740 71 20 men
378 729 109 32 looked
502 734 33 27 at
551 729 74 32 each
640 729 93 40 other,
746 729 60 32 and
818 729 89 31 knew

87 789 83 32 what
184 789 81 32 their
281 801 140 21 common
436 790 133 41 thought
584 790 126 42 pointed
722 796 40 27 to.

162 852 83 32 How
265 863 87 21 came
372 852 23 32 it
414 856 55 28 not
489 856 32 28 to
542 852 79 32 have
645 852 77 32 been
745 851 161 42 destroyed

86 914 32 31 in
145 913 41 32 all
211 913 88 32 these
326 925 88 30 years
427 915 14 30 ?
506 913 172 42 whispered
704 913 115 40 Victor,
849 914 58 31 and

88 974 83 31 what
190 974 128 42 Dupont
339 974 158 31 answered
516 986 63 19 was
600 975 195 41 pronounced
815 974 32 32 in
868 987 39 19 an

88 1034 167 42 exceeding
285 1035 59 31 low
370 1039 81 33 tone,
478 1035 56 31 but
560 1034 58 32 low
646 1046 32 20 as
705 1035 24 31 it
755 1047 72 28 was,
855 1035 51 32 the

88 1107 89 20 name
195 1095 34 32 of
272 1094 120 33 Gaston
438 1094 50 32 fell
503 1106 82 31 upon
602 1094 124 33 Claire's
743 1105 57 22 ear.
847 1095 59 32 She

88 1155 111 32 turned
215 1154 98 33 round
326 1168 5 19 :

163 1216 51 32 He
230 1227 63 21 was
316 1227 92 30 eager
429 1221 30 26 at
480 1215 51 33 the
552 1227 76 31 very
760 1215 53 33 she
830 1216 73 40 said,

180 1277 172 41 something
363 1277 148 41 touching
527 1277 118 32 Gaston
662 1277 36 32 de

162 1339 97 31 What
271 1340 13 30 ?
337 1338 198 42 interrupted,
552 1339 162 41 hurriedly,
732 1339 106 32 Henri.

159 1402 51 31 He
231 1401 88 31 could
340 1406 53 26 not
413 1401 53 31 tell
469 1420 39 4 —
510 1401 38 31 he
569 1401 62 31 had
651 1406 52 26 not
851 1401 53 32 she

83 1463 125 43 replied,
333 1474 33 20 as
387 1462 39 32 he
447 1462 70 32 died
537 1462 37 32 he
596 1463 122 32 seemed
737 1469 31 25 to
788 1462 116 41 change

82 1524 47 33 his
160 1524 76 39 idea,
269 1523 46 32 for
345 1523 39 32 he
414 1523 66 31 told
510 1535 48 20 me
585 1524 16 30 I
627 1528 82 27 must
739 1528 54 27 not
822 1524 82 31 mind

807 1591 13 14 T

109 1591 51 15 VOL.
180 1591 34 15 III.
