1079 1710
154 78 33 27 76

393 84 82 20 LOVE
499 83 63 20 THE
586 80 159 22 AVENGER.

153 161 161 33 answered
348 161 123 40 Berthe,
506 159 61 32 and
606 157 88 33 these
727 155 111 41 words,
871 154 115 43 plainly

154 224 124 43 spoken,
296 223 56 32 but
367 223 108 40 telling
490 221 81 32 their
587 220 62 31 tale
666 218 91 43 truly,
776 229 80 21 were
872 217 112 43 pitiful,

152 285 61 30 and
228 289 84 26 went
326 289 33 26 to
376 284 146 31 Madame
539 281 209 32 Beaudouin's
765 279 97 33 heart.

487 343 55 33 she
566 341 189 41 murmured,
774 341 60 32 and
858 340 126 43 pressed

153 407 143 32 Madame
320 407 37 32 de
381 406 186 32 Mottefort's
589 405 85 32 hand
704 404 92 42 again
823 403 160 41 tenderly;

189 470 60 32 and
281 481 61 30 you
383 469 51 32 did
473 473 54 27 not
563 472 134 38 attempt
728 472 32 27 to
793 466 92 33 make
923 477 61 31 any

153 532 172 42 opposition
341 536 32 27 to
389 531 52 32 the
458 531 152 41 marriage
622 532 16 30 ?

197 593 113 33 Berthe
327 593 110 32 looked
454 598 30 27 at
499 593 88 31 Aunt
603 592 195 33 Clementine
815 603 34 20 as
864 590 118 42 though

152 660 54 27 not
222 655 121 40 exactly
359 654 263 41 comprehending
638 654 82 32 what
737 654 55 32 she
808 657 116 29 meant.

258 716 89 32 could
368 720 55 28 not
445 716 79 32 have
549 715 173 43 attempted
738 720 30 27 to
791 726 116 32 oppose
931 726 51 31 my

152 777 125 32 father's
422 776 54 33 she
502 776 73 38 said,
623 776 47 32 for
697 777 42 32 M.
758 776 37 32 de
821 776 161 32 Mottefort

152 851 62 19 was
240 850 39 20 an
299 838 273 42 unexceptionable
601 837 74 32 offer
687 851 6 27 ;
728 837 38 32 he
793 849 64 20 was
886 837 34 32 of
942 849 40 20 an

152 900 151 31 excellent
338 900 48 31 old
421 899 113 42 family,
567 899 61 31 had
660 899 108 32 served
808 899 74 32 with
920 898 62 32 dis-

153 961 136 41 tinction,
308 973 62 19 was
394 961 124 41 already
535 972 18 19 a
568 960 100 33 Lieut.
673 961 153 40 -Colonel,
844 961 61 31 and
921 961 61 31 had

152 1023 67 41 fifty
235 1023 152 31 thousand
402 1022 100 31 francs
518 1034 19 19 a
561 1034 81 29 year,
665 1023 122 31 besides
812 1023 107 42 hopes.
968 1024 14 30 I

153 1085 88 32 could
258 1090 54 26 not
327 1085 79 31 have
422 1085 95 31 found
539 1096 18 20 a
572 1089 123 37 pretext
711 1085 46 32 for

153 1146 143 32 Madame
313 1146 36 31 de
370 1146 158 31 Mottefort
545 1146 124 32 uttered
685 1146 86 33 these
789 1147 101 32 words
908 1146 73 33 with

152 1206 75 33 such
261 1206 143 32 innocent
438 1206 170 41 frankness,
642 1207 68 32 that
747 1208 30 31 in
816 1208 56 32 her
910 1213 72 27 turn

153 1269 143 31 Madame
319 1269 179 31 Beaudouin
524 1281 64 19 was
612 1269 222 42 embarrassed,
853 1271 61 31 and
931 1271 51 32 did

153 1334 53 27 not
221 1330 91 31 know
329 1329 83 32 what
427 1334 30 27 to
474 1341 65 29 say.

228 1391 14 31 I
260 1390 108 32 should
389 1395 54 27 not
458 1390 79 32 have
554 1391 145 32 dreamed
716 1392 34 32 of
768 1394 130 41 making
920 1406 61 30 any

386 1452 142 31 resumed
558 1453 145 32 Madame
731 1455 37 31 de
800 1455 162 33 Mottefort
974 1470 7 27 ;

186 1513 128 41 besides,
350 1524 45 20 we
429 1513 82 32 lived
543 1526 75 29 very
657 1515 127 42 happily
