1079 1710
362 83 64 21 THE
450 84 113 20 SILVER
585 84 116 20 MEDAL.

907 78 34 26 93

120 156 113 41 Pierre,
252 158 78 41 who,
347 161 145 42 wrapped
516 161 30 31 in
569 161 62 32 furs
655 161 59 31 and
734 160 128 41 velvets,
880 172 64 19 was

120 218 144 43 toddling
287 220 94 42 along
404 226 32 28 at
458 222 48 32 his
528 223 147 31 mother's
701 222 73 40 side,
800 222 61 31 and
883 222 61 31 dis-

120 281 155 32 mounted.
323 283 83 31 First
429 283 73 42 they
518 284 105 31 talked
645 283 34 32 of
695 283 53 32 the
765 283 89 40 child,
871 283 71 31 with

121 341 103 32 whom
242 343 100 32 Henri
358 345 127 41 Dupont
501 345 125 31 entered
642 345 63 32 into
724 345 219 39 conversation,

121 411 138 35 cipropos
275 405 34 31 of
320 406 53 31 the
389 406 101 32 icicles
502 406 52 31 the
571 406 76 32 little
660 406 100 32 fellow
776 407 121 32 wanted
913 411 31 28 to

122 466 110 40 gather
248 478 83 30 upon
347 467 52 32 the
415 472 88 35 trees,
521 467 60 31 and
603 467 158 41 gradually
778 467 73 42 they
866 479 79 20 were

123 527 128 41 drifting
273 527 63 32 into
360 527 52 33 the
436 527 117 42 subject
574 527 132 31 towards
725 527 98 31 which
847 527 99 32 Count

124 588 129 42 Dupont
268 588 116 42 always
407 588 145 32 laboured
578 588 66 42 (but
664 588 31 30 in
712 587 82 41 vain)
811 592 32 27 to
858 587 89 42 bring

125 649 110 38 Claire,
259 649 163 32 whenever
441 649 74 41 they
541 649 162 41 happened
727 654 31 26 to
785 649 38 31 be
848 649 96 39 alone,

123 710 130 42 namely,
284 710 122 32 Olivier.
454 710 61 32 She
546 715 32 26 at
605 721 74 20 once
710 709 41 32 let
776 709 80 32 their
880 710 64 31 talk

124 772 132 40 slacken,
275 771 61 32 and
358 771 55 32 her
436 770 182 43 companion
640 770 100 42 began
763 776 31 26 to
811 770 89 32 think
918 770 31 32 of

124 832 85 32 what
232 832 39 32 he
297 832 111 32 should
433 844 54 30 say
502 837 83 35 next,
608 844 33 20 or
666 831 139 33 whether
825 831 39 33 he
887 831 61 33 had

123 897 56 28 not
204 893 102 32 better
332 892 120 33 beckon
479 897 32 27 to
538 892 47 32 his
609 904 108 30 groom
732 897 32 28 to
788 893 90 42 bring
900 893 47 32 his

125 953 90 32 horse
231 953 79 32 back
326 958 32 27 to
375 953 61 31 him
454 953 60 32 and
530 953 64 31 ride
611 953 47 40 off,
673 953 88 32 when
777 953 51 32 the
844 965 104 31 young-

126 1014 156 42 Marquise
300 1014 152 42 suddenly
468 1014 110 32 looked
601 1014 63 32 him
681 1015 153 42 curiously
850 1015 29 31 in
896 1015 51 31 the

126 1076 75 40 face,
220 1076 117 40 saying,
341 1095 44 3 —

200 1138 102 31 When
332 1149 61 30 you
430 1149 40 30 go
504 1142 31 27 to
574 1138 69 31 dine
682 1137 73 32 with
786 1149 52 30 my
862 1138 87 32 uncle

128 1201 173 39 Moranges,
319 1199 52 32 the
392 1211 112 30 person
519 1199 71 32 who
612 1200 95 41 keeps
730 1199 48 31 his
794 1199 94 31 house
905 1199 45 32 for

128 1261 64 32 him
215 1261 25 32 is
264 1261 114 42 always
393 1261 97 40 there,
507 1261 26 32 is
557 1261 53 32 she
633 1266 54 26 not
699 1262 13 30 ?
787 1261 73 31 And
877 1260 73 32 then

130 1323 54 32 she
215 1322 130 33 blushed
381 1322 110 43 deeply
529 1322 62 32 and
634 1322 113 32 looked
786 1322 97 39 down,
918 1333 32 19 as

128 1384 120 42 though
274 1383 134 33 shocked
432 1388 31 27 at
485 1383 117 42 having
623 1388 33 26 to
673 1382 154 43 approach
844 1383 72 31 such
933 1394 17 19 a

128 1446 125 41 subject.

399 1505 115 42 replied
536 1505 108 40 Henri,
674 1504 145 42 certainly
851 1504 99 31 rather
