1079 1710
370 100 64 20 THE
458 100 178 20 FAREWELL.

877 93 34 26 21

142 172 66 33 The
243 184 105 32 young
381 174 153 42 Marquise
575 178 82 28 went
696 178 33 27 to
759 173 72 32 seek
857 172 56 33 her

99 234 106 32 cousin
244 235 117 41 Victor,
392 234 61 33 and
485 235 94 32 found
606 235 63 32 him
697 235 32 31 in
756 234 51 32 the
837 234 76 32 little

101 295 131 43 scantily
260 295 157 33 furnished
459 301 96 27 turret
595 308 93 29 room,
720 296 100 32 which
854 296 61 31 had

102 356 78 32 been
203 356 55 32 her
286 357 91 42 study
397 357 89 33 when
507 357 54 32 she
590 369 62 20 was
684 369 18 20 a
727 357 65 42 girl.
849 357 66 32 Un-

101 418 132 32 finished
267 419 134 41 pictures
426 419 33 32 of
487 419 70 32 hers
580 418 84 42 hung
685 423 53 37 yet
760 430 80 30 upon
862 418 53 32 the

105 479 94 41 walls,
216 479 61 32 and
293 491 17 20 a
325 491 55 30 ray
396 479 34 32 of
446 491 64 28 sun,
529 479 171 41 struggling
714 479 132 41 through
862 480 53 32 the

105 540 72 32 vine
194 540 101 32 leaves
310 540 66 32 that
391 551 83 30 grew
489 540 116 31 around
616 539 52 32 the
683 540 232 42 rarely-opened

105 601 137 40 window,
259 601 50 32 fell
334 612 80 30 upon
440 600 52 32 her
510 600 89 40 easel,
616 600 30 31 in
667 599 51 32 the
740 612 73 30 very
829 601 86 41 place

105 661 101 32 Avhere
222 661 54 32 she
291 661 60 32 had
366 661 54 32 left
436 661 23 31 it
477 661 88 32 when
589 660 53 33 she
665 661 78 32 bade
767 661 89 33 adieu
881 666 33 28 to

104 722 54 32 her
173 722 123 32 father's
311 722 104 32 house.

144 783 66 32 The
226 783 121 32 cousins
363 795 79 20 were
458 783 95 32 alone.

145 844 107 32 Victor
268 855 63 20 was
356 844 143 41 standing
514 849 33 26 at
566 843 53 32 the
638 844 137 40 window,
793 844 124 41 looking

104 909 53 28 out
183 917 73 20 over
290 905 53 31 the
372 905 77 31 little
479 905 126 32 wooden
635 904 105 42 bridge
771 916 72 20 over
865 905 52 31 the

103 970 93 36 moat,
224 965 101 32 which
348 977 39 20 no
410 978 57 19 one
491 977 71 20 ever
584 966 130 40 crossed,
741 966 129 32 because
893 966 24 31 it

103 1039 63 21 was
181 1027 143 42 reported
338 1027 115 32 unsafe.
501 1027 50 31 He
573 1026 111 32 turned
706 1027 97 31 round
829 1027 88 31 when

101 1089 54 32 the
171 1089 72 31 door
260 1088 126 41 opened,
404 1087 60 33 and
480 1087 156 33 advanced
652 1092 32 27 to
699 1092 81 27 meet
796 1087 109 33 Claire.

146 1149 62 34 She
221 1149 89 33 could
326 1154 54 27 not
394 1149 56 32 but
465 1161 51 20 see
526 1149 69 32 how
610 1161 75 30 very
696 1149 92 32 much
800 1149 39 32 he
854 1160 63 21 was

102 1212 124 41 altered,
249 1211 61 32 and
339 1211 83 32 what
454 1216 99 27 traces
577 1222 79 21 were
683 1210 54 33 left
762 1222 82 31 upon
872 1210 45 32 his

102 1278 209 27 countenance
326 1273 43 41 by
383 1272 115 32 mental
515 1272 82 32 strife
613 1271 61 33 and
689 1271 79 43 pain.

145 1336 61 31 For
233 1347 19 20 a
282 1334 61 32 few
367 1334 127 32 seconds
518 1333 75 32 both
623 1345 79 20 were
733 1333 97 40 silent,
858 1332 60 33 and

100 1396 114 42 merely
238 1394 110 33 looked
374 1395 63 31 into
462 1394 75 32 each
562 1393 112 33 other's
697 1393 90 33 faces.
841 1392 76 32 Was

100 1458 87 32 there
203 1456 109 33 indeed
328 1468 60 30 any
403 1455 78 33 need
497 1455 35 32 of
553 1455 99 32 words
664 1456 15 31 ?
701 1454 61 32 had
777 1459 53 27 not
845 1453 73 33 both

102 1531 57 21 one
175 1530 140 31 purpose,
332 1517 75 33 both
423 1529 58 20 one
497 1516 74 33 faith
582 1518 15 31 ?
