1079 1710
161 66 52 26 160

391 72 84 20 LOVE
498 71 63 21 THE
585 70 163 21 AVENGER.

159 150 90 41 right,
268 162 33 20 as
318 150 54 31 she
396 148 142 42 thought,
557 152 32 27 to
614 147 120 42 dispose
760 146 35 32 of
813 145 121 42 herself,
953 157 36 21 so

158 211 73 42 long
247 222 33 21 as
296 211 25 32 it
336 222 62 20 was
419 209 174 42 impossible
610 209 68 31 that
701 208 39 31 he
757 213 31 26 to
805 207 102 32 Avhom
931 207 57 32 she

158 273 86 32 owed
271 284 33 20 so
335 272 91 32 much
454 272 89 31 could
569 283 94 29 guess
695 275 31 27 at
752 270 85 31 what
863 269 121 43 passed.

157 335 62 32 She
244 334 49 32 did
316 338 55 28 not
386 333 72 33 look
474 345 82 31 upon
571 333 62 32 this
650 344 34 21 as
699 333 166 42 betraying
881 333 43 32 M.
945 332 39 33 de

155 396 166 42 Moranges
333 409 6 27 ;
364 395 147 40 whereas,
529 399 32 28 to
577 394 53 33 the
647 394 102 32 laAvful
765 394 70 32 Avife
837 414 42 3 —
881 399 31 27 to
928 394 56 33 the

155 457 133 32 married
318 469 129 29 woman,
480 457 131 31 married
641 456 104 32 before
781 456 53 32 the
873 457 109 40 Maire,

155 519 74 32 with
250 519 48 31 his
321 518 84 32 scarf
424 530 47 29 on,
490 518 60 32 and
572 518 54 32 the
643 530 72 20 cure
731 522 32 28 at
779 518 53 32 the
849 518 86 41 altar,
954 518 24 31 it

153 581 93 42 really
262 581 51 32 did
329 592 83 20 seem
428 585 32 27 to
476 581 55 31 her
547 580 69 32 that
632 581 186 41 everything
833 592 64 20 Avas
918 581 66 31 for-

154 642 120 33 bidden.
323 642 61 32 She
409 642 148 39 believed,
575 642 59 31 this
659 642 144 41 ignorant
828 648 149 35 creature,

153 704 30 31 in
208 704 52 32 the
284 703 130 42 majesty
436 703 34 31 of
487 703 53 31 the
567 703 171 32 institution
763 704 162 42 marriage,
944 716 34 20 as

152 766 30 31 in
198 765 51 32 the
266 765 128 41 majesty
411 764 34 32 of
463 764 91 42 kings
576 765 60 32 and
653 777 165 31 emperors,
837 766 61 31 and
914 779 65 19 was

152 828 31 30 in
212 826 69 32 that
310 830 120 38 respect
460 826 101 31 better
586 826 75 32 than
691 827 55 32 her
773 828 128 31 betters.
950 829 28 31 It

151 901 63 19 was
239 889 39 31 all
304 888 74 32 such
403 900 18 19 a
444 888 142 42 hopeless
612 889 159 32 confusion
798 890 31 31 in
849 890 53 32 the
926 891 49 31 ill-

151 951 111 41 taught
280 951 85 41 girl's
385 951 87 31 brain
485 964 6 27 ;
520 951 44 31 ill-
567 951 112 42 taught
700 963 78 21 even
798 964 86 20 more
899 953 76 31 than

152 1013 175 41 un-taught,
387 1012 213 41 Slow-Avitted,
633 1013 60 32 and
724 1013 167 43 inheriting
922 1015 53 32 the

151 1075 76 41 lazy,
269 1073 173 43 dependent
479 1073 124 32 father's
641 1073 138 33 indolent
818 1075 159 32 subaltern

151 1140 118 35 nature,
301 1135 128 41 nothing
464 1135 30 31 in
525 1135 52 32 the
617 1136 163 32 education
820 1137 55 32 she
914 1138 62 32 had

151 1196 140 32 received
313 1196 60 31 had
395 1208 71 19 ever
491 1196 104 32 shown
620 1197 54 31 her
698 1198 53 31 the
777 1211 116 29 severe,
920 1211 58 21 un-

151 1257 199 32 mistakeable
382 1257 127 32 outlines
536 1258 33 31 of
592 1259 84 31 what
707 1271 63 20 Avas
796 1261 87 34 right
913 1262 60 31 and

152 1319 81 33 what
260 1331 62 19 was
348 1331 112 29 wrong.
510 1319 61 32 She
597 1320 60 31 had
687 1321 95 32 heard
813 1333 33 21 so
878 1323 93 31 much

150 1381 93 32 about
268 1381 52 31 the
345 1380 83 31 blind
457 1380 181 33 submission
663 1387 30 26 to
721 1382 40 32 all
786 1383 189 42 authorities,

150 1443 75 39 that,
242 1442 60 32 had
329 1441 53 32 she
408 1442 78 31 been
513 1443 126 41 capable
664 1443 34 32 of
717 1445 180 42 conceiving
920 1445 53 32 the

150 1505 66 32 idea
244 1503 33 33 of
302 1503 194 43 uprightness
525 1515 37 21 on
599 1504 54 33 her
685 1517 69 20 own
785 1513 138 33 account,
951 1508 22 31 it
