1079 1710
169 82 33 25 28

401 87 82 21 LOVE
508 87 64 21 THE
595 83 161 23 AVENGER.

169 164 150 43 objection
336 164 173 32 sometimes
526 161 99 33 raised
641 161 41 43 by
697 160 90 33 those
805 159 34 32 of
852 158 55 32 her
924 168 69 21 own

168 237 54 22 sex
249 226 78 40 who,
356 225 119 42 though
502 225 73 41 they
600 223 40 33 all
667 221 137 34 admired
830 221 62 33 and
915 231 78 22 even

168 287 81 33 liked
261 287 62 40 her,
342 286 128 33 avoAved
485 286 69 32 that
570 285 74 42 they
661 284 52 32 did
740 287 55 28 not
819 281 174 44 altogether

167 348 187 32 understand
387 347 62 33 her.
505 347 88 41 They
623 345 114 42 mostly
774 343 130 34 accused
939 342 54 33 her

168 409 34 31 of
234 408 203 40 indifference,
473 407 61 32 and
560 407 75 43 they
662 419 90 28 Avere,
785 405 121 43 maybe,
938 409 55 27 not

167 469 185 42 thoroughly
368 469 31 32 in
415 469 50 33 the
485 480 113 31 wrong.

211 530 100 33 Claire
336 541 63 21 was
424 530 31 32 in
482 530 67 32 that
576 534 86 38 stage
690 529 35 32 of
744 529 56 33 her
830 529 88 32 inner
941 528 50 32 life

167 591 101 32 Avhere
295 602 57 21 one
375 591 68 32 idea
469 591 126 32 absorbs
624 591 192 42 everything,
834 590 71 41 and,
929 590 62 32 free

167 652 77 32 from
261 652 39 32 all
310 652 156 42 reproach,
482 652 53 32 she
548 664 78 30 gave
637 664 41 30 up
689 652 55 32 her
753 652 88 32 heart
853 652 60 32 and
924 652 67 32 soul

167 718 31 27 to
213 712 66 33 that
294 712 68 33 idea
377 718 32 27 to
425 712 68 33 feed
515 725 91 30 upon.
654 713 67 32 Her
737 713 98 32 entire
852 713 139 32 external

168 774 60 32 self
246 773 53 33 she
316 774 130 32 devoted
462 779 32 27 to
511 774 110 41 others,
639 775 56 31 but
710 774 131 33 without
861 787 18 20 a
895 775 95 32 shade

168 834 35 33 of
213 834 182 42 preference,
412 835 92 41 being
519 835 51 32 the
587 847 84 20 same
686 839 32 28 to
734 836 48 32 all.

212 896 71 32 You
296 900 82 28 must
393 896 71 32 take
487 896 76 32 with
578 908 61 31 you
655 896 68 33 that
740 897 128 32 Claire's
885 899 105 32 dream

168 957 77 31 from
266 957 160 31 childhood
452 958 141 41 upwards
619 957 61 32 had
704 958 79 32 been
807 959 56 32 her
884 961 107 31 cousin

169 1018 108 31 Victor
290 1032 6 27 ;
331 1018 61 31 and
423 1018 75 41 that,
523 1018 82 42 right
640 1031 33 20 or
707 1031 117 30 Avrong,
849 1021 55 32 her
927 1022 64 32 real

168 1078 113 43 misery
296 1078 60 32 had
380 1090 115 31 sprung
510 1080 77 31 from
610 1080 53 32 the
686 1080 135 43 thought
843 1082 69 33 that
935 1083 55 33 she

169 1138 88 33 could
279 1150 95 21 never
395 1139 39 32 be
461 1140 149 42 anything
632 1145 32 27 to
687 1141 72 33 him.
814 1143 74 32 And
919 1156 71 20 noAV

170 1199 52 32 she
248 1211 64 20 was
339 1200 181 42 everything
531 1202 6 31 !
583 1202 80 31 Pure
691 1214 34 20 as
746 1202 54 33 she
827 1215 74 31 was,
919 1205 71 32 how

170 1259 88 33 could
283 1259 54 33 she
363 1260 37 32 be
427 1260 86 32 other
546 1261 73 32 than
649 1264 211 41 enraptured?
914 1266 76 33 This

170 1332 62 21 was
257 1320 53 32 the
326 1320 87 42 ideal,
431 1322 148 31 romantic
594 1322 69 33 love
679 1323 55 32 she
761 1324 62 33 had
849 1326 141 42 pictured

169 1386 32 27 to
216 1380 116 33 herself
350 1380 189 44 throughout
563 1382 54 32 her
643 1384 98 41 youth
741 1404 43 4 —
785 1386 52 32 the
865 1387 69 33 love
960 1390 34 31 of

167 1441 53 33 the
247 1453 102 31 young
504 1444 45 31 for
575 1445 123 33 Marthe
725 1446 42 32 du
788 1447 131 43 Vigean,
937 1450 53 34 the

169 1502 69 33 love
254 1502 67 33 that
337 1503 74 32 such
426 1504 90 33 noble
533 1505 102 42 spirits
651 1518 33 21 as
701 1508 98 33 Marie
816 1509 36 33 de
869 1511 121 35 Haute-
