1079 1710
333 81 123 21 COMING
480 83 38 19 TO
541 83 63 19 THE
627 82 102 20 POINT.

888 76 50 25 113

121 155 105 43 riority
242 156 35 32 of
288 157 93 32 ladies
398 158 34 31 of
443 158 52 31 the
509 158 94 31 world
619 170 38 19 on
673 158 102 41 trying
785 158 153 31 occasions

122 229 72 20 over
209 230 119 20 women
345 220 34 30 of
390 220 53 30 the
460 220 88 30 other
564 225 71 25 sort.

164 279 61 32 But
255 292 33 20 as
320 293 53 19 our
403 282 97 31 friend
531 282 130 41 Aspasie
688 287 47 26 sat
762 282 176 31 motionless

122 341 60 31 and
197 346 95 36 mute,
310 343 61 31 and
392 343 117 42 merely
531 343 139 32 watched
692 343 51 32 the
767 343 171 32 succession

122 402 34 30 of
167 403 165 32 outbreaks
349 404 33 32 of
393 404 68 42 fury
470 404 100 32 which
586 415 79 21 were
675 404 153 32 exhibited
837 404 101 32 before

121 464 62 40 her,
202 469 32 27 at
249 464 52 32 the
318 465 59 32 end
393 465 34 31 of
445 476 18 21 a
478 465 92 41 given
585 465 73 32 time
674 464 85 33 these
776 465 162 32 outbreaks

120 536 84 29 grew
220 525 60 32 less
293 526 122 39 violent,
433 526 59 32 and
507 526 52 31 the
570 525 66 42 fury
648 525 115 42 having
773 526 165 31 exhausted

121 586 89 40 itself,
223 586 53 32 the
292 587 153 41 Dowager
467 587 97 32 ended
585 587 40 41 by
647 586 120 42 coming
782 591 31 27 to
832 599 18 19 a
874 587 64 31 halt

121 647 60 31 and
207 647 150 43 dropping
377 648 62 32 into
465 648 51 32 the
537 647 82 33 chair
639 648 107 41 placed
767 647 101 32 before
884 647 54 33 her

120 708 123 31 bureau.

162 769 103 32 When
289 769 111 32 silence
426 770 122 31 seemed
572 770 143 31 secured:

117 831 99 41 began
268 831 84 31 Mile,
393 831 37 31 de
476 831 223 42 Mourjonville,
780 830 67 32 that
884 842 50 30 my

117 892 112 31 second
252 892 148 42 thoughts
416 904 80 19 were
519 892 51 31 the
594 891 82 42 right
700 903 79 20 ones.
827 891 14 31 I
857 890 77 33 have

116 952 71 42 only
210 953 111 31 caused
351 964 60 30 you
436 953 53 30 the
524 957 79 26 most
641 952 146 42 perfectly
819 952 115 31 useless

115 1025 94 30 anger
240 1014 60 30 and
331 1013 142 32 vexation
494 1014 41 41 by
559 1014 163 41 imparting
744 1018 31 26 to
799 1025 59 29 you
881 1024 53 30 my

189 1135 33 31 If
245 1136 73 41 they
355 1135 61 31 had
452 1136 77 30 been
560 1134 169 43 suspicions
760 1134 79 42 only,
871 1145 59 30 you

113 1197 101 32 would
236 1202 54 26 not
320 1197 78 31 have
425 1196 132 41 thought
579 1196 23 31 it
624 1195 144 42 requisite
791 1207 77 19 even
899 1200 31 26 to

111 1258 144 42 acquaint
278 1270 49 19 me
354 1258 74 31 with
583 1255 191 44 interrupted
788 1257 141 30 Madame

110 1319 36 32 de
164 1319 192 39 Beauvoisin,
371 1319 131 39 fiercely.

314 1380 134 32 retorted
463 1379 140 42 Aspasie,
615 1379 75 31 with
705 1379 54 31 her
774 1379 150 41 irritating

108 1442 93 41 smile,
294 1442 72 42 they
389 1453 80 21 were
493 1453 85 20 more
603 1441 74 32 than
702 1441 177 41 suspicions,
903 1440 23 31 it

105 1516 62 20 was
192 1504 61 32 still
283 1503 60 33 less
375 1502 144 42 requisite
542 1508 30 27 to
595 1502 142 42 acquaint
760 1513 61 30 you
851 1501 73 31 with

159 1572 52 14 VOL.
229 1572 34 14 III.

833 1568 6 12 I
