1079 1710
159 67 33 25 80

396 72 83 21 LOVE
502 71 65 22 THE
590 69 161 22 AVENGER.

159 152 145 32 Madame
321 152 37 31 de
374 150 165 33 Mottefort
554 154 32 27 to
608 147 96 43 speak
721 146 75 32 with
813 146 57 31 her
886 144 35 32 of
938 143 55 32 her

159 213 99 33 future
275 213 97 41 plans.

204 274 62 32 She
287 274 91 32 knew
396 273 56 43 (for
475 273 115 32 Berthe
615 271 61 32 had
698 269 126 43 already
848 268 65 33 told
936 267 57 32 her

160 336 34 31 of
215 335 72 42 this)
314 335 69 32 that
407 335 54 32 she
486 334 71 41 had,
586 334 80 31 from
692 332 56 33 her
777 331 125 32 mother
929 329 62 32 and

159 398 77 31 from
253 397 55 32 her
326 397 101 32 father
442 397 76 40 also,
535 408 38 20 an
597 395 209 42 independent
821 393 122 31 fortune
960 390 33 32 of

159 460 55 32 her
230 472 78 28 own,
328 459 108 41 which,
451 458 77 32 from
540 457 53 33 the
609 457 79 32 hour
705 456 34 32 of
750 456 56 32 her
825 455 166 42 departure

159 521 77 32 from
263 521 47 31 his
341 520 105 40 house,
474 520 56 32 her
560 519 140 32 husband
731 518 73 40 had,
832 516 75 33 with
938 516 55 33 the

160 588 117 27 utmost
299 582 186 42 generosity,
510 582 89 32 made
625 594 75 20 over
729 588 32 27 to
789 583 64 32 her.
901 584 88 31 Aunt

160 643 220 33 Clementine's
396 643 107 32 notion
519 655 72 26 was,
607 643 70 33 that
701 643 54 33 she
772 644 120 41 should,
910 644 82 32 after

162 717 17 20 a
209 705 176 32 retirement
413 704 33 33 of
473 716 83 21 some
588 705 123 32 months
744 705 31 32 in
803 718 18 19 a
846 712 143 34 convent,

163 767 88 31 settle
267 766 117 32 herself
396 766 188 32 somewhere
601 766 30 32 in
647 766 52 33 the
716 772 140 37 country,
874 774 55 26 not
945 768 48 32 far

162 828 77 31 from
264 828 190 32 Combeville
479 840 33 19 or
540 828 161 42 Malleray,
728 841 33 19 so
787 841 34 20 as
843 834 31 27 to
890 830 39 32 be
945 830 48 32 for

162 889 52 31 the
231 889 101 41 larger
347 889 69 31 half
427 889 34 31 of
477 889 52 32 the
545 901 74 30 year
638 890 107 32 within
767 892 93 31 reach
877 891 33 32 of
921 892 72 32 her-

164 950 60 32 self
242 962 33 20 or
300 950 33 32 of
352 950 109 32 Claire.
512 951 37 31 In
572 951 55 32 her
649 963 85 30 pure,
761 952 110 43 simple
894 953 96 41 mind,

163 1010 53 32 the
240 1010 71 42 only
334 1010 90 42 thing
446 1011 172 42 remaining
645 1013 80 31 after
751 1013 53 33 the
827 1019 165 37 greatness

164 1071 34 32 of
209 1071 52 32 the
279 1072 54 40 sin,
351 1083 63 20 was
429 1072 52 32 the
496 1078 162 36 greatness
676 1074 34 32 of
720 1074 52 33 the
790 1076 165 41 expiation.

242 1132 68 31 You
334 1132 79 32 have
436 1135 174 31 renounced
626 1135 52 32 the
842 1138 54 32 she
914 1139 76 40 said,

166 1193 169 42 earnestly;
479 1195 51 32 the
555 1196 94 32 world
676 1197 25 31 is
726 1198 115 43 always
868 1201 68 41 just
959 1201 33 32 in

164 1255 53 32 the
240 1255 73 41 long
344 1267 64 29 run,
435 1256 59 31 and
525 1268 62 30 you
619 1270 72 30 may
714 1261 59 31 win
798 1262 39 32 its
860 1268 132 38 respect,

167 1321 59 38 yet,
243 1317 42 41 by
308 1328 76 30 your
406 1322 193 38 repentance,
617 1332 53 30 my
685 1333 76 30 poor
785 1323 81 33 child
931 1328 62 31 and

166 1377 72 33 thus
262 1378 118 42 saying,
405 1378 53 33 she
490 1379 74 32 bent
588 1381 89 33 down
701 1384 61 32 and
785 1385 167 43 imprinted
976 1401 17 20 a

168 1438 63 33 kiss
269 1438 34 32 of
343 1438 72 43 holy
452 1439 190 43 forgiveness
681 1455 81 31 upon
802 1446 114 34 Berthe
956 1449 37 33 de

170 1500 186 32 Mottefort's
380 1501 83 32 brow
476 1515 7 28 ;
551 1504 131 43 nothing
704 1505 24 33 is
752 1507 210 37 irretrievable
