1079 1710
892 79 52 25 189

308 86 64 20 THE
396 86 209 20 UNEXPECTED
629 86 133 20 RETURN.

201 162 33 33 If
245 175 41 28 so,
538 164 114 42 replied
668 164 114 39 Victor,
831 164 16 31 I
868 163 76 32 shall

128 229 53 27 not
196 224 38 33 be
250 224 53 33 the
320 225 70 42 only
405 226 121 32 French
539 226 109 32 soldier
664 226 68 31 aa-1io
745 225 62 32 will
824 224 120 43 deplore

129 284 22 32 it
167 284 46 32 for
227 285 53 32 the
302 285 72 32 sake
399 286 34 32 of
452 286 144 32 France's
619 286 117 42 dignity
753 285 59 33 and
836 285 108 32 station

129 345 31 31 in
175 346 52 30 the

289 407 93 31 much
396 406 53 32 the
465 407 150 42 Emperor
631 407 61 31 Avill
709 418 66 21 care
799 407 46 31 for
859 407 67 31 that
938 407 7 31 !

129 467 74 31 And
226 467 92 32 much
342 467 66 31 that
433 467 60 30 will
519 467 88 31 stand
633 467 31 31 in
687 467 51 32 the
762 479 67 30 way
845 467 34 32 of
900 467 46 32 his

129 528 128 41 making
279 539 54 20 use
350 528 33 31 of
401 528 53 31 the
470 528 67 31 best
560 539 70 20 men
647 527 38 32 he
700 528 86 30 finds.
832 528 29 30 It
877 528 25 31 is
919 528 31 31 of

129 589 77 32 little
246 589 80 32 avail
365 600 75 30 your
473 588 92 40 being
598 588 160 39 obstinate,
796 589 149 31 Lancour.

130 650 71 31 You
232 650 70 39 will,
335 661 56 19 one
423 649 34 31 of
482 648 86 32 these
599 649 83 41 days,
714 649 38 31 be
784 649 163 41 appointed

131 710 93 32 about
242 710 52 31 the
318 710 176 41 Emperor's
521 720 69 20 own
615 721 111 29 person
740 722 6 27 ;
780 710 58 30 and
863 710 82 39 then,

130 771 90 31 when
245 782 61 30 you
338 782 50 20 see
412 770 70 31 how
505 782 74 29 easy
603 770 25 31 it
662 770 24 32 is
706 775 32 27 to
769 771 67 39 rise,
853 771 93 41 you'll

130 843 75 21 soon
229 837 54 36 get
320 832 46 31 rid
397 832 34 31 of
457 832 40 31 all
526 843 78 29 your
633 831 59 31 fine
723 832 223 32 humanitarian

206 953 30 32 It
256 953 25 32 is
304 958 55 26 not
379 953 31 30 in
430 952 52 31 the
506 952 175 41 Emperor's
703 964 103 29 power
820 958 32 26 to
867 953 79 33 force

129 1024 50 22 me
216 1019 33 26 to
288 1014 38 31 do
356 1013 85 31 what
471 1013 16 30 I
517 1024 50 20 am
593 1013 138 31 resohred
758 1018 53 27 not
836 1018 32 27 to
898 1014 48 40 do,

379 1072 156 32 answered
565 1072 116 40 Victor,
712 1074 133 41 gravely.
932 1075 14 31 I

130 1135 62 31 Avill
207 1140 105 27 return
328 1139 32 26 at
374 1134 53 31 the
443 1133 59 32 end
517 1133 34 32 of
566 1133 61 32 this
643 1135 106 31 month
764 1140 32 27 to
812 1135 133 42 Algeria,

130 1208 35 20 or
180 1196 16 32 I
212 1196 60 31 will
289 1195 89 31 retire
394 1195 77 30 from
487 1195 51 31 the

205 1257 71 39 Tut,
293 1261 56 35 tut,
366 1268 104 29 young
491 1267 71 20 man
576 1269 6 27 ;
606 1256 41 31 all
669 1257 72 32 talk.
787 1257 94 33 Don't
896 1257 49 33 tell

131 1330 41 21 an
195 1318 50 32 old
270 1317 110 32 soldier
406 1317 60 30 like
489 1328 48 20 me
564 1316 73 32 such
661 1329 150 21 nonsense
824 1331 6 27 ;
853 1319 92 41 you'll

130 1380 65 32 find
210 1391 94 30 many
320 1390 18 20 a
352 1389 108 21 reason
478 1378 45 32 for
540 1378 142 43 thinking
697 1391 17 21 a
732 1385 68 38 stay
815 1380 30 32 in
862 1381 83 31 Paris

132 1441 148 42 pleasant,
299 1439 14 31 I
329 1444 132 26 warrant
476 1450 68 30 you.
592 1439 185 44 Everybody
793 1441 54 31 has
864 1453 81 21 some

131 1503 89 32 chain
236 1501 67 32 that
318 1500 89 32 binds
422 1500 62 31 him
499 1505 32 27 to
