1079 1710
140 82 33 25 18

370 87 82 20 LOVE
474 86 63 21 THE
560 82 159 23 AVENGER.

140 177 86 29 were,
250 165 101 32 before
374 164 39 31 he
438 167 54 35 set,
513 166 32 27 to
569 159 125 34 console
717 156 99 33 vexed
838 155 120 32 Nature

139 227 113 40 kindly.

182 288 98 32 Claire
312 291 46 28 sat
384 290 33 28 at
441 285 55 32 her
520 283 141 40 Avindow,
690 281 126 41 looking
844 283 55 28 out
926 282 31 27 at

138 361 32 20 so
187 361 90 30 many
293 348 131 32 familiar
441 347 116 41 objects
573 344 111 41 which,
703 348 124 36 strange
843 347 32 27 to
893 353 63 30 say,

137 409 121 32 seemed
288 407 241 41 immeasurably
559 407 116 31 distant
706 416 79 29 noAV,
811 403 47 33 for
882 403 75 41 they

137 481 83 21 came
258 475 51 26 not
342 469 106 32 Avithin
479 468 55 32 her
561 468 113 39 dream,
706 464 101 33 which
841 464 116 33 tended

137 530 215 33 heavenwards
364 543 7 27 ;
405 530 52 32 she
490 528 141 32 watched
661 527 51 33 the
744 531 62 28 wet
833 525 123 42 boughs

136 591 74 39 that,
229 596 31 26 at
275 602 92 31 every
382 590 108 32 breath
507 590 33 31 of
556 589 89 40 Avind,
663 588 98 32 shook
778 591 55 28 out
848 586 107 42 bright

137 652 138 38 showers,
293 651 110 32 turned
425 652 42 40 by
486 651 53 31 the
562 649 134 41 sunlight
719 649 64 31 into
807 648 93 42 drops
924 647 33 32 of

136 713 78 41 gold,
233 712 59 32 and
314 712 129 32 listened
461 711 222 41 mechanically
698 715 32 27 to
753 710 52 32 the
826 710 128 31 tAvitter-

136 774 67 41 ings
235 773 33 32 of
293 773 82 32 birds
400 773 76 39 aa71io,
503 773 78 31 from
606 772 79 32 their
712 772 82 42 leafy
820 777 130 35 coverts,

136 834 123 41 chirped
300 834 98 41 feebly
438 839 31 27 to
512 834 74 31 each
628 834 95 39 other,
766 833 70 32 that
877 834 75 41 they

136 895 59 31 had
226 895 133 31 outlived
385 895 51 31 the
468 899 103 28 storm.
628 894 51 31 All
708 894 87 32 earth
826 895 125 31 seemed

136 955 114 41 resting
280 955 75 31 after
382 955 147 41 agitation
544 967 5 20 :
585 966 42 28 so,
656 959 61 36 too,
746 966 65 21 Avas
839 955 110 40 Claire,

136 1016 60 31 and
226 1015 58 32 like
319 1015 40 31 all
391 1015 146 32 idealistic
568 1021 132 35 natures,
732 1016 54 32 she
818 1016 70 41 had,
921 1017 29 32 in

136 1077 57 31 this
224 1088 67 21 neAv
320 1077 93 42 phase
438 1077 34 32 of
501 1077 55 33 her
579 1077 112 33 heart's
718 1078 59 40 life,
811 1090 19 20 a
862 1079 87 42 deep,

136 1137 117 42 though
296 1139 200 32 unconscious
538 1139 115 42 delight
689 1140 30 31 in
761 1140 117 42 finding
919 1142 30 30 in

137 1198 50 32 the
227 1199 136 32 outAvard
402 1204 119 38 aspects
551 1199 34 32 of
610 1201 127 40 Nature,
770 1212 18 20 a
814 1201 75 32 kind
921 1203 33 31 of

137 1259 74 31 echo
231 1264 30 26 to
288 1259 52 32 the
364 1259 166 33 vibrations
555 1260 34 32 of
607 1260 54 32 her
689 1273 67 19 own
781 1262 170 34 innermost

136 1320 98 38 being.

179 1380 29 31 A
229 1380 98 33 knock
351 1392 84 22 came
457 1387 31 27 at
511 1382 54 32 her
586 1383 82 41 door,
686 1385 69 40 and,
773 1397 18 20 a
814 1392 135 27 moment

137 1440 83 38 after,
238 1441 142 33 Madame
396 1443 177 32 Beaudouin
590 1446 132 32 entered.

179 1501 97 33 There
301 1514 62 21 Avas
383 1515 19 20 a
422 1505 112 31 certain
556 1505 44 32 air
619 1506 34 31 of
672 1506 163 35 hesitation
857 1509 93 32 about
