1079 1710
348 97 123 24 BEFORE
493 101 67 20 AND
583 100 111 21 AFTER.

871 94 51 26 281

102 181 88 32 away
207 184 18 19 a
251 173 116 33 chance
393 174 34 32 of
447 175 134 42 keeping
605 188 18 19 a
647 175 72 32 hold
743 186 73 20 over
838 175 88 32 those

101 232 152 40 grandees
267 246 6 27 ;
328 235 61 32 and
405 247 33 20 so
455 236 54 32 she
535 236 74 42 kept
636 236 23 31 it
683 236 46 32 for
752 235 47 32 six
826 247 98 31 years,

102 293 62 32 and
180 295 73 41 only
268 306 80 31 gave
373 296 24 32 it
422 302 54 26 out
492 297 34 31 of
547 297 55 32 her
624 297 133 42 keeping
772 297 97 41 when,
887 309 39 19 on

101 354 78 32 their
195 360 104 28 return
314 357 78 32 from
412 358 79 32 their
507 358 313 32 Moldo-Wallachian
836 358 88 41 exile,

101 415 56 33 her
173 416 141 33 husband
329 418 95 32 asked
439 419 55 32 her
517 420 47 31 for
586 420 32 40 it,
636 420 61 31 and
712 420 53 31 she
781 431 63 20 saw
859 420 67 31 that

102 488 20 20 a
146 482 64 27 sort
234 478 34 32 of
287 479 145 32 ambition
459 480 93 41 being
576 481 129 31 aroused
731 481 31 30 in
788 481 72 40 him,
888 480 38 32 he

103 538 103 33 would
222 539 37 32 be
276 551 18 20 a
311 540 62 32 safe
389 541 149 39 guardian
555 542 34 31 of
599 542 51 31 the
667 542 151 31 talisman.

148 599 67 32 The
231 612 73 20 man
319 602 102 31 would
438 602 77 32 have
539 603 137 31 restored
697 603 51 31 the
765 603 164 31 document

103 665 33 27 to
163 661 39 31 its
237 662 127 41 rightful
392 675 112 28 owner,
532 664 52 31 the
611 676 120 19 woman
762 664 167 41 prevented

103 723 64 31 him
182 736 7 28 ;
212 724 53 31 the
281 736 81 28 man,
380 725 90 31 when
498 736 74 21 once
597 736 84 21 more
707 725 30 31 in
756 725 173 42 possession

103 785 34 31 of
149 785 31 40 it,
199 786 101 31 would
316 786 80 32 have
412 786 98 40 made,
529 786 75 32 after
620 786 50 40 all,
687 786 56 32 but
767 797 19 21 a
810 786 119 42 clumsy

102 858 55 20 use
174 847 35 31 of
227 847 47 31 his
290 852 137 28 treasure
442 861 6 27 ;
473 847 53 32 but
549 859 18 20 a
582 859 120 20 woman
725 848 90 41 again
838 853 53 36 got
907 848 22 32 it

102 908 79 31 from
205 908 72 40 him,
302 908 60 32 and
392 908 202 32 transformed
624 908 23 32 it
670 908 64 32 into
764 919 19 21 a
820 908 109 42 deadly

104 980 137 30 weapon.

149 1030 67 32 The
240 1030 71 42 wily
337 1030 130 42 Aspasie
493 1029 60 32 had
576 1035 54 26 not
653 1029 105 32 talked
788 1041 72 21 over
882 1029 48 32 his

104 1092 90 42 plans
218 1091 46 32 for
289 1091 66 32 half
382 1102 39 20 an
448 1090 77 33 hour
549 1090 75 33 with
652 1090 167 42 Theophile
846 1091 84 31 Mar-

105 1153 115 31 donnet
235 1152 103 32 before
366 1151 54 33 she
437 1163 62 20 was
526 1151 167 33 convinced
710 1151 33 32 of
761 1151 52 33 the
836 1152 94 32 exist-

105 1225 75 20 ence
194 1213 34 31 of
239 1225 18 19 a
272 1217 145 38 mystery,
434 1212 61 32 and
511 1212 187 32 determined
714 1212 66 32 that
795 1212 51 32 the
863 1213 67 31 clue

105 1275 118 31 thereto
241 1273 109 32 should
366 1273 38 32 be
421 1272 154 33 delivered
591 1284 72 21 over
679 1277 31 28 to
726 1272 62 33 her.

148 1335 74 32 And
246 1346 33 20 so
303 1334 24 32 it
350 1345 72 29 was,
452 1345 33 20 as
500 1345 47 21 Ave
571 1333 99 41 know,
697 1333 60 32 and
782 1333 53 32 the
857 1333 73 31 fatal

105 1397 53 32 bill
176 1396 34 32 of
226 1395 157 41 exchange
401 1406 75 20 once
493 1394 160 43 possessed
669 1394 40 42 by
725 1393 82 33 Mile.
824 1394 107 31 Mour-

100 1459 64 41 jon,
189 1457 54 31 the
266 1461 63 27 rest
345 1467 63 20 was
430 1455 55 32 but
509 1467 39 20 an
575 1455 84 32 affair
675 1455 34 32 of
728 1455 73 32 time
826 1454 59 32 and
902 1454 33 32 of

104 1518 100 32 detail.
