1079 1710
161 82 53 26 272

392 87 83 22 LOVE
498 86 65 21 THE
586 84 162 22 AVENGER.

161 166 127 42 Dupont
314 165 130 42 glanced
475 163 125 42 eagerly
630 167 33 27 at
690 161 53 33 the
769 161 74 41 long
868 172 122 20 narroAv

159 228 59 43 slip
234 228 35 32 of
283 239 104 31 paper,
410 238 58 21 one
488 226 60 33 end
569 225 36 33 of
622 224 103 32 which
746 235 64 20 Avas
832 234 71 21 now
918 222 72 33 held

159 290 40 42 by
216 290 97 32 either
327 301 82 29 man,
427 289 59 32 and
503 300 74 20 over
592 287 102 32 Avhich
715 286 76 32 both
812 286 75 32 bent
908 285 81 33 their

159 352 94 31 heads
269 351 74 32 with
359 351 81 31 fixed
456 349 159 33 attention.

364 411 164 33 continued
563 411 153 40 Lancour,
784 410 71 32 look
892 410 73 32 here
980 422 4 20 :

158 475 113 40 'April,
292 475 97 31 1858'
392 492 41 5 —
437 473 85 42 eight
537 485 90 30 years
644 484 60 31 ago
721 476 75 28 next

229 537 74 31 Just
397 535 176 31 murmured
586 535 136 41 Dupont,
737 534 128 41 turning
878 533 105 42 lividly

155 597 68 41 pale
238 608 33 21 as
289 608 57 21 one
362 597 69 31 Avho
448 597 25 31 is
489 597 96 31 about
600 600 32 28 to
648 596 87 40 faint,
786 596 85 41 eight
893 608 90 30 years

154 670 68 20 iioav
231 679 42 1 —
280 659 82 30 1858
368 677 43 3 —
415 662 54 27 not
497 657 34 32 of
552 669 57 30 age
616 676 44 4 —
713 658 61 31 and
801 669 19 20 a
848 657 135 32 shudder

152 720 110 41 passed
278 731 72 21 over
365 719 46 32 his
428 719 98 32 whole
542 719 105 33 frame.

229 781 29 32 It
272 780 26 33 is
313 780 46 32 for
376 792 18 20 a
409 780 84 41 large
510 792 67 20 sum
691 781 144 32 resumed
852 781 110 32 Victor
974 796 6 26 ;

183 842 82 42 sixty
280 841 152 32 thousand
448 841 101 32 francs
563 843 6 30 !
595 842 60 31 and
670 846 62 27 two
750 842 54 31 full
820 854 91 30 years
926 843 54 32 be-

149 904 64 31 fore
232 904 47 31 his
300 903 142 42 majority
445 923 41 2 —
489 903 38 31 he
543 915 64 19 was
623 907 194 38 twenty-one
834 905 30 31 in
882 907 52 31 '60
936 925 43 4 —

151 967 52 30 but
238 966 22 31 it
296 966 25 31 is
352 965 79 42 paid,
465 965 83 31 Avhat
580 966 90 30 could
706 966 111 32 induce
849 967 64 32 him
946 973 32 27 to

147 1039 88 30 carry
261 1027 24 31 it
309 1027 94 31 about
429 1026 74 31 with
529 1026 72 40 him,
628 1031 32 27 at
690 1027 62 31 this
780 1028 139 33 distance
948 1029 33 32 of

190 1150 30 30 A
258 1161 96 29 groan
387 1149 131 42 escaped
552 1150 154 41 Dupont's
740 1151 114 43 tightly
893 1164 82 20 com-

146 1210 125 42 pressed
287 1210 66 42 lips,
379 1211 60 31 and
462 1211 38 32 he
524 1211 100 32 seized
641 1211 54 32 the
713 1213 81 31 back
810 1213 35 32 of
856 1226 19 20 a
891 1215 83 33 chair

147 1272 29 31 in
191 1272 53 32 the
261 1277 107 36 strong
383 1271 67 42 grip
473 1272 33 32 of
522 1272 46 32 his
590 1273 84 42 right
688 1274 93 41 hand,
799 1275 112 43 letting
926 1277 47 33 his

144 1332 60 33 end
234 1332 34 32 of
293 1332 51 31 the
376 1343 94 30 paper
502 1344 117 32 escape.
668 1335 110 32 Victor
807 1338 114 32 turned
951 1339 22 32 it

144 1393 98 33 round
257 1393 30 31 in
304 1392 47 32 his
366 1392 114 40 fingers
492 1406 5 19 :

218 1454 83 32 Here
318 1453 25 32 is
360 1453 120 32 Gaston
497 1454 37 32 de
551 1455 179 34 Vivienne's
752 1470 91 21 name
867 1465 31 27 at
920 1462 49 32 the

271 1514 65 33 said
353 1514 47 40 he,
420 1515 73 32 Avith
514 1527 39 20 an
575 1517 117 33 altered
713 1526 117 36 accent,
879 1528 54 35 yet
949 1525 20 31 it
