1079 1710
162 82 17 24 4

390 86 81 21 LOVE
495 84 64 22 THE
582 82 163 23 AVENGER.

162 167 33 27 to
217 162 38 33 be
277 162 73 42 kept
378 161 81 43 holy,
491 164 82 29 must
604 159 37 32 be
663 155 146 44 indulged
841 155 31 32 in
902 153 79 32 from

162 224 72 32 afar.

203 286 98 32 There
331 284 25 32 is
386 283 128 42 nothing
543 294 33 21 so
604 282 74 32 false
705 292 34 21 as
764 284 32 28 to
822 282 159 39 represent

159 359 102 29 young
283 346 171 42 gentlemen
478 344 106 42 falling
608 342 216 42 irremediably
850 341 30 31 in
908 340 71 32 love

157 407 75 32 with
246 419 104 30 young
365 407 93 31 ladies
475 405 101 32 whom
591 405 73 42 they
676 414 107 22 rescue
799 403 78 32 from
894 413 86 21 some

156 473 87 36 great
265 469 122 40 danger.
433 467 66 32 The
521 478 72 21 man
609 466 70 32 who
703 476 89 21 saves
815 476 20 21 a
856 475 123 22 woman

156 530 39 32 he
219 530 70 32 does
313 534 54 28 not
394 529 121 41 already
542 529 68 31 love
637 528 77 32 from
742 539 85 20 some
853 526 126 32 terrible

157 590 61 32 fate
234 591 24 31 is
273 595 55 27 not
344 590 131 41 brought
490 601 106 21 nearer
611 594 31 27 to
659 589 105 41 loving
779 588 55 33 her
850 588 41 42 by
907 587 70 32 that

157 656 57 27 act.
264 651 50 32 He
341 651 55 32 has
421 651 123 41 merely,
572 651 32 31 in
631 650 166 32 obedience
827 654 32 28 to
891 661 85 20 some

156 712 73 41 high
245 723 87 21 sense
349 712 34 31 of
400 711 84 42 duty,
502 723 32 20 or
550 723 84 20 some
657 723 151 29 generous
832 711 142 41 impulse,

156 772 127 41 grandly
311 772 133 32 asserted
471 772 127 32 himself.
654 772 32 31 If
714 771 39 32 he
780 772 39 31 be
850 771 30 32 in
905 772 69 31 love

156 832 73 31 with
245 832 52 32 her
313 832 122 41 already
451 832 22 32 it
488 832 25 31 is
529 832 127 32 another
671 837 121 28 matter.

200 893 61 30 But
276 893 106 32 Victor
397 905 63 20 was
483 898 54 27 not
560 894 32 30 in
616 893 69 31 love
700 893 74 31 with
797 892 46 32 his
867 893 107 32 cousin

156 952 108 41 Claire,
282 965 54 19 nor
362 953 60 32 had
446 954 38 31 he
509 966 75 20 even
611 953 146 42 specially
781 954 135 41 thought
943 954 34 32 of

156 1014 106 41 saving
283 1013 54 32 her
359 1026 81 29 upon
455 1014 52 32 the
523 1014 139 32 occasion
678 1014 31 31 in
725 1015 149 41 question.
922 1015 52 32 He

155 1073 68 40 had,
255 1085 33 20 as
318 1085 18 20 a
361 1086 70 20 man
458 1075 96 41 ought
579 1080 32 27 to
637 1075 38 32 do
701 1075 31 31 in
768 1075 74 32 such
875 1088 96 29 cases,

153 1133 130 42 thought
305 1134 33 31 of
364 1135 46 31 his
433 1135 75 42 duty
529 1136 80 41 only,
634 1136 60 31 and
717 1136 78 32 done
819 1137 83 33 what
925 1137 48 33 his

155 1193 73 42 duty
243 1194 137 42 required
394 1209 6 27 ;
424 1197 128 41 namely,
575 1197 116 41 proved
714 1196 127 34 himself
863 1203 33 28 at
918 1198 54 33 the

154 1260 133 27 moment
318 1256 34 31 of
383 1256 52 32 the
469 1257 113 41 largest
615 1269 55 21 use
703 1262 33 28 to
769 1258 52 33 the
856 1259 117 43 largest

153 1315 136 33 number.
321 1316 58 32 His
395 1317 76 42 duty
483 1319 141 31 assumed
639 1331 40 20 no
696 1320 168 33 individual
881 1321 87 34 form.

153 1375 49 32 He
226 1388 62 20 saw
315 1377 70 42 only
409 1377 50 32 the
482 1378 178 33 threatened
682 1380 115 33 human
814 1387 156 29 creatures

151 1437 96 32 round
267 1437 71 42 him,
361 1439 60 31 and
444 1439 50 32 did
514 1439 47 33 his
580 1445 115 29 utmost
716 1447 32 27 to
776 1454 74 21 save
874 1444 94 42 them,

150 1498 168 32 unmindful
335 1499 32 32 of
379 1512 59 30 any
454 1501 164 41 particular
634 1513 58 22 one
711 1515 33 20 as
761 1504 35 32 of
814 1504 132 36 himself.
