<?xml version="1.0" encoding="UTF-8"?>
<alto xmlns:xsi="http://www.w3.org/2001/XMLSchema-instance" xsi:noNamespaceSchemaLocation="http://www.bl.uk/schemas/alto/alto-1-4.xsd" xmlns:xlink="http://www.w3.org/1999/xlink">
	<Description>
		<MeasurementUnit>mm10</MeasurementUnit>
		<sourceImageInformation>
			<fileName>//head1/IN/2007-46/A0010888503.3/008104.jp2</fileName>
		</sourceImageInformation>
		<OCRProcessing ID="OCRPROCESSING_1">
			<preProcessingStep>
				<processingSoftware>
					<softwareCreator>CCS Content Conversion Specialists GmbH, Germany</softwareCreator>
					<softwareName>CCS docWORKS</softwareName>
					<softwareVersion>6.1-0.62</softwareVersion>
				</processingSoftware>
			</preProcessingStep>
			<ocrProcessingStep>
				<processingSoftware>
					<softwareCreator>ABBYY (BIT Software), Russia</softwareCreator>
					<softwareName>Finereader</softwareName>
				</processingSoftware>
			</ocrProcessingStep>
		</OCRProcessing>
	</Description>
	<Styles>
		<TextStyle ID="TXT_0" FONTSIZE="11" FONTFAMILY="Courier New"/>
		<TextStyle ID="TXT_1" FONTSIZE="10" FONTFAMILY="Courier New"/>
		<ParagraphStyle ID="PAR_LEFT" ALIGN="Left"/>
		<ParagraphStyle ID="PAR_RIGHT" ALIGN="Right"/>
		<ParagraphStyle ID="PAR_CENTER" ALIGN="Center"/>
	</Styles>
	<Layout>
		<Page ID="P124" PHYSICAL_IMG_NR="124" HEIGHT="1710" WIDTH="1079" PRINTED_IMG_NR="114" POSITION="Left" ACCURACY="74.29">
			<TopMargin ID="P124_TM00001" HPOS="0" VPOS="0" WIDTH="1078" HEIGHT="92">
				<TextBlock ID="P124_TB00001" HPOS="182" VPOS="65" WIDTH="51" HEIGHT="25" STYLEREFS="TXT_0 PAR_LEFT">
					<TextLine ID="P124_TL00001" HPOS="182" VPOS="65" WIDTH="51" HEIGHT="25">
						<String ID="P124_ST00001" HPOS="182" VPOS="65" WIDTH="51" HEIGHT="25" CONTENT="114" WC="1.00" CC="000"/>
					</TextLine>
				</TextBlock>
				<TextBlock ID="P124_TB00002" HPOS="411" VPOS="66" WIDTH="356" HEIGHT="24" STYLEREFS="TXT_1 PAR_RIGHT">
					<TextLine ID="P124_TL00002" HPOS="411" VPOS="66" WIDTH="356" HEIGHT="24">
						<String ID="P124_ST00002" HPOS="411" VPOS="70" WIDTH="83" HEIGHT="20" CONTENT="LOVE" WC="0.56" CC="5055"/>
						<SP ID="P124_SP00001" HPOS="494" VPOS="90" WIDTH="23"/>
						<String ID="P124_ST00003" HPOS="517" VPOS="67" WIDTH="65" HEIGHT="21" CONTENT="THE" WC="0.62" CC="046"/>
						<SP ID="P124_SP00002" HPOS="582" VPOS="90" WIDTH="23"/>
						<String ID="P124_ST00004" HPOS="605" VPOS="66" WIDTH="162" HEIGHT="22" CONTENT="AVENGER." WC="0.67" CC="06406080"/>
					</TextLine>
				</TextBlock>
			</TopMargin>
			<LeftMargin ID="P124_LM00001" HPOS="0" VPOS="92" WIDTH="177" HEIGHT="1455"/>
			<RightMargin ID="P124_RM00001" HPOS="1010" VPOS="92" WIDTH="68" HEIGHT="1455"/>
			<BottomMargin ID="P124_BM00001" HPOS="0" VPOS="1547" WIDTH="1078" HEIGHT="163"/>
			<PrintSpace ID="P124_PS00001" HPOS="177" VPOS="92" WIDTH="833" HEIGHT="1455">
				<TextBlock ID="P124_TB00003" HPOS="179" VPOS="143" WIDTH="831" HEIGHT="169" STYLEREFS="TXT_1 PAR_LEFT">
					<TextLine ID="P124_TL00003" HPOS="181" VPOS="143" WIDTH="829" HEIGHT="44">
						<String ID="P124_ST00005" HPOS="181" VPOS="149" WIDTH="121" HEIGHT="32" CONTENT="them—" WC="0.49" CC="07098"/>
						<String ID="P124_ST00006" HPOS="310" VPOS="148" WIDTH="110" HEIGHT="39" CONTENT="unless," WC="0.54" CC="6248460"/>
						<SP ID="P124_SP00003" HPOS="420" VPOS="187" WIDTH="18"/>
						<String ID="P124_ST00007" HPOS="438" VPOS="145" WIDTH="118" HEIGHT="40" CONTENT="indeed," WC="0.84" CC="3700000"/>
						<SP ID="P124_SP00004" HPOS="556" VPOS="187" WIDTH="18"/>
						<String ID="P124_ST00008" HPOS="574" VPOS="155" WIDTH="61" HEIGHT="31" CONTENT="you" WC="0.81" CC="005"/>
						<SP ID="P124_SP00005" HPOS="635" VPOS="187" WIDTH="25"/>
						<String ID="P124_ST00009" HPOS="660" VPOS="154" WIDTH="56" HEIGHT="21" CONTENT="can" WC="0.75" CC="007"/>
						<SP ID="P124_SP00006" HPOS="716" VPOS="187" WIDTH="27"/>
						<String ID="P124_ST00010" HPOS="743" VPOS="143" WIDTH="88" HEIGHT="42" CONTENT="point" WC="0.79" CC="00540"/>
						<SP ID="P124_SP00007" HPOS="831" VPOS="187" WIDTH="23"/>
						<String ID="P124_ST00011" HPOS="854" VPOS="146" WIDTH="54" HEIGHT="28" CONTENT="out" WC="0.95" CC="100"/>
						<SP ID="P124_SP00008" HPOS="908" VPOS="187" WIDTH="16"/>
						<String ID="P124_ST00012" HPOS="924" VPOS="150" WIDTH="86" HEIGHT="23" CONTENT="some" WC="0.80" CC="0006"/>
					</TextLine>
					<TextLine ID="P124_TL00004" HPOS="179" VPOS="203" WIDTH="831" HEIGHT="48">
						<String ID="P124_ST00013" HPOS="179" VPOS="222" WIDTH="105" HEIGHT="21" CONTENT="means" WC="0.63" CC="00773"/>
						<SP ID="P124_SP00009" HPOS="284" VPOS="243" WIDTH="24"/>
						<String ID="P124_ST00014" HPOS="308" VPOS="210" WIDTH="34" HEIGHT="31" CONTENT="of" WC="0.83" CC="30"/>
						<SP ID="P124_SP00010" HPOS="342" VPOS="243" WIDTH="29"/>
						<String ID="P124_ST00015" HPOS="371" VPOS="208" WIDTH="183" HEIGHT="43" CONTENT="preventing" WC="0.83" CC="0000060360"/>
						<SP ID="P124_SP00011" HPOS="554" VPOS="251" WIDTH="22"/>
						<String ID="P124_ST00016" HPOS="576" VPOS="206" WIDTH="42" HEIGHT="32" CONTENT="M." WC="1.00" CC="00"/>
						<SP ID="P124_SP00012" HPOS="618" VPOS="251" WIDTH="25"/>
						<String ID="P124_ST00017" HPOS="643" VPOS="205" WIDTH="29" HEIGHT="32" CONTENT="le" WC="0.71" CC="50"/>
						<SP ID="P124_SP00013" HPOS="672" VPOS="251" WIDTH="31"/>
						<String ID="P124_ST00018" HPOS="703" VPOS="204" WIDTH="141" HEIGHT="42" CONTENT="Marquis" WC="0.68" CC="0050564"/>
						<SP ID="P124_SP00014" HPOS="844" VPOS="251" WIDTH="32"/>
						<String ID="P124_ST00019" HPOS="876" VPOS="204" WIDTH="37" HEIGHT="31" CONTENT="de" WC="1.00" CC="00"/>
						<SP ID="P124_SP00015" HPOS="913" VPOS="251" WIDTH="28"/>
						<String ID="P124_ST00020" HPOS="941" VPOS="203" WIDTH="69" HEIGHT="32" CONTENT="Mo" SUBS_TYPE="HypPart1" SUBS_CONTENT="Moranges" WC="0.96" CC="001"/>
						<HYP CONTENT="-"/>
					</TextLine>
					<TextLine ID="P124_TL00005" HPOS="179" VPOS="266" WIDTH="594" HEIGHT="46">
						<String ID="P124_ST00021" HPOS="179" VPOS="283" WIDTH="110" HEIGHT="29" CONTENT="ranges" SUBS_TYPE="HypPart2" SUBS_CONTENT="Moranges" WC="0.75" CC="406003"/>
						<SP ID="P124_SP00016" HPOS="289" VPOS="312" WIDTH="17"/>
						<String ID="P124_ST00022" HPOS="306" VPOS="271" WIDTH="77" HEIGHT="31" CONTENT="from" WC="0.70" CC="0407"/>
						<SP ID="P124_SP00017" HPOS="383" VPOS="312" WIDTH="17"/>
						<String ID="P124_ST00023" HPOS="400" VPOS="270" WIDTH="94" HEIGHT="40" CONTENT="doing" WC="0.71" CC="02470"/>
						<SP ID="P124_SP00018" HPOS="494" VPOS="312" WIDTH="16"/>
						<String ID="P124_ST00024" HPOS="510" VPOS="268" WIDTH="83" HEIGHT="31" CONTENT="what" WC="0.70" CC="0704"/>
						<SP ID="P124_SP00019" HPOS="593" VPOS="312" WIDTH="16"/>
						<String ID="P124_ST00025" HPOS="609" VPOS="267" WIDTH="39" HEIGHT="31" CONTENT="he" WC="0.63" CC="70"/>
						<SP ID="P124_SP00020" HPOS="648" VPOS="312" WIDTH="17"/>
						<String ID="P124_ST00026" HPOS="665" VPOS="266" WIDTH="108" HEIGHT="32" CONTENT='likes."' WC="0.79" CC="3000604"/>
					</TextLine>
				</TextBlock>
				<TextBlock ID="P124_TB00004" HPOS="178" VPOS="326" WIDTH="830" HEIGHT="231" STYLEREFS="TXT_1 PAR_LEFT">
					<TextLine ID="P124_TL00006" HPOS="225" VPOS="326" WIDTH="783" HEIGHT="43">
						<String ID="P124_ST00027" HPOS="225" VPOS="335" WIDTH="17" HEIGHT="13" CONTENT='"' WC="0.41" CC="5"/>
						<SP ID="P124_SP00021" HPOS="242" VPOS="348" WIDTH="14"/>
						<String ID="P124_ST00028" HPOS="256" VPOS="333" WIDTH="106" HEIGHT="31" CONTENT="Listen" WC="0.78" CC="015006"/>
						<SP ID="P124_SP00022" HPOS="362" VPOS="364" WIDTH="10"/>
						<String ID="P124_ST00029" HPOS="372" VPOS="337" WIDTH="32" HEIGHT="27" CONTENT="to" WC="0.82" CC="30"/>
						<SP ID="P124_SP00023" HPOS="404" VPOS="364" WIDTH="16"/>
						<String ID="P124_ST00030" HPOS="420" VPOS="343" WIDTH="49" HEIGHT="20" CONTENT="me" WC="1.00" CC="00"/>
						<SP ID="P124_SP00024" HPOS="469" VPOS="364" WIDTH="17"/>
						<String ID="P124_ST00031" HPOS="486" VPOS="342" WIDTH="76" HEIGHT="21" CONTENT="once" WC="0.78" CC="6001"/>
						<SP ID="P124_SP00025" HPOS="562" VPOS="364" WIDTH="17"/>
						<String ID="P124_ST00032" HPOS="579" VPOS="329" WIDTH="61" HEIGHT="32" CONTENT="and" WC="0.88" CC="030"/>
						<SP ID="P124_SP00026" HPOS="640" VPOS="364" WIDTH="16"/>
						<String ID="P124_ST00033" HPOS="656" VPOS="329" WIDTH="47" HEIGHT="31" CONTENT="for" WC="0.63" CC="334"/>
						<SP ID="P124_SP00027" HPOS="703" VPOS="364" WIDTH="11"/>
						<String ID="P124_ST00034" HPOS="714" VPOS="328" WIDTH="71" HEIGHT="41" CONTENT='all,"' WC="0.93" CC="00012"/>
						<SP ID="P124_SP00028" HPOS="785" VPOS="369" WIDTH="12"/>
						<String ID="P124_ST00035" HPOS="797" VPOS="328" WIDTH="97" HEIGHT="31" CONTENT="broke" WC="0.91" CC="04000"/>
						<SP ID="P124_SP00029" HPOS="894" VPOS="369" WIDTH="13"/>
						<String ID="P124_ST00036" HPOS="907" VPOS="327" WIDTH="32" HEIGHT="31" CONTENT="in" WC="0.51" CC="26"/>
						<SP ID="P124_SP00030" HPOS="939" VPOS="369" WIDTH="16"/>
						<String ID="P124_ST00037" HPOS="955" VPOS="326" WIDTH="53" HEIGHT="32" CONTENT="the" WC="0.76" CC="070"/>
					</TextLine>
					<TextLine ID="P124_TL00007" HPOS="179" VPOS="391" WIDTH="829" HEIGHT="45">
						<String ID="P124_ST00038" HPOS="179" VPOS="394" WIDTH="149" HEIGHT="42" CONTENT="outraged" WC="0.79" CC="05250002"/>
						<SP ID="P124_SP00031" HPOS="328" VPOS="436" WIDTH="22"/>
						<String ID="P124_ST00039" HPOS="350" VPOS="394" WIDTH="163" HEIGHT="41" CONTENT="Dowager," WC="0.77" CC="73000051"/>
						<SP ID="P124_SP00032" HPOS="513" VPOS="436" WIDTH="28"/>
						<String ID="P124_ST00040" HPOS="541" VPOS="393" WIDTH="17" HEIGHT="13" CONTENT='"' WC="0.63" CC="3"/>
						<SP ID="P124_SP00033" HPOS="558" VPOS="436" WIDTH="17"/>
						<String ID="P124_ST00041" HPOS="575" VPOS="391" WIDTH="90" HEIGHT="32" CONTENT="when" WC="0.75" CC="0720"/>
						<SP ID="P124_SP00034" HPOS="665" VPOS="436" WIDTH="25"/>
						<String ID="P124_ST00042" HPOS="690" VPOS="403" WIDTH="62" HEIGHT="29" CONTENT="you" WC="0.77" CC="006"/>
						<SP ID="P124_SP00035" HPOS="752" VPOS="436" WIDTH="28"/>
						<String ID="P124_ST00043" HPOS="780" VPOS="394" WIDTH="96" HEIGHT="27" CONTENT="wrote" WC="1.00" CC="00000"/>
						<SP ID="P124_SP00036" HPOS="876" VPOS="436" WIDTH="23"/>
						<String ID="P124_ST00044" HPOS="899" VPOS="394" WIDTH="32" HEIGHT="27" CONTENT="to" WC="0.73" CC="50"/>
						<SP ID="P124_SP00037" HPOS="931" VPOS="436" WIDTH="28"/>
						<String ID="P124_ST00045" HPOS="959" VPOS="402" WIDTH="49" HEIGHT="19" CONTENT="me" WC="0.63" CC="07"/>
					</TextLine>
					<TextLine ID="P124_TL00008" HPOS="179" VPOS="451" WIDTH="828" HEIGHT="45">
						<String ID="P124_ST00046" HPOS="179" VPOS="456" WIDTH="61" HEIGHT="31" CONTENT="this" WC="0.34" CC="7746"/>
						<SP ID="P124_SP00038" HPOS="240" VPOS="487" WIDTH="23"/>
						<String ID="P124_ST00047" HPOS="263" VPOS="454" WIDTH="143" HEIGHT="42" CONTENT="morning" WC="0.78" CC="0060070"/>
						<SP ID="P124_SP00039" HPOS="406" VPOS="496" WIDTH="22"/>
						<String ID="P124_ST00048" HPOS="428" VPOS="465" WIDTH="62" HEIGHT="31" CONTENT="you" WC="0.78" CC="006"/>
						<SP ID="P124_SP00040" HPOS="490" VPOS="496" WIDTH="26"/>
						<String ID="P124_ST00049" HPOS="516" VPOS="452" WIDTH="62" HEIGHT="32" CONTENT="had" WC="0.62" CC="740"/>
						<SP ID="P124_SP00041" HPOS="578" VPOS="496" WIDTH="27"/>
						<String ID="P124_ST00050" HPOS="605" VPOS="463" WIDTH="19" HEIGHT="21" CONTENT="a" WC="1.00" CC="0"/>
						<SP ID="P124_SP00042" HPOS="624" VPOS="496" WIDTH="24"/>
						<String ID="P124_ST00051" HPOS="648" VPOS="452" WIDTH="72" HEIGHT="42" CONTENT="plan" WC="0.97" CC="0100"/>
						<String ID="P124_ST00052" HPOS="722" VPOS="471" WIDTH="42" HEIGHT="3" CONTENT="—" WC="0.20" CC="8"/>
						<String ID="P124_ST00053" HPOS="767" VPOS="451" WIDTH="86" HEIGHT="32" CONTENT="don't" WC="0.91" CC="00400"/>
						<SP ID="P124_SP00043" HPOS="853" VPOS="496" WIDTH="23"/>
						<String ID="P124_ST00054" HPOS="876" VPOS="455" WIDTH="131" HEIGHT="37" CONTENT="attempt" WC="0.98" CC="0000000"/>
					</TextLine>
					<TextLine ID="P124_TL00009" HPOS="179" VPOS="513" WIDTH="828" HEIGHT="44">
						<String ID="P124_ST00055" HPOS="179" VPOS="518" WIDTH="123" HEIGHT="39" CONTENT="denijils," WC="0.69" CC="006570160"/>
						<SP ID="P124_SP00044" HPOS="302" VPOS="557" WIDTH="26"/>
						<String ID="P124_ST00056" HPOS="328" VPOS="517" WIDTH="49" HEIGHT="31" CONTENT="I'll" WC="0.83" CC="4011"/>
						<SP ID="P124_SP00045" HPOS="377" VPOS="557" WIDTH="31"/>
						<String ID="P124_ST00057" HPOS="408" VPOS="521" WIDTH="53" HEIGHT="26" CONTENT="not" WC="0.64" CC="604"/>
						<SP ID="P124_SP00046" HPOS="461" VPOS="557" WIDTH="31"/>
						<String ID="P124_ST00058" HPOS="492" VPOS="516" WIDTH="74" HEIGHT="31" CONTENT="hear" WC="0.65" CC="7006"/>
						<SP ID="P124_SP00047" HPOS="566" VPOS="557" WIDTH="27"/>
						<String ID="P124_ST00059" HPOS="593" VPOS="514" WIDTH="85" HEIGHT="32" CONTENT="them" WC="0.81" CC="0700"/>
						<String ID="P124_ST00060" HPOS="681" VPOS="534" WIDTH="43" HEIGHT="2" CONTENT="—" WC="0.20" CC="8"/>
						<String ID="P124_ST00061" HPOS="725" VPOS="525" WIDTH="61" HEIGHT="31" CONTENT="you" WC="0.78" CC="006"/>
						<SP ID="P124_SP00048" HPOS="786" VPOS="557" WIDTH="22"/>
						<String ID="P124_ST00062" HPOS="808" VPOS="513" WIDTH="62" HEIGHT="32" CONTENT="had" WC="0.75" CC="700"/>
						<SP ID="P124_SP00049" HPOS="870" VPOS="557" WIDTH="24"/>
						<String ID="P124_ST00063" HPOS="894" VPOS="524" WIDTH="19" HEIGHT="21" CONTENT="a" WC="1.00" CC="0"/>
						<SP ID="P124_SP00050" HPOS="913" VPOS="557" WIDTH="22"/>
						<String ID="P124_ST00064" HPOS="935" VPOS="513" WIDTH="72" HEIGHT="42" CONTENT="plan" WC="0.78" CC="0008"/>
					</TextLine>
				</TextBlock>
				<TextBlock ID="P124_TB00005" HPOS="177" VPOS="577" WIDTH="830" HEIGHT="96" STYLEREFS="TXT_1 PAR_LEFT">
					<TextLine ID="P124_TL00010" HPOS="178" VPOS="577" WIDTH="829" HEIGHT="42">
						<String ID="P124_ST00065" HPOS="178" VPOS="600" WIDTH="43" HEIGHT="3" CONTENT="—" WC="0.20" CC="8"/>
						<String ID="P124_ST00066" HPOS="222" VPOS="580" WIDTH="82" HEIGHT="32" CONTENT="what" WC="0.76" CC="0702"/>
						<SP ID="P124_SP00051" HPOS="304" VPOS="612" WIDTH="23"/>
						<String ID="P124_ST00067" HPOS="327" VPOS="591" WIDTH="62" HEIGHT="21" CONTENT="was" WC="0.77" CC="006"/>
						<SP ID="P124_SP00052" HPOS="389" VPOS="612" WIDTH="23"/>
						<String ID="P124_ST00068" HPOS="412" VPOS="579" WIDTH="48" HEIGHT="32" CONTENT="it?" WC="0.74" CC="430"/>
						<SP ID="P124_SP00053" HPOS="460" VPOS="612" WIDTH="61"/>
						<String ID="P124_ST00069" HPOS="521" VPOS="579" WIDTH="14" HEIGHT="31" CONTENT="I" WC="1.00" CC="0"/>
						<SP ID="P124_SP00054" HPOS="535" VPOS="612" WIDTH="23"/>
						<String ID="P124_ST00070" HPOS="558" VPOS="578" WIDTH="54" HEIGHT="32" CONTENT="tell" WC="0.71" CC="6021"/>
						<SP ID="P124_SP00055" HPOS="612" VPOS="612" WIDTH="23"/>
						<String ID="P124_ST00071" HPOS="635" VPOS="590" WIDTH="61" HEIGHT="29" CONTENT="you" WC="0.77" CC="006"/>
						<SP ID="P124_SP00056" HPOS="696" VPOS="619" WIDTH="24"/>
						<String ID="P124_ST00072" HPOS="720" VPOS="577" WIDTH="93" HEIGHT="42" CONTENT="again" WC="0.78" CC="00046"/>
						<SP ID="P124_SP00057" HPOS="813" VPOS="619" WIDTH="27"/>
						<String ID="P124_ST00073" HPOS="840" VPOS="577" WIDTH="16" HEIGHT="31" CONTENT="I" WC="1.00" CC="0"/>
						<SP ID="P124_SP00058" HPOS="856" VPOS="619" WIDTH="24"/>
						<String ID="P124_ST00074" HPOS="880" VPOS="588" WIDTH="50" HEIGHT="20" CONTENT="am" WC="0.81" CC="03"/>
						<SP ID="P124_SP00059" HPOS="930" VPOS="619" WIDTH="23"/>
						<String ID="P124_ST00075" HPOS="953" VPOS="581" WIDTH="54" HEIGHT="27" CONTENT="not" WC="0.59" CC="713"/>
					</TextLine>
					<TextLine ID="P124_TL00011" HPOS="178" VPOS="641" WIDTH="322" HEIGHT="32">
						<String ID="P124_ST00076" HPOS="178" VPOS="647" WIDTH="32" HEIGHT="26" CONTENT="to" WC="0.66" CC="60"/>
						<SP ID="P124_SP00060" HPOS="210" VPOS="673" WIDTH="16"/>
						<String ID="P124_ST00077" HPOS="226" VPOS="643" WIDTH="37" HEIGHT="30" CONTENT="be" WC="0.63" CC="70"/>
						<SP ID="P124_SP00061" HPOS="263" VPOS="673" WIDTH="17"/>
						<String ID="P124_ST00078" HPOS="280" VPOS="642" WIDTH="99" HEIGHT="31" CONTENT="trifled" WC="0.82" CC="2224000"/>
						<SP ID="P124_SP00062" HPOS="379" VPOS="673" WIDTH="16"/>
						<String ID="P124_ST00079" HPOS="395" VPOS="641" WIDTH="105" HEIGHT="32" CONTENT='with."' WC="0.79" CC="002702"/>
					</TextLine>
				</TextBlock>
				<TextBlock ID="P124_TB00006" HPOS="177" VPOS="701" WIDTH="829" HEIGHT="654" STYLEREFS="TXT_1 PAR_LEFT">
					<TextLine ID="P124_TL00012" HPOS="224" VPOS="701" WIDTH="781" HEIGHT="44">
						<String ID="P124_ST00080" HPOS="224" VPOS="703" WIDTH="170" HEIGHT="31" CONTENT='"Madame' WC="0.65" CC="6009080"/>
						<SP ID="P124_SP00063" HPOS="394" VPOS="734" WIDTH="39"/>
						<String ID="P124_ST00081" HPOS="433" VPOS="703" WIDTH="29" HEIGHT="31" CONTENT="la" WC="1.00" CC="00"/>
						<SP ID="P124_SP00064" HPOS="462" VPOS="734" WIDTH="34"/>
						<String ID="P124_ST00082" HPOS="496" VPOS="702" WIDTH="186" HEIGHT="42" CONTENT='Marquise,"' WC="0.69" CC="0040776004"/>
						<SP ID="P124_SP00065" HPOS="682" VPOS="744" WIDTH="33"/>
						<String ID="P124_ST00083" HPOS="715" VPOS="701" WIDTH="115" HEIGHT="44" CONTENT="replied" WC="0.87" CC="3000500"/>
						<SP ID="P124_SP00066" HPOS="830" VPOS="745" WIDTH="32"/>
						<String ID="P124_ST00084" HPOS="862" VPOS="701" WIDTH="143" HEIGHT="43" CONTENT="Aspasie," WC="0.77" CC="06007202"/>
					</TextLine>
					<TextLine ID="P124_TL00013" HPOS="179" VPOS="763" WIDTH="827" HEIGHT="43">
						<String ID="P124_ST00085" HPOS="179" VPOS="765" WIDTH="181" HEIGHT="41" CONTENT="apparently" WC="0.91" CC="0000600020"/>
						<SP ID="P124_SP00067" HPOS="360" VPOS="806" WIDTH="24"/>
						<String ID="P124_ST00086" HPOS="384" VPOS="765" WIDTH="82" HEIGHT="41" CONTENT="quite" WC="0.69" CC="05360"/>
						<SP ID="P124_SP00068" HPOS="466" VPOS="806" WIDTH="23"/>
						<String ID="P124_ST00087" HPOS="489" VPOS="764" WIDTH="62" HEIGHT="32" CONTENT="free" WC="0.86" CC="0500"/>
						<SP ID="P124_SP00069" HPOS="551" VPOS="806" WIDTH="23"/>
						<String ID="P124_ST00088" HPOS="574" VPOS="763" WIDTH="79" HEIGHT="32" CONTENT="from" WC="0.82" CC="0600"/>
						<SP ID="P124_SP00070" HPOS="653" VPOS="806" WIDTH="23"/>
						<String ID="P124_ST00089" HPOS="676" VPOS="763" WIDTH="54" HEIGHT="32" CONTENT="the" WC="0.76" CC="070"/>
						<SP ID="P124_SP00071" HPOS="730" VPOS="806" WIDTH="23"/>
						<String ID="P124_ST00090" HPOS="753" VPOS="767" WIDTH="99" HEIGHT="28" CONTENT="terror" WC="0.56" CC="606606"/>
						<SP ID="P124_SP00072" HPOS="852" VPOS="806" WIDTH="22"/>
						<String ID="P124_ST00091" HPOS="874" VPOS="764" WIDTH="56" HEIGHT="31" CONTENT="her" WC="0.51" CC="706"/>
						<SP ID="P124_SP00073" HPOS="930" VPOS="806" WIDTH="24"/>
						<String ID="P124_ST00092" HPOS="954" VPOS="776" WIDTH="52" HEIGHT="30" CONTENT="op" SUBS_TYPE="HypPart1" SUBS_CONTENT="opponent" WC="1.00" CC="000"/>
						<HYP CONTENT="-"/>
					</TextLine>
					<TextLine ID="P124_TL00014" HPOS="178" VPOS="825" WIDTH="828" HEIGHT="42">
						<String ID="P124_ST00093" HPOS="178" VPOS="831" WIDTH="115" HEIGHT="36" CONTENT="ponent" SUBS_TYPE="HypPart2" SUBS_CONTENT="opponent" WC="0.85" CC="010070"/>
						<SP ID="P124_SP00074" HPOS="293" VPOS="867" WIDTH="23"/>
						<String ID="P124_ST00094" HPOS="316" VPOS="837" WIDTH="62" HEIGHT="20" CONTENT="was" WC="0.95" CC="001"/>
						<SP ID="P124_SP00075" HPOS="378" VPOS="867" WIDTH="24"/>
						<String ID="P124_ST00095" HPOS="402" VPOS="825" WIDTH="197" HEIGHT="32" CONTENT="accustomed" WC="0.71" CC="0027603009"/>
						<SP ID="P124_SP00076" HPOS="599" VPOS="867" WIDTH="18"/>
						<String ID="P124_ST00096" HPOS="617" VPOS="830" WIDTH="31" HEIGHT="26" CONTENT="to" WC="0.93" CC="10"/>
						<SP ID="P124_SP00077" HPOS="648" VPOS="867" WIDTH="22"/>
						<String ID="P124_ST00097" HPOS="670" VPOS="825" WIDTH="122" HEIGHT="42" CONTENT="inspire," WC="0.60" CC="57503703"/>
						<SP ID="P124_SP00078" HPOS="792" VPOS="867" WIDTH="22"/>
						<String ID="P124_ST00098" HPOS="814" VPOS="825" WIDTH="55" HEIGHT="32" CONTENT="but" WC="0.65" CC="063"/>
						<SP ID="P124_SP00079" HPOS="869" VPOS="867" WIDTH="22"/>
						<String ID="P124_ST00099" HPOS="891" VPOS="826" WIDTH="115" HEIGHT="41" CONTENT="having" WC="0.49" CC="786440"/>
					</TextLine>
					<TextLine ID="P124_TL00015" HPOS="179" VPOS="887" WIDTH="827" HEIGHT="41">
						<String ID="P124_ST00100" HPOS="179" VPOS="898" WIDTH="139" HEIGHT="20" CONTENT="recourse" WC="0.74" CC="40006540"/>
						<SP ID="P124_SP00080" HPOS="318" VPOS="918" WIDTH="27"/>
						<String ID="P124_ST00101" HPOS="345" VPOS="891" WIDTH="33" HEIGHT="27" CONTENT="to" WC="0.66" CC="60"/>
						<SP ID="P124_SP00081" HPOS="378" VPOS="918" WIDTH="30"/>
						<String ID="P124_ST00102" HPOS="408" VPOS="887" WIDTH="64" HEIGHT="31" CONTENT="that" WC="0.60" CC="6701"/>
						<SP ID="P124_SP00082" HPOS="472" VPOS="918" WIDTH="32"/>
						<String ID="P124_ST00103" HPOS="504" VPOS="887" WIDTH="88" HEIGHT="31" CONTENT="frank" WC="0.86" CC="03030"/>
						<SP ID="P124_SP00083" HPOS="592" VPOS="918" WIDTH="31"/>
						<String ID="P124_ST00104" HPOS="623" VPOS="887" WIDTH="165" HEIGHT="41" CONTENT="simplicity" WC="0.81" CC="6500000420"/>
						<SP ID="P124_SP00084" HPOS="788" VPOS="928" WIDTH="31"/>
						<String ID="P124_ST00105" HPOS="819" VPOS="887" WIDTH="33" HEIGHT="31" CONTENT="of" WC="0.92" CC="10"/>
						<SP ID="P124_SP00085" HPOS="852" VPOS="928" WIDTH="27"/>
						<String ID="P124_ST00106" HPOS="879" VPOS="899" WIDTH="127" HEIGHT="20" CONTENT="manner" WC="0.82" CC="030600"/>
					</TextLine>
					<TextLine ID="P124_TL00016" HPOS="180" VPOS="948" WIDTH="826" HEIGHT="43">
						<String ID="P124_ST00107" HPOS="180" VPOS="948" WIDTH="99" HEIGHT="31" CONTENT="which" WC="0.65" CC="07036"/>
						<SP ID="P124_SP00086" HPOS="279" VPOS="979" WIDTH="32"/>
						<String ID="P124_ST00108" HPOS="311" VPOS="948" WIDTH="53" HEIGHT="31" CONTENT="she" WC="0.63" CC="370"/>
						<SP ID="P124_SP00087" HPOS="364" VPOS="979" WIDTH="31"/>
						<String ID="P124_ST00109" HPOS="395" VPOS="949" WIDTH="60" HEIGHT="30" CONTENT="had" WC="0.67" CC="720"/>
						<SP ID="P124_SP00088" HPOS="455" VPOS="979" WIDTH="32"/>
						<String ID="P124_ST00110" HPOS="487" VPOS="948" WIDTH="124" HEIGHT="41" CONTENT="already" WC="0.93" CC="0400000"/>
						<SP ID="P124_SP00089" HPOS="611" VPOS="989" WIDTH="26"/>
						<String ID="P124_ST00111" HPOS="637" VPOS="960" WIDTH="75" HEIGHT="19" CONTENT="once" WC="0.79" CC="2500"/>
						<SP ID="P124_SP00090" HPOS="712" VPOS="989" WIDTH="31"/>
						<String ID="P124_ST00112" HPOS="743" VPOS="948" WIDTH="155" HEIGHT="41" CONTENT="practised" WC="0.76" CC="063005500"/>
						<SP ID="P124_SP00091" HPOS="898" VPOS="989" WIDTH="23"/>
						<String ID="P124_ST00113" HPOS="921" VPOS="960" WIDTH="85" HEIGHT="31" CONTENT="upon" WC="0.90" CC="3000"/>
					</TextLine>
					<TextLine ID="P124_TL00017" HPOS="180" VPOS="1010" WIDTH="826" HEIGHT="42">
						<String ID="P124_ST00114" HPOS="180" VPOS="1010" WIDTH="98" HEIGHT="31" CONTENT="Henri" WC="0.52" CC="60654"/>
						<SP ID="P124_SP00092" HPOS="278" VPOS="1041" WIDTH="23"/>
						<String ID="P124_ST00115" HPOS="301" VPOS="1010" WIDTH="136" HEIGHT="41" CONTENT="Dupont," WC="0.67" CC="0602661"/>
						<SP ID="P124_SP00093" HPOS="437" VPOS="1051" WIDTH="18"/>
						<String ID="P124_ST00116" HPOS="455" VPOS="1010" WIDTH="61" HEIGHT="31" CONTENT="and" WC="0.74" CC="070"/>
						<SP ID="P124_SP00094" HPOS="516" VPOS="1051" WIDTH="16"/>
						<String ID="P124_ST00117" HPOS="532" VPOS="1010" WIDTH="30" HEIGHT="31" CONTENT="in" WC="0.52" CC="36"/>
						<SP ID="P124_SP00095" HPOS="562" VPOS="1051" WIDTH="16"/>
						<String ID="P124_ST00118" HPOS="578" VPOS="1010" WIDTH="53" HEIGHT="31" CONTENT="the" WC="0.56" CC="570"/>
						<SP ID="P124_SP00096" HPOS="631" VPOS="1051" WIDTH="17"/>
						<String ID="P124_ST00119" HPOS="648" VPOS="1010" WIDTH="193" HEIGHT="42" CONTENT="assumption" WC="0.75" CC="0443000434"/>
						<SP ID="P124_SP00097" HPOS="841" VPOS="1052" WIDTH="17"/>
						<String ID="P124_ST00120" HPOS="858" VPOS="1010" WIDTH="35" HEIGHT="31" CONTENT="of" WC="0.74" CC="13"/>
						<SP ID="P124_SP00098" HPOS="893" VPOS="1052" WIDTH="10"/>
						<String ID="P124_ST00121" HPOS="903" VPOS="1010" WIDTH="103" HEIGHT="32" CONTENT="which" WC="0.25" CC="97567"/>
					</TextLine>
					<TextLine ID="P124_TL00018" HPOS="180" VPOS="1071" WIDTH="826" HEIGHT="42">
						<String ID="P124_ST00122" HPOS="180" VPOS="1071" WIDTH="53" HEIGHT="31" CONTENT="she" WC="0.54" CC="670"/>
						<SP ID="P124_SP00099" HPOS="233" VPOS="1102" WIDTH="25"/>
						<String ID="P124_ST00123" HPOS="258" VPOS="1082" WIDTH="63" HEIGHT="20" CONTENT="was" WC="0.93" CC="002"/>
						<SP ID="P124_SP00100" HPOS="321" VPOS="1102" WIDTH="30"/>
						<String ID="P124_ST00124" HPOS="351" VPOS="1071" WIDTH="155" HEIGHT="41" CONTENT="first-rate," WC="0.79" CC="00051020642"/>
						<SP ID="P124_SP00101" HPOS="506" VPOS="1112" WIDTH="30"/>
						<String ID="P124_ST00125" HPOS="536" VPOS="1072" WIDTH="173" HEIGHT="32" CONTENT='"Madame' WC="0.90" CC="2400000"/>
						<SP ID="P124_SP00102" HPOS="709" VPOS="1112" WIDTH="32"/>
						<String ID="P124_ST00126" HPOS="741" VPOS="1072" WIDTH="29" HEIGHT="31" CONTENT="la" WC="0.66" CC="60"/>
						<SP ID="P124_SP00103" HPOS="770" VPOS="1112" WIDTH="25"/>
						<String ID="P124_ST00127" HPOS="795" VPOS="1072" WIDTH="168" HEIGHT="41" CONTENT="Marquise," WC="0.71" CC="007060613"/>
						<SP ID="P124_SP00104" HPOS="963" VPOS="1113" WIDTH="28"/>
						<String ID="P124_ST00128" HPOS="991" VPOS="1072" WIDTH="15" HEIGHT="31" CONTENT="I" WC="1.00" CC="0"/>
					</TextLine>
					<TextLine ID="P124_TL00019" HPOS="178" VPOS="1132" WIDTH="827" HEIGHT="43">
						<String ID="P124_ST00129" HPOS="178" VPOS="1143" WIDTH="50" HEIGHT="19" CONTENT="am" WC="0.61" CC="07"/>
						<SP ID="P124_SP00105" HPOS="228" VPOS="1162" WIDTH="26"/>
						<String ID="P124_ST00130" HPOS="254" VPOS="1132" WIDTH="117" HEIGHT="41" CONTENT="placed," WC="0.94" CC="0210000"/>
						<SP ID="P124_SP00106" HPOS="371" VPOS="1173" WIDTH="29"/>
						<String ID="P124_ST00131" HPOS="400" VPOS="1144" WIDTH="33" HEIGHT="20" CONTENT="or" WC="0.93" CC="10"/>
						<SP ID="P124_SP00107" HPOS="433" VPOS="1173" WIDTH="32"/>
						<String ID="P124_ST00132" HPOS="465" VPOS="1133" WIDTH="14" HEIGHT="31" CONTENT="I" WC="0.86" CC="1"/>
						<SP ID="P124_SP00108" HPOS="479" VPOS="1173" WIDTH="39"/>
						<String ID="P124_ST00133" HPOS="518" VPOS="1132" WIDTH="109" HEIGHT="32" CONTENT="should" WC="0.59" CC="570730"/>
						<SP ID="P124_SP00109" HPOS="627" VPOS="1173" WIDTH="31"/>
						<String ID="P124_ST00134" HPOS="658" VPOS="1132" WIDTH="105" HEIGHT="33" CONTENT="rather" WC="0.66" CC="006706"/>
						<SP ID="P124_SP00110" HPOS="763" VPOS="1173" WIDTH="32"/>
						<String ID="P124_ST00135" HPOS="795" VPOS="1145" WIDTH="54" HEIGHT="30" CONTENT="say" WC="0.77" CC="600"/>
						<SP ID="P124_SP00111" HPOS="849" VPOS="1175" WIDTH="31"/>
						<String ID="P124_ST00136" HPOS="880" VPOS="1134" WIDTH="16" HEIGHT="31" CONTENT="I" WC="0.99" CC="0"/>
						<SP ID="P124_SP00112" HPOS="896" VPOS="1175" WIDTH="30"/>
						<String ID="P124_ST00137" HPOS="926" VPOS="1134" WIDTH="79" HEIGHT="31" CONTENT="have" WC="0.81" CC="7000"/>
					</TextLine>
					<TextLine ID="P124_TL00020" HPOS="178" VPOS="1192" WIDTH="828" HEIGHT="43">
						<String ID="P124_ST00138" HPOS="178" VPOS="1192" WIDTH="107" HEIGHT="41" CONTENT="placed" WC="0.92" CC="040000"/>
						<SP ID="P124_SP00113" HPOS="285" VPOS="1233" WIDTH="15"/>
						<String ID="P124_ST00139" HPOS="300" VPOS="1192" WIDTH="117" HEIGHT="41" CONTENT="myself," WC="0.86" CC="0040400"/>
						<SP ID="P124_SP00114" HPOS="417" VPOS="1233" WIDTH="20"/>
						<String ID="P124_ST00140" HPOS="437" VPOS="1192" WIDTH="29" HEIGHT="31" CONTENT="in" WC="0.57" CC="16"/>
						<SP ID="P124_SP00115" HPOS="466" VPOS="1233" WIDTH="17"/>
						<String ID="P124_ST00141" HPOS="483" VPOS="1204" WIDTH="17" HEIGHT="20" CONTENT="a" WC="1.00" CC="0"/>
						<SP ID="P124_SP00116" HPOS="500" VPOS="1233" WIDTH="23"/>
						<String ID="P124_ST00142" HPOS="523" VPOS="1198" WIDTH="81" HEIGHT="27" CONTENT="most" WC="0.80" CC="0042"/>
						<SP ID="P124_SP00117" HPOS="604" VPOS="1233" WIDTH="15"/>
						<String ID="P124_ST00143" HPOS="619" VPOS="1194" WIDTH="164" HEIGHT="41" CONTENT="awkward," WC="0.79" CC="00005703"/>
						<SP ID="P124_SP00118" HPOS="783" VPOS="1235" WIDTH="18"/>
						<String ID="P124_ST00144" HPOS="801" VPOS="1194" WIDTH="110" HEIGHT="32" CONTENT="indeed" WC="0.83" CC="270000"/>
						<SP ID="P124_SP00119" HPOS="911" VPOS="1235" WIDTH="22"/>
						<String ID="P124_ST00145" HPOS="933" VPOS="1195" WIDTH="30" HEIGHT="31" CONTENT="in" WC="0.33" CC="48"/>
						<SP ID="P124_SP00120" HPOS="963" VPOS="1235" WIDTH="25"/>
						<String ID="P124_ST00146" HPOS="988" VPOS="1207" WIDTH="18" HEIGHT="19" CONTENT="a" WC="1.00" CC="0"/>
					</TextLine>
					<TextLine ID="P124_TL00021" HPOS="179" VPOS="1253" WIDTH="826" HEIGHT="47">
						<String ID="P124_ST00147" HPOS="179" VPOS="1253" WIDTH="184" HEIGHT="42" CONTENT="thoroughly" WC="0.57" CC="0723069750"/>
						<SP ID="P124_SP00121" HPOS="363" VPOS="1295" WIDTH="16"/>
						<String ID="P124_ST00148" HPOS="379" VPOS="1254" WIDTH="75" HEIGHT="32" CONTENT="false" WC="0.74" CC="30260"/>
						<SP ID="P124_SP00122" HPOS="454" VPOS="1295" WIDTH="16"/>
						<String ID="P124_ST00149" HPOS="470" VPOS="1255" WIDTH="140" HEIGHT="41" CONTENT="position." WC="0.77" CC="003063060"/>
						<SP ID="P124_SP00123" HPOS="610" VPOS="1296" WIDTH="48"/>
						<String ID="P124_ST00150" HPOS="658" VPOS="1256" WIDTH="15" HEIGHT="30" CONTENT="I" WC="0.64" CC="3"/>
						<SP ID="P124_SP00124" HPOS="673" VPOS="1296" WIDTH="21"/>
						<String ID="P124_ST00151" HPOS="694" VPOS="1256" WIDTH="80" HEIGHT="32" CONTENT="have" WC="0.65" CC="7060"/>
						<SP ID="P124_SP00125" HPOS="774" VPOS="1296" WIDTH="19"/>
						<String ID="P124_ST00152" HPOS="793" VPOS="1261" WIDTH="32" HEIGHT="27" CONTENT="to" WC="0.73" CC="31"/>
						<SP ID="P124_SP00126" HPOS="825" VPOS="1296" WIDTH="22"/>
						<String ID="P124_ST00153" HPOS="847" VPOS="1258" WIDTH="111" HEIGHT="42" CONTENT="appeal" WC="0.93" CC="000400"/>
						<SP ID="P124_SP00127" HPOS="958" VPOS="1300" WIDTH="16"/>
						<String ID="P124_ST00154" HPOS="974" VPOS="1262" WIDTH="31" HEIGHT="27" CONTENT="to" WC="0.99" CC="00"/>
					</TextLine>
					<TextLine ID="P124_TL00022" HPOS="178" VPOS="1314" WIDTH="437" HEIGHT="41">
						<String ID="P124_ST00155" HPOS="178" VPOS="1326" WIDTH="76" HEIGHT="29" CONTENT="your" WC="0.76" CC="0035"/>
						<SP ID="P124_SP00128" HPOS="254" VPOS="1355" WIDTH="15"/>
						<String ID="P124_ST00156" HPOS="269" VPOS="1314" WIDTH="189" HEIGHT="41" CONTENT="indulgence," WC="0.74" CC="23546006000"/>
						<SP ID="P124_SP00129" HPOS="458" VPOS="1355" WIDTH="19"/>
						<String ID="P124_ST00157" HPOS="477" VPOS="1315" WIDTH="30" HEIGHT="32" CONTENT="in" WC="0.54" CC="26"/>
						<SP ID="P124_SP00130" HPOS="507" VPOS="1355" WIDTH="17"/>
						<String ID="P124_ST00158" HPOS="524" VPOS="1316" WIDTH="91" HEIGHT="32" CONTENT='fact."' WC="0.69" CC="050705"/>
					</TextLine>
				</TextBlock>
				<TextBlock ID="P124_TB00007" HPOS="177" VPOS="1376" WIDTH="827" HEIGHT="102" STYLEREFS="TXT_1 PAR_LEFT">
					<TextLine ID="P124_TL00023" HPOS="223" VPOS="1376" WIDTH="781" HEIGHT="47">
						<String ID="P124_ST00159" HPOS="223" VPOS="1378" WIDTH="17" HEIGHT="13" CONTENT='"' WC="0.55" CC="4"/>
						<SP ID="P124_SP00131" HPOS="240" VPOS="1391" WIDTH="16"/>
						<String ID="P124_ST00160" HPOS="256" VPOS="1376" WIDTH="96" HEIGHT="32" CONTENT="Stuff!" WC="0.77" CC="615000"/>
						<SP ID="P124_SP00132" HPOS="352" VPOS="1408" WIDTH="20"/>
						<String ID="P124_ST00161" HPOS="372" VPOS="1389" WIDTH="85" HEIGHT="19" CONTENT="come" WC="0.93" CC="0200"/>
						<SP ID="P124_SP00133" HPOS="457" VPOS="1408" WIDTH="16"/>
						<String ID="P124_ST00162" HPOS="473" VPOS="1382" WIDTH="32" HEIGHT="26" CONTENT="to" WC="0.82" CC="30"/>
						<SP ID="P124_SP00134" HPOS="505" VPOS="1408" WIDTH="16"/>
						<String ID="P124_ST00163" HPOS="521" VPOS="1378" WIDTH="54" HEIGHT="31" CONTENT="the" WC="0.76" CC="070"/>
						<SP ID="P124_SP00135" HPOS="575" VPOS="1409" WIDTH="16"/>
						<String ID="P124_ST00164" HPOS="591" VPOS="1380" WIDTH="88" HEIGHT="40" CONTENT="point" WC="0.84" CC="00070"/>
						<SP ID="P124_SP00136" HPOS="679" VPOS="1420" WIDTH="15"/>
						<String ID="P124_ST00165" HPOS="694" VPOS="1385" WIDTH="32" HEIGHT="27" CONTENT="at" WC="1.00" CC="00"/>
						<SP ID="P124_SP00137" HPOS="726" VPOS="1420" WIDTH="16"/>
						<String ID="P124_ST00166" HPOS="742" VPOS="1382" WIDTH="106" HEIGHT="40" CONTENT='once,"' WC="0.76" CC="070015"/>
						<SP ID="P124_SP00138" HPOS="848" VPOS="1422" WIDTH="19"/>
						<String ID="P124_ST00167" HPOS="867" VPOS="1383" WIDTH="137" HEIGHT="40" CONTENT="growled" WC="0.78" CC="0400450"/>
					</TextLine>
					<TextLine ID="P124_TL00024" HPOS="178" VPOS="1438" WIDTH="227" HEIGHT="40">
						<String ID="P124_ST00168" HPOS="178" VPOS="1438" WIDTH="51" HEIGHT="31" CONTENT="the" WC="0.37" CC="764"/>
						<SP ID="P124_SP00139" HPOS="229" VPOS="1469" WIDTH="16"/>
						<String ID="P124_ST00169" HPOS="245" VPOS="1438" WIDTH="160" HEIGHT="40" CONTENT="Dowager." WC="0.61" CC="61609050"/>
					</TextLine>
				</TextBlock>
				<TextBlock ID="P124_TB00008" HPOS="222" VPOS="1498" WIDTH="781" HEIGHT="49" STYLEREFS="TXT_1 PAR_CENTER">
					<TextLine ID="P124_TL00025" HPOS="223" VPOS="1498" WIDTH="780" HEIGHT="49">
						<String ID="P124_ST00170" HPOS="223" VPOS="1500" WIDTH="16" HEIGHT="13" CONTENT='"' WC="0.58" CC="4"/>
						<SP ID="P124_SP00140" HPOS="239" VPOS="1513" WIDTH="14"/>
						<String ID="P124_ST00171" HPOS="253" VPOS="1498" WIDTH="80" HEIGHT="32" CONTENT="That" WC="0.54" CC="0773"/>
						<SP ID="P124_SP00141" HPOS="333" VPOS="1530" WIDTH="28"/>
						<String ID="P124_ST00172" HPOS="361" VPOS="1499" WIDTH="24" HEIGHT="30" CONTENT="is" WC="0.78" CC="04"/>
						<SP ID="P124_SP00142" HPOS="385" VPOS="1530" WIDTH="26"/>
						<String ID="P124_ST00173" HPOS="411" VPOS="1499" WIDTH="66" HEIGHT="41" CONTENT="just" WC="0.71" CC="0640"/>
						<SP ID="P124_SP00143" HPOS="477" VPOS="1540" WIDTH="22"/>
						<String ID="P124_ST00174" HPOS="499" VPOS="1500" WIDTH="84" HEIGHT="34" CONTENT="what" WC="0.35" CC="9708"/>
						<SP ID="P124_SP00144" HPOS="583" VPOS="1540" WIDTH="27"/>
						<String ID="P124_ST00175" HPOS="610" VPOS="1502" WIDTH="14" HEIGHT="31" CONTENT="I" WC="0.92" CC="0"/>
						<SP ID="P124_SP00145" HPOS="624" VPOS="1540" WIDTH="32"/>
						<String ID="P124_ST00176" HPOS="656" VPOS="1515" WIDTH="48" HEIGHT="20" CONTENT="am" WC="0.54" CC="90"/>
						<SP ID="P124_SP00146" HPOS="704" VPOS="1540" WIDTH="33"/>
						<String ID="P124_ST00177" HPOS="737" VPOS="1504" WIDTH="125" HEIGHT="41" CONTENT='doing,"' WC="0.55" CC="9067025"/>
						<SP ID="P124_SP00147" HPOS="862" VPOS="1545" WIDTH="26"/>
						<String ID="P124_ST00178" HPOS="888" VPOS="1507" WIDTH="115" HEIGHT="40" CONTENT="replied" WC="0.93" CC="0200200"/>
					</TextLine>
				</TextBlock>
			</PrintSpace>
		</Page>
	</Layout>
</alto>
