1079 1710
116 77 52 25 124

346 84 81 20 LOVE
451 83 63 20 THE
537 80 162 22 AVENGER.

159 161 35 30 In
221 160 94 40 truth,
338 160 52 31 the
414 158 159 42 scheming
597 158 156 41 Dowager
780 167 64 21 was
870 167 73 20 con-

113 222 153 42 siderably
280 221 191 33 discomfited
497 221 42 41 by
558 219 55 32 her
640 218 302 43 daughter-in-law's

112 283 258 32 communication
381 296 6 26 ;
422 282 61 31 and
510 282 83 31 what
624 281 54 32 she
709 285 81 27 most
822 279 120 33 desired

112 356 71 27 was,
199 350 32 26 to
253 344 86 32 leave
363 344 54 31 her
442 344 123 31 brother
588 343 30 31 in
642 348 82 26 utter
749 342 145 42 quietude
912 341 33 32 of

111 405 93 40 mind,
237 405 59 31 and
326 405 147 41 perfectly
505 404 219 32 untormented
756 416 33 19 as
825 408 32 27 to
888 403 51 32 the

110 466 221 42 objectiomable
348 477 169 31 personage
541 471 32 27 to
594 466 111 40 whom,
725 465 53 33 she
795 465 55 32 felt
874 476 65 21 cer-

110 528 72 40 tain,
210 540 60 30 any
294 533 175 37 premature
495 540 34 19 or
553 528 183 42 injudicious
765 527 174 43 opposition

110 588 100 32 would
225 589 89 31 make
340 589 63 31 him
419 589 155 32 forthwith
592 589 74 31 offer
690 589 48 31 his
762 601 92 19 name
877 588 61 32 and

109 650 128 34 fortune.
285 651 60 32 She
361 651 72 31 took
457 651 81 41 good
560 663 69 20 care
646 655 53 28 not
722 656 31 26 to
775 651 91 31 make
883 651 53 32 the

108 716 146 26 remotest
279 711 126 32 allusion
436 717 32 26 to
495 712 52 31 the
573 711 194 32 information
793 712 54 31 she
874 712 62 32 had

108 773 140 31 received
263 774 52 31 the
332 774 60 42 day
409 774 111 40 before,
539 774 150 42 touching
712 775 55 31 her
783 774 152 32 brother's

108 835 205 31 matrimonial
329 835 140 42 projects,
487 835 56 32 but
560 836 93 32 dwelt
670 847 38 20 on
732 835 52 33 the
806 835 129 33 exceed-

108 894 53 42 ing
191 896 60 30 and
281 896 566 43 never-to-be-sufficiently-reproved
877 897 57 32 im-

108 957 152 41 propriety
286 957 34 31 of
348 959 209 41 approaching
587 959 53 31 the
671 959 118 42 subject
822 959 33 31 of
882 959 51 32 the

108 1017 117 41 Sphinx
241 1018 74 32 with
332 1019 43 32 M.
395 1019 36 32 de
447 1021 176 39 Moranges.

149 1079 108 41 Claire,
287 1092 39 19 on
356 1081 52 31 the
436 1082 85 32 other
546 1083 90 40 hand,
664 1084 166 31 concealed
855 1084 78 32 from

105 1140 53 32 the
186 1141 152 42 Dowager
361 1154 61 30 any
444 1144 186 41 knowledge
651 1145 53 32 she
730 1145 101 42 might
852 1145 80 33 have

105 1200 61 33 had
182 1202 33 31 of
234 1202 157 42 Claudine,
409 1205 60 30 and
486 1205 39 31 all
549 1205 51 32 the
625 1207 181 41 particulars
826 1208 34 31 of
878 1208 53 31 the

105 1262 153 32 wretched
268 1263 85 41 girl's
369 1265 72 31 visit
457 1270 31 27 to
505 1266 164 42 Clavreuil,
685 1268 60 31 and
762 1269 34 30 of
807 1269 53 32 the
873 1270 57 41 gift

105 1323 36 31 of
158 1323 51 32 the
225 1324 76 32 little
319 1326 90 31 silver
425 1327 111 40 medal,
555 1328 100 32 which
674 1331 187 32 constituted
877 1332 53 32 the

105 1384 63 31 link
180 1385 136 32 between
327 1386 116 33 herself
448 1388 60 32 and
521 1389 51 32 the
590 1395 128 37 outcast,
734 1393 61 31 and
807 1393 123 33 seemed

104 1451 33 26 to
154 1446 114 42 impose
284 1459 80 30 upon
382 1448 54 32 her
453 1449 50 32 the
521 1451 112 41 special
646 1453 77 42 duty
740 1454 34 31 of
785 1455 144 42 rescuing

105 1508 54 32 her
175 1508 167 41 miserable,
362 1509 90 33 sinful
469 1511 89 33 sister
574 1513 77 32 from
668 1514 159 41 perdition.
