1079 1710
393 428 206 34 CHAPTER
630 427 71 32 XV.

324 528 153 21 FREEDOM
500 527 71 21 AVON
597 525 64 21 AND
685 523 82 22 LOST.

182 602 67 31 For
265 601 50 31 the
331 605 73 27 next
420 605 61 27 two
503 599 76 42 days
597 597 115 33 Olivier
738 594 66 33 said
830 599 31 26 to
888 592 79 32 him-

139 663 61 32 self
217 663 68 31 that
308 663 51 31 the
376 674 68 19 sum
459 660 112 33 named
586 660 42 41 by
644 657 132 43 Aspasie
794 667 63 20 was
915 659 52 26 too

143 725 71 31 dear
228 737 6 28 ;
288 725 55 30 but
368 724 69 31 that
453 734 62 20 Avas
543 721 111 43 simply
670 720 132 32 because
830 718 52 31 the
911 716 56 32 im-

138 785 139 42 pression
292 784 89 32 made
397 795 82 30 upon
503 782 64 32 him
592 782 41 42 by
648 781 54 32 the
726 781 82 41 price
825 777 144 43 required

138 858 63 20 was
216 858 84 19 more
316 850 104 27 recent
437 845 75 31 than
528 844 68 31 that
611 843 54 32 left
680 843 42 41 by
738 842 52 32 the
815 842 59 31 evil
890 841 80 31 from

139 908 100 31 which
266 908 38 31 he
330 918 63 19 Avas
427 906 162 41 labouring
622 909 31 27 to
693 916 118 30 escape.
860 904 42 31 M.
934 903 37 31 de

141 968 185 32 Beauvoisin
342 979 63 20 was
421 967 60 31 like
498 978 18 19 a
531 970 88 38 great
635 977 94 30 many
741 963 231 34 weak-minded

142 1041 71 20 men
227 1043 6 27 ;
268 1030 39 30 he
335 1029 169 32 calculated
535 1028 129 40 nothing
688 1026 76 33 with
795 1026 150 42 precision
965 1039 5 28 ;

142 1091 55 31 but
221 1090 113 42 always
360 1101 86 21 over-
471 1101 34 20 or
530 1090 199 31 under-rated
746 1089 82 31 Avhat
852 1089 40 31 he
909 1100 64 19 Avas

142 1151 128 42 capable
294 1151 34 32 of
348 1151 163 41 achieving
536 1162 33 21 or
592 1151 154 41 suffering.
794 1151 105 31 When
920 1150 53 32 the

143 1212 78 31 Avish
237 1217 32 26 to
286 1212 94 31 shake
393 1212 44 31 off
448 1212 186 32 Mardonnet
649 1223 64 21 was
730 1216 187 38 uppermost,
935 1211 39 31 he

142 1273 142 41 honestly
299 1273 132 41 thought
446 1273 67 32 that
529 1273 38 32 he
584 1285 63 20 was
664 1273 128 43 capable
810 1273 34 32 of
867 1273 107 44 giving

143 1333 57 32 the
217 1333 104 39 Avorld,
339 1344 33 20 as
388 1334 108 41 people
517 1339 78 27 term
619 1334 33 40 it,
669 1334 31 33 in
724 1334 89 33 order
829 1339 33 28 to
879 1334 96 33 shake

146 1394 183 33 Mardonnet
354 1394 59 40 off;
448 1394 55 32 but
530 1395 83 41 then,
643 1395 142 32 Olivier's
812 1397 106 31 notion
947 1397 32 31 of

144 1456 52 32 the
212 1455 100 32 world
327 1460 32 26 to
375 1455 37 31 be
429 1455 72 31 thus
516 1455 103 42 given,
636 1468 64 20 was
719 1457 44 42 (as
781 1458 25 31 is
824 1458 83 31 often
924 1458 53 31 the

145 1516 81 41 case)
253 1527 74 30 very
354 1516 245 33 circumscribed.
647 1518 104 32 When
780 1519 39 31 he
851 1520 127 30 assured
