1079 1710
176 85 33 25 66

411 88 84 21 LOVE
520 87 63 21 THE
606 85 162 22 AVENGER.

175 168 74 31 floor
280 171 32 27 at
336 166 55 31 her
429 166 69 38 feet,
534 163 105 33 closed
663 163 55 31 her
758 172 73 31 eyes
867 158 31 33 in
926 156 80 34 fitful

175 229 82 40 sleep
272 241 4 19 :

250 290 85 31 Mine
352 289 71 40 only
437 289 6 31 !
468 287 82 31 mine
567 286 45 32 for
628 297 73 21 ever
712 286 5 32 !
760 285 56 32 she
826 280 179 36 murmured

174 362 28 30 in
216 373 18 20 a
248 361 59 31 low
323 360 140 40 whisper.

218 421 65 32 The
304 426 75 27 next
396 421 60 41 day
472 419 81 43 grief
572 419 60 32 had
648 423 32 27 to
697 418 39 32 be
753 417 173 41 combated,
945 416 60 33 and

175 484 74 41 duty
263 488 33 27 to
312 484 37 32 be
374 483 125 42 obeyed.
547 483 66 31 The
630 481 101 32 duties
749 480 34 33 of
802 480 53 32 the
872 479 132 41 mother,

174 544 60 33 and
252 544 147 43 (whether
421 544 53 32 she
491 544 102 32 would
617 555 33 20 or
677 541 65 43 not)
761 541 35 33 of
814 541 52 32 the
892 539 69 33 wife
963 559 42 4 —

175 605 45 32 for
244 605 74 32 such
346 605 54 32 she
418 616 62 21 was
506 605 103 32 before
633 605 53 31 the
704 603 96 32 world
801 622 43 4 —
846 602 97 32 asked
959 601 46 32 for

177 667 100 32 Claire
294 667 85 40 back,
397 666 62 33 and
475 666 102 33 Claire
594 671 84 28 went
694 666 61 32 and
771 665 51 32 did
839 665 56 32 her
919 664 85 42 duty,

175 728 45 32 for
241 729 84 31 Aunt
342 729 194 32 Clementine
558 728 66 32 said
640 732 32 28 to
688 727 56 33 her
760 727 69 32 that
844 727 54 32 the
919 738 86 21 more

175 790 126 42 bravely
332 791 53 31 she
423 790 139 31 behaved
598 790 52 31 the
683 801 86 20 more
793 788 124 43 worthy
951 787 54 34 she

176 852 100 31 would
302 853 39 31 be
357 852 33 32 of
408 852 73 40 him,
499 852 61 31 and
583 851 53 32 the
652 863 109 19 nearer
777 855 33 27 to
837 850 63 32 him
913 864 6 28 ;
944 850 61 32 and

176 909 54 33 she
247 910 114 32 steeled
377 909 117 33 herself
504 915 32 27 to
552 909 38 32 do
607 909 41 32 all
667 909 67 32 that
749 909 39 31 he
805 909 103 31 would
924 908 81 33 have

175 970 116 32 wished
307 970 78 32 done
401 970 41 40 by
453 970 53 32 the
523 981 120 21 woman
659 970 38 31 he
714 970 100 32 loved.

219 1032 44 32 As
280 1032 54 32 she
346 1043 64 21 was
427 1031 140 42 crossing
586 1031 56 32 her
667 1032 101 31 aunt's
785 1031 162 33 threshold
972 1037 32 27 to

175 1098 105 27 return
309 1098 32 26 to
372 1093 54 31 her
453 1104 69 20 own
553 1093 99 40 home,
683 1093 53 32 she
765 1094 139 42 stopped,
934 1095 70 41 and,

175 1155 126 41 putting
326 1154 55 31 her
404 1166 80 20 arms
501 1154 97 31 round
624 1154 146 32 Madame
795 1156 210 32 Beaudouin's

175 1215 79 31 neck
266 1228 6 19 :
472 1215 54 31 she
550 1215 72 41 said,
640 1215 32 31 in
695 1215 148 43 faltering
866 1222 136 36 accents,

176 1277 88 31 while
289 1288 18 19 a
331 1276 80 31 flush
439 1276 34 31 of
490 1276 53 32 the
567 1277 126 41 deepest
709 1278 134 32 crimson
866 1279 139 33 mantled

177 1349 71 21 over
274 1337 56 32 her
357 1349 90 30 every
468 1337 116 33 feature
599 1351 6 28 ;
670 1339 95 41 Aunt,
792 1340 15 31 I
833 1340 112 33 should
970 1353 34 20 so

177 1398 68 41 like,
262 1409 70 20 now
456 1399 60 31 and
533 1399 54 32 she
603 1399 161 42 hesitated,
816 1401 14 32 I
847 1401 111 33 should
971 1414 33 20 so

177 1458 59 31 like
252 1462 31 27 to
307 1470 50 20 see
502 1460 74 31 And
591 1461 73 31 with
689 1473 72 30 eyes
781 1462 176 44 swimming
973 1464 31 31 in

177 1524 89 36 tears,
284 1520 59 31 and
357 1519 31 32 in
405 1531 18 20 a
446 1524 71 28 tone
542 1521 34 31 of
595 1527 150 36 entreaty,
795 1523 105 33 Think
922 1525 83 32 what
