1062 1607
530 69 15 24 8

73 140 126 28 Oldham,
213 139 46 25 the
273 138 104 33 Bishop
388 138 30 26 of
427 138 109 30 Exeter,
584 137 150 26 somewhat
747 137 66 25 rude
828 137 27 23 in

72 175 48 24 but
134 182 15 16 a
161 177 77 29 great
256 173 126 25 favourer
403 172 29 25 of
450 172 166 32 knowledge.
655 172 25 25 It
701 171 23 25 is
745 170 117 33 thought
886 170 60 25 that
968 170 35 25 he

72 208 123 25 received
208 211 61 28 part
283 207 30 24 of
323 208 41 23 his
377 207 146 24 education
537 206 27 25 in
578 206 47 25 the
635 205 151 26 household
799 204 84 25 ofthe
897 204 66 25 Earl
976 204 29 25 of

73 242 99 32 Derby,
195 242 53 24 and
270 241 26 23 in
318 241 47 24 the
384 248 136 24 company
539 240 30 24 of
587 240 47 24 the
654 238 128 34 youthful
806 239 121 32 Stanley,
940 238 62 26 who

71 276 112 25 became
194 275 104 32 Bishop
310 275 30 24 of
351 275 60 32 Ely.
448 274 84 32 Hugh
546 274 119 24 Oldham
679 274 54 23 had
747 281 16 16 a
775 277 76 29 great
866 273 96 24 dislike
976 273 29 24 of

72 309 104 30 monks,
190 309 54 24 and
257 317 56 16 was
327 309 121 24 desirous
461 308 30 24 of
501 308 92 32 teeing
606 308 171 24 institutions
791 307 39 24 for
843 307 47 24 the
903 308 98 30 spread

70 343 30 25 of
118 343 87 25 sound
227 342 131 33 learning.
396 342 97 24 Hence
513 341 34 25 he
560 341 169 25 determined
742 345 28 20 to
784 341 84 25 found
882 344 26 21 at
924 341 77 24 Man-

71 378 107 24 chester
190 386 15 16 a
217 377 55 24 free
285 376 103 28 school,
430 376 117 24 because
559 375 31 25 of
596 375 63 33 long
669 376 66 24 time
743 379 63 29 past
817 375 45 25 the
873 375 128 33 teaching

71 411 53 25 and
138 410 126 33 bringing
277 419 37 23 up
327 409 30 25 of
366 417 93 25 young
472 409 122 25 children
608 413 28 21 to
649 409 103 30 school,
766 413 29 21 to
814 409 46 26 the
879 409 122 32 learning

70 446 28 23 of
107 452 145 25 grammar,
266 444 66 24 hath
346 447 47 21 not
407 444 68 24 been
488 443 98 32 taught
599 444 78 24 there
691 443 40 25 for
748 444 61 24 lack
828 443 29 25 of
868 443 132 25 sufficient

69 479 207 24 school-master
288 478 54 24 and
355 477 82 25 usher
456 478 84 29 there,
562 485 30 17 so
613 477 60 25 that
695 478 46 24 the
764 478 122 24 children
907 478 25 24 in
956 476 45 26 the

69 521 74 16 same
156 515 125 27 country,
305 511 103 32 having
426 514 135 29 pregnant
583 511 55 29 wit,
661 512 71 24 have
752 513 69 23 been
843 515 70 21 most
936 515 61 28 part

68 546 116 32 brought
204 554 36 23 up
254 546 95 32 rudely
372 545 54 24 and
450 545 64 32 idly,
544 546 54 23 and
624 549 47 21 not
695 546 27 24 in
752 546 99 29 virtue,
872 546 127 31 cunning,

67 580 145 25 erudition,
227 580 139 23 literature
379 579 53 24 and
448 579 26 24 in
488 579 71 29 good

265 1249 63 15 WEST
343 1250 128 15 ENTRANCE
485 1250 29 15 OF
530 1250 49 15 THE
595 1250 66 16 -'OLD

101 1290 59 25 The
174 1290 145 26 Grammar
332 1292 101 25 School
445 1301 57 16 was
514 1293 120 25 founded
647 1294 84 25 about
747 1302 73 25 1515,
834 1296 54 25 and
905 1305 51 17 one
969 1298 24 24 of

65 1324 34 24 its
112 1325 108 24 earliest
233 1325 121 25 scholars
367 1326 23 24 is
403 1327 136 32 supposed
552 1331 27 21 to
593 1327 69 26 have
676 1328 67 25 been
751 1329 48 25 the
811 1330 100 32 saintly
922 1331 71 33 John

66 1357 143 26 Bradford.
246 1359 74 25 After
335 1368 15 16 a
364 1360 84 32 youth
462 1365 47 21 not
524 1361 151 33 altogether
695 1363 143 25 blameless
861 1365 132 25 Bradford

65 1392 111 24 became
190 1401 15 15 a
219 1393 131 33 sincerely
362 1394 126 33 religious
502 1404 72 17 man.
612 1396 45 25 He
679 1396 110 26 showed
811 1398 46 25 the
871 1399 122 33 strength

64 1425 29 25 of
104 1426 42 24 his
159 1434 60 17 new
239 1427 148 32 principles
407 1428 35 32 by
463 1429 111 32 making
593 1430 155 25 restitution
771 1431 40 24 for
831 1440 14 16 a
867 1434 126 30 previous

64 1467 101 25 wrong,
179 1468 67 17 even
260 1465 27 20 at
310 1461 45 24 the
375 1462 111 32 penalty
501 1462 29 25 of
540 1462 136 34 forfeiting
689 1465 46 24 the
749 1465 151 33 friendship
912 1467 28 25 of
952 1467 41 25 his

64 1498 107 26 patron.
207 1495 30 23 In
253 1495 72 31 King
339 1495 142 25 Edward's
493 1497 62 32 day,
577 1497 78 25 when
669 1498 47 24 the
729 1498 133 27 reformed
882 1501 110 32 religion

64 1535 54 17 was
131 1527 27 25 in
171 1528 48 25 the
232 1529 158 29 ascendant,
403 1529 44 25 his
461 1533 107 22 earnest
581 1531 148 30 eloquence
743 1533 79 25 made
835 1534 56 25 him
903 1542 15 17 a
929 1543 64 16 man
