1079 1710
878 91 13 25 7

396 93 82 21 TRUE
501 93 89 21 LOVE.

79 166 125 42 honour,
218 168 110 42 purity,
342 169 152 43 integrity,
512 170 40 32 all
566 169 67 33 that
649 170 109 32 should
772 170 38 32 be
825 170 72 33 held

81 234 80 26 most
176 230 149 41 precious,
343 230 61 33 had
426 231 78 32 been
519 231 187 33 abandoned.
754 231 79 33 Seen
854 231 43 43 by

80 290 52 32 the
148 291 79 40 light
243 291 34 32 of
288 291 128 33 Claire's
428 292 221 41 thoroughness
665 292 59 32 and
737 292 160 42 simplicity

83 352 34 31 of
135 352 166 40 character,
327 352 82 33 what
432 364 62 21 was
518 352 113 33 Berthe
658 353 36 32 de
720 352 178 33 Mottefort?

83 413 108 32 Victor
218 413 114 33 shrank
356 413 78 33 from
459 413 52 33 the
535 414 147 42 question,
698 413 45 33 for
758 413 38 33 he
812 413 88 33 could

84 479 55 27 not
153 474 54 32 but
225 474 96 42 judge
338 474 121 40 Berthe,
477 474 60 32 and
559 474 39 33 he
620 474 61 32 had
702 486 39 20 no
764 474 82 42 right
867 479 32 27 to

79 535 95 41 judge
190 535 63 33 her.
301 535 60 33 She
378 535 64 32 said
458 535 53 31 she
527 535 61 31 had
611 535 154 32 sacrificed
787 535 115 32 herself

84 595 46 32 for
167 596 62 32 him
241 597 6 31 !
294 595 74 32 Was
406 595 60 31 this
503 599 68 27 true
580 596 15 31 ?
639 595 49 32 No
702 595 7 33 !
748 595 54 31 she
839 595 61 31 had

85 657 116 41 merely
230 656 154 32 sacrificed
412 656 75 41 duty
513 660 32 27 to
577 656 173 32 inclination
752 674 39 4 —
793 660 32 27 to
861 667 40 20 an

85 717 176 32 inclination
281 717 108 39 which,
414 717 131 32 because
565 717 54 32 she
642 729 63 21 was
727 717 96 40 weak,
847 717 54 32 she

84 779 60 31 had
164 778 97 32 called
275 778 183 32 irresistible.
516 778 100 33 Claire
632 778 77 40 who,
725 778 89 33 while
828 778 74 42 they

84 838 73 32 both
174 838 88 41 lived,
280 838 103 32 would
398 849 94 21 never
507 838 111 42 permit
632 838 64 32 him
712 850 33 21 so
759 838 93 32 much
868 849 33 21 as

85 911 39 21 an
139 900 118 42 impure
272 899 134 42 thought
421 899 93 32 about
530 899 62 40 her,
595 919 43 3 —
639 899 109 40 Claire,
765 904 32 27 to
813 899 88 32 share

86 961 91 32 death
192 960 74 33 with
282 960 72 41 him,
372 971 86 22 came
481 960 138 42 serenely
635 960 152 32 dauntless
808 965 31 27 to
854 960 47 32 his

85 1023 72 40 side,
175 1022 104 32 whilst
295 1022 62 40 she,
375 1021 69 33 who
460 1021 61 33 had
542 1021 151 43 trampled
709 1033 39 21 on
763 1021 54 33 her
832 1032 68 21 own

84 1085 56 31 fair
166 1084 79 32 fame
269 1084 46 32 for
339 1084 67 31 love
433 1083 34 31 of
484 1083 72 40 him,
573 1083 60 31 fled
649 1082 154 42 shrieking
823 1082 78 32 from

83 1146 52 32 the
151 1146 115 39 danger
280 1149 32 27 to
328 1144 101 32 which
444 1144 39 31 he
499 1143 155 32 remained
671 1143 141 42 exposed.

127 1208 74 31 This
218 1207 114 41 merely
344 1205 133 42 brought
489 1204 209 32 confirmation
709 1209 30 27 to
754 1204 48 32 his
817 1204 83 32 mind

84 1269 33 32 of
145 1269 67 31 that
238 1267 100 32 which
361 1267 39 31 he
427 1266 62 31 had
515 1266 73 42 long
613 1265 146 32 laboured
789 1270 54 27 not
869 1269 31 28 to

83 1330 111 39 admit;
227 1328 123 42 namely
374 1327 35 32 of
439 1326 138 33 Berthe's
601 1326 96 31 moral
723 1325 175 42 inferiority.

83 1390 113 33 Berthe
220 1401 64 20 Avas
310 1388 171 41 unworthy,
502 1388 56 30 but
579 1386 68 32 that
668 1386 148 42 regarded
838 1386 62 32 him

81 1457 61 27 not.
192 1451 62 33 She
271 1462 64 19 was
350 1448 165 42 unworthy
530 1447 35 32 of
582 1447 53 32 the
651 1447 162 32 surrender
829 1447 35 32 of
880 1458 19 20 a

83 1513 99 32 man's
198 1512 99 31 whole
324 1511 60 39 life,
401 1510 55 32 but
480 1509 31 32 in
535 1508 56 33 her
611 1520 42 20 un
654 1508 178 32 worthiness
848 1508 52 41 lay
