1079 1710
160 75 34 25 78

398 81 83 19 LOVE
505 80 64 20 THE
593 77 160 22 AVENGER.

159 158 78 32 dead
254 158 89 32 child.
424 158 30 31 It
478 157 25 31 is
522 160 55 27 not
593 155 46 32 for
663 166 36 21 us
719 159 32 27 to
771 153 99 43 judge
883 165 6 28 ;
914 162 79 31 your

158 220 85 31 trials
281 220 80 31 have
392 219 79 31 been
510 228 117 29 severe,
660 228 76 31 poor
766 226 132 28 woman,
932 213 60 32 and

158 280 97 32 God's
281 292 105 29 mercy
410 280 25 30 is
459 277 195 33 unbounded.
703 277 71 32 You
799 280 85 28 must
910 275 81 32 have

158 342 132 32 suffered

234 403 134 43 Cruelly,
568 402 147 43 repeated
730 401 124 41 Berthe,
872 400 118 42 raising

156 465 56 32 her
227 477 72 31 eyes
315 465 152 43 upwards,
484 465 61 31 and
561 464 110 43 giving
687 476 70 30 way
772 469 32 27 to
821 475 19 21 a
855 463 87 32 burst
959 463 34 32 of

157 528 131 41 genuine
313 527 82 41 grief
417 528 52 31 the
496 532 140 27 moment
656 527 54 31 the
738 526 95 31 chord
859 525 35 32 of
917 524 70 33 self-

157 589 245 31 commiseration
431 601 63 19 was
519 589 141 32 touched.
743 588 67 31 The
837 586 97 33 world
962 587 25 31 is

157 662 32 19 so
361 650 54 31 she
435 650 178 40 exclaimed,
632 650 140 42 clasping
795 650 56 31 her
876 649 109 41 hands,

189 723 32 20 so
238 712 75 31 hard
329 723 83 30 upon
435 723 60 30 any
511 712 198 32 unfortunate
726 723 122 20 woman
865 712 71 31 who
960 711 25 32 is

156 773 115 31 carried
287 784 87 28 away
390 773 42 39 by
448 773 55 32 her
519 773 88 32 heart
619 774 5 31 !

198 833 87 31 Aunt
302 833 192 32 Clementine
511 844 64 21 was
592 833 40 31 all
648 844 105 31 mercy
770 833 61 32 and
852 833 130 33 softness

154 894 91 40 again
267 898 31 27 at
319 893 70 40 this,
416 894 61 31 and
503 898 57 38 put
583 894 55 32 her
663 906 82 20 arms
771 895 211 43 protectingly

153 954 98 32 round
278 954 139 32 Berthe's
444 955 167 40 shoulders,
644 955 145 42 pillowed
815 956 56 32 her
903 956 79 32 head

153 1027 83 30 upon
260 1015 55 32 her
341 1016 116 40 bosom,
483 1016 61 31 and
567 1016 130 33 soothed
725 1017 61 32 and
811 1018 170 32 comforted

153 1077 63 39 her,
249 1076 60 33 and
340 1076 42 33 let
412 1076 55 33 her
498 1090 52 30 cry
576 1078 55 31 her
660 1078 89 32 heart
777 1084 65 28 out.
899 1081 83 32 Poor

153 1138 134 32 stricken
310 1150 119 20 woman
444 1139 6 31 !
475 1138 59 32 had
562 1139 54 31 she
638 1145 55 26 not
713 1141 60 31 lost
797 1142 184 42 everything

152 1199 68 32 that
244 1198 89 33 made
360 1199 51 32 life
441 1200 99 31 worth
568 1200 141 42 having?
756 1202 75 33 Was
859 1209 55 27 not
941 1204 39 32 he

152 1260 149 32 snatched
331 1260 76 32 from
445 1261 55 32 her
538 1262 101 31 \.hom
672 1263 54 32 she
761 1264 62 32 had
855 1266 125 43 sinfully

152 1323 194 42 worshipped
362 1324 60 31 and
446 1324 89 32 made
552 1324 55 32 her
628 1325 60 32 idol
698 1327 15 31 ?
715 1346 42 3 —
759 1328 59 31 and
835 1340 64 21 was
924 1330 55 32 she

152 1390 54 26 not
222 1385 112 42 utterly
351 1385 88 31 alone
450 1386 13 31 ?
465 1405 41 3 —
508 1385 157 34 friendless
692 1389 61 30 and
774 1389 123 42 forlorn,
917 1392 62 32 and

151 1446 99 32 bereft
280 1446 34 32 of
340 1446 40 32 all
407 1446 89 33 those
524 1450 246 40 compensations
798 1452 102 33 which
925 1453 54 33 the

151 1508 144 42 unerring
325 1508 63 32 find
417 1508 32 32 in
473 1508 80 32 their
583 1511 197 41 neighbour's
809 1517 171 40 sympathy
