1079 1710
883 100 50 27 179

302 105 62 21 THE
388 106 208 21 UNEXPECTED
619 107 133 20 RETURN.

117 179 146 43 integrity
280 180 155 43 impaired.
469 182 92 31 From
576 182 158 42 heavenly,
752 182 68 32 that
834 182 24 32 it
874 182 59 31 had

116 240 88 41 been,
222 241 23 32 it
261 241 61 32 had
337 243 124 31 become
478 244 119 40 earthly
612 256 70 19 now
697 244 60 31 and
773 243 148 32 troubled.

160 302 194 43 Everything
382 309 51 27 too
458 305 159 32 combined
643 311 31 26 to
707 306 149 40 unsteady
879 305 54 31 her

116 363 94 37 mind,
242 365 60 30 and
338 366 92 31 make
469 378 92 30 peace
599 366 185 42 impossible.
845 366 88 31 Even

118 423 125 42 Olivier,
261 425 68 32 who
356 426 62 32 had
443 427 25 31 it
493 432 54 26 not
573 427 31 31 in
635 427 48 31 his
709 439 102 29 power
837 432 30 26 to
895 427 38 31 do

116 484 98 41 aught
232 485 45 31 for
302 486 55 31 her
381 487 171 41 happiness,
571 487 88 31 could
685 491 53 36 yet
764 487 168 31 contribute

116 545 118 43 largely
249 551 32 26 to
297 547 55 31 her
370 547 198 41 disquietude.
617 548 60 32 She
693 559 70 29 was,
781 549 95 30 above
893 548 39 32 all

116 606 113 42 things,
265 619 150 29 generous
450 609 58 30 and
543 608 211 40 self-devoted,
779 609 60 30 and
872 610 60 30 dis-

115 668 95 41 posed
232 668 154 41 naturally
410 673 32 26 to
472 669 87 30 think
590 669 53 31 she
672 669 59 30 had
762 674 55 26 not
839 670 91 40 given

114 740 87 30 away
240 729 181 41 sufficiently
459 730 33 30 of
524 730 55 30 her
613 741 68 19 own
706 729 59 32 self
790 734 33 27 to
846 730 86 31 other

112 790 118 41 people.
276 790 81 31 Now
381 790 140 31 Olivier's
542 791 55 40 joy
622 795 31 26 at
674 790 132 32 Victor's
823 802 107 30 escape

112 850 61 31 had
197 851 77 30 been
296 851 173 40 something
497 863 32 19 so
556 851 72 31 loud
652 851 60 30 and
740 855 105 36 strong
871 851 59 31 and

110 911 133 41 genuine
259 911 67 32 that
342 911 46 31 his
405 911 67 31 wife
496 923 62 19 was
574 911 148 41 painfully
736 911 131 31 touched
889 911 41 41 by

110 972 33 40 it,
170 972 60 31 and
257 972 178 41 examining
464 972 54 31 her
542 983 69 20 own
645 972 86 30 heart
762 972 87 30 could
875 976 53 26 not

110 1032 111 31 choose
237 1033 56 30 but
313 1032 57 32 feel
397 1044 18 19 a
436 1036 122 37 strange
582 1036 61 27 sort
670 1031 34 32 of
721 1031 66 42 pity
802 1032 45 31 for
873 1032 54 31 her

110 1093 149 30 husband.

152 1155 30 30 It
206 1165 64 20 was
294 1153 53 31 the
371 1153 74 31 kind
469 1153 35 31 of
525 1153 240 31 commiseration
791 1165 60 30 you
867 1154 57 31 feel

107 1216 47 31 for
170 1227 18 20 a
203 1226 111 31 person
331 1214 63 31 sick
410 1219 74 26 unto
512 1215 99 40 death,
628 1215 60 31 and
714 1215 68 31 who
805 1220 120 36 accepts

105 1278 55 32 the
177 1277 131 31 doctor's
331 1287 177 20 assurances
523 1276 68 31 that
614 1276 37 31 he
674 1276 25 31 is
715 1281 53 26 not
784 1276 94 41 going
892 1281 32 27 to

107 1339 57 39 die,
182 1350 34 20 or
232 1338 45 31 for
294 1338 53 31 the
364 1337 155 41 confiding
533 1342 123 37 rapture
674 1337 33 31 of
725 1349 18 19 a
759 1337 80 31 child
854 1338 68 31 who

105 1405 97 27 trusts
223 1399 30 31 in
270 1399 53 31 the
348 1398 132 42 promise
508 1397 33 32 of
561 1410 82 19 some
669 1398 138 41 pleasure
823 1399 100 31 which

104 1475 62 31 you
182 1463 92 31 know
289 1461 25 32 is
330 1466 54 27 not
408 1466 31 27 to
465 1461 37 31 be
529 1460 134 33 fulfilled.
711 1461 113 32 Olivier
850 1472 72 28 was,

105 1525 71 32 God
193 1525 105 30 knows
310 1524 6 31 !
342 1526 54 28 not
412 1522 144 40 wronged
582 1522 64 40 (nor
663 1534 71 20 ever
748 1522 102 32 would
864 1522 37 32 be
915 1535 7 27 ;

796 1589 16 13 N
828 1584 10 18 2
