1079 1710
398 91 61 20 FOR
481 91 91 20 EVER.

858 85 32 25 61

117 166 62 31 For
202 179 93 30 many
312 168 75 42 days
406 169 32 31 in
456 168 54 32 the
531 168 146 41 infinitely
694 167 87 32 small
797 167 96 31 world

74 226 100 33 which
213 228 93 42 styles
344 229 85 31 itself
461 229 227 41 magnificently
722 228 50 32 the
809 232 85 37 great

75 288 104 41 world,
197 289 53 32 the
272 289 175 42 expedition
467 290 120 41 against
606 290 50 32 the
672 290 145 41 Kabyles,
835 290 59 31 and

75 350 53 32 the
149 351 90 41 glory
254 351 146 32 achieved
422 352 41 41 by
478 352 108 32 Victor
607 352 36 31 de
659 352 140 31 Lancour
814 363 80 20 were

75 411 54 31 the
146 411 238 41 all-engrossing
400 413 116 39 subject
532 413 34 31 of
577 413 220 31 conversation.

121 473 66 31 The
213 473 174 42 expedition
408 484 63 21 was
494 473 71 41 only
581 473 64 42 just
672 473 30 31 in
728 473 39 32 its
788 473 106 42 begin-

78 534 75 40 ning
166 546 7 27 ;
204 534 51 32 the
278 534 66 31 first
363 539 59 26 two
448 545 33 20 or
506 534 85 31 three
618 534 74 41 days
718 534 34 31 of
772 534 23 31 it
815 545 79 21 were

79 594 141 32 crowned
250 594 72 31 with
349 594 51 31 the
422 598 80 26 most
524 593 134 31 brilliant
681 605 127 28 success,
835 594 59 31 and

78 655 74 31 then
173 655 51 31 the
247 666 87 29 corps
359 654 132 31 d'armee
517 653 60 32 had
598 658 32 27 to
650 659 158 36 penetrate
831 654 63 32 into

78 727 83 20 some
188 715 112 40 defiles,
329 715 126 40 reputed
479 726 75 30 very
574 714 179 41 dangerous,
779 715 61 32 and
863 720 31 27 to

76 776 86 31 track
191 775 52 32 the
274 786 109 30 enemy
411 786 112 30 among
553 775 47 31 his
632 776 158 31 mountain
821 776 73 31 fast-

77 848 113 19 nesses.

119 899 62 30 For
211 898 106 41 nearly
347 909 19 19 a
395 896 87 32 week
511 896 85 32 there
627 908 85 20 came
742 909 39 19 no
811 908 83 21 more

75 958 153 40 bulletins,
267 958 61 31 and
364 957 74 31 then
478 956 87 32 there
599 968 85 20 came
722 969 56 19 one
811 957 83 31 short

75 1020 157 41 telegram.
293 1019 66 31 The
395 1018 156 32 advanced
580 1018 98 41 guard
712 1018 60 31 had
802 1018 92 32 fallen

74 1081 65 31 into
160 1092 40 20 an
223 1080 138 39 ambush,
381 1079 60 31 and
459 1079 23 31 it
498 1090 62 20 was
581 1079 102 32 feared
703 1079 98 41 might
816 1079 78 32 have

76 1141 156 31 sustained
248 1153 83 19 some
347 1141 103 31 losses.

118 1203 143 32 Madame
286 1202 180 32 Beaudouin
488 1213 63 20 was
576 1202 105 41 sitting
705 1202 41 41 by
766 1202 54 32 her
841 1202 53 32 fire

75 1264 126 42 reading
202 1284 42 3 —
245 1264 24 32 it
293 1275 63 21 was
386 1268 55 27 not
470 1263 91 32 much
587 1268 70 37 past
680 1274 80 21 noon
762 1283 43 2 —
805 1263 89 33 when

73 1326 53 32 the
163 1338 104 30 young
300 1325 165 42 Marquise,
502 1324 230 40 unannounced,
764 1336 33 21 as
831 1337 63 20 was

74 1388 171 42 frequently
272 1387 54 32 her
352 1390 92 37 wont,
473 1398 85 20 came
582 1385 39 33 in.
678 1386 61 32 She
764 1386 51 32 did
841 1391 53 27 not

73 1450 63 32 kiss
157 1449 55 32 her
228 1452 83 37 aunt,
333 1459 56 20 nor
405 1447 73 32 take
494 1447 55 31 her
565 1447 89 32 hand.
703 1446 61 33 She
779 1447 115 41 merely

74 1522 85 22 came
175 1522 42 29 np
233 1515 31 28 to
280 1510 102 32 where
400 1508 53 33 she
469 1513 56 36 sat,
543 1508 60 32 and
618 1508 65 32 said
698 1512 32 27 to
746 1507 54 32 her
813 1520 5 19 :
823 1526 37 4 —
