1062 1607
532 82 14 22 5

80 140 71 25 lived
163 140 28 24 in
205 139 69 26 their
287 141 108 25 baron's
408 141 54 25 hall
482 141 26 25 in
528 142 154 32 semi-regal
700 147 79 25 state,
792 145 126 32 wielding
940 154 66 16 even

80 174 45 25 the
139 182 91 23 power
242 174 30 24 of
287 174 44 25 life
346 175 53 24 and
413 175 82 24 death
515 183 64 17 over
600 176 71 24 their
688 178 106 30 people.
831 178 78 33 They
920 179 88 25 fished

81 209 26 23 in
120 208 46 24 the
181 208 86 24 Irwell
277 216 5 21 ;
301 208 66 33 they
379 208 103 25 hunted
495 217 27 16 in
536 210 46 23 the
592 210 92 24 woods
694 210 60 25 that
765 211 65 24 then
839 214 168 23 surrounded

80 242 46 24 the
139 246 72 20 town
224 250 5 21 ;
249 242 63 32 they
325 243 62 23 took
401 243 69 24 their
484 243 130 24 retainers
633 247 27 21 to
680 243 62 25 feud
761 253 30 15 or
810 248 28 21 to
854 254 69 21 war;
942 246 66 33 they

81 276 132 31 probably
225 276 97 24 looked
335 284 35 16 on
384 280 28 20 at
420 276 55 33 [the
492 276 110 25 miracle
616 277 77 32 plays
714 277 27 24 in
763 278 46 24 the
831 279 44 24 old
898 280 110 24 church.

81 309 76 32 They
170 309 63 29 had,
255 309 35 24 let
310 317 32 17 us
359 309 80 33 hope,
453 318 14 16 a
487 311 70 31 good
570 311 74 25 word
657 311 40 24 for
710 311 77 25 those
806 312 59 25 who
880 313 45 24 did
939 314 69 28 well,

82 343 53 24 and
148 342 39 25 for
200 342 146 26 evildoers
359 343 75 25 there
448 352 56 17 was
513 344 46 25 the
572 344 67 32 grim
653 345 111 32 gallows
776 344 71 26 field.
885 346 58 25 The
956 347 52 24 last

82 376 28 25 of
120 377 46 24 the
180 377 98 24 barons
290 386 56 15 was
360 377 121 25 Thomas
502 378 26 24 la
552 378 108 30 Warre,
673 379 61 24 who
754 379 111 24 became
887 388 16 15 a
925 381 83 31 priest

83 410 87 26 before
183 410 33 25 he
229 411 111 24 became
358 420 15 15 a
387 420 72 22 peer.
497 412 44 24 He
553 420 58 16 was
624 412 45 24 the
679 415 88 21 rector
780 413 29 23 of
825 414 183 28 Manchester,

81 445 53 24 and
148 444 53 25 had
223 453 14 16 a
258 445 101 24 license
379 448 29 21 to
430 446 33 23 be
485 446 194 24 non-resident.
717 446 87 24 What
826 447 118 25 touched
966 448 42 24 his

82 478 159 24 conscience
269 486 40 17 we
328 482 100 21 cannot
448 487 61 16 now
528 480 46 23 tell
585 488 4 20 ;
610 480 48 24 but
677 480 33 24 he
732 480 167 26 determined
921 486 29 20 to
973 482 34 24 do

82 512 71 24 what
167 512 33 24 he
213 512 80 25 could
311 516 29 20 to
359 520 64 17 cure
444 513 45 24 the
508 514 114 24 scandal
641 514 29 24 of
684 514 214 30 non-residence,
919 514 39 26 for
982 515 27 25 of

82 546 45 24 the
140 546 125 31 previous
279 550 102 20 rectors
394 555 73 16 some
480 547 95 32 rarely,
589 548 54 24 and
656 547 89 25 others
760 557 89 21 never,
861 549 106 25 resided
981 558 24 15 in

81 580 46 24 the
146 583 72 21 town
241 588 30 16 or
291 580 152 32 performed
462 580 47 25 the
533 581 138 25 functions
695 581 30 25 of
743 582 71 24 their
831 582 84 25 office.
953 583 55 24 For

82 613 54 25 this
161 621 96 17 reason
279 613 34 25 he
334 614 177 30 determined,
532 615 81 32 being
634 615 47 25 the
700 615 53 26 last
774 616 30 25 of
821 616 42 25 his
886 624 70 22 race,
980 620 27 21 to

83 646 82 25 found
185 656 15 15 a
220 647 102 32 college
340 647 28 26 of
390 648 45 25 the
453 648 91 32 clergy
563 649 91 25 whose
674 650 67 31 duty
763 650 19 24 it
805 650 97 25 should
925 651 33 24 be
980 655 28 20 to

82 681 119 25 minister
218 685 28 21 to
268 682 44 24 the
342 682 124 31 spiritual
484 686 87 21 wants
596 683 29 24 of
655 683 46 24 the
724 684 107 31 people.
880 685 37 24 So
936 692 34 17 on
992 693 15 16 a

169 1544 49 14 THE
233 1544 148 15 COLLEGIATE
395 1544 100 15 CHURCH
511 1544 62 14 FROM
589 1545 114 14 VICTORIA
718 1545 88 14 BRIDGE
821 1545 25 14 IN
864 1539 55 24 1844.
