1079 1710
859 90 51 25 111

305 95 124 21 COMING
451 96 38 20 TO
513 97 63 19 THE
600 96 100 20 POINT.

92 170 60 32 and
182 175 31 27 to
248 184 52 29 my
330 173 155 40 grandson
523 174 103 31 would
662 174 37 30 be
741 173 172 41 performed

92 232 122 42 beyond
237 233 40 31 all
293 234 125 32 shadow
440 235 34 31 of
492 246 19 20 a
533 235 94 31 doubt
638 248 6 27 ;
670 235 81 31 what
776 246 17 21 a
819 235 94 32 bless-

92 294 55 41 ing
159 296 5 30 !
224 295 53 31 she
290 295 152 42 fervently
459 291 301 47 ejaculated,*laying
775 296 55 32 her
846 296 67 32 lean

92 356 99 31 hands
216 357 85 40 quite
324 357 223 42 affectionately
570 369 82 30 upon
677 357 88 32 those
798 357 34 32 of
859 357 54 32 her

93 418 115 39 visitor,
234 430 40 20 on
296 418 104 32 whose
427 418 57 42 lips
516 418 60 32 and
602 430 71 30 eyes
705 423 45 27 sat
782 418 60 32 still
863 418 50 33 the

95 490 84 21 same
195 479 144 40 mocking
355 479 94 32 smile.

170 541 82 32 Yes!
277 553 40 19 no
334 541 102 41 doubt,
454 552 19 20 a
488 545 87 37 great
771 542 143 41 repeated

94 602 85 32 Mile,
219 602 38 31 de
296 602 214 42 Mourjonville
525 616 5 25 ;
605 602 55 31 but
696 602 67 31 that
799 602 25 31 is
861 607 54 26 not

93 663 152 42 precisely
282 663 83 31 what
402 663 15 31 I
454 663 61 31 had
551 667 32 27 to
622 674 61 30 say,
712 662 26 31 if
763 674 60 30 you
854 662 59 32 had

94 724 130 32 allowed
246 736 50 19 me
318 729 33 26 to
381 723 91 31 finish
501 735 53 30 my
578 728 150 26 sentence.
776 724 14 30 I
815 724 100 30 stated

93 786 68 30 that
183 786 52 30 the
267 790 102 36 report
399 784 148 41 touching
569 785 43 30 M.
638 785 36 30 de
698 784 128 40 Nesves,
851 796 63 19 was

92 851 55 27 not
169 846 155 32 traceable
346 850 33 27 to
403 857 60 30 any
486 857 58 20 one
567 845 31 31 in
616 846 172 41 particular,
807 850 31 26 to
855 857 60 30 any

95 919 56 20 one
174 907 102 31 Avhom
298 907 16 30 I
332 906 89 31 could
436 906 90 31 make
543 910 52 27 out
609 920 6 26 ;
639 906 55 31 but
719 906 23 31 it
765 906 150 42 certainly

93 970 93 31 found
209 970 39 30 its
280 980 69 29 way
373 973 32 26 to
430 980 77 28 your
537 967 151 31 brother's
714 979 77 28 ears,
817 967 60 31 and
900 967 15 30 I

93 1030 65 30 fear
172 1030 57 30 has
245 1028 112 32 caused
372 1028 64 31 him
557 1028 54 31 she
626 1027 157 32 hesitated.

170 1091 46 30 To
231 1094 72 27 turn
318 1089 55 32 her
393 1094 52 26 out
469 1089 34 31 of
517 1089 47 31 his
581 1089 103 39 house,
702 1089 60 31 and
779 1093 65 27 cast
859 1089 53 31 her

94 1152 44 31 off
149 1151 103 32 before
269 1151 53 31 she
338 1150 55 32 has
408 1151 74 30 time
492 1155 31 26 to
537 1150 63 41 quit
616 1150 62 30 him
692 1151 6 30 !
747 1150 165 31 exclaimed

93 1213 53 33 the
162 1213 152 39 Dowager
330 1212 73 31 with
420 1212 138 31 exultant
574 1212 154 32 hardness.

199 1295 42 2 —
244 1285 16 21 o
263 1292 42 4 —
384 1272 134 33 drawled
543 1277 51 27 out
617 1272 140 42 Aspasie,
784 1272 128 40 shaking

92 1338 55 31 her
162 1336 88 41 head,
274 1335 61 32 and
356 1334 144 41 distilling
515 1334 55 32 her
590 1345 93 31 every
698 1334 124 41 syllable
839 1333 73 31 with

91 1399 53 31 the
176 1398 126 41 deepest
332 1396 174 42 enjoyment
530 1395 33 32 of
581 1395 52 32 the
657 1395 87 32 effect
767 1394 54 32 she
844 1405 68 30 pro-

92 1460 98 32 duced
191 1479 44 3 —
267 1464 32 26 to
323 1458 87 31 think
430 1457 33 32 of
484 1457 156 42 marrying
664 1456 54 32 her
744 1455 137 32 himself!

92 1522 69 40 and,
179 1534 33 21 as
228 1522 24 32 it
268 1532 89 27 were,
373 1519 113 42 coiling
500 1518 116 33 herself
633 1531 41 30 up
690 1519 64 31 into
770 1517 51 32 the
839 1527 73 29 very
