1079 1710
873 91 33 25 83

219 95 142 22 LIGHTLY
384 96 128 28 LOVING,
536 97 142 21 LIGHTLY
701 97 79 22 LOST.

90 167 97 42 small,
205 169 118 42 vulgar,
345 170 131 32 motives
500 170 34 32 of
554 170 62 32 this
642 170 70 32 vain
739 170 166 42 propriety-

89 228 109 32 seeker
219 230 107 31 scared
341 230 62 33 her.
451 231 65 32 The
536 231 103 41 levity,
656 231 51 32 the
731 231 172 42 emptiness,

88 288 55 32 the
160 295 82 27 want
258 291 34 31 of
310 291 86 32 truth
419 292 203 42 everywhere,
641 292 138 31 whether
800 292 32 31 in
854 292 51 32 the

90 349 47 32 sin
154 362 33 20 or
203 351 30 31 in
249 352 52 32 the
319 352 113 41 shame,
450 363 108 30 wrung
573 352 55 32 her
643 364 73 29 very
731 352 94 33 heart.

166 413 30 32 It
222 413 26 33 is
276 426 33 20 so
336 414 91 32 much
607 415 153 31 muttered
784 415 121 41 Berthe,

90 474 159 42 incapable
277 475 35 32 of
337 475 128 42 bearing
491 475 61 32 this
583 475 109 32 silence
707 489 5 27 ;
852 487 53 20 our

91 546 54 21 son
158 548 7 28 ;
188 535 53 33 the
260 537 95 31 world
380 536 113 42 forgets
517 535 30 32 in
572 547 18 20 a
613 536 58 32 few
697 548 87 30 years
796 550 6 27 ;
836 536 67 41 and,

89 595 84 41 then,
188 596 45 32 for
249 596 45 32 his
312 597 80 40 sake,
395 617 42 2 —
438 597 24 31 it
481 597 27 31 is
529 608 34 20 so
578 597 91 31 much
685 597 99 31 better
798 597 45 31 for
858 597 46 31 his

241 658 59 31 But
326 657 54 32 she
406 669 94 20 never
522 657 109 32 looked
659 662 31 27 at
713 657 62 41 her,
800 669 100 28 never,

90 729 86 19 once.

176 779 65 32 The
271 780 96 31 world
396 780 114 42 forgets
528 781 6 31 !
611 780 72 40 Yes,
723 779 120 41 Berthe,
878 779 23 32 it

85 840 72 32 does
171 854 6 27 ;
200 841 24 31 it
240 841 71 31 asks
326 841 47 31 for
387 853 40 19 no
443 842 100 31 better
565 841 76 31 than
655 846 32 26 to
703 841 98 41 forget
803 860 42 4 —
845 841 55 31 but

82 913 61 29 you
155 902 5 31 !
185 902 80 32 have
280 914 61 28 you
357 902 153 40 forgotten
520 902 24 40 ?)

126 964 88 30 Aunt
238 963 192 32 Clementine
454 975 63 19 was
542 962 216 42 overpowered
782 963 41 41 by
849 962 49 32 the

82 1023 73 31 rush
172 1023 34 32 of
226 1023 54 32 her
299 1024 190 31 tumultuous
505 1023 154 42 thoughts.
707 1024 66 30 Her
794 1027 101 36 sweet,

81 1096 84 30 pure,
193 1084 261 42 ardently-loving
480 1084 108 41 Claire,
620 1084 60 31 and
704 1084 67 31 that
795 1096 103 29 young

81 1145 74 32 hero
180 1145 30 31 in
234 1146 135 40 Algeria,
387 1145 77 32 dead
484 1145 46 32 for
554 1145 76 42 duty
649 1145 60 31 and
729 1157 166 20 renounce-

79 1207 112 31 ment's
226 1207 79 40 sake,
340 1207 74 41 they
448 1211 96 37 swept
584 1206 102 32 before
725 1206 54 32 her
816 1219 79 30 eyes,

78 1268 185 42 mournfully
282 1268 159 42 indignant
457 1273 31 27 at
503 1268 53 32 the
580 1268 160 31 miserable
757 1273 137 27 creature

77 1330 70 32 who
163 1330 61 32 had
238 1330 119 32 neither
372 1329 171 32 renounced
558 1341 55 20 nor
629 1329 97 32 loved.
773 1329 76 32 Was
870 1329 24 31 it

76 1392 73 32 then
172 1396 69 28 true
265 1390 67 34 that
359 1390 30 32 in
415 1396 66 27 true
505 1390 123 43 passion
652 1390 88 32 alone
763 1390 55 32 lies
841 1390 51 31 the

76 1453 139 42 strength
240 1452 34 33 of
294 1452 83 43 right
401 1452 109 42 doing;
543 1452 60 32 and
626 1451 66 33 that
714 1451 103 32 whilst
841 1450 51 32 the

72 1527 75 30 pure
177 1526 72 30 may
273 1514 37 32 be
337 1514 182 42 passionate,
549 1513 53 32 the
633 1512 165 42 genuinely
823 1523 73 31 pas-

744 1573 35 19 g2
