1062 1607
509 52 28 24 13

59 110 46 26 the
118 118 73 17 same
203 113 28 21 to
245 109 45 25 the
304 109 74 26 Lord
400 109 30 25 of
444 109 46 25 the
512 110 106 29 Manor,
640 110 52 25 and
713 111 46 25 the
777 111 72 25 third
870 115 61 27 part
951 116 27 20 to

60 148 77 22 those
149 143 60 25 that
227 143 70 25 shall
308 143 56 25 find
378 143 45 25 the
570 144 59 24 The
648 145 56 23 rule
719 145 106 31 against
844 144 134 32 re-selling

61 186 71 24 upon
146 177 46 25 the
204 177 53 32 day
270 177 29 25 of
309 178 133 31 purchase
455 177 108 32 applied
577 178 57 24 also
646 181 28 21 to
687 178 135 25 butchers.

94 212 58 24 The
165 211 44 25 old
221 211 104 25 market
337 220 55 16 was
407 220 14 15 a
434 212 77 30 place
524 211 30 25 of
563 215 109 27 prompt
684 211 186 31 punishment.
917 211 60 25 The

61 246 88 25 stocks
162 245 53 24 and
228 245 95 32 pillory
336 246 77 23 stood
427 245 75 24 there
514 245 39 24 for
572 245 144 24 centuries.
752 246 43 23 An
809 245 132 24 anecdote
955 246 22 23 is

62 280 56 25 told
131 279 28 25 of
170 288 15 16 a
198 287 61 16 man
272 279 60 24 who
346 280 54 23 had
413 280 67 23 been
491 279 96 31 placed
601 278 26 24 in
638 279 45 23 the
694 279 90 24 stocks
795 278 39 24 for
844 279 133 23 drunken-

63 322 69 17 ness.
167 314 24 23 A
203 313 85 24 friend
298 313 83 24 asked
394 313 54 23 him
458 313 71 24 what
538 313 33 23 he
581 321 55 16 was
646 313 82 32 doing
736 313 75 23 there
822 314 10 23 ?
894 312 83 32 Why,

63 347 34 26 do
109 355 52 25 you
256 355 55 16 was
325 347 41 24 his
378 347 83 31 reply,
506 347 53 23 I've
571 350 46 28 got
630 346 115 25 married
758 350 28 20 to
800 346 67 24 Miss
886 346 91 24 Wood

63 381 69 30 here,
146 381 52 24 and
211 380 59 25 that
284 380 85 25 fellow
384 380 134 33 (pointing
530 385 27 20 to
577 389 14 15 a
612 389 61 15 man
691 388 35 16 on
745 380 46 24 the
804 380 86 24 round
904 380 73 23 table

63 415 60 25 who
136 423 54 16 was
202 414 80 32 being
294 413 106 33 flogged
412 414 35 32 by
460 414 45 24 the
518 414 104 31 beadle)
634 414 22 24 is
670 422 75 16 come
758 418 28 20 to
796 414 85 24 dance
894 416 28 21 at
933 421 45 24 my

253 448 58 25 The
331 448 92 25 stocks
445 448 53 25 and
517 448 96 32 pillory
629 456 70 16 were
717 448 64 31 only
801 446 126 26 removed
949 446 28 24 in

66 484 70 23 1812.
182 483 56 24 Our
256 483 138 30 ungallant
413 485 139 22 ancestors
570 482 57 25 also
645 481 79 25 made
743 481 54 25 free
817 489 46 17 use
884 479 30 26 of
929 480 47 25 the

64 517 116 31 ducking
192 517 68 23 stool
271 516 53 24 and
336 516 47 24 the
396 516 97 24 scold's
502 516 93 24 bridle.
631 516 67 24 This
711 516 51 24 last
776 516 162 24 instrument
950 513 28 25 of

64 554 100 21 torture
180 558 55 16 was
248 550 65 24 used
326 550 68 24 until
411 550 46 24 the
475 553 109 28 present
603 554 120 27 century.
761 550 59 24 One
833 548 144 31 belonging

63 589 29 20 to
104 584 105 26 Salford
222 584 21 24 is
262 592 59 16 now
338 584 27 24 in
386 584 45 24 the
451 584 63 24 Peel
535 583 70 25 Park
628 584 133 24 Museum.
797 583 92 31 Going
907 581 71 25 back

65 618 78 32 again
155 622 28 20 to
196 617 44 25 the
253 617 125 32 spacious
391 618 78 24 times
481 617 29 25 of
519 622 76 28 great
609 617 141 25 Elizabeth
762 617 20 25 it
795 625 55 16 was
863 616 113 25 ordered

64 652 58 24 that
143 660 34 16 no
196 651 84 33 single
300 660 105 16 woman
424 651 97 25 should
540 652 32 25 be
589 651 112 25 allowed
715 656 29 20 to
758 651 68 32 keep
843 650 84 25 house
946 657 31 17 or

65 686 125 23 chamber
202 685 92 24 within
307 685 46 24 the
365 689 80 20 town.

98 719 57 25 The
165 720 65 31 dogs
242 720 121 30 roaming
376 720 82 24 about
470 719 47 25 the
529 722 96 22 streets
637 728 69 16 were
719 728 15 16 a
747 727 95 17 source
860 718 29 25 of
902 722 74 28 great

65 761 165 25 annoyance.
264 753 56 25 The
344 753 119 25 foreman
481 753 29 25 of
526 754 47 24 the
594 753 85 25 Court
698 754 67 24 Leet
787 753 101 32 having
910 753 66 24 been

65 787 63 31 nigh
141 787 167 24 overthrown
321 788 36 31 by
368 795 51 16 one
431 787 29 24 of
470 788 76 24 these
558 788 123 28 animals,
701 788 19 24 it
733 795 56 16 was
801 787 175 32 straightway

65 821 127 24 ordained
205 821 59 24 that
276 829 70 16 none
354 821 95 24 should
458 829 33 24 go
506 822 167 28 unmuzzled,
684 830 33 15 on
728 822 111 32 penalty
848 821 29 24 of
888 828 35 24 3s.
933 821 43 31 4d.

65 855 77 23 Then
157 855 45 24 the
220 855 232 25 smoke-nuisance
469 863 55 16 was
543 855 109 33 already
673 855 136 33 troubling
828 855 46 24 the
893 858 83 25 town,

65 889 51 23 and
128 897 50 15 one
190 888 29 24 of
229 888 45 25 the
286 888 111 26 citizens
409 898 56 16 was
478 889 113 25 ordered
604 894 28 20 to
651 890 77 24 make
747 889 42 25 his
802 888 125 33 chimney
946 897 30 16 so

64 922 59 24 that
137 922 19 24 it
170 922 32 24 be
215 926 45 20 not
271 923 127 23 noisome.

98 956 77 24 Then
187 956 73 25 there
272 965 55 16 was
346 965 15 16 a
377 957 160 31 mysterious
557 957 77 25 order
646 957 89 25 which
756 957 155 32 prohibited
932 956 45 25 the

259 999 28 15 or
307 990 90 33 eating
417 991 29 24 of
463 991 67 24 flesh
552 994 71 21 meat
644 992 85 24 either
750 999 35 16 on
806 991 116 32 Fridays
948 998 29 17 or

66 1023 154 33 Saturdays.
256 1024 58 24 The
324 1024 72 24 chief
406 1033 93 16 source
512 1025 29 24 of
558 1026 47 23 the
623 1028 83 22 water
724 1026 98 31 supply
833 1033 56 16 was
908 1025 36 32 by
962 1032 15 16 a

63 1058 120 29 eonduit,
197 1058 52 23 and
262 1058 45 24 the
319 1059 49 32 key
380 1067 55 15 was
447 1059 27 23 in
486 1059 47 24 the
552 1059 115 32 keeping
684 1059 30 25 of
730 1068 51 16 one
800 1067 72 21 man,
886 1059 53 24 and
957 1059 20 23 it

65 1099 55 16 was
132 1092 61 31 only
206 1092 35 32 by
253 1092 41 24 his
310 1100 102 25 agency
421 1092 60 25 that
490 1097 82 20 water
585 1093 79 25 could
677 1093 33 25 be
720 1093 92 25 drawn
826 1097 27 20 at
867 1092 43 30 all,
924 1093 53 24 and

65 1125 64 24 then
141 1125 33 24 he
186 1133 55 16 was
253 1129 28 21 to
294 1126 33 24 be
340 1127 158 32 reasonably
512 1127 200 32 recompensed.
750 1127 124 29 Further,
883 1136 35 16 no
927 1135 50 17 one

65 1167 55 16 was
132 1162 27 21 to
172 1159 33 24 be
218 1159 111 25 allowed
342 1164 27 20 to
381 1161 75 24 wash
469 1164 27 21 at
509 1160 46 25 the
567 1161 121 24 conduit.

98 1192 69 33 John
186 1193 106 32 Taylor,
305 1194 46 24 the
369 1197 83 22 water
464 1198 71 27 poet,
549 1194 48 26 has
611 1195 45 25 left
669 1203 15 17 a
703 1195 108 25 curious
824 1198 116 22 account
953 1195 27 25 of

66 1226 41 24 his
117 1227 61 23 visit
192 1231 27 19 to
233 1227 180 23 Manchester.

98 1260 58 25 The
199 1261 84 31 Eagle
296 1261 53 25 and
363 1262 78 24 Child
485 1270 55 16 was
552 1262 157 25 afterwards
725 1263 98 24 known
838 1271 28 16 as
879 1263 46 24 the
938 1263 44 25 old

63 1293 92 26 Coffee
170 1295 101 29 House,
285 1296 52 23 and
350 1296 22 23 is
386 1296 44 24 the
443 1296 53 24 end
508 1296 83 25 house
602 1304 34 16 on
650 1297 45 24 the
709 1297 71 32 right
794 1297 73 24 hand
880 1297 57 25 side
955 1301 27 21 ot

65 1327 46 25 the
128 1328 65 24 view
210 1330 61 23 here
284 1329 88 30 given.

100 1362 171 24 Manchester
282 1363 97 31 people
391 1363 70 25 have
473 1363 100 33 always
585 1364 54 25 had
651 1373 15 16 a
676 1364 71 32 good
756 1364 110 32 opinion
879 1364 30 25 of
917 1364 69 26 their

64 1403 60 16 own
137 1404 122 25 courage.
304 1396 88 25 There
404 1406 56 16 was
474 1406 33 15 an
517 1398 43 24 old
569 1399 104 24 conceit
682 1398 60 25 that
755 1398 45 25 the
808 1407 80 16 name
900 1398 28 26 of
941 1398 46 26 the

65 1433 72 21 town
150 1434 91 20 meant
253 1430 46 25 the
313 1431 54 32 city
376 1430 30 25 of
416 1440 70 21 men,
500 1432 53 24 and
563 1440 55 16 was
628 1432 78 32 given
716 1441 29 16 as
756 1441 32 16 an
800 1432 147 25 indication
960 1434 28 23 of

64 1463 71 25 their
155 1464 103 25 valour.
295 1465 180 29 Manchester,
497 1466 148 30 doubtless,
664 1470 59 21 sent
742 1467 35 24 its
795 1467 78 24 share
891 1466 30 25 of
936 1467 51 24 low

65 1505 61 18 men
147 1501 29 22 to
196 1497 46 26 the
262 1498 69 25 hard
350 1498 93 33 fought
463 1499 62 25 field
546 1499 29 24 of
591 1500 99 25 middle
712 1508 71 23 ages,
805 1508 73 17 some
897 1500 29 25 of
941 1501 47 24 the
