1062 1607
513 46 29 23 19

61 102 27 23 in
101 105 75 29 great
191 103 134 33 quantity,
338 103 54 25 and
405 103 125 32 weaving
543 103 29 29 it,
592 108 106 20 returns
712 106 42 23 the
768 113 73 16 same
854 106 80 31 again
954 109 29 21 to

63 136 106 24 Ireland
182 140 28 20 to
221 136 48 25 sell
280 145 5 20 ;
306 137 105 25 neither
430 137 65 25 doth
514 137 47 25 her
580 137 123 33 industry
715 143 53 19 rest
781 138 71 30 here,
866 139 40 24 for
918 140 65 31 they

62 170 54 32 buy
128 174 93 21 cotton
240 171 69 24 wool
328 171 25 24 in
376 172 125 28 London,
521 170 59 26 that
602 180 89 16 comes
712 171 67 25 from
801 172 105 31 Cyprus
928 173 54 24 and

64 204 124 32 Smyrna,
199 205 53 23 and
263 205 73 24 work
347 205 45 25 the
402 213 73 17 same
484 205 56 25 into
551 204 123 30 fustians,
684 206 162 29 vermilions,
856 206 124 30 dimities,

63 238 52 24 and
129 238 64 24 such
214 238 75 25 other
311 239 85 30 stuffs,
409 239 89 24 which
515 239 63 32 they
592 242 92 21 return
706 244 27 19 to
747 240 126 29 London,
892 240 88 25 where

63 272 63 32 they
138 280 44 16 are

97 300 159 38 Humphrey
267 306 142 29 Chetham,
422 307 60 23 who
493 307 61 24 died
566 306 25 24 in
606 307 71 31 1653,
688 315 55 16 was
754 314 14 16 a
779 307 89 24 dealer
882 307 35 27 in,
927 307 52 25 and

63 340 116 31 perhaps
193 348 14 15 a
221 340 204 24 manufacturer
445 340 27 24 of
490 340 123 28 fustians,
634 340 74 25 these
727 340 79 33 being
827 349 51 16 one
890 341 29 24 of
934 341 46 25 the

63 374 104 24 earliest
181 373 83 25 forms
277 374 126 24 assumed
417 374 63 24 here
492 374 36 33 by
538 374 46 24 the
596 378 59 20 true
664 378 92 20 cotton
770 374 209 26 manufacturer.

64 408 43 23 He
120 407 46 24 left
179 416 97 24 money
288 407 40 25 for
341 408 46 24 the
400 408 169 24 endowment
578 408 29 24 of
616 407 46 25 the
674 408 61 24 blue
749 412 61 20 coat
823 408 93 24 school
926 409 53 24 and

62 441 91 32 public
178 441 109 32 library,
311 441 88 25 which
425 442 78 24 bears
526 441 42 25 his
592 450 87 17 name.
725 442 91 24 About
837 442 53 24 this
915 443 64 24 time

63 475 173 25 Manchester
254 484 57 16 was
332 476 140 24 described
496 484 29 16 as
546 475 80 32 being
670 484 49 16 one
740 476 61 24 mile
829 476 27 24 in
878 476 100 31 length,

62 508 64 25 with
150 509 70 32 good
249 512 96 22 streets
376 510 52 24 and
458 510 144 31 buildings,
632 511 52 23 and
714 509 45 25 the
782 510 96 31 people
907 518 73 16 more

63 543 164 24 industrious
248 543 66 24 than
325 544 25 23 in
374 552 53 23 any
440 543 76 24 other
529 547 60 28 part
602 543 29 24 of
641 543 45 24 the
696 543 78 24 north
788 545 28 22 of

66 577 28 23 Ir.
108 584 8 16 1
123 583 48 25 750
179 577 45 23 the
233 581 93 20 cotton
334 578 75 23 trade
421 578 86 31 began
515 581 28 20 to
553 578 32 23 be
594 578 131 30 imported
733 578 57 23 into
798 578 181 28 Manchester,

62 611 53 23 and
128 615 44 19 ten
184 619 77 24 years
281 611 67 24 later
360 611 46 24 the
419 611 102 31 foreign
536 611 117 24 markets
666 611 85 32 began
770 615 28 20 to
812 611 32 24 be
856 611 123 32 supplied

63 644 64 24 with
138 644 177 25 Manchester
327 648 93 21 cotton
433 644 92 33 goods.
563 645 24 23 It
601 653 53 16 was
674 645 83 24 about
778 644 53 25 this
843 644 64 25 time
919 644 59 25 that

61 679 48 23 Mr.
134 678 66 32 John
225 679 68 31 Kay,
308 679 28 23 of
353 679 82 32 Bury,
457 679 127 24 invented
602 678 44 25 the
685 678 110 32 picking
922 678 57 25 The

62 712 79 24 Duke
164 711 29 25 of
210 713 182 31 Bridgewater
423 712 54 25 and
491 711 45 26 the
556 712 125 32 engineer
701 712 136 32 Brindley,
862 712 27 24 in
916 713 62 31 1758

63 746 173 25 commenced
272 747 109 31 making
416 746 46 25 the
527 746 183 31 Bridgewater
746 746 76 24 canal
892 746 87 24 which

64 780 105 24 created
199 788 14 16 a
241 781 134 30 complete
404 780 152 24 revolution
585 780 28 24 in
635 781 45 23 the
710 780 94 24 transit
834 779 28 25 of
886 780 92 31 goods.

66 815 22 22 It
119 822 53 15 was
202 814 151 31 completed
390 819 27 18 at
447 822 15 15 a
493 817 59 21 cost
583 813 28 24 of
801 821 73 16 some
903 821 77 24 years

64 847 165 25 afterwards.
279 848 30 23 In
335 854 63 25 1779
419 848 46 24 the
780 855 56 16 was
854 848 126 23 invented

64 882 35 32 by
129 882 109 24 Samuel
269 882 158 31 Crompton,
459 881 53 24 and
541 881 28 24 in
598 881 47 24 the
674 889 74 16 same
777 889 71 25 year,
878 881 102 24 serious

64 916 65 23 riots
146 915 129 25 occurred
288 915 27 24 in
331 915 181 31 Manchester,
528 915 54 24 and
603 915 98 24 indeed
723 915 163 32 throughout
909 915 70 24 Lan-

63 949 112 29 cashire,
199 949 104 32 against
325 949 45 24 the
390 948 183 25 introduction
595 948 29 25 of
639 948 46 25 the
695 957 58 16 new
772 948 156 33 machinery
941 948 41 24 for

64 983 133 31 spinning.
243 983 177 25 Power-loom
442 984 127 30 spinning
587 991 56 16 was
661 982 129 32 patented
812 982 26 24 in
861 983 61 31 1785
945 982 35 32 by

65 1018 45 23 Dr.
124 1017 32 25 E.
168 1017 170 31 Cartwright.
376 1017 32 24 In
416 1017 46 24 the
471 1025 74 16 same
554 1025 71 23 year,
635 1016 157 32 cylindrical
801 1016 179 31 calico-print-

65 1051 44 31 ing
130 1059 56 16 was
199 1051 127 24 invented
347 1051 34 31 by
396 1050 67 25 Bell.
499 1052 36 23 At
556 1050 52 25 this
621 1050 64 25 time
707 1050 55 24 Pitt
781 1050 141 24 estimated
935 1050 46 24 the

63 1085 157 31 population
242 1085 141 31 employed
405 1085 26 23 in
445 1084 47 24 the
505 1087 92 21 cotton
611 1084 76 24 trade
709 1087 27 21 at
758 1085 99 27 80,000.
893 1084 89 24 There

64 1126 67 16 were
144 1119 26 23 in
193 1119 63 31 1787
278 1119 62 31 only
352 1118 135 32 forty-two
501 1118 127 32 spinning
641 1118 124 23 factories
779 1119 26 22 in
828 1118 34 23 all
876 1118 105 23 Lanca-

66 1152 79 25 shire.
182 1152 91 26 Steam
288 1152 110 33 engines
410 1160 70 16 were
499 1152 57 23 first
570 1152 159 23 introduced
743 1152 57 23 into
815 1152 168 23 Lancashire

65 1191 90 19 cotton
169 1186 126 25 factories
305 1186 26 24 in
345 1186 45 24 the
403 1194 74 16 same
498 1194 74 24 year,
596 1185 52 24 and
663 1185 97 24 muslin
780 1185 202 24 manufactures

65 1220 84 32 began
160 1224 28 21 to
202 1220 51 25 rise
266 1220 57 24 into
336 1220 97 24 notice.
471 1219 25 25 It
508 1228 57 16 was
578 1223 46 20 not
633 1218 40 25 till
685 1220 63 23 1806
761 1218 58 25 that
828 1219 46 24 the
883 1227 100 24 power-

64 1254 69 24 loom
155 1254 110 25 became
284 1253 160 32 recognized
469 1262 29 16 as
563 1252 147 26 successful
734 1252 146 25 invention.
917 1253 66 24 Two

64 1296 77 24 years
161 1288 91 24 before
272 1287 176 32 Arkwright's
471 1291 86 21 steam
579 1286 156 33 machinery
748 1295 55 16 was
823 1286 160 25 introduced

64 1322 39 24 for
116 1322 45 25 the
174 1322 113 31 carding
300 1322 53 23 and
367 1321 126 32 spinning
514 1321 29 24 of
559 1324 98 26 cotton,
671 1321 63 30 only
744 1321 134 30 5,198,778
892 1321 50 24 los.
956 1320 27 24 of

65 1356 173 24 cotton-wool
261 1364 70 15 were
353 1356 143 31 imported.
532 1354 59 25 The
615 1355 140 31 switching
779 1350 125 29 machine
928 1362 55 17 was

65 1390 157 24 introduced
233 1390 57 24 into
304 1390 174 23 Manchester
491 1389 26 23 in
533 1390 72 29 1809,
617 1388 53 24 and
684 1390 25 22 in
721 1388 46 24 the
777 1388 134 32 following
920 1395 63 25 year

66 1424 50 24 Mr.
127 1423 110 33 Wright
250 1423 128 26 invented
392 1423 45 24 the
476 1423 97 23 double

99 1458 31 24 In
146 1458 62 31 1825
222 1457 45 25 the
281 1457 50 25 silk
344 1457 76 24 trade
433 1456 87 33 began
530 1460 28 20 to
571 1456 92 24 florish
677 1456 62 24 here
752 1464 5 19 ;
779 1456 54 24 and
845 1456 138 23 Roberts's

64 1491 151 31 self-acting
226 1491 78 29 mule,
315 1491 46 24 the
370 1499 50 16 one
431 1499 60 16 now
500 1491 25 23 in
536 1490 108 32 general
653 1498 55 21 use,
716 1498 55 16 was
779 1489 58 24 first
848 1489 135 32 patented.
