1062 1607
548 7 26 15 50

436 856 106 14 ANCOATS
556 856 47 14 OLD
618 855 69 15 HALL.

101 903 154 25 Alexander
265 903 33 26 de
310 904 188 26 Mamecestre.
521 904 75 26 Thus
606 913 40 17 we
656 904 70 26 have
735 904 75 25 three
818 904 172 32 generations
1000 904 27 25 of

101 937 87 32 dyers.
220 938 96 25 Hence
327 938 55 25 this
391 939 77 25 trade
476 942 72 22 must
559 939 69 25 have
636 940 68 24 been
714 938 104 26 carried
827 947 35 16 on
870 938 64 25 here
945 938 26 25 in
980 938 45 25 the

101 971 99 25 middle
213 971 22 25 if
245 975 48 21 not
307 973 28 24 in
349 973 45 24 the
408 974 73 31 early
493 976 62 29 part
568 973 30 24 of
607 973 46 24 the
667 973 149 24 thirteenth
836 976 121 29 century,
973 972 52 25 and

101 1005 22 25 is
142 1013 15 17 a
174 1006 131 30 probable
325 1006 149 25 indication
496 1007 30 25 of
544 1007 46 25 the
613 1008 73 31 early
708 1007 93 32 period
824 1010 27 21 at
872 1007 88 23 which
982 1007 43 24 the

100 1039 114 24 woollen
234 1040 188 25 manufacture
441 1049 56 17 was
515 1041 172 32 prosecuted.
737 1041 32 24 In
793 1048 64 25 1302
881 1041 95 32 Henry
994 1041 31 24 de

101 1074 120 23 Ancotes
233 1082 69 23 gave
316 1079 28 19 to
363 1074 128 33 Geoffrey
509 1076 34 23 de
562 1075 167 29 Chaderton,
749 1075 53 24 and
814 1075 71 33 Joan
898 1074 42 25 his
959 1074 67 30 wife,

101 1115 74 16 some
187 1107 64 24 land
265 1107 27 25 in
306 1108 130 30 Ancoats,
450 1109 87 25 called
550 1109 25 25 le
595 1109 182 32 Holycading,
797 1109 89 25 which
901 1109 85 31 began
1000 1113 26 20 at

101 1142 45 22 the
160 1141 170 31 possessions
343 1142 28 24 of
383 1143 102 25 Robert
499 1143 33 25 de
542 1143 181 25 Mamecestre
733 1143 110 32 already
853 1143 107 30 named,
974 1143 52 25 and

100 1178 72 20 went
185 1175 36 32 by
233 1184 16 15 a
263 1175 67 32 path
344 1184 29 16 or
385 1177 62 24 lane
460 1180 28 21 to
501 1177 45 24 the
565 1182 96 20 waters
679 1177 29 24 of
725 1178 45 23 the
791 1177 135 30 Medlock,
939 1177 86 24 which

101 1208 19 24 it
134 1207 124 26 followed
272 1210 66 24 until
351 1210 20 24 it
382 1210 92 32 joined
488 1211 46 25 the
546 1211 65 25 land
625 1212 29 24 of
669 1212 179 24 Chadertons.
897 1211 59 24 The
968 1214 57 21 rent

101 1243 115 24 exacted
239 1251 55 16 was
318 1251 51 17 one
393 1244 150 33 halfpenny
567 1249 29 21 at
620 1245 46 26 the
688 1245 70 25 feast
779 1245 30 25 of
828 1245 40 26 St.
889 1245 71 35 John
982 1245 44 24 the

101 1276 118 30 Baptist.
258 1277 97 33 Henry
367 1278 33 24 de
415 1278 120 25 Ancotes
548 1288 68 23 gave
630 1284 28 20 to
670 1279 43 25 his
726 1279 81 26 sister
821 1280 79 25 Ellen
914 1288 15 16 a
944 1280 82 24 house

101 1309 55 24 and
168 1310 125 29 orchard,
305 1311 54 24 and
373 1320 74 17 some
460 1313 63 24 land
545 1313 86 25 called
654 1314 25 24 le
703 1314 146 31 Claycroft,
870 1314 157 32 containing

101 1342 60 25 four
174 1344 99 24 selions
286 1353 30 15 or
328 1345 89 33 ridges
428 1345 29 25 of
467 1346 63 25 land
545 1356 64 16 near
617 1348 24 24 le
653 1348 164 32 Brodgrene.
856 1349 31 23 In
898 1348 46 25 the
954 1356 73 17 same

99 1384 66 23 year
178 1377 34 24 he
224 1379 139 32 conveyed
377 1388 15 15 a
405 1379 101 33 moiety
524 1380 29 25 of
565 1381 47 24 the
631 1385 84 21 waste
734 1383 65 23 land
820 1382 31 25 of
861 1383 121 24 Ancoats
1000 1386 27 21 to

104 1410 95 33 Henry
222 1411 33 24 de
280 1412 133 25 Trafford.
459 1414 66 24 This
550 1415 68 24 deed
642 1416 136 24 mentions
802 1416 46 25 the
873 1416 101 33 garden
998 1425 29 16 or

100 1444 117 25 orchard
230 1444 31 25 of
270 1445 121 26 Thomas
410 1447 33 25 de
464 1448 154 31 Hopwood,
638 1449 54 24 and
712 1454 125 26 amongst
851 1450 70 26 local
935 1459 92 17 names
