1079 1710
227 92 64 22 THE
314 93 116 21 SINNER
453 93 95 21 SEEKS
571 93 64 21 THE
659 93 98 21 SAINT.

865 86 32 25 27

87 171 80 27 most
191 169 229 42 extraordinary
436 170 83 31 freak
543 169 33 32 of
593 169 48 31 his
663 173 32 28 to
717 168 78 31 have
821 179 78 30 gone

88 227 45 32 off
151 239 32 20 so
200 230 156 42 suddenly,
374 231 55 31 but
454 231 37 32 he
519 242 62 20 was
603 242 33 20 so
652 229 170 40 ambitious,
839 228 61 31 and

89 300 33 20 so
138 291 132 40 restless,
287 292 61 32 and
370 303 33 21 so
424 292 101 42 madly
541 292 140 32 attached
704 295 31 27 to
760 290 46 31 his
830 301 69 30 pro-

88 349 120 43 fession,
233 352 78 40 that,
341 353 75 32 after
442 353 48 40 all,
517 365 39 20 no
580 353 83 32 freak
690 352 33 32 of
743 352 58 31 this
827 351 73 31 kind

88 421 72 31 was,
176 413 140 40 perhaps,
332 418 33 27 to
380 414 38 32 be
433 414 160 32 wondered
608 418 32 27 at
657 425 38 20 on
710 413 46 31 his
771 416 75 37 part.

132 473 65 31 The
221 474 87 32 three
332 474 131 33 months'
479 474 156 32 festivities
659 479 31 26 at
718 473 181 32 Beauvoisin

88 545 80 21 were
185 535 197 32 surmounted
408 535 40 42 by
463 535 51 32 the
537 546 104 30 young
656 534 155 42 Marquise
826 533 73 31 with

90 595 135 41 singular
254 607 77 29 ease,
360 596 59 32 and
447 596 52 31 the
525 595 96 31 whole
652 599 112 37 county
789 594 110 41 agreed

92 656 68 32 that
175 668 33 20 so
223 657 114 40 perfect
351 668 19 20 a
385 657 136 31 mistress
537 656 34 31 of
589 668 18 19 a
621 656 94 31 house
730 655 60 32 had
806 667 93 20 never

88 716 77 32 been
192 728 79 21 seen.
326 717 181 41 Forgetting
532 717 136 41 nothing,
701 716 198 41 overlooking

86 788 41 20 no
143 789 66 28 one,
227 778 121 41 equally
363 778 138 41 gracious
516 783 31 26 to
571 778 49 40 all,
639 778 111 41 calmly
765 777 133 32 cheerful

86 839 59 31 and
160 850 94 21 never
268 839 86 38 tired,
372 839 100 33 Claire
488 851 71 29 was,
577 844 31 27 at
625 839 53 32 the
699 839 80 32 close
795 839 33 31 of
845 839 53 31 the

86 911 117 28 season,
221 899 71 32 held
317 911 42 31 up
386 900 40 43 by
442 900 52 33 the
519 900 98 32 elders
634 911 33 21 as
687 911 19 21 a
730 904 121 38 pattern
866 903 32 27 to

84 960 54 32 her
165 972 67 20 own
257 961 187 41 generation.
490 960 65 33 The
583 961 68 32 Due
681 961 37 31 de
749 960 149 33 Vivienne

85 1021 65 32 said
166 1021 53 32 she
235 1021 157 33 reminded
418 1021 63 32 him
498 1022 34 32 of
553 1021 47 33 his
618 1021 149 32 maternal
787 1021 112 41 grand-

83 1080 128 38 mother,
246 1081 52 32 the
337 1081 158 32 Princesse
540 1082 36 31 de
615 1079 282 43 Nogent-Valnoix,

83 1145 102 32 Avhom
211 1145 38 32 he
276 1146 207 31 remembered
508 1145 89 31 when
621 1145 39 32 he
685 1156 63 20 was
763 1156 19 20 a
797 1144 80 32 child
890 1157 7 27 ;

83 1207 61 31 and
159 1207 42 32 M.
220 1207 37 31 de
273 1208 166 40 Moranges
456 1207 141 32 declared
615 1207 68 31 that
698 1206 53 32 she
768 1217 62 20 was
845 1205 53 31 the

83 1268 60 32 last
154 1269 119 40 grande
289 1269 88 31 dame
393 1269 118 32 France
526 1269 102 31 Avould
644 1280 71 20 ever
731 1279 59 20 see.

242 1330 25 31 is
293 1341 33 20 so
353 1330 115 42 quietly
768 1340 63 19 was
852 1327 46 31 in-

82 1391 138 42 variably
235 1391 52 32 the
303 1391 111 42 phrase
440 1391 74 31 with
541 1391 100 31 which
666 1390 38 32 he
720 1389 112 32 wound
856 1400 41 30 up

82 1452 48 32 his
146 1452 116 41 praises
275 1452 34 32 of
320 1452 47 32 his
382 1452 94 32 niece.

158 1513 135 33 Because
326 1512 52 33 she
413 1512 55 33 has
501 1523 40 21 no
748 1522 64 20 was
842 1509 52 32 the
