1079 1710
99 79 33 25 98

326 86 83 19 LOVE
432 85 64 20 THE
520 84 160 21 AVENGER.

171 163 50 31 No
232 176 6 27 ;
263 163 56 32 but
333 163 79 31 from
428 162 80 32 close
524 162 51 41 by,
593 161 79 31 from
689 160 44 32 St.

172 224 89 33 Good
278 224 70 33 God
361 225 6 31 !
393 224 70 32 how
480 223 150 40 shocking
644 224 6 31 !
674 234 77 29 poor
766 221 59 42 girl
840 223 6 30 !

139 287 102 31 Count
262 286 128 42 Dupont
414 291 57 37 put
495 285 47 32 his
567 285 83 32 hand
677 284 108 42 gently
801 296 39 19 on
857 284 68 31 Ma-

94 350 88 30 dame
208 349 36 31 de
270 348 213 32 Beauvoisin's
508 348 84 40 muff,
620 348 60 31 and
711 347 128 41 looking
869 346 55 32 full

94 411 62 32 into
172 411 55 31 her
242 411 66 31 face
321 424 5 19 :
384 411 84 41 Why
485 410 24 32 is
535 411 23 31 it
577 422 85 20 more
884 408 39 32 he

94 473 104 40 asked,
216 473 144 42 gravely;
418 473 132 32 because
567 472 55 32 she
637 472 90 32 takes
751 471 55 32 her
823 471 99 41 origin

92 534 77 31 from
185 545 77 30 your
277 534 254 41 neighbourhood
542 535 15 30 ?
586 533 85 42 Why
686 533 26 32 is
729 533 55 31 she
800 544 120 31 poorer,

93 594 61 31 and
183 606 84 20 more
298 600 33 26 to
365 594 37 32 be
437 594 104 42 pitied,
575 594 132 31 because
740 605 61 30 you
835 605 82 31 may,

91 655 141 43 perhaps,
261 656 91 32 know
380 655 175 42 something
580 655 94 32 about
705 655 57 32 her
790 655 129 43 belong-

92 729 69 28 nigs
175 727 12 22 i

166 780 15 30 I
198 780 79 31 can't
302 791 53 30 say
357 799 42 2 —
401 779 15 31 I
433 779 80 31 don't
684 779 159 31 answered
866 778 52 32 the

91 852 104 30 young
220 841 161 40 Marquise,
407 840 146 41 blushing
577 845 31 27 at
624 840 85 32 what
733 840 54 32 she
811 852 107 30 recog-

90 903 87 31 nised
202 914 34 20 as
262 915 18 18 a
304 903 218 31 well-founded
552 902 148 42 reproach
713 915 7 27 ;
777 902 57 31 but
856 914 62 30 you

91 970 82 26 must
188 964 44 32 let
254 976 49 20 me
320 964 38 32 clo
374 964 52 32 the
446 964 77 32 little
548 964 82 41 good
646 964 15 31 I
678 975 57 21 can
752 964 46 42 (or
820 968 51 38 try
886 969 32 27 to

91 1025 37 32 clo
145 1025 33 40 it)
197 1025 30 31 in
243 1037 53 28 my
312 1036 69 20 own
398 1036 68 29 way
468 1045 43 2 —
513 1025 84 31 what
613 1025 25 31 is
654 1025 56 31 her
726 1036 90 20 name
829 1027 15 30 ?

166 1086 148 32 Claudine
317 1107 42 1 —
359 1098 61 29 no;
460 1087 14 31 I
502 1098 49 20 am
580 1098 108 30 wrong
718 1086 105 41 there;
863 1086 54 33 her

89 1149 63 31 real
168 1160 89 20 name
273 1149 25 31 is
315 1148 181 41 Madeleine,
514 1149 24 31 it
554 1161 63 19 was
637 1161 18 19 a
671 1149 94 31 whim
783 1149 35 31 of
839 1162 78 29 your

89 1210 114 31 uncle's
227 1214 31 26 to
285 1210 90 31 make
402 1210 54 31 her
482 1210 59 31 call
568 1210 117 32 herself
697 1211 151 32 Claudine
867 1212 50 41 (he

89 1271 94 32 didn't
198 1271 61 31 like

165 1334 62 29 But
243 1333 171 30 Madeleine
431 1333 83 30 what
525 1335 14 28 ?

162 1396 51 32 Ah
227 1409 7 28 ;
258 1395 85 33 there
359 1407 61 30 you
437 1395 56 32 ask
510 1407 84 21 more
610 1396 76 32 than
703 1397 15 31 I
735 1397 100 40 know,
854 1398 59 30 and

88 1461 61 39 yet,
166 1457 15 32 I
196 1456 80 33 have
292 1456 93 32 heard
406 1456 67 31 that
496 1461 60 28 too.
603 1457 82 32 Mile,
704 1457 37 32 de
758 1458 156 42 Mourjon-

89 1519 70 31 ville
177 1530 73 20 once
266 1518 64 32 told
346 1529 48 21 me
