1079 1710
212 91 143 22 LIGHTLY
379 92 128 28 LOVING,
531 93 142 21 LIGHTLY
696 93 79 27 LOST.

868 89 32 25 85

82 179 60 30 you
165 173 56 27 not
243 180 57 21 one
323 169 98 32 friend
444 169 70 32 who
536 170 64 31 told
623 182 59 30 you
706 182 60 30 you

83 229 65 32 Not
166 240 58 22 one
240 229 94 33 brave
352 231 122 41 enough
488 235 33 27 to
537 243 54 30 say
606 236 32 27 to
654 244 69 29 you,
743 234 6 12 '
760 232 140 39 Woman,

85 290 67 33 that
177 291 47 32 sin
251 304 61 30 you
337 304 58 20 can
415 293 90 31 avoid
519 294 6 31 !
539 294 5 11 '
569 298 53 26 not
646 305 56 20 one
725 293 70 31 who
817 294 86 30 stood

87 350 29 32 in
149 363 77 30 your
249 364 69 30 way
342 353 60 31 and
431 353 93 32 drove
555 366 60 29 you
644 354 86 41 back,
756 355 60 30 and
841 354 64 31 told

87 423 62 31 you
171 412 69 32 that
264 413 129 42 nothing
409 414 170 41 compelled
593 426 70 29 you,
681 415 60 31 and
756 415 67 31 that
845 427 60 29 you

89 473 90 32 could
201 473 79 32 have
304 475 94 41 easily
421 475 153 31 resisted?
624 476 55 40 My
854 475 52 31 she

90 534 91 40 cried,
207 534 160 43 fervently,
429 535 24 31 is
480 535 60 31 this
566 535 52 31 the
651 547 68 30 way
744 535 81 32 souls
856 547 50 20 are

90 595 59 31 lost
161 597 15 30 ?
229 596 68 40 and,
322 596 125 41 turning
469 596 55 31 her
545 596 79 31 back
646 608 82 30 upon
750 596 50 32 the
816 602 90 26 trem-

91 656 86 42 bling
191 668 128 28 woman,
337 656 68 31 who
421 656 151 32 crouched
587 656 101 32 before
704 657 64 40 her,
786 656 53 32 she
855 657 51 31 left

92 717 52 31 the
159 729 84 19 room
260 717 60 31 and
335 717 52 31 the
403 717 104 31 house.

136 778 65 32 The
217 778 181 42 impression
414 778 155 42 produced
591 790 38 19 on
652 778 142 31 Madame
810 779 98 30 Beau-

92 839 91 31 douin
206 851 62 19 was
287 851 17 19 a
321 839 169 41 singularly
507 844 106 36 strong
628 851 56 19 one
698 853 7 27 ;
730 839 176 41 outwardly,

90 899 53 32 the
167 905 154 36 strongest,
344 900 54 32 she
420 899 61 32 had
506 912 71 19 ever
599 900 139 31 received
749 914 7 26 ;
787 900 47 31 for
856 898 52 32 she

92 973 68 20 rose
200 961 32 31 in
275 961 99 31 revolt
408 961 120 41 against
561 961 113 31 Berthe
718 961 35 31 de
796 959 113 32 Motte-

92 1022 85 31 fort's
209 1022 104 41 levity,
338 1022 31 30 in
392 1021 52 31 the
466 1033 90 20 name
582 1022 34 30 of
644 1034 19 18 a
685 1021 97 31 whole
806 1021 49 31 life
878 1020 33 32 of

94 1082 183 41 abnegation
320 1082 60 31 and
420 1082 34 31 of
479 1083 117 40 victory
630 1093 72 20 over
736 1080 173 43 passionate

93 1145 78 31 love.

135 1205 103 31 When
262 1204 53 32 she
339 1216 85 20 came
447 1208 33 27 to
508 1208 81 27 meet
612 1203 107 41 Claire,
745 1203 53 31 she
823 1203 87 31 could

93 1267 72 42 only
188 1278 116 30 convey
326 1271 32 26 to
381 1266 55 31 her
458 1265 120 42 fitfully,
601 1265 61 31 and
684 1264 72 32 with
779 1269 80 27 tears
883 1263 33 32 of

94 1328 189 42 indignation
304 1328 60 31 and
381 1328 79 41 pain,
478 1327 52 32 the
547 1327 94 31 bitter
656 1326 255 42 disappointment

93 1389 54 33 she
171 1389 61 33 had
255 1388 143 33 endured.
445 1388 99 33 Claire
568 1387 60 33 had
650 1399 93 20 never
766 1399 71 20 seen
858 1386 55 31 her

93 1455 75 28 aunt
183 1450 73 32 thus
276 1449 120 40 moved,
413 1449 62 32 and
493 1449 52 32 the
563 1449 77 32 flash
657 1449 33 31 of
700 1448 52 32 the
769 1459 65 29 eye,
854 1446 58 32 and

92 1512 79 32 flush
195 1511 34 32 of
254 1510 53 33 the
336 1510 106 41 cheek,
467 1522 80 20 were
576 1510 87 32 those
697 1509 34 32 of
757 1520 94 31 anger
853 1526 42 3 —
896 1518 17 20 a
