1079 1710
354 423 205 32 CHAPTER
581 424 70 31 VII.

339 519 65 21 THE
427 519 111 21 SILVER
560 520 117 21 MEDAL.

144 595 74 31 The
245 595 222 32 unworthiness
492 596 33 32 of
545 596 112 32 Berthe
681 596 165 43 impressed
864 596 53 32 the

101 666 106 30 young
230 656 156 41 Marquise
415 656 116 42 deeply,
558 657 55 32 but
641 658 110 42 pained
777 658 54 31 her
857 657 60 32 less

102 716 75 31 than
193 716 24 31 it
239 716 52 31 did
313 716 87 33 Aunt
424 717 190 33 Clementine
628 732 7 27 ;
659 719 105 42 firstly,
788 719 129 31 because

99 776 57 32 she
187 788 62 21 was
280 777 91 32 much
401 790 146 30 younger,
568 779 155 42 secondly,
752 780 128 30 because
899 790 20 20 a

99 838 241 42 comparatively
363 843 121 37 greater
507 839 132 32 mixture
655 840 75 31 with
752 840 50 31 the
824 839 94 32 world

101 899 61 32 had
188 899 194 33 familiarised
409 899 55 33 her
484 900 75 32 with
590 901 115 31 certain
729 900 189 32 inferiorities

101 960 32 33 in
149 972 120 21 women
282 975 6 27 ;
312 960 64 41 but,
394 961 97 32 above
513 961 48 41 all,
579 962 129 31 because
731 973 60 30 any
808 961 111 32 default

101 1021 32 32 in
160 1021 114 32 Berthe
302 1021 175 43 (especially
500 1021 36 32 of
560 1021 62 32 this
648 1021 85 43 kind)
766 1021 153 42 evidently

101 1083 116 42 proved
244 1095 18 19 a
286 1083 113 42 lighter
421 1082 72 32 hold
524 1094 38 20 on
587 1082 106 33 Victor
719 1083 32 31 in
776 1082 52 32 the
851 1087 68 37 past

100 1143 77 32 than
200 1143 54 32 she
270 1155 63 20 was
359 1143 152 43 supposed
534 1148 31 27 to
592 1143 78 32 have
694 1143 68 32 had.
809 1143 109 39 Claire,

101 1205 97 32 bereft
222 1205 34 31 of
278 1205 51 31 the
353 1209 123 38 present
498 1204 60 32 and
581 1204 54 32 the
659 1204 108 41 future,
795 1204 60 32 had
880 1215 39 21 no

99 1264 189 33 consolation
335 1276 72 20 save
449 1264 54 32 the
551 1269 78 38 past,
668 1264 62 32 and
765 1264 154 32 whatever

101 1326 109 33 served
239 1331 32 27 to
301 1338 80 30 open
410 1326 40 31 its
480 1330 88 38 gates
595 1330 31 27 to
657 1325 63 41 her,
753 1325 103 32 closed
885 1336 33 21 as

98 1389 83 42 they,
206 1393 60 36 too,
291 1387 60 33 had
375 1388 122 31 seemed
519 1387 42 42 by
583 1386 132 33 Victor's
731 1386 188 32 attachment

95 1455 33 28 to
159 1450 124 41 Berthe,
311 1461 62 20 was
395 1449 127 42 greeted
548 1448 75 32 with
648 1448 141 42 ardently
816 1446 102 33 selfish

89 1512 67 41 joy.
