<?xml version="1.0" encoding="UTF-8"?>
<alto xmlns:xsi="http://www.w3.org/2001/XMLSchema-instance" xsi:noNamespaceSchemaLocation="http://www.bl.uk/schemas/alto/alto-1-4.xsd" xmlns:xlink="http://www.w3.org/1999/xlink">
	<Description>
		<MeasurementUnit>mm10</MeasurementUnit>
		<sourceImageInformation>
			<fileName>//head1/IN/2007-46/A0010888503.3/008250.jp2</fileName>
		</sourceImageInformation>
		<OCRProcessing ID="OCRPROCESSING_1">
			<preProcessingStep>
				<processingSoftware>
					<softwareCreator>CCS Content Conversion Specialists GmbH, Germany</softwareCreator>
					<softwareName>CCS docWORKS</softwareName>
					<softwareVersion>6.1-0.62</softwareVersion>
				</processingSoftware>
			</preProcessingStep>
			<ocrProcessingStep>
				<processingSoftware>
					<softwareCreator>ABBYY (BIT Software), Russia</softwareCreator>
					<softwareName>Finereader</softwareName>
				</processingSoftware>
			</ocrProcessingStep>
		</OCRProcessing>
	</Description>
	<Styles>
		<TextStyle ID="TXT_0" FONTSIZE="11" FONTFAMILY="Courier New"/>
		<TextStyle ID="TXT_1" FONTSIZE="9" FONTFAMILY="Courier New"/>
		<ParagraphStyle ID="PAR_LEFT" ALIGN="Left"/>
		<ParagraphStyle ID="PAR_CENTER" ALIGN="Center"/>
	</Styles>
	<Layout>
		<Page ID="P264" PHYSICAL_IMG_NR="264" HEIGHT="1710" WIDTH="1079" PRINTED_IMG_NR="254" POSITION="Left" ACCURACY="72.44">
			<TopMargin ID="P264_TM00001" HPOS="0" VPOS="0" WIDTH="1078" HEIGHT="104">
				<TextBlock ID="P264_TB00001" HPOS="142" VPOS="77" WIDTH="51" HEIGHT="25" STYLEREFS="TXT_0 PAR_LEFT">
					<TextLine ID="P264_TL00001" HPOS="142" VPOS="77" WIDTH="51" HEIGHT="25">
						<String ID="P264_ST00001" HPOS="142" VPOS="77" WIDTH="51" HEIGHT="25" CONTENT="254" WC="1.00" CC="000"/>
					</TextLine>
				</TextBlock>
				<TextBlock ID="P264_TB00002" HPOS="371" VPOS="81" WIDTH="356" HEIGHT="23" STYLEREFS="TXT_1 PAR_CENTER">
					<TextLine ID="P264_TL00002" HPOS="372" VPOS="82" WIDTH="355" HEIGHT="22">
						<String ID="P264_ST00002" HPOS="372" VPOS="83" WIDTH="83" HEIGHT="21" CONTENT="LOVE" WC="0.53" CC="6066"/>
						<SP ID="P264_SP00001" HPOS="455" VPOS="104" WIDTH="23"/>
						<String ID="P264_ST00003" HPOS="478" VPOS="83" WIDTH="64" HEIGHT="20" CONTENT="THE" WC="0.79" CC="060"/>
						<SP ID="P264_SP00002" HPOS="542" VPOS="104" WIDTH="23"/>
						<String ID="P264_ST00004" HPOS="565" VPOS="82" WIDTH="22" HEIGHT="21" CONTENT="A" WC="1.00" CC="0"/>
						<SP ID="P264_SP00003" HPOS="587" VPOS="104" WIDTH="2"/>
						<String ID="P264_ST00005" HPOS="589" VPOS="82" WIDTH="138" HEIGHT="21" CONTENT="AVENGER." WC="0.62" CC="78506200"/>
					</TextLine>
				</TextBlock>
			</TopMargin>
			<LeftMargin ID="P264_LM00001" HPOS="0" VPOS="104" WIDTH="130" HEIGHT="1451"/>
			<RightMargin ID="P264_RM00001" HPOS="972" VPOS="104" WIDTH="106" HEIGHT="1451"/>
			<BottomMargin ID="P264_BM00001" HPOS="0" VPOS="1555" WIDTH="1078" HEIGHT="155"/>
			<PrintSpace ID="P264_PS00001" HPOS="130" VPOS="104" WIDTH="856" HEIGHT="1451">
				<TextBlock ID="P264_TB00003" HPOS="137" VPOS="155" WIDTH="835" HEIGHT="537" STYLEREFS="TXT_1 PAR_LEFT">
					<TextLine ID="P264_TL00003" HPOS="142" VPOS="155" WIDTH="829" HEIGHT="44">
						<String ID="P264_ST00006" HPOS="142" VPOS="171" WIDTH="78" HEIGHT="20" CONTENT="were" WC="0.91" CC="0021"/>
						<SP ID="P264_SP00004" HPOS="220" VPOS="191" WIDTH="16"/>
						<String ID="P264_ST00007" HPOS="236" VPOS="172" WIDTH="71" HEIGHT="20" CONTENT="now" WC="0.90" CC="300"/>
						<SP ID="P264_SP00005" HPOS="307" VPOS="192" WIDTH="15"/>
						<String ID="P264_ST00008" HPOS="322" VPOS="160" WIDTH="60" HEIGHT="32" CONTENT="and" WC="0.76" CC="070"/>
						<SP ID="P264_SP00006" HPOS="382" VPOS="192" WIDTH="23"/>
						<String ID="P264_ST00009" HPOS="405" VPOS="160" WIDTH="75" HEIGHT="31" CONTENT="then" WC="0.60" CC="1706"/>
						<SP ID="P264_SP00007" HPOS="480" VPOS="192" WIDTH="23"/>
						<String ID="P264_ST00010" HPOS="503" VPOS="158" WIDTH="98" HEIGHT="32" CONTENT="called" WC="0.90" CC="000500"/>
						<SP ID="P264_SP00008" HPOS="601" VPOS="192" WIDTH="22"/>
						<String ID="P264_ST00011" HPOS="623" VPOS="158" WIDTH="83" HEIGHT="32" CONTENT="forth" WC="0.69" CC="01607"/>
						<SP ID="P264_SP00009" HPOS="706" VPOS="192" WIDTH="23"/>
						<String ID="P264_ST00012" HPOS="729" VPOS="158" WIDTH="42" HEIGHT="41" CONTENT="by" WC="0.68" CC="60"/>
						<SP ID="P264_SP00010" HPOS="771" VPOS="199" WIDTH="21"/>
						<String ID="P264_ST00013" HPOS="792" VPOS="157" WIDTH="52" HEIGHT="31" CONTENT="the" WC="0.60" CC="470"/>
						<SP ID="P264_SP00011" HPOS="844" VPOS="199" WIDTH="17"/>
						<String ID="P264_ST00014" HPOS="861" VPOS="155" WIDTH="110" HEIGHT="32" CONTENT="Avind's" WC="0.78" CC="0016007"/>
					</TextLine>
					<TextLine ID="P264_TL00004" HPOS="141" VPOS="217" WIDTH="830" HEIGHT="47">
						<String ID="P264_ST00015" HPOS="141" VPOS="221" WIDTH="143" HEIGHT="43" CONTENT="caprices." WC="0.86" CC="000440030"/>
						<SP ID="P264_SP00012" HPOS="284" VPOS="264" WIDTH="47"/>
						<String ID="P264_ST00016" HPOS="331" VPOS="222" WIDTH="28" HEIGHT="31" CONTENT="It" WC="0.50" CC="45"/>
						<SP ID="P264_SP00013" HPOS="359" VPOS="264" WIDTH="26"/>
						<String ID="P264_ST00017" HPOS="385" VPOS="232" WIDTH="62" HEIGHT="20" CONTENT="Avas" WC="0.93" CC="0002"/>
						<SP ID="P264_SP00014" HPOS="447" VPOS="264" WIDTH="27"/>
						<String ID="P264_ST00018" HPOS="474" VPOS="225" WIDTH="55" HEIGHT="27" CONTENT="not" WC="0.68" CC="503"/>
						<SP ID="P264_SP00015" HPOS="529" VPOS="264" WIDTH="25"/>
						<String ID="P264_ST00019" HPOS="554" VPOS="220" WIDTH="53" HEIGHT="32" CONTENT="the" WC="0.75" CC="070"/>
						<SP ID="P264_SP00016" HPOS="607" VPOS="264" WIDTH="29"/>
						<String ID="P264_ST00020" HPOS="636" VPOS="220" WIDTH="183" HEIGHT="32" CONTENT="continuous" WC="0.63" CC="0043375144"/>
						<SP ID="P264_SP00017" HPOS="819" VPOS="264" WIDTH="25"/>
						<String ID="P264_ST00021" HPOS="844" VPOS="217" WIDTH="127" HEIGHT="42" CONTENT="Availing" WC="0.67" CC="94001080"/>
					</TextLine>
					<TextLine ID="P264_TL00005" HPOS="141" VPOS="279" WIDTH="826" HEIGHT="45">
						<String ID="P264_ST00022" HPOS="141" VPOS="282" WIDTH="60" HEIGHT="32" CONTENT="and" WC="0.76" CC="070"/>
						<SP ID="P264_SP00018" HPOS="201" VPOS="314" WIDTH="23"/>
						<String ID="P264_ST00023" HPOS="224" VPOS="282" WIDTH="145" HEIGHT="42" CONTENT="moaning" WC="0.74" CC="0005570"/>
						<SP ID="P264_SP00019" HPOS="369" VPOS="324" WIDTH="21"/>
						<String ID="P264_ST00024" HPOS="390" VPOS="282" WIDTH="34" HEIGHT="32" CONTENT="of" WC="0.93" CC="10"/>
						<SP ID="P264_SP00020" HPOS="424" VPOS="324" WIDTH="18"/>
						<String ID="P264_ST00025" HPOS="442" VPOS="282" WIDTH="53" HEIGHT="32" CONTENT="the" WC="0.75" CC="070"/>
						<SP ID="P264_SP00021" HPOS="495" VPOS="324" WIDTH="23"/>
						<String ID="P264_ST00026" HPOS="518" VPOS="282" WIDTH="196" HEIGHT="41" CONTENT="melancholy" WC="0.74" CC="0000867030"/>
						<SP ID="P264_SP00022" HPOS="714" VPOS="324" WIDTH="17"/>
						<String ID="P264_ST00027" HPOS="731" VPOS="285" WIDTH="130" HEIGHT="27" CONTENT="autumn" WC="0.77" CC="060007"/>
						<SP ID="P264_SP00023" HPOS="861" VPOS="324" WIDTH="16"/>
						<String ID="P264_ST00028" HPOS="877" VPOS="279" WIDTH="90" HEIGHT="40" CONTENT="Avind," WC="0.84" CC="001601"/>
					</TextLine>
					<TextLine ID="P264_TL00006" HPOS="140" VPOS="341" WIDTH="832" HEIGHT="44">
						<String ID="P264_ST00029" HPOS="140" VPOS="344" WIDTH="22" HEIGHT="32" CONTENT="it" WC="0.92" CC="10"/>
						<SP ID="P264_SP00024" HPOS="162" VPOS="376" WIDTH="31"/>
						<String ID="P264_ST00030" HPOS="193" VPOS="355" WIDTH="63" HEIGHT="21" CONTENT="Avas" WC="0.86" CC="0005"/>
						<SP ID="P264_SP00025" HPOS="256" VPOS="376" WIDTH="30"/>
						<String ID="P264_ST00031" HPOS="286" VPOS="343" WIDTH="53" HEIGHT="33" CONTENT="the" WC="0.51" CC="571"/>
						<SP ID="P264_SP00026" HPOS="339" VPOS="376" WIDTH="30"/>
						<String ID="P264_ST00032" HPOS="369" VPOS="343" WIDTH="133" HEIGHT="42" CONTENT="unequal" WC="0.69" CC="3700324"/>
						<SP ID="P264_SP00027" HPOS="502" VPOS="385" WIDTH="34"/>
						<String ID="P264_ST00033" HPOS="536" VPOS="343" WIDTH="120" HEIGHT="42" CONTENT="puffing" WC="0.80" CC="0600070"/>
						<SP ID="P264_SP00028" HPOS="656" VPOS="385" WIDTH="29"/>
						<String ID="P264_ST00034" HPOS="685" VPOS="343" WIDTH="61" HEIGHT="31" CONTENT="and" WC="0.81" CC="050"/>
						<SP ID="P264_SP00029" HPOS="746" VPOS="385" WIDTH="31"/>
						<String ID="P264_ST00035" HPOS="777" VPOS="342" WIDTH="132" HEIGHT="43" CONTENT="i)anting" WC="0.52" CC="88074180"/>
						<SP ID="P264_SP00030" HPOS="909" VPOS="385" WIDTH="31"/>
						<String ID="P264_ST00036" HPOS="940" VPOS="341" WIDTH="32" HEIGHT="32" CONTENT="of" WC="0.72" CC="50"/>
					</TextLine>
					<TextLine ID="P264_TL00007" HPOS="139" VPOS="404" WIDTH="833" HEIGHT="44">
						<String ID="P264_ST00037" HPOS="139" VPOS="417" WIDTH="105" HEIGHT="31" CONTENT="young" WC="0.72" CC="01470"/>
						<SP ID="P264_SP00031" HPOS="244" VPOS="448" WIDTH="15"/>
						<String ID="P264_ST00038" HPOS="259" VPOS="405" WIDTH="98" HEIGHT="32" CONTENT="winds" WC="0.67" CC="05506"/>
						<SP ID="P264_SP00032" HPOS="357" VPOS="448" WIDTH="23"/>
						<String ID="P264_ST00039" HPOS="380" VPOS="405" WIDTH="183" HEIGHT="42" CONTENT="aAvakening" WC="0.91" CC="0000008000"/>
						<SP ID="P264_SP00033" HPOS="563" VPOS="448" WIDTH="23"/>
						<String ID="P264_ST00040" HPOS="586" VPOS="404" WIDTH="134" HEIGHT="33" CONTENT="beneath" WC="0.71" CC="5070007"/>
						<SP ID="P264_SP00034" HPOS="720" VPOS="448" WIDTH="24"/>
						<String ID="P264_ST00041" HPOS="744" VPOS="404" WIDTH="52" HEIGHT="33" CONTENT="the" WC="0.53" CC="373"/>
						<SP ID="P264_SP00035" HPOS="796" VPOS="448" WIDTH="24"/>
						<String ID="P264_ST00042" HPOS="820" VPOS="404" WIDTH="95" HEIGHT="32" CONTENT="touch" WC="0.59" CC="44407"/>
						<SP ID="P264_SP00036" HPOS="915" VPOS="448" WIDTH="23"/>
						<String ID="P264_ST00043" HPOS="938" VPOS="404" WIDTH="34" HEIGHT="31" CONTENT="of" WC="0.63" CC="33"/>
					</TextLine>
					<TextLine ID="P264_TL00008" HPOS="139" VPOS="465" WIDTH="827" HEIGHT="44">
						<String ID="P264_ST00044" HPOS="139" VPOS="467" WIDTH="113" HEIGHT="42" CONTENT="spring," WC="0.71" CC="6030702"/>
						<SP ID="P264_SP00037" HPOS="252" VPOS="509" WIDTH="34"/>
						<String ID="P264_ST00045" HPOS="286" VPOS="467" WIDTH="60" HEIGHT="31" CONTENT="and" WC="0.41" CC="980"/>
						<SP ID="P264_SP00038" HPOS="346" VPOS="509" WIDTH="31"/>
						<String ID="P264_ST00046" HPOS="377" VPOS="467" WIDTH="170" HEIGHT="42" CONTENT="disporting" WC="0.76" CC="0150070440"/>
						<SP ID="P264_SP00039" HPOS="547" VPOS="509" WIDTH="30"/>
						<String ID="P264_ST00047" HPOS="577" VPOS="466" WIDTH="186" HEIGHT="32" CONTENT="themselves" WC="0.80" CC="0720000405"/>
						<SP ID="P264_SP00040" HPOS="763" VPOS="509" WIDTH="31"/>
						<String ID="P264_ST00048" HPOS="794" VPOS="466" WIDTH="112" HEIGHT="42" CONTENT="fitfully" WC="0.84" CC="00006600"/>
						<SP ID="P264_SP00041" HPOS="906" VPOS="509" WIDTH="31"/>
						<String ID="P264_ST00049" HPOS="937" VPOS="465" WIDTH="29" HEIGHT="32" CONTENT="in" WC="0.28" CC="58"/>
					</TextLine>
					<TextLine ID="P264_TL00009" HPOS="138" VPOS="527" WIDTH="828" HEIGHT="43">
						<String ID="P264_ST00050" HPOS="138" VPOS="529" WIDTH="80" HEIGHT="31" CONTENT="their" WC="0.57" CC="67015"/>
						<SP ID="P264_SP00042" HPOS="218" VPOS="560" WIDTH="16"/>
						<String ID="P264_ST00051" HPOS="234" VPOS="540" WIDTH="99" HEIGHT="20" CONTENT="caves." WC="0.80" CC="006050"/>
						<SP ID="P264_SP00043" HPOS="333" VPOS="560" WIDTH="47"/>
						<String ID="P264_ST00052" HPOS="380" VPOS="528" WIDTH="91" HEIGHT="42" CONTENT="Long" WC="0.82" CC="0070"/>
						<SP ID="P264_SP00044" HPOS="471" VPOS="570" WIDTH="20"/>
						<String ID="P264_ST00053" HPOS="491" VPOS="528" WIDTH="71" HEIGHT="32" CONTENT="lulls" WC="0.67" CC="02066"/>
						<SP ID="P264_SP00045" HPOS="562" VPOS="570" WIDTH="17"/>
						<String ID="P264_ST00054" HPOS="579" VPOS="540" WIDTH="80" HEIGHT="20" CONTENT="were" WC="0.87" CC="0500"/>
						<SP ID="P264_SP00046" HPOS="659" VPOS="570" WIDTH="23"/>
						<String ID="P264_ST00055" HPOS="682" VPOS="528" WIDTH="151" HEIGHT="41" CONTENT="suddenly" WC="0.69" CC="66000650"/>
						<SP ID="P264_SP00047" HPOS="833" VPOS="570" WIDTH="16"/>
						<String ID="P264_ST00056" HPOS="849" VPOS="527" WIDTH="117" HEIGHT="32" CONTENT="broken" WC="0.69" CC="251008"/>
					</TextLine>
					<TextLine ID="P264_TL00010" HPOS="138" VPOS="589" WIDTH="827" HEIGHT="44">
						<String ID="P264_ST00057" HPOS="138" VPOS="591" WIDTH="41" HEIGHT="40" CONTENT="by" WC="0.75" CC="40"/>
						<SP ID="P264_SP00048" HPOS="179" VPOS="631" WIDTH="25"/>
						<String ID="P264_ST00058" HPOS="204" VPOS="589" WIDTH="141" HEIGHT="42" CONTENT="whirling" WC="0.51" CC="09630368"/>
						<SP ID="P264_SP00049" HPOS="345" VPOS="631" WIDTH="24"/>
						<String ID="P264_ST00059" HPOS="369" VPOS="590" WIDTH="104" HEIGHT="41" CONTENT="blasts," WC="0.60" CC="5167340"/>
						<SP ID="P264_SP00050" HPOS="473" VPOS="631" WIDTH="27"/>
						<String ID="P264_ST00060" HPOS="500" VPOS="591" WIDTH="61" HEIGHT="31" CONTENT="and" WC="0.86" CC="040"/>
						<SP ID="P264_SP00051" HPOS="561" VPOS="631" WIDTH="24"/>
						<String ID="P264_ST00061" HPOS="585" VPOS="591" WIDTH="91" HEIGHT="32" CONTENT="when" WC="0.64" CC="0706"/>
						<SP ID="P264_SP00052" HPOS="676" VPOS="631" WIDTH="24"/>
						<String ID="P264_ST00062" HPOS="700" VPOS="591" WIDTH="74" HEIGHT="42" CONTENT="they" WC="0.67" CC="5700"/>
						<SP ID="P264_SP00053" HPOS="774" VPOS="633" WIDTH="26"/>
						<String ID="P264_ST00063" HPOS="800" VPOS="591" WIDTH="61" HEIGHT="31" CONTENT="had" WC="0.76" CC="700"/>
						<SP ID="P264_SP00054" HPOS="861" VPOS="633" WIDTH="26"/>
						<String ID="P264_ST00064" HPOS="887" VPOS="591" WIDTH="78" HEIGHT="31" CONTENT="done" WC="0.65" CC="0067"/>
					</TextLine>
					<TextLine ID="P264_TL00011" HPOS="137" VPOS="652" WIDTH="493" HEIGHT="40">
						<String ID="P264_ST00065" HPOS="137" VPOS="652" WIDTH="80" HEIGHT="32" CONTENT="their" WC="0.65" CC="37005"/>
						<SP ID="P264_SP00055" HPOS="217" VPOS="684" WIDTH="15"/>
						<String ID="P264_ST00066" HPOS="232" VPOS="652" WIDTH="144" HEIGHT="32" CONTENT="mischief" WC="0.73" CC="00607600"/>
						<SP ID="P264_SP00056" HPOS="376" VPOS="684" WIDTH="11"/>
						<String ID="P264_ST00067" HPOS="387" VPOS="652" WIDTH="74" HEIGHT="40" CONTENT="they" WC="0.77" CC="1700"/>
						<SP ID="P264_SP00057" HPOS="461" VPOS="692" WIDTH="17"/>
						<String ID="P264_ST00068" HPOS="478" VPOS="652" WIDTH="152" HEIGHT="33" CONTENT="subsided." WC="0.69" CC="665430000"/>
					</TextLine>
				</TextBlock>
				<TextBlock ID="P264_TB00004" HPOS="130" VPOS="712" WIDTH="856" HEIGHT="843" STYLEREFS="TXT_1 PAR_LEFT">
					<TextLine ID="P264_TL00012" HPOS="180" VPOS="713" WIDTH="785" HEIGHT="42">
						<String ID="P264_ST00069" HPOS="180" VPOS="713" WIDTH="67" HEIGHT="32" CONTENT="One" WC="0.79" CC="050"/>
						<SP ID="P264_SP00058" HPOS="247" VPOS="745" WIDTH="27"/>
						<String ID="P264_ST00070" HPOS="274" VPOS="713" WIDTH="100" HEIGHT="41" CONTENT="heavy" WC="0.85" CC="70000"/>
						<SP ID="P264_SP00059" HPOS="374" VPOS="754" WIDTH="23"/>
						<String ID="P264_ST00071" HPOS="397" VPOS="713" WIDTH="61" HEIGHT="41" CONTENT="flap" WC="0.97" CC="0010"/>
						<SP ID="P264_SP00060" HPOS="458" VPOS="754" WIDTH="27"/>
						<String ID="P264_ST00072" HPOS="485" VPOS="724" WIDTH="86" HEIGHT="21" CONTENT="came" WC="1.00" CC="0000"/>
						<SP ID="P264_SP00061" HPOS="571" VPOS="754" WIDTH="32"/>
						<String ID="P264_ST00073" HPOS="603" VPOS="714" WIDTH="121" HEIGHT="41" CONTENT="against" WC="0.43" CC="7066674"/>
						<SP ID="P264_SP00062" HPOS="724" VPOS="755" WIDTH="32"/>
						<String ID="P264_ST00074" HPOS="756" VPOS="714" WIDTH="51" HEIGHT="32" CONTENT="the" WC="0.74" CC="070"/>
						<SP ID="P264_SP00063" HPOS="807" VPOS="755" WIDTH="28"/>
						<String ID="P264_ST00075" HPOS="835" VPOS="714" WIDTH="130" HEIGHT="32" CONTENT="boudoir" WC="0.65" CC="7070405"/>
					</TextLine>
					<TextLine ID="P264_TL00013" HPOS="139" VPOS="774" WIDTH="824" HEIGHT="43">
						<String ID="P264_ST00076" HPOS="139" VPOS="774" WIDTH="136" HEIGHT="41" CONTENT="window," WC="0.70" CC="5073004"/>
						<SP ID="P264_SP00064" HPOS="275" VPOS="815" WIDTH="26"/>
						<String ID="P264_ST00077" HPOS="301" VPOS="774" WIDTH="218" HEIGHT="41" CONTENT="accompanied" WC="0.82" CC="00000096300"/>
						<SP ID="P264_SP00065" HPOS="519" VPOS="815" WIDTH="21"/>
						<String ID="P264_ST00078" HPOS="540" VPOS="774" WIDTH="40" HEIGHT="42" CONTENT="by" WC="1.00" CC="00"/>
						<SP ID="P264_SP00066" HPOS="580" VPOS="816" WIDTH="16"/>
						<String ID="P264_ST00079" HPOS="596" VPOS="786" WIDTH="19" HEIGHT="20" CONTENT="a" WC="1.00" CC="0"/>
						<SP ID="P264_SP00067" HPOS="615" VPOS="816" WIDTH="18"/>
						<String ID="P264_ST00080" HPOS="633" VPOS="774" WIDTH="161" HEIGHT="43" CONTENT="wheezing" WC="0.69" CC="07007270"/>
						<SP ID="P264_SP00068" HPOS="794" VPOS="817" WIDTH="23"/>
						<String ID="P264_ST00081" HPOS="817" VPOS="776" WIDTH="146" HEIGHT="41" CONTENT="creaking" WC="0.75" CC="06001380"/>
					</TextLine>
					<TextLine ID="P264_TL00014" HPOS="137" VPOS="835" WIDTH="824" HEIGHT="35">
						<String ID="P264_ST00082" HPOS="137" VPOS="835" WIDTH="90" HEIGHT="32" CONTENT="noise." WC="0.77" CC="800500"/>
						<SP ID="P264_SP00069" HPOS="227" VPOS="867" WIDTH="62"/>
						<String ID="P264_ST00083" HPOS="289" VPOS="835" WIDTH="29" HEIGHT="32" CONTENT="It" WC="0.73" CC="31"/>
						<SP ID="P264_SP00070" HPOS="318" VPOS="867" WIDTH="30"/>
						<String ID="P264_ST00084" HPOS="348" VPOS="836" WIDTH="129" HEIGHT="31" CONTENT="aroused" WC="0.74" CC="0236500"/>
						<SP ID="P264_SP00071" HPOS="477" VPOS="867" WIDTH="32"/>
						<String ID="P264_ST00085" HPOS="509" VPOS="836" WIDTH="127" HEIGHT="31" CONTENT="Claire's" WC="0.70" CC="70036006"/>
						<SP ID="P264_SP00072" HPOS="636" VPOS="867" WIDTH="35"/>
						<String ID="P264_ST00086" HPOS="671" VPOS="837" WIDTH="160" HEIGHT="32" CONTENT="attention." WC="0.82" CC="6030500000"/>
						<SP ID="P264_SP00073" HPOS="831" VPOS="869" WIDTH="69"/>
						<String ID="P264_ST00087" HPOS="900" VPOS="838" WIDTH="61" HEIGHT="32" CONTENT="She" WC="0.28" CC="777"/>
					</TextLine>
					<TextLine ID="P264_TL00015" HPOS="137" VPOS="896" WIDTH="823" HEIGHT="42">
						<String ID="P264_ST00088" HPOS="137" VPOS="908" WIDTH="75" HEIGHT="28" CONTENT="rose," WC="0.74" CC="60501"/>
						<SP ID="P264_SP00074" HPOS="212" VPOS="936" WIDTH="33"/>
						<String ID="P264_ST00089" HPOS="245" VPOS="896" WIDTH="119" HEIGHT="42" CONTENT="opened" WC="0.93" CC="400000"/>
						<SP ID="P264_SP00075" HPOS="364" VPOS="938" WIDTH="28"/>
						<String ID="P264_ST00090" HPOS="392" VPOS="896" WIDTH="53" HEIGHT="32" CONTENT="the" WC="0.53" CC="670"/>
						<SP ID="P264_SP00076" HPOS="445" VPOS="938" WIDTH="31"/>
						<String ID="P264_ST00091" HPOS="476" VPOS="897" WIDTH="138" HEIGHT="41" CONTENT="AATindoAV," WC="0.72" CC="7073401003"/>
						<SP ID="P264_SP00077" HPOS="614" VPOS="938" WIDTH="34"/>
						<String ID="P264_ST00092" HPOS="648" VPOS="898" WIDTH="60" HEIGHT="31" CONTENT="and" WC="0.79" CC="060"/>
						<SP ID="P264_SP00078" HPOS="708" VPOS="938" WIDTH="38"/>
						<String ID="P264_ST00093" HPOS="746" VPOS="898" WIDTH="112" HEIGHT="32" CONTENT="looked" WC="0.74" CC="601007"/>
						<SP ID="P264_SP00079" HPOS="858" VPOS="938" WIDTH="39"/>
						<String ID="P264_ST00094" HPOS="897" VPOS="904" WIDTH="63" HEIGHT="28" CONTENT="out." WC="0.70" CC="0740"/>
					</TextLine>
					<TextLine ID="P264_TL00016" HPOS="135" VPOS="957" WIDTH="826" HEIGHT="43">
						<String ID="P264_ST00095" HPOS="135" VPOS="957" WIDTH="30" HEIGHT="32" CONTENT="A" WC="1.00" CC="0"/>
						<SP ID="P264_SP00080" HPOS="165" VPOS="989" WIDTH="29"/>
						<String ID="P264_ST00096" HPOS="194" VPOS="957" WIDTH="116" HEIGHT="32" CONTENT="branch" WC="0.55" CC="660607"/>
						<SP ID="P264_SP00081" HPOS="310" VPOS="989" WIDTH="39"/>
						<String ID="P264_ST00097" HPOS="349" VPOS="957" WIDTH="33" HEIGHT="32" CONTENT="of" WC="0.63" CC="70"/>
						<SP ID="P264_SP00082" HPOS="382" VPOS="989" WIDTH="33"/>
						<String ID="P264_ST00098" HPOS="415" VPOS="969" WIDTH="18" HEIGHT="20" CONTENT="a" WC="1.00" CC="0"/>
						<SP ID="P264_SP00083" HPOS="433" VPOS="989" WIDTH="34"/>
						<String ID="P264_ST00099" HPOS="467" VPOS="969" WIDTH="75" HEIGHT="31" CONTENT="very" WC="0.67" CC="6060"/>
						<SP ID="P264_SP00084" HPOS="542" VPOS="1000" WIDTH="38"/>
						<String ID="P264_ST00100" HPOS="580" VPOS="959" WIDTH="50" HEIGHT="31" CONTENT="old" WC="0.91" CC="200"/>
						<SP ID="P264_SP00085" HPOS="630" VPOS="1000" WIDTH="38"/>
						<String ID="P264_ST00101" HPOS="668" VPOS="960" WIDTH="102" HEIGHT="31" CONTENT="acacia" WC="0.83" CC="000630"/>
						<String ID="P264_ST00102" HPOS="778" VPOS="965" WIDTH="84" HEIGHT="27" CONTENT="-tree" WC="0.87" CC="06000"/>
						<SP ID="P264_SP00086" HPOS="862" VPOS="1000" WIDTH="39"/>
						<String ID="P264_ST00103" HPOS="901" VPOS="961" WIDTH="60" HEIGHT="32" CONTENT="had" WC="0.66" CC="720"/>
					</TextLine>
					<TextLine ID="P264_TL00017" HPOS="134" VPOS="1018" WIDTH="826" HEIGHT="44">
						<String ID="P264_ST00104" HPOS="134" VPOS="1018" WIDTH="78" HEIGHT="32" CONTENT="been" WC="0.67" CC="7005"/>
						<SP ID="P264_SP00087" HPOS="212" VPOS="1050" WIDTH="27"/>
						<String ID="P264_ST00105" HPOS="239" VPOS="1018" WIDTH="162" HEIGHT="32" CONTENT="Avrenched" WC="0.68" CC="093070700"/>
						<SP ID="P264_SP00088" HPOS="401" VPOS="1050" WIDTH="30"/>
						<String ID="P264_ST00106" HPOS="431" VPOS="1019" WIDTH="110" HEIGHT="32" CONTENT="almost" WC="0.85" CC="010070"/>
						<SP ID="P264_SP00089" HPOS="541" VPOS="1051" WIDTH="32"/>
						<String ID="P264_ST00107" HPOS="573" VPOS="1021" WIDTH="130" HEIGHT="41" CONTENT="entirely" WC="0.91" CC="05000100"/>
						<SP ID="P264_SP00090" HPOS="703" VPOS="1062" WIDTH="26"/>
						<String ID="P264_ST00108" HPOS="729" VPOS="1022" WIDTH="52" HEIGHT="31" CONTENT="off." WC="0.89" CC="0004"/>
						<SP ID="P264_SP00091" HPOS="781" VPOS="1062" WIDTH="18"/>
						<String ID="P264_ST00109" HPOS="799" VPOS="1022" WIDTH="78" HEIGHT="32" CONTENT="from" WC="0.88" CC="0400"/>
						<SP ID="P264_SP00092" HPOS="877" VPOS="1062" WIDTH="32"/>
						<String ID="P264_ST00110" HPOS="909" VPOS="1023" WIDTH="51" HEIGHT="34" CONTENT="the" WC="0.67" CC="090"/>
					</TextLine>
					<TextLine ID="P264_TL00018" HPOS="135" VPOS="1079" WIDTH="823" HEIGHT="45">
						<String ID="P264_ST00111" HPOS="135" VPOS="1079" WIDTH="99" HEIGHT="40" CONTENT="trunk," WC="0.54" CC="746800"/>
						<SP ID="P264_SP00093" HPOS="234" VPOS="1119" WIDTH="33"/>
						<String ID="P264_ST00112" HPOS="267" VPOS="1080" WIDTH="60" HEIGHT="30" CONTENT="and" WC="0.42" CC="088"/>
						<SP ID="P264_SP00094" HPOS="327" VPOS="1119" WIDTH="31"/>
						<String ID="P264_ST00113" HPOS="358" VPOS="1080" WIDTH="100" HEIGHT="31" CONTENT="rested" WC="0.73" CC="007009"/>
						<SP ID="P264_SP00095" HPOS="458" VPOS="1119" WIDTH="31"/>
						<String ID="P264_ST00114" HPOS="489" VPOS="1081" WIDTH="133" HEIGHT="42" CONTENT="helpless" WC="0.75" CC="70001055"/>
						<SP ID="P264_SP00096" HPOS="622" VPOS="1123" WIDTH="30"/>
						<String ID="P264_ST00115" HPOS="652" VPOS="1083" WIDTH="123" HEIGHT="41" CONTENT="against" WC="0.71" CC="5000723"/>
						<SP ID="P264_SP00097" HPOS="775" VPOS="1124" WIDTH="30"/>
						<String ID="P264_ST00116" HPOS="805" VPOS="1084" WIDTH="53" HEIGHT="32" CONTENT="the" WC="0.53" CC="760"/>
						<SP ID="P264_SP00098" HPOS="858" VPOS="1124" WIDTH="32"/>
						<String ID="P264_ST00117" HPOS="890" VPOS="1085" WIDTH="68" HEIGHT="31" CONTENT="wall" WC="0.51" CC="9405"/>
					</TextLine>
					<TextLine ID="P264_TL00019" HPOS="136" VPOS="1140" WIDTH="823" HEIGHT="49">
						<String ID="P264_ST00118" HPOS="136" VPOS="1140" WIDTH="33" HEIGHT="31" CONTENT="of" WC="0.48" CC="63"/>
						<SP ID="P264_SP00099" HPOS="169" VPOS="1171" WIDTH="32"/>
						<String ID="P264_ST00119" HPOS="201" VPOS="1140" WIDTH="51" HEIGHT="32" CONTENT="the" WC="0.56" CC="372"/>
						<SP ID="P264_SP00100" HPOS="252" VPOS="1172" WIDTH="38"/>
						<String ID="P264_ST00120" HPOS="290" VPOS="1141" WIDTH="102" HEIGHT="32" CONTENT="house." WC="0.61" CC="717510"/>
						<SP ID="P264_SP00101" HPOS="392" VPOS="1173" WIDTH="64"/>
						<String ID="P264_ST00121" HPOS="456" VPOS="1142" WIDTH="64" HEIGHT="32" CONTENT="The" WC="0.76" CC="070"/>
						<SP ID="P264_SP00102" HPOS="520" VPOS="1174" WIDTH="31"/>
						<String ID="P264_ST00122" HPOS="551" VPOS="1144" WIDTH="83" HEIGHT="31" CONTENT="wind" WC="0.61" CC="9050"/>
						<SP ID="P264_SP00103" HPOS="634" VPOS="1175" WIDTH="39"/>
						<String ID="P264_ST00123" HPOS="673" VPOS="1156" WIDTH="63" HEIGHT="21" CONTENT="was" WC="1.00" CC="000"/>
						<SP ID="P264_SP00104" HPOS="736" VPOS="1177" WIDTH="39"/>
						<String ID="P264_ST00124" HPOS="775" VPOS="1148" WIDTH="184" HEIGHT="41" CONTENT="apparently" WC="0.84" CC="0000018600"/>
					</TextLine>
					<TextLine ID="P264_TL00020" HPOS="135" VPOS="1202" WIDTH="823" HEIGHT="47">
						<String ID="P264_ST00125" HPOS="135" VPOS="1202" WIDTH="133" HEIGHT="31" CONTENT="satisfied" WC="0.79" CC="704150000"/>
						<SP ID="P264_SP00105" HPOS="268" VPOS="1233" WIDTH="22"/>
						<String ID="P264_ST00126" HPOS="290" VPOS="1202" WIDTH="73" HEIGHT="31" CONTENT="with" WC="0.82" CC="0007"/>
						<SP ID="P264_SP00106" HPOS="363" VPOS="1233" WIDTH="21"/>
						<String ID="P264_ST00127" HPOS="384" VPOS="1202" WIDTH="40" HEIGHT="31" CONTENT="its" WC="0.63" CC="414"/>
						<SP ID="P264_SP00107" HPOS="424" VPOS="1233" WIDTH="19"/>
						<String ID="P264_ST00128" HPOS="443" VPOS="1204" WIDTH="92" HEIGHT="39" CONTENT="work," WC="0.68" CC="90600"/>
						<SP ID="P264_SP00108" HPOS="535" VPOS="1243" WIDTH="26"/>
						<String ID="P264_ST00129" HPOS="561" VPOS="1204" WIDTH="46" HEIGHT="33" CONTENT="for" WC="0.82" CC="400"/>
						<SP ID="P264_SP00109" HPOS="607" VPOS="1243" WIDTH="24"/>
						<String ID="P264_ST00130" HPOS="631" VPOS="1206" WIDTH="24" HEIGHT="31" CONTENT="it" WC="0.59" CC="34"/>
						<SP ID="P264_SP00110" HPOS="655" VPOS="1243" WIDTH="25"/>
						<String ID="P264_ST00131" HPOS="680" VPOS="1206" WIDTH="61" HEIGHT="33" CONTENT="had" WC="0.64" CC="730"/>
						<SP ID="P264_SP00111" HPOS="741" VPOS="1243" WIDTH="22"/>
						<String ID="P264_ST00132" HPOS="763" VPOS="1209" WIDTH="92" HEIGHT="40" CONTENT="again" WC="0.86" CC="00005"/>
						<SP ID="P264_SP00112" HPOS="855" VPOS="1249" WIDTH="24"/>
						<String ID="P264_ST00133" HPOS="879" VPOS="1210" WIDTH="79" HEIGHT="31" CONTENT="sunk" WC="0.69" CC="6060"/>
					</TextLine>
					<TextLine ID="P264_TL00021" HPOS="134" VPOS="1262" WIDTH="821" HEIGHT="42">
						<String ID="P264_ST00134" HPOS="134" VPOS="1262" WIDTH="90" HEIGHT="31" CONTENT="down" WC="0.88" CC="0004"/>
						<SP ID="P264_SP00113" HPOS="224" VPOS="1293" WIDTH="29"/>
						<String ID="P264_ST00135" HPOS="253" VPOS="1267" WIDTH="33" HEIGHT="26" CONTENT="to" WC="0.56" CC="62"/>
						<SP ID="P264_SP00114" HPOS="286" VPOS="1293" WIDTH="30"/>
						<String ID="P264_ST00136" HPOS="316" VPOS="1268" WIDTH="70" HEIGHT="35" CONTENT="rest," WC="0.59" CC="60542"/>
						<SP ID="P264_SP00115" HPOS="386" VPOS="1303" WIDTH="33"/>
						<String ID="P264_ST00137" HPOS="419" VPOS="1264" WIDTH="60" HEIGHT="31" CONTENT="and" WC="0.42" CC="970"/>
						<SP ID="P264_SP00116" HPOS="479" VPOS="1303" WIDTH="31"/>
						<String ID="P264_ST00138" HPOS="510" VPOS="1265" WIDTH="39" HEIGHT="31" CONTENT="all" WC="0.74" CC="520"/>
						<SP ID="P264_SP00117" HPOS="549" VPOS="1303" WIDTH="28"/>
						<String ID="P264_ST00139" HPOS="577" VPOS="1277" WIDTH="63" HEIGHT="21" CONTENT="was" WC="0.81" CC="005"/>
						<SP ID="P264_SP00118" HPOS="640" VPOS="1303" WIDTH="33"/>
						<String ID="P264_ST00140" HPOS="673" VPOS="1268" WIDTH="60" HEIGHT="31" CONTENT="still" WC="0.70" CC="70610"/>
						<SP ID="P264_SP00119" HPOS="733" VPOS="1303" WIDTH="32"/>
						<String ID="P264_ST00141" HPOS="765" VPOS="1271" WIDTH="60" HEIGHT="30" CONTENT="and" WC="0.55" CC="750"/>
						<SP ID="P264_SP00120" HPOS="825" VPOS="1303" WIDTH="32"/>
						<String ID="P264_ST00142" HPOS="857" VPOS="1271" WIDTH="98" HEIGHT="33" CONTENT="silent." WC="0.66" CC="6200642"/>
					</TextLine>
					<TextLine ID="P264_TL00022" HPOS="133" VPOS="1322" WIDTH="824" HEIGHT="53">
						<String ID="P264_ST00143" HPOS="133" VPOS="1322" WIDTH="65" HEIGHT="31" CONTENT="The" WC="0.75" CC="070"/>
						<SP ID="P264_SP00121" HPOS="198" VPOS="1353" WIDTH="16"/>
						<String ID="P264_ST00144" HPOS="214" VPOS="1323" WIDTH="89" HEIGHT="41" CONTENT="night" WC="0.68" CC="61070"/>
						<SP ID="P264_SP00122" HPOS="303" VPOS="1364" WIDTH="16"/>
						<String ID="P264_ST00145" HPOS="319" VPOS="1335" WIDTH="62" HEIGHT="21" CONTENT="was" WC="0.89" CC="003"/>
						<SP ID="P264_SP00123" HPOS="381" VPOS="1364" WIDTH="22"/>
						<String ID="P264_ST00146" HPOS="403" VPOS="1337" WIDTH="40" HEIGHT="18" CONTENT="an" WC="0.60" CC="07"/>
						<SP ID="P264_SP00124" HPOS="443" VPOS="1364" WIDTH="24"/>
						<String ID="P264_ST00147" HPOS="467" VPOS="1326" WIDTH="127" HEIGHT="42" CONTENT="unquiet" WC="0.68" CC="2606203"/>
						<SP ID="P264_SP00125" HPOS="594" VPOS="1368" WIDTH="24"/>
						<String ID="P264_ST00148" HPOS="618" VPOS="1339" WIDTH="66" HEIGHT="30" CONTENT="one," WC="0.93" CC="0002"/>
						<SP ID="P264_SP00126" HPOS="684" VPOS="1369" WIDTH="18"/>
						<String ID="P264_ST00149" HPOS="702" VPOS="1330" WIDTH="62" HEIGHT="31" CONTENT="and" WC="0.76" CC="070"/>
						<SP ID="P264_SP00127" HPOS="764" VPOS="1369" WIDTH="20"/>
						<String ID="P264_ST00150" HPOS="784" VPOS="1331" WIDTH="53" HEIGHT="33" CONTENT="the" WC="0.62" CC="073"/>
						<SP ID="P264_SP00128" HPOS="837" VPOS="1369" WIDTH="18"/>
						<String ID="P264_ST00151" HPOS="855" VPOS="1332" WIDTH="102" HEIGHT="43" CONTENT="heavy" WC="0.68" CC="70710"/>
					</TextLine>
					<TextLine ID="P264_TL00023" HPOS="132" VPOS="1384" WIDTH="824" HEIGHT="51">
						<String ID="P264_ST00152" HPOS="132" VPOS="1394" WIDTH="116" HEIGHT="20" CONTENT="masses" WC="0.79" CC="007004"/>
						<SP ID="P264_SP00129" HPOS="248" VPOS="1414" WIDTH="27"/>
						<String ID="P264_ST00153" HPOS="275" VPOS="1384" WIDTH="34" HEIGHT="30" CONTENT="of" WC="1.00" CC="00"/>
						<SP ID="P264_SP00130" HPOS="309" VPOS="1414" WIDTH="22"/>
						<String ID="P264_ST00154" HPOS="331" VPOS="1385" WIDTH="89" HEIGHT="31" CONTENT="cloud" WC="0.79" CC="15030"/>
						<SP ID="P264_SP00131" HPOS="420" VPOS="1416" WIDTH="27"/>
						<String ID="P264_ST00155" HPOS="447" VPOS="1387" WIDTH="103" HEIGHT="32" CONTENT="tossed" WC="0.73" CC="305600"/>
						<SP ID="P264_SP00132" HPOS="550" VPOS="1419" WIDTH="27"/>
						<String ID="P264_ST00156" HPOS="577" VPOS="1388" WIDTH="95" HEIGHT="32" CONTENT="about" WC="0.60" CC="06146"/>
						<SP ID="P264_SP00133" HPOS="672" VPOS="1420" WIDTH="25"/>
						<String ID="P264_ST00157" HPOS="697" VPOS="1392" WIDTH="156" HEIGHT="43" CONTENT="restlessly" WC="0.84" CC="0060004310"/>
						<SP ID="P264_SP00134" HPOS="853" VPOS="1435" WIDTH="30"/>
						<String ID="P264_ST00158" HPOS="883" VPOS="1406" WIDTH="73" HEIGHT="20" CONTENT="over" WC="0.80" CC="2500"/>
					</TextLine>
					<TextLine ID="P264_TL00024" HPOS="132" VPOS="1443" WIDTH="854" HEIGHT="49">
						<String ID="P264_ST00159" HPOS="132" VPOS="1443" WIDTH="51" HEIGHT="32" CONTENT="the" WC="0.74" CC="070"/>
						<SP ID="P264_SP00135" HPOS="183" VPOS="1475" WIDTH="17"/>
						<String ID="P264_ST00160" HPOS="200" VPOS="1444" WIDTH="77" HEIGHT="31" CONTENT="calm" WC="1.00" CC="0000"/>
						<SP ID="P264_SP00136" HPOS="277" VPOS="1475" WIDTH="24"/>
						<String ID="P264_ST00161" HPOS="301" VPOS="1445" WIDTH="109" HEIGHT="42" CONTENT="depths" WC="0.62" CC="009074"/>
						<SP ID="P264_SP00137" HPOS="410" VPOS="1487" WIDTH="24"/>
						<String ID="P264_ST00162" HPOS="434" VPOS="1447" WIDTH="34" HEIGHT="31" CONTENT="of" WC="0.83" CC="03"/>
						<SP ID="P264_SP00138" HPOS="468" VPOS="1487" WIDTH="17"/>
						<String ID="P264_ST00163" HPOS="485" VPOS="1447" WIDTH="51" HEIGHT="33" CONTENT="the" WC="0.56" CC="273"/>
						<SP ID="P264_SP00139" HPOS="536" VPOS="1487" WIDTH="25"/>
						<String ID="P264_ST00164" HPOS="561" VPOS="1449" WIDTH="183" HEIGHT="43" CONTENT="firmament," WC="0.62" CC="3350740633"/>
						<SP ID="P264_SP00140" HPOS="744" VPOS="1492" WIDTH="25"/>
						<String ID="P264_ST00165" HPOS="769" VPOS="1465" WIDTH="70" HEIGHT="21" CONTENT="now" WC="0.68" CC="710"/>
						<SP ID="P264_SP00141" HPOS="839" VPOS="1492" WIDTH="17"/>
						<String ID="P264_ST00166" HPOS="856" VPOS="1455" WIDTH="99" HEIGHT="32" CONTENT="show-" WC="0.65" CC="67003"/>
						<SP ID="P264_SP00142" HPOS="955" VPOS="1492" WIDTH="17"/>
						<String ID="P264_ST00167" HPOS="972" VPOS="1457" WIDTH="14" HEIGHT="14" CONTENT="*" WC="0.55" CC="4"/>
					</TextLine>
					<TextLine ID="P264_TL00025" HPOS="131" VPOS="1503" WIDTH="824" HEIGHT="52">
						<String ID="P264_ST00168" HPOS="131" VPOS="1503" WIDTH="52" HEIGHT="43" CONTENT="ing" WC="0.75" CC="070"/>
						<SP ID="P264_SP00143" HPOS="183" VPOS="1546" WIDTH="15"/>
						<String ID="P264_ST00169" HPOS="198" VPOS="1516" WIDTH="17" HEIGHT="20" CONTENT="a" WC="1.00" CC="0"/>
						<SP ID="P264_SP00144" HPOS="215" VPOS="1546" WIDTH="17"/>
						<String ID="P264_ST00170" HPOS="232" VPOS="1505" WIDTH="116" HEIGHT="42" CONTENT="patient" WC="0.66" CC="8003074"/>
						<SP ID="P264_SP00145" HPOS="348" VPOS="1547" WIDTH="24"/>
						<String ID="P264_ST00171" HPOS="372" VPOS="1511" WIDTH="63" HEIGHT="27" CONTENT="star" WC="0.59" CC="6307"/>
						<SP ID="P264_SP00146" HPOS="435" VPOS="1547" WIDTH="22"/>
						<String ID="P264_ST00172" HPOS="457" VPOS="1508" WIDTH="32" HEIGHT="31" CONTENT="in" WC="0.48" CC="36"/>
						<SP ID="P264_SP00147" HPOS="489" VPOS="1547" WIDTH="23"/>
						<String ID="P264_ST00173" HPOS="512" VPOS="1508" WIDTH="51" HEIGHT="33" CONTENT="the" WC="0.75" CC="070"/>
						<SP ID="P264_SP00148" HPOS="563" VPOS="1547" WIDTH="25"/>
						<String ID="P264_ST00174" HPOS="588" VPOS="1510" WIDTH="114" HEIGHT="34" CONTENT="distant" WC="0.72" CC="0421073"/>
						<SP ID="P264_SP00149" HPOS="702" VPOS="1547" WIDTH="23"/>
						<String ID="P264_ST00175" HPOS="725" VPOS="1513" WIDTH="145" HEIGHT="42" CONTENT="heavens," WC="0.70" CC="70050433"/>
						<SP ID="P264_SP00150" HPOS="870" VPOS="1555" WIDTH="24"/>
						<String ID="P264_ST00176" HPOS="894" VPOS="1517" WIDTH="61" HEIGHT="30" CONTENT="and" WC="0.75" CC="070"/>
					</TextLine>
				</TextBlock>
			</PrintSpace>
		</Page>
	</Layout>
</alto>
