<?xml version="1.0" encoding="UTF-8"?>
<alto xmlns:xsi="http://www.w3.org/2001/XMLSchema-instance" xsi:noNamespaceSchemaLocation="http://www.bl.uk/schemas/alto/alto-1-4.xsd" xmlns:xlink="http://www.w3.org/1999/xlink">
	<Description>
		<MeasurementUnit>mm10</MeasurementUnit>
		<sourceImageInformation>
			<fileName>//head1/IN/2007-46/A0010888503.3/008054.jp2</fileName>
		</sourceImageInformation>
		<OCRProcessing ID="OCRPROCESSING_1">
			<preProcessingStep>
				<processingSoftware>
					<softwareCreator>CCS Content Conversion Specialists GmbH, Germany</softwareCreator>
					<softwareName>CCS docWORKS</softwareName>
					<softwareVersion>6.1-0.62</softwareVersion>
				</processingSoftware>
			</preProcessingStep>
			<ocrProcessingStep>
				<processingSoftware>
					<softwareCreator>ABBYY (BIT Software), Russia</softwareCreator>
					<softwareName>Finereader</softwareName>
				</processingSoftware>
			</ocrProcessingStep>
		</OCRProcessing>
	</Description>
	<Styles>
		<TextStyle ID="TXT_0" FONTSIZE="11" FONTFAMILY="Courier New"/>
		<TextStyle ID="TXT_1" FONTSIZE="10" FONTFAMILY="Courier New"/>
		<ParagraphStyle ID="PAR_LEFT" ALIGN="Left"/>
		<ParagraphStyle ID="PAR_RIGHT" ALIGN="Right"/>
	</Styles>
	<Layout>
		<Page ID="P80" PHYSICAL_IMG_NR="80" HEIGHT="1710" WIDTH="1079" PRINTED_IMG_NR="70" POSITION="Left" ACCURACY="71.96">
			<TopMargin ID="P80_TM00001" HPOS="0" VPOS="0" WIDTH="1078" HEIGHT="113">
				<TextBlock ID="P80_TB00001" HPOS="170" VPOS="85" WIDTH="31" HEIGHT="26" STYLEREFS="TXT_0 PAR_LEFT">
					<TextLine ID="P80_TL00001" HPOS="170" VPOS="85" WIDTH="31" HEIGHT="26">
						<String ID="P80_ST00001" HPOS="170" VPOS="85" WIDTH="31" HEIGHT="26" CONTENT="70" WC="1.00" CC="00"/>
					</TextLine>
				</TextBlock>
				<TextBlock ID="P80_TB00002" HPOS="402" VPOS="86" WIDTH="356" HEIGHT="24" STYLEREFS="TXT_1 PAR_RIGHT">
					<TextLine ID="P80_TL00002" HPOS="402" VPOS="87" WIDTH="356" HEIGHT="23">
						<String ID="P80_ST00002" HPOS="402" VPOS="90" WIDTH="82" HEIGHT="20" CONTENT="LOYE" WC="0.28" CC="7586"/>
						<SP ID="P80_SP00001" HPOS="484" VPOS="110" WIDTH="24"/>
						<String ID="P80_ST00003" HPOS="508" VPOS="89" WIDTH="65" HEIGHT="21" CONTENT="THE" WC="0.58" CC="560"/>
						<SP ID="P80_SP00002" HPOS="573" VPOS="110" WIDTH="23"/>
						<String ID="P80_ST00004" HPOS="596" VPOS="87" WIDTH="162" HEIGHT="22" CONTENT="AVENGER." WC="0.47" CC="94697300"/>
					</TextLine>
				</TextBlock>
			</TopMargin>
			<LeftMargin ID="P80_LM00001" HPOS="0" VPOS="113" WIDTH="165" HEIGHT="1440"/>
			<RightMargin ID="P80_RM00001" HPOS="1004" VPOS="113" WIDTH="74" HEIGHT="1440"/>
			<BottomMargin ID="P80_BM00001" HPOS="0" VPOS="1553" WIDTH="1078" HEIGHT="157"/>
			<PrintSpace ID="P80_PS00001" HPOS="165" VPOS="113" WIDTH="839" HEIGHT="1440">
				<TextBlock ID="P80_TB00003" HPOS="165" VPOS="159" WIDTH="839" HEIGHT="541" STYLEREFS="TXT_1 PAR_LEFT">
					<TextLine ID="P80_TL00003" HPOS="166" VPOS="159" WIDTH="838" HEIGHT="49">
						<String ID="P80_ST00005" HPOS="166" VPOS="167" WIDTH="61" HEIGHT="32" CONTENT="and" WC="0.51" CC="049"/>
						<SP ID="P80_SP00003" HPOS="227" VPOS="199" WIDTH="27"/>
						<String ID="P80_ST00006" HPOS="254" VPOS="167" WIDTH="32" HEIGHT="31" CONTENT="in" WC="0.40" CC="47"/>
						<SP ID="P80_SP00004" HPOS="286" VPOS="199" WIDTH="15"/>
						<String ID="P80_ST00007" HPOS="301" VPOS="167" WIDTH="56" HEIGHT="32" CONTENT="her" WC="0.55" CC="706"/>
						<SP ID="P80_SP00005" HPOS="357" VPOS="199" WIDTH="27"/>
						<String ID="P80_ST00008" HPOS="384" VPOS="178" WIDTH="57" HEIGHT="30" CONTENT="eye" WC="0.85" CC="004"/>
						<SP ID="P80_SP00006" HPOS="441" VPOS="208" WIDTH="21"/>
						<String ID="P80_ST00009" HPOS="462" VPOS="164" WIDTH="108" HEIGHT="33" CONTENT="lurked" WC="0.69" CC="664000"/>
						<SP ID="P80_SP00007" HPOS="570" VPOS="208" WIDTH="16"/>
						<String ID="P80_ST00010" HPOS="586" VPOS="175" WIDTH="19" HEIGHT="21" CONTENT="a" WC="1.00" CC="0"/>
						<SP ID="P80_SP00008" HPOS="605" VPOS="208" WIDTH="24"/>
						<String ID="P80_ST00011" HPOS="629" VPOS="164" WIDTH="111" HEIGHT="41" CONTENT="glance" WC="0.70" CC="007802"/>
						<SP ID="P80_SP00009" HPOS="740" VPOS="208" WIDTH="28"/>
						<String ID="P80_ST00012" HPOS="768" VPOS="162" WIDTH="35" HEIGHT="32" CONTENT="of" WC="0.85" CC="20"/>
						<SP ID="P80_SP00010" HPOS="803" VPOS="208" WIDTH="20"/>
						<String ID="P80_ST00013" HPOS="823" VPOS="159" WIDTH="181" HEIGHT="43" CONTENT="something" WC="0.57" CC="400057659"/>
					</TextLine>
					<TextLine ID="P80_TL00004" HPOS="167" VPOS="224" WIDTH="832" HEIGHT="45">
						<String ID="P80_ST00014" HPOS="167" VPOS="230" WIDTH="110" HEIGHT="32" CONTENT="almost" WC="0.99" CC="000000"/>
						<SP ID="P80_SP00011" HPOS="277" VPOS="262" WIDTH="25"/>
						<String ID="P80_ST00015" HPOS="302" VPOS="229" WIDTH="71" HEIGHT="32" CONTENT="akin" WC="0.72" CC="0153"/>
						<SP ID="P80_SP00012" HPOS="373" VPOS="262" WIDTH="28"/>
						<String ID="P80_ST00016" HPOS="401" VPOS="233" WIDTH="33" HEIGHT="27" CONTENT="to" WC="0.90" CC="01"/>
						<SP ID="P80_SP00013" HPOS="434" VPOS="262" WIDTH="34"/>
						<String ID="P80_ST00017" HPOS="468" VPOS="226" WIDTH="162" HEIGHT="43" CONTENT="suspicion," WC="0.64" CC="4660604160"/>
						<String ID="P80_ST00018" HPOS="634" VPOS="245" WIDTH="44" HEIGHT="3" CONTENT="—" WC="0.20" CC="8"/>
						<String ID="P80_ST00019" HPOS="684" VPOS="225" WIDTH="87" HEIGHT="32" CONTENT="Aunt" WC="0.62" CC="0571"/>
						<SP ID="P80_SP00014" HPOS="771" VPOS="269" WIDTH="35"/>
						<String ID="P80_ST00020" HPOS="806" VPOS="224" WIDTH="193" HEIGHT="34" CONTENT="Clementine" WC="0.76" CC="6500070400"/>
					</TextLine>
					<TextLine ID="P80_TL00005" HPOS="166" VPOS="285" WIDTH="832" HEIGHT="49">
						<String ID="P80_ST00021" HPOS="166" VPOS="291" WIDTH="118" HEIGHT="43" CONTENT="obeyed" WC="0.88" CC="070000"/>
						<SP ID="P80_SP00015" HPOS="284" VPOS="334" WIDTH="33"/>
						<String ID="P80_ST00022" HPOS="317" VPOS="291" WIDTH="97" HEIGHT="41" CONTENT="solely" WC="0.97" CC="100000"/>
						<SP ID="P80_SP00016" HPOS="414" VPOS="334" WIDTH="27"/>
						<String ID="P80_ST00023" HPOS="441" VPOS="289" WIDTH="53" HEIGHT="32" CONTENT="the" WC="0.75" CC="070"/>
						<SP ID="P80_SP00017" HPOS="494" VPOS="334" WIDTH="36"/>
						<String ID="P80_ST00024" HPOS="530" VPOS="288" WIDTH="131" HEIGHT="43" CONTENT="impulse" WC="0.67" CC="4107630"/>
						<SP ID="P80_SP00018" HPOS="661" VPOS="334" WIDTH="29"/>
						<String ID="P80_ST00025" HPOS="690" VPOS="287" WIDTH="34" HEIGHT="32" CONTENT="of" WC="0.90" CC="20"/>
						<SP ID="P80_SP00019" HPOS="724" VPOS="334" WIDTH="30"/>
						<String ID="P80_ST00026" HPOS="754" VPOS="298" WIDTH="19" HEIGHT="21" CONTENT="a" WC="1.00" CC="0"/>
						<SP ID="P80_SP00020" HPOS="773" VPOS="334" WIDTH="36"/>
						<String ID="P80_ST00027" HPOS="809" VPOS="285" WIDTH="189" HEIGHT="43" CONTENT="thoroughly" WC="0.69" CC="4706060600"/>
					</TextLine>
					<TextLine ID="P80_TL00006" HPOS="166" VPOS="348" WIDTH="837" HEIGHT="46">
						<String ID="P80_ST00028" HPOS="166" VPOS="352" WIDTH="171" HEIGHT="42" CONTENT="unworldly" WC="0.47" CC="779070950"/>
						<SP ID="P80_SP00021" HPOS="337" VPOS="394" WIDTH="37"/>
						<String ID="P80_ST00029" HPOS="374" VPOS="356" WIDTH="118" HEIGHT="36" CONTENT="nature," WC="0.70" CC="4026700"/>
						<SP ID="P80_SP00022" HPOS="492" VPOS="394" WIDTH="27"/>
						<String ID="P80_ST00030" HPOS="519" VPOS="350" WIDTH="61" HEIGHT="33" CONTENT="and" WC="0.76" CC="070"/>
						<SP ID="P80_SP00023" HPOS="580" VPOS="394" WIDTH="28"/>
						<String ID="P80_ST00031" HPOS="608" VPOS="349" WIDTH="116" HEIGHT="42" CONTENT="sought" WC="0.63" CC="306073"/>
						<SP ID="P80_SP00024" HPOS="724" VPOS="394" WIDTH="27"/>
						<String ID="P80_ST00032" HPOS="751" VPOS="353" WIDTH="31" HEIGHT="28" CONTENT="to" WC="0.83" CC="03"/>
						<SP ID="P80_SP00025" HPOS="782" VPOS="394" WIDTH="31"/>
						<String ID="P80_ST00033" HPOS="813" VPOS="348" WIDTH="91" HEIGHT="43" CONTENT="bring" WC="0.80" CC="05400"/>
						<SP ID="P80_SP00026" HPOS="904" VPOS="394" WIDTH="23"/>
						<String ID="P80_ST00034" HPOS="927" VPOS="359" WIDTH="76" HEIGHT="21" CONTENT="con" SUBS_TYPE="HypPart1" SUBS_CONTENT="consolation" WC="0.76" CC="0054"/>
						<HYP CONTENT="-"/>
					</TextLine>
					<TextLine ID="P80_TL00007" HPOS="166" VPOS="410" WIDTH="832" HEIGHT="45">
						<String ID="P80_ST00035" HPOS="166" VPOS="413" WIDTH="131" HEIGHT="33" CONTENT="solation" SUBS_TYPE="HypPart2" SUBS_CONTENT="consolation" WC="0.67" CC="74500404"/>
						<SP ID="P80_SP00027" HPOS="297" VPOS="446" WIDTH="15"/>
						<String ID="P80_ST00036" HPOS="312" VPOS="413" WIDTH="102" HEIGHT="33" CONTENT="where" WC="0.73" CC="07050"/>
						<SP ID="P80_SP00028" HPOS="414" VPOS="446" WIDTH="25"/>
						<String ID="P80_ST00037" HPOS="439" VPOS="413" WIDTH="54" HEIGHT="32" CONTENT="she" WC="0.54" CC="670"/>
						<SP ID="P80_SP00029" HPOS="493" VPOS="446" WIDTH="22"/>
						<String ID="P80_ST00038" HPOS="515" VPOS="412" WIDTH="155" HEIGHT="43" CONTENT="supposed" WC="0.75" CC="46003500"/>
						<SP ID="P80_SP00030" HPOS="670" VPOS="455" WIDTH="23"/>
						<String ID="P80_ST00039" HPOS="693" VPOS="411" WIDTH="87" HEIGHT="32" CONTENT="there" WC="0.81" CC="07020"/>
						<SP ID="P80_SP00031" HPOS="780" VPOS="455" WIDTH="17"/>
						<String ID="P80_ST00040" HPOS="797" VPOS="423" WIDTH="65" HEIGHT="20" CONTENT="was" WC="0.78" CC="006"/>
						<SP ID="P80_SP00032" HPOS="862" VPOS="455" WIDTH="24"/>
						<String ID="P80_ST00041" HPOS="886" VPOS="410" WIDTH="112" HEIGHT="42" CONTENT="deadly" WC="0.90" CC="000050"/>
					</TextLine>
					<TextLine ID="P80_TL00008" HPOS="166" VPOS="473" WIDTH="833" HEIGHT="45">
						<String ID="P80_ST00042" HPOS="166" VPOS="475" WIDTH="154" HEIGHT="43" CONTENT="suffering." WC="0.62" CC="1800766700"/>
						<SP ID="P80_SP00033" HPOS="320" VPOS="518" WIDTH="57"/>
						<String ID="P80_ST00043" HPOS="377" VPOS="475" WIDTH="145" HEIGHT="32" CONTENT="Without" WC="0.52" CC="0377463"/>
						<SP ID="P80_SP00034" HPOS="522" VPOS="518" WIDTH="28"/>
						<String ID="P80_ST00044" HPOS="550" VPOS="486" WIDTH="19" HEIGHT="20" CONTENT="a" WC="1.00" CC="0"/>
						<SP ID="P80_SP00035" HPOS="569" VPOS="518" WIDTH="23"/>
						<String ID="P80_ST00045" HPOS="592" VPOS="473" WIDTH="86" HEIGHT="33" CONTENT="word" WC="0.86" CC="0050"/>
						<SP ID="P80_SP00036" HPOS="678" VPOS="518" WIDTH="28"/>
						<String ID="P80_ST00046" HPOS="706" VPOS="473" WIDTH="54" HEIGHT="33" CONTENT="she" WC="0.52" CC="670"/>
						<SP ID="P80_SP00037" HPOS="760" VPOS="518" WIDTH="28"/>
						<String ID="P80_ST00047" HPOS="788" VPOS="478" WIDTH="84" HEIGHT="27" CONTENT="went" WC="0.76" CC="0072"/>
						<SP ID="P80_SP00038" HPOS="872" VPOS="518" WIDTH="24"/>
						<String ID="P80_ST00048" HPOS="896" VPOS="484" WIDTH="42" HEIGHT="31" CONTENT="up" WC="0.68" CC="60"/>
						<SP ID="P80_SP00039" HPOS="938" VPOS="518" WIDTH="28"/>
						<String ID="P80_ST00049" HPOS="966" VPOS="477" WIDTH="33" HEIGHT="27" CONTENT="to" WC="0.48" CC="54"/>
					</TextLine>
					<TextLine ID="P80_TL00009" HPOS="165" VPOS="534" WIDTH="832" HEIGHT="44">
						<String ID="P80_ST00050" HPOS="165" VPOS="537" WIDTH="122" HEIGHT="38" CONTENT="Berthe," WC="0.55" CC="6004774"/>
						<SP ID="P80_SP00040" HPOS="287" VPOS="575" WIDTH="18"/>
						<String ID="P80_ST00051" HPOS="305" VPOS="537" WIDTH="60" HEIGHT="31" CONTENT="and" WC="0.62" CC="370"/>
						<SP ID="P80_SP00041" HPOS="365" VPOS="575" WIDTH="19"/>
						<String ID="P80_ST00052" HPOS="384" VPOS="536" WIDTH="112" HEIGHT="42" CONTENT="taking" WC="0.62" CC="000579"/>
						<SP ID="P80_SP00042" HPOS="496" VPOS="578" WIDTH="23"/>
						<String ID="P80_ST00053" HPOS="519" VPOS="535" WIDTH="76" HEIGHT="32" CONTENT="both" WC="0.48" CC="7507"/>
						<SP ID="P80_SP00043" HPOS="595" VPOS="578" WIDTH="22"/>
						<String ID="P80_ST00054" HPOS="617" VPOS="535" WIDTH="53" HEIGHT="32" CONTENT="the" WC="0.76" CC="070"/>
						<SP ID="P80_SP00044" HPOS="670" VPOS="578" WIDTH="24"/>
						<String ID="P80_ST00055" HPOS="694" VPOS="535" WIDTH="92" HEIGHT="32" CONTENT="latter" WC="0.93" CC="000300"/>
						<String ID="P80_ST00056" HPOS="790" VPOS="536" WIDTH="23" HEIGHT="31" CONTENT="'s" WC="0.80" CC="12"/>
						<SP ID="P80_SP00045" HPOS="813" VPOS="578" WIDTH="26"/>
						<String ID="P80_ST00057" HPOS="839" VPOS="534" WIDTH="100" HEIGHT="33" CONTENT="hands" WC="0.77" CC="70300"/>
						<SP ID="P80_SP00046" HPOS="939" VPOS="578" WIDTH="27"/>
						<String ID="P80_ST00058" HPOS="966" VPOS="534" WIDTH="31" HEIGHT="32" CONTENT="in" WC="0.43" CC="47"/>
					</TextLine>
					<TextLine ID="P80_TL00010" HPOS="166" VPOS="595" WIDTH="832" HEIGHT="44">
						<String ID="P80_ST00059" HPOS="166" VPOS="598" WIDTH="77" HEIGHT="41" CONTENT="hers," WC="0.58" CC="51660"/>
						<SP ID="P80_SP00047" HPOS="243" VPOS="639" WIDTH="40"/>
						<String ID="P80_ST00060" HPOS="283" VPOS="598" WIDTH="99" HEIGHT="41" CONTENT="gazed" WC="0.93" CC="00030"/>
						<SP ID="P80_SP00048" HPOS="382" VPOS="639" WIDTH="32"/>
						<String ID="P80_ST00061" HPOS="414" VPOS="602" WIDTH="33" HEIGHT="27" CONTENT="at" WC="0.44" CC="73"/>
						<SP ID="P80_SP00049" HPOS="447" VPOS="639" WIDTH="35"/>
						<String ID="P80_ST00062" HPOS="482" VPOS="597" WIDTH="56" HEIGHT="32" CONTENT="her" WC="0.66" CC="702"/>
						<SP ID="P80_SP00050" HPOS="538" VPOS="639" WIDTH="33"/>
						<String ID="P80_ST00063" HPOS="571" VPOS="597" WIDTH="150" HEIGHT="42" CONTENT="tenderly," WC="0.69" CC="000906603"/>
						<SP ID="P80_SP00051" HPOS="721" VPOS="639" WIDTH="30"/>
						<String ID="P80_ST00064" HPOS="751" VPOS="597" WIDTH="156" HEIGHT="42" CONTENT="tearfully," WC="0.74" CC="2002065503"/>
						<SP ID="P80_SP00052" HPOS="907" VPOS="639" WIDTH="31"/>
						<String ID="P80_ST00065" HPOS="938" VPOS="595" WIDTH="60" HEIGHT="33" CONTENT="and" WC="0.75" CC="070"/>
					</TextLine>
					<TextLine ID="P80_TL00011" HPOS="166" VPOS="659" WIDTH="763" HEIGHT="41">
						<String ID="P80_ST00066" HPOS="166" VPOS="660" WIDTH="116" HEIGHT="40" CONTENT="mutely" WC="0.91" CC="040000"/>
						<SP ID="P80_SP00053" HPOS="282" VPOS="700" WIDTH="16"/>
						<String ID="P80_ST00067" HPOS="298" VPOS="659" WIDTH="112" HEIGHT="32" CONTENT="offered" WC="0.83" CC="6000500"/>
						<SP ID="P80_SP00054" HPOS="410" VPOS="700" WIDTH="16"/>
						<String ID="P80_ST00068" HPOS="426" VPOS="660" WIDTH="55" HEIGHT="31" CONTENT="her" WC="0.62" CC="703"/>
						<SP ID="P80_SP00055" HPOS="481" VPOS="700" WIDTH="17"/>
						<String ID="P80_ST00069" HPOS="498" VPOS="659" WIDTH="76" HEIGHT="32" CONTENT="such" WC="0.64" CC="1507"/>
						<SP ID="P80_SP00056" HPOS="574" VPOS="700" WIDTH="16"/>
						<String ID="P80_ST00070" HPOS="590" VPOS="659" WIDTH="66" HEIGHT="41" CONTENT="pity" WC="0.86" CC="0140"/>
						<SP ID="P80_SP00057" HPOS="656" VPOS="700" WIDTH="16"/>
						<String ID="P80_ST00071" HPOS="672" VPOS="671" WIDTH="34" HEIGHT="20" CONTENT="as" WC="0.67" CC="06"/>
						<SP ID="P80_SP00058" HPOS="706" VPOS="700" WIDTH="17"/>
						<String ID="P80_ST00072" HPOS="723" VPOS="659" WIDTH="110" HEIGHT="41" CONTENT="angels" WC="0.69" CC="009044"/>
						<SP ID="P80_SP00059" HPOS="833" VPOS="700" WIDTH="15"/>
						<String ID="P80_ST00073" HPOS="848" VPOS="659" WIDTH="81" HEIGHT="41" CONTENT="give." WC="0.63" CC="95002"/>
					</TextLine>
				</TextBlock>
				<TextBlock ID="P80_TB00004" HPOS="166" VPOS="717" WIDTH="831" HEIGHT="228" STYLEREFS="TXT_1 PAR_LEFT">
					<TextLine ID="P80_TL00012" HPOS="209" VPOS="718" WIDTH="788" HEIGHT="34">
						<String ID="P80_ST00074" HPOS="209" VPOS="721" WIDTH="143" HEIGHT="31" CONTENT="Madame" WC="1.00" CC="000000"/>
						<SP ID="P80_SP00060" HPOS="352" VPOS="752" WIDTH="12"/>
						<String ID="P80_ST00075" HPOS="364" VPOS="720" WIDTH="36" HEIGHT="32" CONTENT="de" WC="0.75" CC="04"/>
						<SP ID="P80_SP00061" HPOS="400" VPOS="752" WIDTH="17"/>
						<String ID="P80_ST00076" HPOS="417" VPOS="720" WIDTH="159" HEIGHT="32" CONTENT="Mottefort" WC="0.83" CC="001602220"/>
						<SP ID="P80_SP00062" HPOS="576" VPOS="752" WIDTH="15"/>
						<String ID="P80_ST00077" HPOS="591" VPOS="720" WIDTH="56" HEIGHT="31" CONTENT="felt" WC="0.86" CC="0005"/>
						<SP ID="P80_SP00063" HPOS="647" VPOS="752" WIDTH="16"/>
						<String ID="P80_ST00078" HPOS="663" VPOS="720" WIDTH="68" HEIGHT="31" CONTENT="that" WC="0.79" CC="0700"/>
						<SP ID="P80_SP00064" HPOS="731" VPOS="752" WIDTH="16"/>
						<String ID="P80_ST00079" HPOS="747" VPOS="719" WIDTH="54" HEIGHT="32" CONTENT="she" WC="0.54" CC="670"/>
						<SP ID="P80_SP00065" HPOS="801" VPOS="752" WIDTH="13"/>
						<String ID="P80_ST00080" HPOS="814" VPOS="731" WIDTH="65" HEIGHT="20" CONTENT="was" WC="0.54" CC="903"/>
						<SP ID="P80_SP00066" HPOS="879" VPOS="752" WIDTH="17"/>
						<String ID="P80_ST00081" HPOS="896" VPOS="719" WIDTH="32" HEIGHT="31" CONTENT="in" WC="0.41" CC="56"/>
						<SP ID="P80_SP00067" HPOS="928" VPOS="752" WIDTH="16"/>
						<String ID="P80_ST00082" HPOS="944" VPOS="718" WIDTH="53" HEIGHT="32" CONTENT="the" WC="0.76" CC="070"/>
					</TextLine>
					<TextLine ID="P80_TL00013" HPOS="167" VPOS="781" WIDTH="829" HEIGHT="43">
						<String ID="P80_ST00083" HPOS="167" VPOS="794" WIDTH="145" HEIGHT="30" CONTENT="presence" WC="0.61" CC="96051800"/>
						<SP ID="P80_SP00068" HPOS="312" VPOS="824" WIDTH="18"/>
						<String ID="P80_ST00084" HPOS="330" VPOS="782" WIDTH="33" HEIGHT="31" CONTENT="of" WC="0.42" CC="46"/>
						<SP ID="P80_SP00069" HPOS="363" VPOS="824" WIDTH="11"/>
						<String ID="P80_ST00085" HPOS="374" VPOS="793" WIDTH="18" HEIGHT="20" CONTENT="a" WC="1.00" CC="0"/>
						<SP ID="P80_SP00070" HPOS="392" VPOS="824" WIDTH="16"/>
						<String ID="P80_ST00086" HPOS="408" VPOS="794" WIDTH="121" HEIGHT="19" CONTENT="woman" WC="0.91" CC="00004"/>
						<SP ID="P80_SP00071" HPOS="529" VPOS="824" WIDTH="11"/>
						<String ID="P80_ST00087" HPOS="540" VPOS="781" WIDTH="139" HEIGHT="32" CONTENT="different" WC="0.82" CC="060006002"/>
						<SP ID="P80_SP00072" HPOS="679" VPOS="824" WIDTH="17"/>
						<String ID="P80_ST00088" HPOS="696" VPOS="782" WIDTH="78" HEIGHT="31" CONTENT="from" WC="0.72" CC="3700"/>
						<SP ID="P80_SP00073" HPOS="774" VPOS="824" WIDTH="18"/>
						<String ID="P80_ST00089" HPOS="792" VPOS="793" WIDTH="61" HEIGHT="31" CONTENT="any" WC="0.76" CC="070"/>
						<SP ID="P80_SP00074" HPOS="853" VPOS="824" WIDTH="11"/>
						<String ID="P80_ST00090" HPOS="864" VPOS="781" WIDTH="55" HEIGHT="32" CONTENT="she" WC="0.66" CC="370"/>
						<SP ID="P80_SP00075" HPOS="919" VPOS="824" WIDTH="17"/>
						<String ID="P80_ST00091" HPOS="936" VPOS="781" WIDTH="60" HEIGHT="32" CONTENT="had" WC="0.75" CC="700"/>
					</TextLine>
					<TextLine ID="P80_TL00014" HPOS="166" VPOS="843" WIDTH="831" HEIGHT="43">
						<String ID="P80_ST00092" HPOS="166" VPOS="854" WIDTH="72" HEIGHT="21" CONTENT="ever" WC="0.98" CC="0000"/>
						<SP ID="P80_SP00076" HPOS="238" VPOS="875" WIDTH="23"/>
						<String ID="P80_ST00093" HPOS="261" VPOS="843" WIDTH="124" HEIGHT="40" CONTENT="known," WC="0.74" CC="050073"/>
						<SP ID="P80_SP00077" HPOS="385" VPOS="883" WIDTH="18"/>
						<String ID="P80_ST00094" HPOS="403" VPOS="843" WIDTH="72" HEIGHT="40" CONTENT="and," WC="0.78" CC="0404"/>
						<SP ID="P80_SP00078" HPOS="475" VPOS="883" WIDTH="22"/>
						<String ID="P80_ST00095" HPOS="497" VPOS="843" WIDTH="146" HEIGHT="42" CONTENT="blushing" WC="0.72" CC="00306260"/>
						<SP ID="P80_SP00079" HPOS="643" VPOS="885" WIDTH="27"/>
						<String ID="P80_ST00096" HPOS="670" VPOS="843" WIDTH="120" HEIGHT="43" CONTENT="deeply," WC="0.94" CC="0000400"/>
						<SP ID="P80_SP00080" HPOS="790" VPOS="886" WIDTH="25"/>
						<String ID="P80_ST00097" HPOS="815" VPOS="848" WIDTH="67" HEIGHT="27" CONTENT="cast" WC="0.75" CC="3042"/>
						<SP ID="P80_SP00081" HPOS="882" VPOS="886" WIDTH="25"/>
						<String ID="P80_ST00098" HPOS="907" VPOS="843" WIDTH="90" HEIGHT="33" CONTENT="down" WC="0.77" CC="0404"/>
					</TextLine>
					<TextLine ID="P80_TL00015" HPOS="166" VPOS="904" WIDTH="387" HEIGHT="41">
						<String ID="P80_ST00099" HPOS="166" VPOS="905" WIDTH="54" HEIGHT="32" CONTENT="her" WC="0.56" CC="607"/>
						<SP ID="P80_SP00082" HPOS="220" VPOS="937" WIDTH="16"/>
						<String ID="P80_ST00100" HPOS="236" VPOS="916" WIDTH="80" HEIGHT="29" CONTENT="eyes," WC="0.90" CC="00030"/>
						<SP ID="P80_SP00083" HPOS="316" VPOS="945" WIDTH="19"/>
						<String ID="P80_ST00101" HPOS="335" VPOS="904" WIDTH="218" HEIGHT="33" CONTENT="embarrassed." WC="0.65" CC="007733063090"/>
					</TextLine>
				</TextBlock>
				<TextBlock ID="P80_TB00005" HPOS="166" VPOS="965" WIDTH="835" HEIGHT="409" STYLEREFS="TXT_1 PAR_LEFT">
					<TextLine ID="P80_TL00016" HPOS="211" VPOS="965" WIDTH="786" HEIGHT="44">
						<String ID="P80_ST00102" HPOS="211" VPOS="968" WIDTH="17" HEIGHT="13" CONTENT='"' WC="0.70" CC="2"/>
						<SP ID="P80_SP00084" HPOS="228" VPOS="981" WIDTH="12"/>
						<String ID="P80_ST00103" HPOS="240" VPOS="966" WIDTH="80" HEIGHT="32" CONTENT="Poor" WC="0.71" CC="6004"/>
						<SP ID="P80_SP00085" HPOS="320" VPOS="998" WIDTH="26"/>
						<String ID="P80_ST00104" HPOS="346" VPOS="965" WIDTH="82" HEIGHT="33" CONTENT="child" WC="0.67" CC="07350"/>
						<SP ID="P80_SP00086" HPOS="428" VPOS="998" WIDTH="12"/>
						<String ID="P80_ST00105" HPOS="440" VPOS="966" WIDTH="7" HEIGHT="32" CONTENT="!" WC="0.70" CC="2"/>
						<SP ID="P80_SP00087" HPOS="447" VPOS="998" WIDTH="24"/>
						<String ID="P80_ST00106" HPOS="471" VPOS="978" WIDTH="76" HEIGHT="30" CONTENT="poor" WC="0.86" CC="0005"/>
						<SP ID="P80_SP00088" HPOS="547" VPOS="1008" WIDTH="25"/>
						<String ID="P80_ST00107" HPOS="572" VPOS="965" WIDTH="83" HEIGHT="33" CONTENT="child" WC="0.62" CC="07560"/>
						<SP ID="P80_SP00089" HPOS="655" VPOS="1008" WIDTH="12"/>
						<String ID="P80_ST00108" HPOS="667" VPOS="967" WIDTH="6" HEIGHT="31" CONTENT="!" WC="0.90" CC="0"/>
						<String ID="P80_ST00109" HPOS="684" VPOS="967" WIDTH="4" HEIGHT="12" CONTENT="'" WC="1.00" CC="0"/>
						<String ID="P80_ST00110" HPOS="696" VPOS="967" WIDTH="5" HEIGHT="12" CONTENT="'" WC="1.00" CC="0"/>
						<SP ID="P80_SP00090" HPOS="701" VPOS="1008" WIDTH="34"/>
						<String ID="P80_ST00111" HPOS="735" VPOS="966" WIDTH="75" HEIGHT="43" CONTENT="they" WC="0.63" CC="5720"/>
						<SP ID="P80_SP00091" HPOS="810" VPOS="1009" WIDTH="28"/>
						<String ID="P80_ST00112" HPOS="838" VPOS="979" WIDTH="82" HEIGHT="20" CONTENT="were" WC="0.83" CC="0060"/>
						<SP ID="P80_SP00092" HPOS="920" VPOS="1009" WIDTH="24"/>
						<String ID="P80_ST00113" HPOS="944" VPOS="967" WIDTH="53" HEIGHT="32" CONTENT="the" WC="0.58" CC="173"/>
					</TextLine>
					<TextLine ID="P80_TL00017" HPOS="166" VPOS="1026" WIDTH="833" HEIGHT="44">
						<String ID="P80_ST00114" HPOS="166" VPOS="1028" WIDTH="66" HEIGHT="31" CONTENT="first" WC="0.90" CC="00120"/>
						<SP ID="P80_SP00093" HPOS="232" VPOS="1059" WIDTH="24"/>
						<String ID="P80_ST00115" HPOS="256" VPOS="1027" WIDTH="102" HEIGHT="32" CONTENT="words" WC="0.67" CC="05704"/>
						<SP ID="P80_SP00094" HPOS="358" VPOS="1059" WIDTH="26"/>
						<String ID="P80_ST00116" HPOS="384" VPOS="1026" WIDTH="68" HEIGHT="33" CONTENT="that" WC="0.77" CC="1700"/>
						<SP ID="P80_SP00095" HPOS="452" VPOS="1059" WIDTH="25"/>
						<String ID="P80_ST00117" HPOS="477" VPOS="1028" WIDTH="114" HEIGHT="42" CONTENT="passed" WC="0.91" CC="000400"/>
						<SP ID="P80_SP00096" HPOS="591" VPOS="1070" WIDTH="22"/>
						<String ID="P80_ST00118" HPOS="613" VPOS="1028" WIDTH="148" HEIGHT="32" CONTENT="Madame" WC="1.00" CC="000000"/>
						<SP ID="P80_SP00097" HPOS="761" VPOS="1070" WIDTH="26"/>
						<String ID="P80_ST00119" HPOS="787" VPOS="1029" WIDTH="212" HEIGHT="32" CONTENT="Beaudouin's" WC="0.67" CC="50060450606"/>
					</TextLine>
					<TextLine ID="P80_TL00018" HPOS="167" VPOS="1087" WIDTH="833" HEIGHT="43">
						<String ID="P80_ST00120" HPOS="167" VPOS="1089" WIDTH="66" HEIGHT="41" CONTENT="lips," WC="0.48" CC="66831"/>
						<SP ID="P80_SP00098" HPOS="233" VPOS="1130" WIDTH="26"/>
						<String ID="P80_ST00121" HPOS="259" VPOS="1088" WIDTH="59" HEIGHT="31" CONTENT="and" WC="0.72" CC="080"/>
						<SP ID="P80_SP00099" HPOS="318" VPOS="1130" WIDTH="24"/>
						<String ID="P80_ST00122" HPOS="342" VPOS="1087" WIDTH="83" HEIGHT="41" CONTENT="then," WC="0.74" CC="27020"/>
						<SP ID="P80_SP00100" HPOS="425" VPOS="1130" WIDTH="21"/>
						<String ID="P80_ST00123" HPOS="446" VPOS="1088" WIDTH="109" HEIGHT="31" CONTENT='"lam' WC="0.84" CC="4100"/>
						<SP ID="P80_SP00101" HPOS="555" VPOS="1130" WIDTH="27"/>
						<String ID="P80_ST00124" HPOS="582" VPOS="1089" WIDTH="87" HEIGHT="31" CONTENT="Aunt" WC="0.65" CC="0670"/>
						<SP ID="P80_SP00102" HPOS="669" VPOS="1130" WIDTH="28"/>
						<String ID="P80_ST00125" HPOS="697" VPOS="1090" WIDTH="227" HEIGHT="40" CONTENT='Clementine,"' WC="0.85" CC="700000060013"/>
						<SP ID="P80_SP00103" HPOS="924" VPOS="1130" WIDTH="19"/>
						<String ID="P80_ST00126" HPOS="943" VPOS="1091" WIDTH="57" HEIGHT="33" CONTENT="she" WC="0.35" CC="576"/>
					</TextLine>
					<TextLine ID="P80_TL00019" HPOS="168" VPOS="1150" WIDTH="827" HEIGHT="43">
						<String ID="P80_ST00127" HPOS="168" VPOS="1150" WIDTH="108" HEIGHT="40" CONTENT="added," WC="0.85" CC="024000"/>
						<SP ID="P80_SP00104" HPOS="276" VPOS="1190" WIDTH="18"/>
						<String ID="P80_ST00128" HPOS="294" VPOS="1150" WIDTH="120" HEIGHT="41" CONTENT="simply." WC="0.64" CC="6572300"/>
						<SP ID="P80_SP00105" HPOS="414" VPOS="1191" WIDTH="59"/>
						<String ID="P80_ST00129" HPOS="473" VPOS="1151" WIDTH="80" HEIGHT="41" CONTENT='"My' WC="0.86" CC="400"/>
						<SP ID="P80_SP00106" HPOS="553" VPOS="1192" WIDTH="26"/>
						<String ID="P80_ST00130" HPOS="579" VPOS="1151" WIDTH="127" HEIGHT="32" CONTENT="brother" WC="0.54" CC="3608706"/>
						<SP ID="P80_SP00107" HPOS="706" VPOS="1192" WIDTH="27"/>
						<String ID="P80_ST00131" HPOS="733" VPOS="1163" WIDTH="64" HEIGHT="21" CONTENT="was" WC="0.55" CC="804"/>
						<SP ID="P80_SP00108" HPOS="797" VPOS="1192" WIDTH="25"/>
						<String ID="P80_ST00132" HPOS="822" VPOS="1152" WIDTH="48" HEIGHT="32" CONTENT="his" WC="0.28" CC="974"/>
						<SP ID="P80_SP00109" HPOS="870" VPOS="1192" WIDTH="25"/>
						<String ID="P80_ST00133" HPOS="895" VPOS="1153" WIDTH="100" HEIGHT="40" CONTENT="uncle," WC="0.66" CC="850501"/>
					</TextLine>
					<TextLine ID="P80_TL00020" HPOS="169" VPOS="1211" WIDTH="830" HEIGHT="44">
						<String ID="P80_ST00134" HPOS="169" VPOS="1211" WIDTH="58" HEIGHT="31" CONTENT="and" WC="0.15" CC="959"/>
						<SP ID="P80_SP00110" HPOS="227" VPOS="1242" WIDTH="27"/>
						<String ID="P80_ST00135" HPOS="254" VPOS="1222" WIDTH="47" HEIGHT="20" CONTENT="we" WC="1.00" CC="00"/>
						<SP ID="P80_SP00111" HPOS="301" VPOS="1242" WIDTH="31"/>
						<String ID="P80_ST00136" HPOS="332" VPOS="1211" WIDTH="41" HEIGHT="30" CONTENT="all" WC="0.87" CC="021"/>
						<SP ID="P80_SP00112" HPOS="373" VPOS="1242" WIDTH="33"/>
						<String ID="P80_ST00137" HPOS="406" VPOS="1211" WIDTH="91" HEIGHT="31" CONTENT="loved" WC="0.90" CC="40000"/>
						<SP ID="P80_SP00113" HPOS="497" VPOS="1242" WIDTH="26"/>
						<String ID="P80_ST00138" HPOS="523" VPOS="1211" WIDTH="64" HEIGHT="32" CONTENT="him" WC="0.60" CC="740"/>
						<SP ID="P80_SP00114" HPOS="587" VPOS="1243" WIDTH="32"/>
						<String ID="P80_ST00139" HPOS="619" VPOS="1224" WIDTH="33" HEIGHT="20" CONTENT="so" WC="0.67" CC="60"/>
						<SP ID="P80_SP00115" HPOS="652" VPOS="1244" WIDTH="28"/>
						<String ID="P80_ST00140" HPOS="680" VPOS="1213" WIDTH="106" HEIGHT="42" CONTENT="dearly" WC="0.95" CC="000020"/>
						<String ID="P80_ST00141" HPOS="799" VPOS="1213" WIDTH="6" HEIGHT="33" CONTENT="!" WC="0.76" CC="2"/>
						<SP ID="P80_SP00116" HPOS="805" VPOS="1255" WIDTH="18"/>
						<String ID="P80_ST00142" HPOS="823" VPOS="1240" WIDTH="6" HEIGHT="6" CONTENT="." WC="0.65" CC="3"/>
						<SP ID="P80_SP00117" HPOS="829" VPOS="1255" WIDTH="21"/>
						<String ID="P80_ST00143" HPOS="850" VPOS="1241" WIDTH="6" HEIGHT="5" CONTENT="." WC="0.78" CC="2"/>
						<SP ID="P80_SP00118" HPOS="856" VPOS="1255" WIDTH="19"/>
						<String ID="P80_ST00144" HPOS="875" VPOS="1241" WIDTH="6" HEIGHT="5" CONTENT="." WC="0.82" CC="1"/>
						<String ID="P80_ST00145" HPOS="891" VPOS="1214" WIDTH="16" HEIGHT="12" CONTENT='"' WC="0.73" CC="2"/>
						<SP ID="P80_SP00119" HPOS="907" VPOS="1255" WIDTH="30"/>
						<String ID="P80_ST00146" HPOS="937" VPOS="1214" WIDTH="62" HEIGHT="32" CONTENT="and" WC="0.75" CC="070"/>
					</TextLine>
					<TextLine ID="P80_TL00021" HPOS="169" VPOS="1272" WIDTH="829" HEIGHT="44">
						<String ID="P80_ST00147" HPOS="169" VPOS="1272" WIDTH="133" HEIGHT="42" CONTENT="opening" WC="0.38" CC="4807669"/>
						<SP ID="P80_SP00120" HPOS="302" VPOS="1314" WIDTH="25"/>
						<String ID="P80_ST00148" HPOS="327" VPOS="1272" WIDTH="54" HEIGHT="31" CONTENT="her" WC="0.58" CC="705"/>
						<SP ID="P80_SP00121" HPOS="381" VPOS="1314" WIDTH="26"/>
						<String ID="P80_ST00149" HPOS="407" VPOS="1284" WIDTH="90" HEIGHT="29" CONTENT="arms," WC="0.80" CC="00900"/>
						<SP ID="P80_SP00122" HPOS="497" VPOS="1314" WIDTH="19"/>
						<String ID="P80_ST00150" HPOS="516" VPOS="1272" WIDTH="53" HEIGHT="33" CONTENT="she" WC="0.75" CC="070"/>
						<SP ID="P80_SP00123" HPOS="569" VPOS="1314" WIDTH="27"/>
						<String ID="P80_ST00151" HPOS="596" VPOS="1274" WIDTH="162" HEIGHT="32" CONTENT="embraced" WC="0.93" CC="05000000"/>
						<SP ID="P80_SP00124" HPOS="758" VPOS="1314" WIDTH="25"/>
						<String ID="P80_ST00152" HPOS="783" VPOS="1274" WIDTH="126" HEIGHT="42" CONTENT="Berthe," WC="0.70" CC="5061700"/>
						<SP ID="P80_SP00125" HPOS="909" VPOS="1316" WIDTH="19"/>
						<String ID="P80_ST00153" HPOS="928" VPOS="1276" WIDTH="70" HEIGHT="32" CONTENT="who" WC="0.55" CC="075"/>
					</TextLine>
					<TextLine ID="P80_TL00022" HPOS="170" VPOS="1333" WIDTH="827" HEIGHT="41">
						<String ID="P80_ST00154" HPOS="170" VPOS="1334" WIDTH="60" HEIGHT="32" CONTENT="still" WC="0.63" CC="70351"/>
						<SP ID="P80_SP00126" HPOS="230" VPOS="1366" WIDTH="17"/>
						<String ID="P80_ST00155" HPOS="247" VPOS="1333" WIDTH="123" HEIGHT="32" CONTENT="seemed" WC="0.87" CC="400020"/>
						<SP ID="P80_SP00127" HPOS="370" VPOS="1366" WIDTH="11"/>
						<String ID="P80_ST00156" HPOS="381" VPOS="1338" WIDTH="54" HEIGHT="27" CONTENT="not" WC="0.78" CC="500"/>
						<SP ID="P80_SP00128" HPOS="435" VPOS="1366" WIDTH="16"/>
						<String ID="P80_ST00157" HPOS="451" VPOS="1334" WIDTH="83" HEIGHT="40" CONTENT="quite" WC="0.78" CC="06400"/>
						<SP ID="P80_SP00129" HPOS="534" VPOS="1374" WIDTH="17"/>
						<String ID="P80_ST00158" HPOS="551" VPOS="1339" WIDTH="30" HEIGHT="27" CONTENT="at" WC="0.88" CC="02"/>
						<SP ID="P80_SP00130" HPOS="581" VPOS="1374" WIDTH="12"/>
						<String ID="P80_ST00159" HPOS="593" VPOS="1335" WIDTH="90" HEIGHT="32" CONTENT="home" WC="0.82" CC="7000"/>
						<SP ID="P80_SP00131" HPOS="683" VPOS="1374" WIDTH="17"/>
						<String ID="P80_ST00160" HPOS="700" VPOS="1335" WIDTH="75" HEIGHT="33" CONTENT="with" WC="0.83" CC="0006"/>
						<SP ID="P80_SP00132" HPOS="775" VPOS="1374" WIDTH="17"/>
						<String ID="P80_ST00161" HPOS="792" VPOS="1336" WIDTH="56" HEIGHT="32" CONTENT="her" WC="0.52" CC="706"/>
						<SP ID="P80_SP00133" HPOS="848" VPOS="1374" WIDTH="16"/>
						<String ID="P80_ST00162" HPOS="864" VPOS="1337" WIDTH="133" HEIGHT="33" CONTENT="visitant." WC="0.79" CC="101600520"/>
					</TextLine>
				</TextBlock>
				<TextBlock ID="P80_TB00006" HPOS="169" VPOS="1393" WIDTH="835" HEIGHT="160" STYLEREFS="TXT_1 PAR_LEFT">
					<TextLine ID="P80_TL00023" HPOS="213" VPOS="1394" WIDTH="790" HEIGHT="38">
						<String ID="P80_ST00163" HPOS="213" VPOS="1394" WIDTH="143" HEIGHT="32" CONTENT="Madame" WC="0.59" CC="046066"/>
						<SP ID="P80_SP00134" HPOS="356" VPOS="1426" WIDTH="36"/>
						<String ID="P80_ST00164" HPOS="392" VPOS="1394" WIDTH="208" HEIGHT="33" CONTENT="Beaudouin's" WC="0.62" CC="64670060703"/>
						<SP ID="P80_SP00135" HPOS="600" VPOS="1427" WIDTH="41"/>
						<String ID="P80_ST00165" HPOS="641" VPOS="1407" WIDTH="64" HEIGHT="21" CONTENT="was" WC="0.87" CC="003"/>
						<SP ID="P80_SP00136" HPOS="705" VPOS="1428" WIDTH="41"/>
						<String ID="P80_ST00166" HPOS="746" VPOS="1409" WIDTH="57" HEIGHT="20" CONTENT="one" WC="0.54" CC="570"/>
						<SP ID="P80_SP00137" HPOS="803" VPOS="1429" WIDTH="37"/>
						<String ID="P80_ST00167" HPOS="840" VPOS="1398" WIDTH="35" HEIGHT="31" CONTENT="of" WC="0.93" CC="01"/>
						<SP ID="P80_SP00138" HPOS="875" VPOS="1429" WIDTH="33"/>
						<String ID="P80_ST00168" HPOS="908" VPOS="1398" WIDTH="95" HEIGHT="34" CONTENT="those" WC="0.59" CC="17037"/>
					</TextLine>
					<TextLine ID="P80_TL00024" HPOS="171" VPOS="1455" WIDTH="829" HEIGHT="47">
						<String ID="P80_ST00169" HPOS="171" VPOS="1455" WIDTH="137" HEIGHT="41" CONTENT="straight," WC="0.71" CC="701007601"/>
						<SP ID="P80_SP00139" HPOS="308" VPOS="1496" WIDTH="18"/>
						<String ID="P80_ST00170" HPOS="326" VPOS="1455" WIDTH="106" HEIGHT="42" CONTENT="simple" WC="0.71" CC="550060"/>
						<SP ID="P80_SP00140" HPOS="432" VPOS="1497" WIDTH="25"/>
						<String ID="P80_ST00171" HPOS="457" VPOS="1461" WIDTH="125" HEIGHT="27" CONTENT="natures" WC="0.54" CC="6627602"/>
						<SP ID="P80_SP00141" HPOS="582" VPOS="1497" WIDTH="16"/>
						<String ID="P80_ST00172" HPOS="598" VPOS="1456" WIDTH="68" HEIGHT="33" CONTENT="that" WC="0.81" CC="0700"/>
						<SP ID="P80_SP00142" HPOS="666" VPOS="1497" WIDTH="21"/>
						<String ID="P80_ST00173" HPOS="687" VPOS="1470" WIDTH="53" HEIGHT="20" CONTENT="are" WC="0.81" CC="050"/>
						<SP ID="P80_SP00143" HPOS="740" VPOS="1497" WIDTH="16"/>
						<String ID="P80_ST00174" HPOS="756" VPOS="1459" WIDTH="177" HEIGHT="42" CONTENT="completed" WC="0.94" CC="000000500"/>
						<SP ID="P80_SP00144" HPOS="933" VPOS="1501" WIDTH="25"/>
						<String ID="P80_ST00175" HPOS="958" VPOS="1460" WIDTH="42" HEIGHT="42" CONTENT="by" WC="1.00" CC="00"/>
					</TextLine>
					<TextLine ID="P80_TL00025" HPOS="169" VPOS="1517" WIDTH="835" HEIGHT="36">
						<String ID="P80_ST00176" HPOS="169" VPOS="1528" WIDTH="123" HEIGHT="21" CONTENT="sorrow." WC="0.65" CC="7265200"/>
						<SP ID="P80_SP00145" HPOS="292" VPOS="1549" WIDTH="53"/>
						<String ID="P80_ST00177" HPOS="345" VPOS="1517" WIDTH="66" HEIGHT="32" CONTENT="Her" WC="0.68" CC="305"/>
						<SP ID="P80_SP00146" HPOS="411" VPOS="1549" WIDTH="31"/>
						<String ID="P80_ST00178" HPOS="442" VPOS="1517" WIDTH="99" HEIGHT="33" CONTENT="whole" WC="0.68" CC="07160"/>
						<SP ID="P80_SP00147" HPOS="541" VPOS="1550" WIDTH="26"/>
						<String ID="P80_ST00179" HPOS="567" VPOS="1518" WIDTH="50" HEIGHT="32" CONTENT="life" WC="0.95" CC="0100"/>
						<SP ID="P80_SP00148" HPOS="617" VPOS="1550" WIDTH="31"/>
						<String ID="P80_ST00180" HPOS="648" VPOS="1519" WIDTH="61" HEIGHT="32" CONTENT="had" WC="0.75" CC="700"/>
						<SP ID="P80_SP00149" HPOS="709" VPOS="1551" WIDTH="31"/>
						<String ID="P80_ST00181" HPOS="740" VPOS="1521" WIDTH="78" HEIGHT="31" CONTENT="been" WC="0.67" CC="6006"/>
						<SP ID="P80_SP00150" HPOS="818" VPOS="1552" WIDTH="33"/>
						<String ID="P80_ST00182" HPOS="851" VPOS="1521" WIDTH="84" HEIGHT="32" CONTENT="lived" WC="0.75" CC="65000"/>
						<SP ID="P80_SP00151" HPOS="935" VPOS="1553" WIDTH="32"/>
						<String ID="P80_ST00183" HPOS="967" VPOS="1534" WIDTH="37" HEIGHT="19" CONTENT="so" WC="0.42" CC="37"/>
					</TextLine>
				</TextBlock>
			</PrintSpace>
		</Page>
	</Layout>
</alto>
