1079 1710
141 79 33 26 20

375 82 82 22 LOVE
480 81 64 22 THE
567 79 161 23 AVENGER.

217 162 35 31 In
278 160 82 32 what
386 159 74 32 used
484 163 32 27 to
543 158 38 32 be
602 168 79 31 your
705 154 116 41 atelier,
839 152 122 44 beyond

140 223 52 34 the
207 228 86 37 great
308 222 213 41 dining-room,
538 219 102 32 where
656 229 40 22 no
713 229 57 21 one
787 228 74 21 ever
875 227 86 31 goes,

140 284 45 33 for
322 283 61 32 and
413 281 142 32 Madame
594 279 180 33 Beaudouin
810 276 151 34 hesitated

140 357 83 21 more
240 345 60 32 and
315 356 83 20 more
412 357 7 27 ;
533 341 39 32 he
589 340 114 33 desires
724 345 32 27 to
773 339 96 44 speak
885 339 76 32 with

140 418 60 31 you
376 405 60 32 She
457 403 119 33 uttered
596 403 52 32 the
664 401 185 43 concluding
861 400 100 33 words

139 468 31 30 in
186 480 18 18 a
219 468 58 30 Ioav
293 472 80 26 tone.

265 528 24 32 is
311 528 63 32 also
399 539 52 31 my
612 526 65 32 said
709 525 110 41 Claire,
845 536 35 20 as
906 523 54 32 she

140 589 110 43 passed
267 589 137 32 onwards
422 588 132 33 towards
577 588 51 32 the
645 588 83 32 door.
776 586 111 33 Before
905 586 54 32 she

140 651 61 31 had
217 651 81 41 quite
314 650 130 32 reached
459 650 32 41 it,

292 712 96 32 child!
412 723 53 30 my
690 709 179 33 murmured
893 709 67 32 Ma-

141 774 87 31 dame
250 773 186 40 Beaudouin,
462 772 148 42 suddenly
627 771 148 42 straining
796 770 55 33 her
871 771 88 32 niece

140 835 31 30 in
197 846 19 20 a
239 834 81 32 close
347 834 149 41 embrace,
525 834 58 30 and
608 833 112 42 gazing
747 837 32 27 at
801 832 56 32 her
882 832 75 32 with

141 907 71 28 eyes
227 895 194 40 overfloAving
437 894 73 31 Avith
526 899 89 27 tears.

216 956 51 31 All
294 956 25 31 is
345 967 33 20 as
405 956 23 31 it
455 955 109 32 should
589 955 48 41 be,
663 959 84 36 aunt,
913 967 47 20 re-

143 1016 135 42 sponded
294 1016 109 40 Claire,
417 1016 104 41 gently
535 1016 201 41 disengaging
752 1015 117 33 herself
880 1017 78 31 from

142 1079 141 30 Madame
301 1078 203 32 Beaudouin's
520 1090 90 28 arms,
628 1078 60 31 and
714 1078 139 42 printing
875 1090 85 31 upon

142 1138 54 32 her
211 1138 141 32 forehead
368 1150 18 20 a
405 1138 116 41 tender,
537 1138 105 41 loving
656 1138 72 32 kiss.
880 1140 80 33 have

142 1200 78 32 their
235 1200 85 31 trials
336 1200 59 31 and
410 1205 83 27 must
516 1200 73 31 bear
604 1200 94 40 them,
715 1200 57 32 but
787 1201 15 31 I
819 1212 50 20 am
885 1212 75 32 very

184 1322 66 33 The
262 1322 84 33 voice
362 1322 67 33 that
444 1323 94 42 spoke
554 1323 86 32 these
655 1322 101 33 words
771 1334 64 21 was
851 1322 108 43 steady

142 1383 74 33 Avith
239 1383 51 33 the
317 1383 114 43 weight
453 1384 34 32 of
504 1384 52 32 the
577 1384 85 32 truth
681 1384 22 32 it
725 1384 83 41 bore,
826 1385 61 31 and
906 1384 53 32 the

142 1444 97 33 Avhole
257 1450 104 37 aspect
381 1445 33 32 of
435 1445 51 32 the
509 1446 128 42 speaker
652 1456 63 22 was
731 1458 58 21 one
814 1446 35 33 of
869 1447 90 41 calm,

143 1511 100 37 sweet,
261 1507 132 42 serenity
407 1521 6 28 ;
438 1507 55 33 but
510 1508 38 32 oh
560 1509 6 32 !
593 1521 32 19 so
642 1521 102 28 grave.
