1079 1710
138 81 32 25 50

371 85 83 21 LOVE
477 83 64 22 THE
565 80 161 23 AVENGER.

179 164 61 33 She
260 162 176 44 expatiated
452 172 39 20 on
507 159 54 32 the
577 156 197 34 vicissitudes
791 154 35 33 of
845 153 61 40 life,
924 164 40 20 on

133 225 51 33 the
212 225 162 42 hardships
399 224 34 32 of
453 234 128 28 women,
611 232 39 20 on
677 219 53 32 the
758 216 207 43 helplessness

132 287 100 32 which
258 287 61 31 had
343 285 89 32 made
460 285 55 31 her
537 283 123 32 mother
684 291 104 31 marry
809 291 19 20 a
852 275 114 35 second

135 349 82 40 time,
235 348 61 32 and
311 359 103 30 marry
428 346 133 33 beneath
577 345 56 32 her
647 357 6 28 ;
677 342 61 33 and
760 341 53 32 the
837 343 129 30 amount

135 410 34 31 of
188 410 55 31 her
258 408 183 43 indulgence
456 407 132 33 towards
611 406 56 31 her
690 402 167 33 half-sister
873 401 93 32 kneAV

136 483 40 19 no
203 470 128 32 bounds.
379 469 62 33 She
465 480 63 20 was
554 467 41 33 all
620 478 105 30 mercy
749 464 61 33 and
833 462 131 42 charity,

136 532 61 31 and
221 535 53 27 not
298 530 157 42 cantingly
472 541 42 20 so.
561 529 30 32 It
609 539 64 21 Avas
696 528 56 31 her
774 524 193 34 moderation

137 591 60 32 and
217 592 249 31 reasonableness
487 591 68 31 that
577 590 54 32 left
656 589 100 33 Henri
780 588 129 42 Dupont
933 597 34 20 so

139 658 32 26 at
188 664 17 21 a
221 653 60 32 loss
296 657 32 28 to
345 653 64 31 find
425 653 76 31 fault
517 652 75 31 with
607 652 63 31 her.
719 650 51 32 He
787 648 91 34 could
894 648 73 41 only

140 714 101 32 folloAv
267 715 55 31 her
344 714 78 40 lead,
451 714 60 31 and
542 725 85 20 seem
658 717 32 27 to
718 711 73 32 take
823 722 19 21 a
871 710 96 41 lively

143 776 126 32 interest
284 776 32 32 in
339 776 146 31 Madame
509 774 172 42 Theophile
697 773 188 31 Mardonnet
902 771 64 43 (nee

143 837 158 39 Leblond),
335 837 60 31 and
432 836 41 32 all
504 840 33 28 at
568 847 77 20 once
676 847 19 20 a
721 835 59 32 few
811 833 101 32 words
937 832 34 32 of

141 897 157 41 Aspasie's
324 908 80 30 gave
428 897 65 31 him
518 909 38 19 an
584 897 126 31 interest
735 896 31 31 in
792 895 63 32 this
885 895 81 42 lady.

144 957 60 32 She
229 957 60 32 had
314 957 120 32 alluded
464 962 32 27 to
527 957 55 32 her
607 958 83 41 early
714 956 182 33 fascination
920 956 48 32 for

144 1018 42 32 M.
206 1018 35 31 de
259 1018 192 40 Beauvoisin,
470 1018 61 32 and
554 1018 99 32 Henri
676 1018 95 32 asked
786 1018 57 32 her
863 1018 104 32 rather

143 1080 123 41 eagerly
281 1080 138 32 whether
443 1080 53 32 she
511 1091 65 21 was
600 1091 69 21 sure
693 1080 74 42 they
788 1080 62 32 had
872 1091 97 22 never

144 1146 63 26 met
223 1141 82 31 since
321 1141 209 31 Mardonnet's
546 1147 113 25 return.

186 1202 131 43 Aspasie
340 1202 108 33 smiled
460 1216 6 19 :
522 1204 57 41 My
595 1203 73 32 dear
684 1204 104 32 Count

146 1263 53 32 she
223 1263 73 40 said,
345 1276 61 30 you
428 1276 71 31 may
515 1264 88 32 think
620 1276 33 20 as
669 1265 93 42 lowly
778 1277 34 20 as
827 1277 62 30 you
911 1266 61 32 like

150 1324 34 32 of
211 1324 107 42 people
344 1324 33 32 of
403 1325 83 31 Avhat
511 1337 61 30 you
603 1326 58 31 call
689 1328 7 13 '
709 1338 55 20 our
789 1327 99 41 class,'
918 1328 56 31 but

150 1384 86 33 there
263 1396 51 21 are
341 1397 84 20 some
453 1386 128 42 feelings
604 1386 102 32 which
731 1399 52 20 are
809 1388 54 32 the
890 1401 86 19 same

154 1446 30 31 in
222 1446 48 41 all,
302 1446 60 32 and
393 1447 15 31 I
439 1446 38 32 do
507 1451 56 27 not
601 1447 92 42 fancy
723 1449 68 32 that
830 1450 147 33 Madame

156 1507 186 33 Mardonnet
358 1519 32 21 or
404 1507 56 33 her
475 1508 140 33 husband
631 1510 102 32 would
758 1510 61 33 like
843 1516 31 27 to
898 1517 83 26 meet
