1079 1710
151 91 53 24 246

382 95 84 20 LOVE
490 93 63 21 THE
576 90 161 23 AVENGER.

153 185 75 32 your
367 170 166 43 suggested
554 168 142 44 Aspasie,
722 167 74 31 with
821 177 19 19 a
862 164 121 32 curious

153 236 94 32 smile.
326 234 30 31 It
372 232 101 32 Avould
494 232 38 31 be
556 243 18 19 a
599 230 67 43 pity
683 234 33 27 to
739 228 96 32 make
860 226 47 31 for
931 224 52 33 the

154 296 113 33 second
303 295 74 32 time
415 295 53 31 the
506 292 131 33 mistake
672 302 62 31 you
777 289 92 32 made
909 298 74 21 once

198 421 43 31 M.
260 420 37 31 de
314 418 186 33 Beauvoisin
521 417 84 32 drew
625 428 19 20 a
661 416 56 42 slip
740 415 34 32 of
793 426 96 31 paper
905 413 79 32 from

154 482 53 32 the
223 482 146 41 envelope
392 481 38 31 he
454 480 70 31 held
548 479 31 31 in
602 479 48 31 his
673 478 93 40 hand,
784 476 113 33 looked
913 480 32 27 at
961 475 24 32 it

154 544 46 32 for
215 555 19 20 a
257 543 111 32 second
385 554 33 20 or
440 547 62 27 two
527 540 239 42 scrutinizingly,
784 539 60 32 and
869 543 52 38 yet
947 549 34 20 as

158 604 73 32 with
262 615 18 20 a
309 604 114 40 feeling
450 603 34 31 of
509 613 205 31 repugnance,
744 600 60 32 and
829 600 75 32 then
931 599 54 32 ad-

158 666 130 42 vancing
306 665 133 33 towards
462 665 52 32 the
537 665 54 31 fire
615 664 151 42 prepared
788 668 32 27 to
844 666 67 28 cast
931 662 54 31 the

158 727 56 42 slip
230 727 33 32 of
274 738 94 31 paper
392 726 65 32 into
479 726 31 32 it.
557 726 45 31 At
619 726 71 31 that
710 729 139 27 moment
875 736 18 20 a
910 724 75 31 door

158 788 116 42 opened
288 801 7 27 ;
346 787 89 41 quick
468 798 33 20 as
524 787 158 41 lightning
718 786 85 31 Mile.
839 785 146 41 Mourjon

157 851 111 41 passed
283 851 138 31 be.Aveen
437 850 64 31 him
523 849 61 32 and
605 849 53 31 the
675 849 63 40 fire,
758 848 146 42 covering
920 847 65 32 him

157 913 73 31 Avith
253 913 52 31 the
328 912 76 32 folds
428 911 34 32 of
479 912 55 31 her
559 911 58 31 silk
641 911 85 31 dress
750 911 61 31 and
835 909 150 42 whisper-

158 986 106 29 ing,—

234 1037 86 30 Your
335 1036 88 31 uncle
435 1037 6 30 !
459 1036 71 31 take
547 1046 70 21 care
631 1036 6 31 !
655 1035 78 32 burn
754 1035 23 32 it
793 1040 33 27 at
841 1035 90 32 home
946 1035 6 32 !

203 1097 116 32 Olivier
342 1097 61 32 had
425 1097 114 32 hidden
563 1097 52 32 the
639 1097 58 42 slip
715 1097 34 32 of
771 1109 95 31 paper
885 1097 30 31 in
933 1096 53 33 the

159 1160 100 30 breast
291 1159 109 42 pocket
430 1159 33 31 of
496 1158 47 32 his
578 1163 77 36 coat,
687 1158 103 32 before
817 1158 48 32 his
898 1159 90 31 uncle

159 1219 60 31 had
249 1219 61 31 had
335 1219 74 31 time
438 1224 31 26 to
495 1220 139 41 perceive
666 1220 160 41 anything,
860 1220 61 32 and
953 1232 35 20 as

160 1284 104 37 guests
289 1280 100 42 began
412 1285 33 26 to
473 1281 100 31 arrive
595 1285 31 27 at
654 1281 53 31 the
738 1293 85 20 same
846 1282 74 31 time
946 1281 40 33 he

161 1341 60 31 had
236 1341 110 31 leisure
363 1345 32 27 to
411 1353 126 20 recover
552 1342 48 31 his
617 1343 255 40 self-possession.

201 1402 62 31 But
281 1401 244 43 self-possession
541 1415 63 20 was
627 1404 134 42 perhaps
783 1409 56 27 not
864 1405 119 42 strictly

163 1463 81 31 Avhat
272 1462 113 32 Olivier
419 1463 37 31 de
495 1463 186 32 Beauvoisin
716 1465 166 31 recovered
919 1465 69 32 that

163 1524 95 40 night.
304 1523 49 31 He
381 1523 96 31 drank
501 1536 85 20 more
613 1525 75 31 than
710 1526 97 38 usual,
838 1526 60 31 and
924 1538 64 21 was
