1079 1710
886 91 50 24 151

403 95 63 20 THE
490 96 162 19 PROPOSAL.

120 180 65 20 Avas
200 170 103 41 neatly
318 171 107 41 placed
445 183 82 31 upon
548 184 18 19 a
586 172 89 40 table,
693 173 60 31 and
768 173 168 31 Mademoi-

121 230 73 31 selle
211 231 37 32 de
264 231 220 43 Mourjonville,
502 233 74 32 with
595 246 18 19 a
634 234 119 31 modest
773 234 163 41 respectful

121 292 51 40 air,
190 293 97 32 asked
302 294 147 41 whether,
471 295 26 31 if
514 295 53 32 she
583 308 78 19 were
676 300 52 27 not
742 296 193 41 particularly

121 354 130 40 wanted,
274 354 52 32 she
347 356 98 41 might
468 357 125 41 petition
615 357 44 31 for
683 369 38 19 an
742 357 102 31 hour's
861 357 75 31 free-

121 413 71 32 dom
217 419 31 27 to
273 426 120 20 answer
417 428 18 19 a
459 417 104 31 rather
587 417 139 41 pressing
748 418 89 30 letter
859 417 77 30 from

121 475 99 32 home.
269 477 149 31 Claudine
441 478 110 31 looked
571 490 32 19 as
623 479 118 40 though
764 479 52 30 she
837 479 99 30 would

119 537 103 31 rather
247 538 54 31 she
327 538 60 31 had
411 539 162 39 remained,
599 540 55 30 but
681 540 51 30 the
758 540 176 40 permission

119 609 64 19 was
213 599 131 40 granted
373 599 41 40 by
444 600 41 30 M.
515 600 36 30 de
582 600 162 40 Moranges
777 600 76 31 with
882 599 52 31 the

120 658 143 32 blandest
284 660 214 40 promptitude,
516 661 69 39 and,
603 672 33 19 as
653 661 52 30 she
726 660 111 31 retired
858 660 75 30 from

119 720 53 31 the
204 721 120 40 library,
353 721 108 41 letting
488 733 38 19 an
557 733 114 21 unseen
702 722 107 40 glance
839 721 96 41 linger

120 794 73 19 over
208 783 54 30 the
278 783 67 40 pair
361 783 53 31 she
430 783 53 31 left
498 783 120 39 behind,
639 783 53 32 she
713 783 88 31 knew
818 794 32 20 as
866 783 67 30 well

118 855 83 29 upon
217 843 84 31 what
323 844 110 30 errand
448 844 51 31 the
522 844 137 41 Marquis
675 844 60 31 had
750 855 84 20 come
858 855 33 19 as
914 843 22 31 if

118 904 38 31 he
180 904 61 31 had
264 904 149 41 imparted
435 910 32 26 to
490 905 55 31 her
570 905 40 31 all
632 905 51 31 the
707 905 107 31 details
838 904 33 31 of
888 904 46 30 his

118 965 81 39 plan.

162 1026 148 31 Claudine
321 1037 64 20 was
398 1026 217 40 embarrassed,
626 1026 62 32 and
701 1026 110 31 settled
823 1026 114 31 herself

117 1087 128 42 upright
260 1099 82 30 upon
359 1087 54 32 her
428 1087 91 40 chair,
538 1098 33 21 as
584 1087 53 32 she
654 1087 163 32 conceived
832 1087 24 31 it
871 1098 63 20 was

117 1148 52 32 the
185 1148 133 42 practice
335 1148 35 32 of
380 1148 60 32 fine
456 1148 95 32 ladies
567 1153 32 27 to
616 1148 48 40 do,
683 1148 54 32 but
753 1147 53 32 she
823 1147 50 32 did
883 1153 51 25 not

116 1209 91 32 know
229 1209 69 32 how
321 1214 30 27 to
375 1209 72 32 hold
470 1209 54 31 her
547 1208 106 39 hands,
671 1208 60 32 and
755 1208 111 41 sought
888 1208 45 31 for

113 1269 53 33 the
190 1270 106 41 gloves
325 1269 99 33 which
450 1270 54 32 she
525 1270 133 41 thought
678 1270 24 31 it
728 1269 100 32 would
854 1269 77 31 have

114 1331 78 32 been
223 1343 110 30 proper
356 1336 32 27 to
413 1331 77 32 have
516 1342 47 21 on.
609 1330 140 41 Nothing
775 1330 61 32 had
862 1341 71 20 ever

113 1393 77 31 been
214 1393 69 31 able
309 1398 32 26 to
369 1405 70 19 cure
463 1393 53 31 her
544 1392 33 32 of
598 1392 55 32 her
668 1393 103 30 innate
796 1391 91 32 dread
903 1391 33 30 of

113 1454 52 32 the
181 1455 146 40 Marquis,
345 1454 77 41 who,
435 1466 39 19 on
489 1454 47 31 his
553 1454 72 39 side,
641 1458 45 26 sat
702 1452 165 41 surveying
879 1451 53 32 her

113 1516 73 31 with
212 1516 68 31 that
304 1516 107 31 tender
437 1515 159 40 benignity
621 1514 100 31 which
749 1525 73 29 very
849 1512 84 32 vain-
