1079 1710
216 89 142 22 LIGHTLY
381 91 129 28 LOVING,
534 91 141 22 LIGHTLY
699 92 79 21 LOST.

871 86 34 25 69

87 165 250 42 drawing-room,
355 167 126 42 prettily
496 167 161 40 furnished,
674 167 56 31 but
745 166 100 32 where
866 179 39 19 no

88 238 58 21 one
174 227 96 42 single
301 228 100 42 object
427 240 63 20 was
525 229 188 31 remarkable
749 228 45 31 for
826 228 80 42 good

88 292 90 37 taste,
205 290 60 30 and
290 290 30 30 in
347 290 100 31 which
479 290 23 31 it
533 290 129 40 seemed,
699 295 30 26 to
765 289 141 31 Madame

90 349 188 41 Beaudouin,
295 350 67 31 that
376 350 87 32 there
479 362 79 20 were
574 356 97 26 traces
688 350 34 31 of
733 350 175 42 impending

91 411 171 41 departure.
308 411 66 32 The
397 412 224 31 flower-stands
637 423 79 20 were
733 416 104 36 empty
848 425 7 27 ;
878 411 30 30 in

91 472 52 31 the
181 472 167 31 bookcases
376 473 72 40 only
471 472 72 31 here
570 472 60 31 and
656 472 84 31 there
774 484 18 19 a
827 477 81 36 stray

93 532 121 31 volume
229 544 63 19 was
317 532 54 31 left
397 544 39 19 on
452 531 51 32 the
525 531 128 40 shelves,
671 531 59 32 and
756 532 32 31 in
803 543 57 20 one
877 544 31 21 or

93 599 61 26 two
171 594 101 42 places
289 605 38 19 on
339 593 53 31 the
402 593 85 31 walls
503 605 19 19 a
536 593 62 31 nail
616 593 86 31 stood
719 599 52 25 out
785 593 122 40 forlorn,

93 654 61 31 and
170 666 18 19 a
212 654 108 31 darker
341 653 92 42 patch
450 653 34 31 of
502 653 105 31 colour
623 653 122 31 showed
768 653 100 31 where
891 664 17 20 a

93 715 118 40 picture
227 713 60 32 had
303 713 92 41 hung.

477 773 134 42 thought
642 774 142 32 Madame
811 774 99 31 Beau-

91 836 102 40 douin,
250 835 53 31 she
339 835 149 42 probably
522 835 88 42 longs
636 840 32 26 to
700 846 106 31 escape
833 834 77 32 from

91 898 191 31 whatsoever
298 896 109 31 recalls
430 896 46 31 his
491 908 146 30 memory,
655 896 61 31 and
739 896 89 31 bears
844 896 66 31 wit-

91 970 72 20 ness
177 962 33 27 to
226 957 52 32 the
294 957 92 31 hours
403 961 91 36 spent
508 957 156 40 together!

134 1019 30 30 A
181 1018 73 31 door
270 1017 133 42 opening
425 1017 112 32 behind
553 1017 54 32 her
631 1029 79 30 gave
725 1028 130 31 passage
877 1021 33 28 to

89 1091 21 20 a
135 1090 113 30 young,
265 1078 176 40 handsome,
460 1078 154 42 elegantly
641 1077 123 32 dressed
779 1089 129 28 woman,

90 1141 56 30 but
171 1150 83 31 upon
270 1138 103 32 whose
401 1143 207 27 countenance
636 1142 48 27 sat
709 1149 39 20 no
775 1142 82 27 trace
880 1137 33 32 of

90 1202 114 40 misery
220 1199 191 32 unbearable.
460 1199 61 32 She
536 1210 64 21 was
615 1203 53 28 not
691 1198 31 32 in
737 1198 171 42 mourning,

91 1263 101 31 which
218 1262 60 31 fact
294 1261 130 42 escaped
449 1261 55 31 her
519 1261 132 31 visitor's
667 1260 98 32 notice
789 1264 32 28 at
835 1260 74 32 first.

91 1324 66 32 The
172 1323 126 41 bearing
314 1322 33 32 of
358 1323 53 31 the
426 1327 62 27 two
501 1334 63 19 was
580 1321 167 42 singularly
757 1321 137 31 different
903 1334 7 18 :

91 1385 101 32 whilst
218 1385 31 31 in
265 1384 139 32 Berthe's
419 1395 127 19 manner
569 1382 86 32 there
671 1393 63 20 was
750 1381 51 32 the
817 1381 94 43 polite

90 1458 121 21 reserve
235 1446 74 31 with
332 1445 101 32 which
463 1456 57 20 one
552 1455 82 20 mere
657 1454 120 20 woman
800 1441 33 33 of
860 1441 51 32 the

90 1508 95 32 world
209 1512 97 28 meets
328 1507 128 32 another
478 1506 69 31 who
563 1506 26 31 is
612 1517 19 20 a
646 1509 138 35 stranger
799 1508 31 27 to
846 1503 64 40 her,
