1079 1710
351 85 64 20 THE
439 85 114 20 SILVER
576 85 116 20 MEDAL.

896 81 35 24 89

111 158 62 32 into
198 166 139 35 account,
362 161 105 32 unless
491 162 162 31 wholesale
677 162 60 31 and
761 174 32 20 as
810 174 17 20 a
843 162 86 40 class,

111 220 55 38 i.e.,
183 232 40 20 an
240 221 195 33 abstraction.

156 282 62 32 But
233 282 88 33 Aunt
337 284 203 41 Clementine,
558 285 69 31 who
643 296 63 20 was
726 284 103 42 purity
844 284 86 40 itself,

112 342 61 32 had
199 343 74 41 said,
448 345 166 41 friendless,
641 346 61 31 and

113 403 60 32 and
198 404 23 32 it
245 416 64 20 was
334 406 115 31 certain
473 406 68 32 that
565 407 111 31 Berthe
701 407 36 31 de
763 406 168 38 Mottefort,

114 465 69 32 who
199 478 64 19 was
279 467 96 41 going
397 468 78 31 back
498 473 32 26 to
553 467 55 32 her
623 468 148 40 husband,
790 468 60 31 and
865 467 69 31 who

114 525 102 31 would
233 537 57 20 one
308 526 67 42 day,
392 526 75 32 with
483 526 72 40 him,
573 526 37 32 be
634 526 90 42 again
740 526 138 32 received
894 526 40 41 by

114 584 52 32 the
190 585 106 41 world,
314 586 61 32 had
397 598 95 20 never
514 587 79 31 been
616 586 168 40 friendless,
802 598 64 20 was
881 591 53 27 not

114 657 85 30 poor,
225 646 60 32 and
309 647 61 32 had
401 647 77 32 been
509 648 201 42 exceedingly
730 647 203 42 well-taught.

115 707 106 41 Ought
249 707 53 32 she
325 712 54 27 not
403 708 74 32 then
501 713 32 27 to
558 708 79 32 have
664 708 86 40 been,
779 708 95 32 under
896 719 38 20 no

115 773 112 26 matter
250 768 71 32 how
343 768 76 32 hard
442 780 18 20 a
482 769 80 40 trial,
579 768 53 32 the
656 768 122 32 evident
801 768 133 42 superior

114 828 35 32 of
159 828 51 32 the
226 829 162 31 miserable
409 830 147 30 Traviata
570 833 11 27 !

316 890 167 40 friendless,
516 890 60 32 and
868 890 66 32 Still

114 951 88 32 those
226 952 100 31 words
348 964 79 29 rang
451 952 31 31 in
508 951 55 32 her
590 963 74 27 ears,
694 951 59 32 and
777 950 157 43 gradually

114 1012 144 32 assumed
274 1024 19 20 a
308 1013 145 40 practical
470 1024 96 20 sense.

365 1074 90 40 Well,
473 1074 56 30 but
553 1073 99 32 Claire
677 1073 92 31 knew
792 1073 33 31 of
844 1085 91 30 many

116 1136 139 41 starving
278 1140 163 35 creatures,
459 1135 79 40 who,
555 1139 33 27 to
611 1134 79 32 their
712 1134 118 32 honour
853 1134 38 31 be
908 1134 22 32 it

116 1197 125 42 spoken,
259 1208 79 21 were
354 1196 138 32 virtuous
508 1196 61 31 and
592 1196 88 41 good,
699 1196 60 31 and
774 1196 72 31 bore
862 1196 73 31 with

116 1258 188 41 resignation
329 1270 38 19 an
398 1258 178 32 intolerable
607 1258 51 31 lot.
707 1257 95 41 Then,
835 1257 99 41 again,

403 1316 133 42 Nobody
559 1328 64 19 was
655 1316 82 42 quite
768 1316 167 33 friendless,

116 1380 87 31 there
220 1391 63 20 was
299 1379 116 41 always
428 1390 83 20 some
524 1390 56 19 one
593 1378 69 31 who
673 1377 90 32 cared
775 1377 48 31 for
838 1377 95 32 them.

114 1441 72 33 And
499 1439 92 41 Why,
623 1439 67 31 that
720 1450 64 20 was
814 1442 53 27 not
898 1450 37 19 an

114 1514 120 27 excuse,
252 1502 46 32 for
321 1501 138 40 learning
475 1512 62 20 was
560 1504 53 27 not
637 1499 140 42 required
797 1503 32 28 to
846 1498 89 32 make
