1079 1710
859 97 52 25 271

337 102 122 20 BEFORE
482 103 66 19 AND
571 102 111 20 AFTER.

88 177 111 41 watch,
223 178 62 31 and
304 178 94 42 rings,
421 178 61 32 and
501 178 85 42 keys,
608 178 54 31 &c.
709 177 51 32 He
779 188 63 21 saw
857 176 52 33 the

89 238 109 42 medal,
222 240 182 41 recognised
426 240 33 40 it,
483 239 61 32 and
566 239 216 42 involuntarily
801 239 109 31 looked

89 304 33 27 at
139 300 109 33 Claire.
296 301 61 32 She
373 301 158 32 answered
545 301 47 31 his
611 301 79 41 look,
707 301 61 31 and
783 301 38 31 he
836 301 74 32 then

90 362 210 32 remembered
315 362 114 41 having
444 362 65 32 told
525 362 54 31 her
595 362 34 31 of
640 362 61 32 this
718 374 83 20 same
818 362 92 32 silver

92 422 110 31 medal.

173 482 84 32 Shall
284 481 15 32 I
326 483 78 41 keep
531 483 53 31 she
614 483 103 40 asked,
746 483 30 31 in
807 495 18 20 a
851 483 58 32 low

92 544 134 41 whisper
238 557 5 27 ;
346 544 62 30 will
424 556 60 29 you
500 544 70 41 give
586 544 24 31 it
626 545 79 30 back
717 546 13 30 ?

167 606 16 30 I
208 605 60 31 will
291 605 89 31 think
403 605 23 31 it
584 605 38 31 he
648 605 124 41 replied,
800 605 31 31 in
858 605 52 32 the

92 677 85 20 same
197 670 71 27 tone
292 666 60 30 and
370 666 74 31 Avith
467 678 19 19 a
508 666 157 31 disturbed
685 666 44 31 air
740 679 6 27 ;
800 667 45 31 for
860 667 51 31 the

91 731 145 33 moment,
253 727 77 40 keep

135 788 74 31 And
232 788 37 31 he
287 792 81 27 went
384 800 39 19 on
439 788 121 41 putting
575 788 31 30 in
623 788 88 31 order
726 788 83 32 what
824 788 38 32 he
879 800 32 20 or

93 849 108 30 Victor
217 848 75 31 took
308 848 78 31 from
401 848 52 31 the
470 848 78 31 dead
563 849 98 30 man's
678 848 124 31 clothes.

136 911 37 30 In
188 910 53 32 the
258 910 229 41 breast-pocket
503 909 33 31 of
547 909 52 31 the
616 914 77 35 coat,
714 910 42 31 M.
774 910 37 31 de
832 910 79 32 Lan-

93 982 73 21 cour
182 971 95 31 found
293 982 18 20 a
327 971 58 39 slip
402 971 33 31 of
447 982 103 28 paper,
569 970 61 31 and
646 970 157 40 unfolding
818 971 23 31 it
853 984 5 18 :

168 1032 30 31 A
214 1032 53 31 bill
284 1032 34 31 of
330 1032 156 40 exchange
501 1044 7 27 ;
562 1031 38 31 he
617 1031 156 41 observed,
790 1032 122 40 coming

93 1094 81 32 close
190 1098 32 27 to
240 1093 97 31 Henri
354 1093 135 40 Dupont,
508 1093 59 30 and
583 1093 30 30 in
629 1092 51 32 the
696 1093 65 31 first
776 1098 135 26 moment

91 1153 170 43 forgetting
277 1153 40 32 all
332 1153 225 39 technicalities,
654 1153 86 32 there
762 1153 148 42 anything

91 1216 70 31 that
177 1214 110 33 should
302 1214 37 32 be
355 1214 72 40 paid
442 1220 33 25 at
490 1225 75 20 once
578 1215 13 31 ?
643 1214 38 31 he
697 1214 108 33 added.

289 1275 66 32 said
370 1275 108 39 Henri,
531 1275 22 31 it
569 1275 25 31 is
609 1275 79 41 paid,
707 1287 33 20 or
755 1275 38 32 he
811 1275 99 32 would

91 1342 55 28 not
161 1337 79 32 have
257 1337 23 32 it
295 1336 31 31 in
343 1336 47 32 his

167 1398 87 32 More
282 1397 75 33 than
504 1396 131 43 rejoined
662 1397 116 41 Victor,
886 1397 24 32 is

91 1461 72 42 paid
178 1471 90 31 years

171 1522 98 31 Years
293 1531 60 29 ago
366 1520 6 31 !
407 1518 81 33 Avhat
514 1519 39 32 do
579 1531 60 29 you
669 1531 89 20 mean
771 1521 14 30 ?
849 1519 59 32 and
