1079 1710
161 86 52 24 242

392 93 83 19 LOVE
499 91 64 21 THE
586 89 160 21 AVENGER.

207 168 27 31 It
250 180 64 19 was
329 171 55 27 not
410 166 45 32 till
472 165 116 32 Olivier
612 164 63 30 had
703 161 170 32 exhausted
900 170 93 30 every

162 229 78 30 form
258 228 33 31 of
309 231 118 38 protest
428 245 43 3 —
472 225 140 31 Avhether
629 235 106 30 angry,
752 221 190 44 persuasive,
961 231 32 20 or

158 289 184 41 pecuniary,
344 307 43 5 —
388 287 66 31 that
470 286 38 31 he
533 290 54 35 got
610 285 73 40 free,
701 284 61 32 and
785 282 91 33 could
902 281 91 43 again

163 349 143 31 reiterate
322 353 32 25 to
377 347 48 31 his
442 347 168 31 coachman
632 346 53 32 the
710 346 89 31 order
822 350 32 26 to
911 343 82 32 drive

164 409 60 30 like
240 409 53 30 the

207 469 30 32 It
260 481 63 20 was
340 481 18 21 a
374 474 123 37 quarter
513 475 79 37 past
608 481 93 21 seven
717 469 89 33 when
823 470 39 32 he
878 482 114 31 sprang

164 531 63 32 into
243 531 51 32 the
311 532 150 31 vestibule
478 531 34 32 of
523 531 52 32 the
591 531 98 32 Hotel
705 532 37 32 de
758 533 175 40 Moranges.

239 594 31 32 Is
287 606 59 30 any
359 607 56 19 one
427 606 87 20 come
530 599 53 38 yet
594 596 14 31 ?
659 595 38 32 he
710 595 95 32 asked
821 596 168 43 anxiously,

163 669 32 20 as
212 657 39 31 he
266 657 99 32 threw
381 657 47 32 his
444 657 115 40 paletot
574 662 33 27 to
624 669 18 20 a
657 657 146 33 footman.

238 719 50 31 No
306 730 66 29 one,
390 718 160 32 Monsieur
571 719 28 31 le
803 720 117 42 replied
941 720 50 33 the

167 785 131 27 servant,
378 780 230 32 Mademoiselle
625 780 26 32 is
668 781 29 30 in
713 781 53 31 the
782 793 96 30 green
894 782 97 32 draw-

163 843 164 40 ing-room,

206 905 116 33 Olivier
332 925 44 2 —
385 905 119 42 usually
536 905 75 32 slow
642 905 34 32 of
705 911 176 27 movement
905 918 34 21 as
962 907 32 32 of

162 967 122 42 speech,
287 988 44 2 —
340 967 135 43 actually
491 968 143 32 bounded
661 968 155 42 forwards,
845 971 60 31 and
929 982 64 21 was

163 1029 30 31 in
220 1029 52 31 the
299 1030 114 31 middle
439 1030 33 31 of
491 1030 51 32 the
603 1042 94 30 green
719 1031 242 43 drawing-room

160 1089 103 31 before
287 1102 61 29 any
363 1092 162 31 attendant
540 1092 62 32 had
618 1092 61 32 had
699 1093 73 32 time
795 1098 32 28 to
844 1106 78 31 open
939 1094 51 32 the

163 1150 75 31 door
254 1150 44 31 for
314 1151 71 30 him.

203 1210 84 32 Mile,
320 1212 37 30 de
385 1214 217 41 Mourjonville
628 1229 63 19 was
716 1219 146 41 standing
885 1220 102 32 before

158 1272 52 31 the
234 1272 63 39 fire,
315 1272 74 32 with
407 1286 57 19 one
487 1275 65 32 foot
579 1278 119 42 resting
725 1292 39 19 on
794 1281 51 32 the
873 1281 114 42 fender,

156 1332 63 31 and
249 1331 54 32 her
333 1332 97 31 hands
461 1336 124 31 crossed
615 1337 105 34 before
752 1341 64 32 her.
865 1343 44 31 At
937 1343 50 32 the

156 1393 85 31 noise
268 1392 89 31 made
389 1393 40 41 by
458 1394 141 34 Olivier's
628 1399 112 42 abrupt
769 1402 130 42 ingress,
933 1406 54 31 she

155 1453 110 32 turned
290 1453 104 31 round.
442 1453 50 32 He
510 1467 64 20 was
599 1457 41 42 by
656 1459 55 31 her
739 1462 73 40 side,
840 1464 60 31 and
925 1465 62 31 had

154 1513 100 32 seized
285 1524 56 20 one
373 1512 34 32 of
433 1513 55 32 her
513 1515 97 32 hands
642 1518 31 31 in
704 1520 47 31 his
790 1523 103 32 before
926 1525 54 31 she
