1079 1710
414 403 204 32 CHAPTER
648 402 37 32 V.

462 501 61 20 FOR
545 500 90 21 EATER.

181 580 42 33 M.
257 591 41 20 de
330 580 156 31 Lancour
524 578 62 32 had
624 577 78 32 been
741 576 107 42 nearly
879 574 87 33 three

137 641 123 33 months
285 641 117 39 absent,
428 640 60 32 and
512 640 52 32 the
591 640 59 31 end
675 639 35 32 of
735 639 143 40 January
900 648 65 21 was

138 702 214 43 approaching.
384 701 66 33 The
461 701 135 33 weather
612 712 65 21 was
693 700 167 42 unusually
876 699 87 40 hard,

137 777 77 20 even
238 764 52 32 the
315 763 89 33 Seine
428 763 92 42 being
538 762 103 33 frozen
667 774 83 29 over,
773 773 33 21 so
831 762 76 39 that,
933 766 33 27 to

138 830 91 38 quote
245 825 52 32 the
312 825 99 31 words
428 824 34 32 of
480 824 100 32 Henri
600 824 138 43 Dupont,
762 823 77 33 both
855 823 111 32 Avinter

138 888 61 31 and
228 888 39 31 its
300 887 157 41 pleasures
488 891 47 27 set
565 887 31 30 in
627 885 72 33 with
732 885 234 42 extraordinary

139 949 139 39 severity.

181 1010 104 32 Never
322 1009 61 32 had
416 1009 86 31 there
540 1008 77 32 been
657 1008 76 32 such
771 1008 77 32 hard
879 1009 85 31 Avork

138 1071 121 39 knoAA'n,
291 1071 29 30 in
352 1070 51 31 the
435 1081 67 29 way
534 1069 34 31 of
593 1069 78 32 balls
702 1070 60 31 aud
792 1076 107 26 raouts
930 1082 34 20 as

138 1143 54 20 our
219 1131 184 41 neighbours
429 1135 78 27 term
534 1130 94 40 them,
657 1131 61 31 and
745 1132 52 31 the
823 1132 52 32 din
903 1132 61 33 and

138 1203 67 21 roar
221 1192 121 32 created
363 1192 40 41 by
419 1192 51 31 the
487 1192 132 31 rotation
636 1192 34 31 of
687 1192 161 33 Fashion's
865 1193 99 33 wheel

138 1265 33 21 as
201 1253 24 32 it
254 1258 82 27 went
365 1252 147 42 whirring
546 1253 193 42 perpetually
770 1256 99 31 round
900 1268 64 21 was

138 1314 121 40 enough
275 1319 31 27 to
320 1314 107 32 deafen
444 1325 59 29 any
520 1314 178 33 reasonable
715 1317 121 32 mortal.

182 1377 99 32 Claire
304 1376 74 32 took
405 1376 53 32 her
484 1376 57 32 fair
566 1378 179 41 proportion
773 1378 35 32 of
834 1379 41 31 all
903 1380 60 31 this

138 1438 145 33 so-called
314 1442 198 36 amusement,
548 1439 60 31 and
642 1444 82 27 Avent
762 1445 32 27 to
832 1441 41 31 all
911 1441 52 33 the

139 1499 249 33 entertainments
413 1498 34 32 of
469 1499 81 32 Avhat
573 1500 86 32 Paris
676 1501 75 32 calls
774 1502 40 31 its
838 1502 125 42 society,
