1079 1710
879 83 51 26 153

397 90 63 21 THE
484 90 165 21 PROPOSAL.

194 162 15 31 I
226 167 117 28 entreat
360 164 34 31 of
410 177 63 29 you
486 170 31 27 to
533 165 38 32 do
670 165 149 42 persisted
834 166 43 31 M.
896 165 36 31 de

120 223 178 43 Moranges,
309 225 75 32 with
401 238 32 20 so
446 227 92 31 much
549 227 144 32 kindness
708 227 65 32 that
786 225 146 33 Claudine

116 285 76 31 took
209 297 139 29 courage.

195 346 90 41 Well,
472 349 53 31 she
563 349 182 40 murmured,
817 348 22 32 it
872 360 62 19 was

116 406 136 33 because
279 409 15 31 I
319 409 132 41 thought
477 410 24 31 it
524 411 100 31 would
651 411 89 31 make
767 422 17 20 a
810 411 69 40 lady
906 410 33 31 of

116 479 6 5 .
182 469 16 12 li-

116 479 59 20 me.

195 531 73 31 And
283 543 60 29 you
364 532 77 31 have
465 543 18 20 a
502 538 105 36 strong
630 532 96 32 desire
745 538 31 26 to
795 532 37 32 be
848 532 87 31 made

115 602 20 20 a
166 591 72 42 lady
265 592 53 32 of?
372 593 136 41 rejoined
533 593 51 31 the
614 593 144 41 Marquis,
819 593 24 31 is
870 593 66 31 that

116 664 44 27 so,

251 714 24 32 it
481 714 54 32 she
565 714 95 32 asked
689 714 161 42 hurriedly,
878 714 58 32 and

119 775 128 41 looking
262 775 173 41 frightened
451 775 97 41 again.

200 836 92 38 Quite
308 836 52 31 the
569 836 73 31 And
651 836 86 31 there
747 847 63 19 was
827 836 110 31 silence

117 896 47 32 for
196 908 83 20 some
310 897 137 38 seconds,
478 897 41 31 M.
553 897 37 31 de
625 897 164 40 Moranges
826 896 112 41 feeling

119 957 188 41 thoroughly
323 957 160 31 reassured
506 968 68 20 now
596 968 35 20 as
654 962 31 26 to
708 957 46 31 his
770 968 69 20 own
854 968 84 30 pros-

119 1023 96 37 pects,
232 1018 61 31 and
315 1018 114 40 gazing
452 1022 31 27 at
505 1018 52 30 the
573 1017 53 31 fire
643 1018 72 30 with
732 1029 103 20 serene
853 1018 85 30 satis-

120 1079 123 39 faction,
261 1078 101 31 AA'hilst
387 1079 38 31 he
442 1078 110 31 dallied
567 1078 74 31 with
665 1079 52 30 the
744 1079 72 30 coils
839 1078 33 31 of
892 1078 46 31 his

118 1139 102 31 Avatch
237 1139 98 31 chain.

196 1200 41 33 So
260 1200 69 32 that
351 1200 24 31 it
397 1200 100 31 would
519 1200 96 42 really
638 1200 93 32 afford
746 1211 60 31 you
823 1211 38 20 an
883 1211 55 19 un-

120 1261 202 33 mistakeable
353 1261 137 42 pleasure
517 1261 24 31 if
569 1261 15 31 I
615 1272 79 20 were
724 1266 31 26 to
786 1260 152 32 authorise

118 1337 61 30 you
205 1329 32 26 to
265 1323 58 32 call
346 1323 137 43 yourself
500 1323 142 32 Madame
673 1323 29 31 la
733 1323 139 31 Baronne
903 1322 35 31 de

118 1387 151 40 Savaray,
287 1385 61 31 and
370 1384 99 42 enjoin
492 1396 82 30 upon
596 1396 52 30 my
664 1384 97 32 whole
780 1382 158 33 establish-

117 1452 85 28 ment
217 1452 32 26 to
265 1446 92 31 know
372 1456 61 29 you
449 1444 41 41 by
504 1443 67 33 that

193 1508 59 38 Oh,
285 1505 157 32 Monsieur
474 1504 27 32 le
531 1504 138 42 Marquis
681 1505 5 32 !
727 1504 156 32 Monsieur
912 1503 26 31 le
