1079 1710
155 88 54 27 284

394 95 84 20 L0\TE
502 94 63 21 THE
589 93 162 22 AVENGER.

155 170 55 32 felt
225 172 68 32 that
309 184 60 30 any
385 172 142 32 research
546 172 63 30 into
631 170 53 32 the
704 169 77 31 dark
798 172 91 28 event
905 171 84 28 must

154 233 169 43 inevitably
340 233 79 33 stain
435 233 52 33 the
503 233 120 32 honour
635 232 35 33 of
680 232 54 32 the
751 230 100 32 whole
868 228 118 43 family,

155 295 67 32 that
237 295 79 42 guilt
337 295 51 43 lay
404 307 40 20 on
465 295 40 32 all
529 294 90 41 sides,
638 294 62 32 and
723 294 77 39 that,
819 291 121 33 instead
956 291 35 32 of

155 357 92 42 being
279 357 93 41 lifted,
398 357 52 32 the
486 357 60 31 veil
565 361 85 27 must
670 356 39 32 be
734 355 109 33 draAAm
870 354 118 42 tighter

154 416 76 33 than
246 429 72 20 ever
334 431 73 19 over
424 419 48 31 all.

198 479 51 32 He
273 480 70 32 died
364 480 61 32 like
448 493 19 19 a
490 480 186 41 gentleman,
694 478 137 43 meeting
855 477 47 32 his
927 477 59 32 end

155 542 120 41 calmly,
293 543 69 39 and,
380 542 47 32 for
444 554 56 20 one
516 542 82 32 brief
615 542 114 32 second
746 541 105 32 before
867 540 119 41 resign-

155 603 54 42 ing
242 603 58 41 life,
325 604 172 42 fathoming
528 604 53 32 the
614 603 112 43 depths
754 603 36 32 of
817 614 84 20 error
924 602 62 32 and

154 665 112 42 misery
279 665 64 32 into
359 665 99 32 which
481 665 47 32 his
552 665 97 41 timid,
667 677 128 29 narrow,
814 664 171 33 would-be-

154 727 154 42 practical,
337 727 61 31 and
429 727 114 42 Avholly
574 728 151 31 heartless
757 726 132 32 trainers
922 726 63 32 had

155 788 147 40 betrayed
319 788 71 33 him.

198 849 87 42 They
302 850 61 31 had
384 851 103 31 feared
509 855 82 27 most
610 851 46 31 for
671 850 61 32 this
751 863 75 29 poor
848 850 67 32 soul
932 850 53 32 the

154 910 131 41 dangers
301 911 69 32 love
387 912 106 41 brings
516 917 32 27 to
566 912 107 42 youth,
692 912 61 31 and
770 924 34 19 so
820 912 75 42 they
913 912 70 40 had,

154 977 31 25 to
216 972 51 31 the
300 978 117 26 utmost
448 973 35 31 of
507 973 80 32 their
613 985 113 30 poAver,
752 973 138 42 guarded
920 973 65 32 him

155 1034 77 31 from
256 1034 52 32 the
332 1034 161 33 Aveakness
520 1035 35 32 of
573 1034 115 43 loving,
710 1035 61 32 and
796 1035 62 32 had
890 1035 96 32 saved

155 1095 63 31 him
252 1106 34 21 as
317 1095 75 42 they
416 1096 164 41 esteemed,
606 1096 133 32 because
767 1097 76 42 they
867 1097 62 31 had
952 1109 34 20 so

155 1156 160 33 fashioned
330 1157 47 32 his
398 1162 109 27 nature
530 1158 70 32 that
616 1159 24 31 it
663 1159 110 32 should
790 1160 38 31 be
845 1160 140 33 loveless.

154 1217 72 32 And
241 1229 78 28 now,
337 1218 69 31 how
424 1220 88 30 stood
534 1220 80 31 their
636 1226 131 27 account
786 1222 142 32 summed
944 1234 42 31 up

156 1278 30 31 in
209 1278 52 32 the
285 1280 65 30 face
375 1280 34 30 of
427 1280 61 31 this
515 1293 108 29 corpse
635 1283 14 31 ?
706 1283 97 33 What
827 1296 81 20 were
932 1284 54 33 the

154 1340 78 31 dead
262 1341 99 30 man's
395 1341 97 41 gains,
518 1343 113 41 reaped
663 1349 33 27 at
723 1344 53 32 the
812 1351 68 27 cost
905 1347 35 31 of
968 1360 18 19 a

155 1400 135 32 Avizened
313 1401 88 31 heart
413 1404 14 29 ?
472 1403 85 32 Null.
605 1404 52 32 No
680 1417 154 29 generous
851 1408 133 42 impulse

156 1462 100 31 Avould
272 1462 78 32 have
374 1463 48 31 led
445 1463 63 32 him
531 1470 33 26 to
587 1466 70 41 give
682 1468 99 40 aught
797 1469 35 31 of
844 1470 84 32 what
945 1470 40 33 he

156 1523 60 32 had
238 1535 33 19 or
291 1523 79 32 Avhat
391 1524 39 31 he
452 1537 63 20 was
535 1531 32 27 to
590 1538 18 20 a
630 1539 121 20 Avoman
777 1530 96 41 nobly
894 1531 92 33 loved
