1079 1710
205 90 65 21 THE
295 90 90 22 DARK
409 92 135 21 SHADOW
567 93 110 20 PASSES
699 93 107 20 AWAY.

862 86 51 26 161

95 166 104 32 would
229 167 80 33 have
340 169 122 32 seemed
491 174 33 28 to
550 170 54 32 her
627 170 110 32 almost
760 182 156 30 presump-

96 232 99 28 tuous.
243 230 72 31 And
331 229 105 33 herein
452 231 56 32 lies
523 231 53 32 the
593 243 56 20 one
665 236 88 37 great
775 231 98 32 defect
890 230 31 32 of

98 289 40 32 all
159 291 119 41 merely
294 291 121 32 clerical
436 292 159 32 education
612 292 146 43 (whether
781 292 137 33 Catholic

99 363 34 20 or
149 352 177 32 Protestant
346 358 128 27 matters
493 358 61 35 not,
573 365 33 20 so
626 354 73 41 long
720 365 33 21 as
774 353 23 32 it
812 353 38 32 be
866 364 53 20 ex-

100 413 149 43 clusively
275 414 146 42 clerical),
453 414 130 42 namely,
615 414 64 33 that
709 415 23 31 it
763 415 73 31 does
865 419 54 26 not

100 474 153 33 sufficient
267 474 120 33 honour
395 480 32 27 to
438 475 96 32 God's
551 480 145 35 creature,
709 476 60 31 and
784 475 136 41 neglects

99 540 33 26 to
157 535 132 42 produce
315 535 30 31 in
370 535 63 32 him
454 535 51 32 the
521 535 188 41 recognition
725 535 60 31 and
801 540 118 36 respect

101 596 35 31 of
154 596 48 32 his
218 607 67 21 own
301 596 133 40 possible
451 596 153 40 integrity.

144 657 74 31 And
243 668 32 20 so
300 657 24 30 it
348 656 61 31 had
433 656 77 31 been
534 655 73 31 with
632 655 115 32 Claude
775 654 145 42 Raynal's

102 717 152 42 daughter
265 730 6 26 ;
295 716 61 31 like
372 728 33 19 so
428 727 94 30 many
538 716 29 30 in
594 715 53 32 the
673 727 82 20 mass
781 716 34 31 of
836 715 83 32 these

102 778 154 33 Avretched
275 777 127 40 victims,
427 776 53 32 she
500 776 91 32 knew
609 782 55 26 not
685 777 52 32 the
759 777 160 31 difference

101 840 139 32 between
256 839 86 31 truth
358 839 60 31 and
434 838 165 36 falsehood,
617 850 33 19 or
667 839 178 40 dishonesty
861 839 59 31 and

100 901 139 41 honesty,
258 900 119 41 though
402 899 54 32 she
472 911 65 19 was
552 900 173 30 warranted

100 962 61 32 and
177 961 89 33 could
281 966 106 38 repeat
409 960 55 33 her
480 960 166 33 catechism
661 960 77 33 from
754 960 166 42 beginning

98 1028 31 26 to
146 1024 67 30 end.

142 1084 84 32 Well
240 1084 82 40 then,
339 1083 119 42 though
478 1083 130 41 nothing
631 1082 88 33 stood
741 1082 126 42 upright
889 1082 30 31 in

97 1147 61 31 this
184 1145 168 32 ill-trained
377 1144 86 32 mind
490 1144 34 32 of
543 1144 156 32 Claudine'
704 1155 14 21 s
745 1143 53 33 she
821 1143 61 32 had
903 1156 17 20 a

100 1207 197 43 superstition
339 1206 94 31 about
475 1205 64 32 real
578 1205 76 32 bond
683 1205 68 42 fide
789 1204 130 32 married

99 1280 135 27 women;
274 1266 59 31 and
365 1266 53 31 she
449 1266 149 42 regarded
624 1266 151 41 marriage
807 1265 30 32 in
867 1264 52 33 the

100 1341 98 32 upper
223 1328 114 32 classes
361 1339 33 19 as
410 1339 18 19 a
443 1327 73 31 kind
540 1327 34 31 of
592 1327 121 42 temple,
731 1327 63 31 into
810 1325 109 40 which,

100 1390 90 32 when
207 1400 19 20 a
241 1398 120 21 woman
384 1398 64 20 was
474 1386 157 41 admitted,
657 1386 53 32 she
733 1398 64 20 was
821 1385 100 32 forced

99 1457 33 27 to
164 1449 138 34 conform
333 1452 32 27 to
394 1447 52 32 the
479 1448 132 31 strictest
641 1447 186 42 regulations
863 1446 58 32 and

100 1513 93 30 rules.

823 1573 16 13 H

161 1579 51 13 VOL.
228 1577 34 15 III.
