1079 1710
153 82 51 26 220

390 86 81 20 LOVE
495 84 64 21 THE
582 82 161 23 AVENGER.

152 165 54 31 she
237 176 63 21 was
335 169 53 27 not
419 162 120 42 exactly
565 172 18 21 a
614 159 127 41 healthy
768 156 127 43 subject,
924 155 57 32 but

151 226 81 33 she's
255 232 108 36 strong
363 246 43 2 —
407 237 75 30 very
681 221 62 33 and
773 220 73 32 thus
870 217 111 43 speak-

150 288 54 43 ing
234 288 81 32 Mile.
340 287 132 44 Aspasie
509 285 111 33 looked
651 282 156 43 musingly
832 282 65 31 into
928 280 53 32 the

150 351 62 31 fire.

386 411 87 33 God!
520 421 75 31 poor
801 403 181 35 murmured

152 472 122 42 Olivier,
305 473 104 42 trying
440 477 32 27 to
498 482 143 31 compose
669 481 41 20 an
741 466 179 44 expression
952 465 33 32 of

150 535 87 31 voice
253 535 62 31 and
330 535 66 31 face
414 534 97 32 suited
526 538 32 27 to
575 532 53 32 the
645 530 151 33 occasion.

226 596 73 31 And
323 607 61 31 you
411 595 120 32 fancied
555 606 78 30 your
657 593 89 31 uncle
774 603 65 21 was
873 590 106 33 beside

150 658 127 32 himself
288 657 74 32 with
377 657 88 42 grief,
483 657 52 31 did
550 668 61 30 you
623 657 13 31 ?
683 659 82 27 Avent
781 666 39 19 on
837 653 86 32 Mile,
943 652 36 33 de

151 719 213 41 Mourjonville
380 718 29 32 in
426 718 55 32 her
498 729 68 21 OAvn
592 722 132 36 strange,
743 716 137 42 peculiar
896 720 82 27 tone.

270 779 132 42 thought
421 779 67 32 that
507 779 132 32 because
663 779 39 32 he
724 778 181 32 committed
926 777 53 32 the

150 841 72 42 folly
239 841 33 31 of
288 840 157 43 marrying
465 840 56 32 her
541 840 39 32 he
596 840 102 32 would
713 840 39 32 be
769 839 210 32 inconsolable

150 906 31 27 at
212 901 54 32 her
291 901 92 32 death
393 903 15 30 ?
452 901 82 32 Well
546 915 7 27 ;
588 901 23 32 it
636 913 100 20 seems
763 913 62 30 you
852 901 81 32 have
961 912 18 21 a

149 962 81 42 good
253 963 67 31 deal
343 968 32 26 to
398 963 94 40 learn,
516 967 61 38 yet.
625 963 16 31 I
664 963 62 31 had
751 962 187 43 something,
965 963 14 31 I

150 1024 127 32 confess.
314 1025 87 31 Your
417 1024 89 32 uncle
523 1025 61 30 will
600 1036 104 30 marry
721 1025 151 32 Claudine
888 1025 90 31 when

150 1085 53 31 she
227 1090 68 36 gets
318 1086 78 40 well,
415 1087 60 30 and
498 1087 61 30 Avill
583 1087 38 31 be
643 1098 19 20 a
683 1087 108 41 doting
814 1087 143 32 husband
971 1100 7 27 ;

149 1146 55 31 but
219 1146 26 31 if
257 1147 53 31 she
327 1147 63 32 dies
409 1147 38 32 he
470 1147 61 33 will
547 1149 30 30 in
595 1160 19 19 a
629 1149 57 31 few
702 1149 126 32 months
845 1161 86 30 grow
946 1154 33 28 to

149 1208 110 40 regard
289 1208 26 31 it
344 1220 33 20 as
409 1220 18 20 a
457 1220 75 31 very
558 1209 94 43 lucky
679 1216 101 35 event,
809 1211 89 31 mark
926 1224 52 29 my

149 1268 100 31 words
261 1269 6 30 !
292 1268 61 31 and
372 1269 70 30 that
465 1269 26 31 is
509 1270 83 31 what
611 1282 103 21 comes
734 1272 35 31 of
786 1272 83 32 what
890 1273 88 32 nine-

149 1328 104 32 tenths
270 1329 95 31 ofthe
381 1330 96 31 Avorld
493 1331 59 31 call
568 1331 87 32 Love
667 1333 6 30 !

227 1391 62 30 But
304 1402 61 29 you
382 1391 38 31 do
436 1397 54 26 not
506 1392 117 33 believe
640 1394 68 32 that
724 1395 55 33 she
796 1397 62 31 will
875 1397 48 33 die
936 1400 14 30 ?

150 1451 134 41 rejoined
300 1452 42 30 M.
360 1451 37 31 de
415 1452 192 34 Beauvoisin.

223 1513 59 40 No,
297 1513 15 31 I
326 1512 37 32 do
475 1514 114 42 replied
602 1516 83 33 Mile,
701 1518 36 31 de
751 1518 224 42 Mourjonville,
