1079 1710
149 81 53 24 244

380 88 81 19 LOVE
485 87 64 20 THE
572 84 161 23 AVENGER,

149 174 76 29 sum,
243 163 54 32 she
314 163 61 32 had
390 163 120 42 aspired
533 167 41 35 to,
591 160 108 33 within
723 160 54 32 her
800 157 176 33 immediate

147 225 98 39 reach,
248 243 43 5 —

222 287 92 33 Some
336 287 76 41 days
436 286 79 32 have
536 285 121 42 passed,
686 284 44 32 M.
749 283 28 32 le

148 348 64 31 said
239 348 62 39 she,
469 348 16 31 I
512 347 111 32 named
649 346 68 32 that
747 345 92 43 price,
872 342 101 33 which

147 409 68 32 then
241 421 60 30 you
328 409 97 32 called
454 410 6 14 '
471 413 52 27 too
545 409 73 31 dear
629 409 5 11 '
651 421 5 28 ;
687 419 130 30 suppose
839 407 16 31 I
883 417 90 29 were,

146 482 78 29 now,
242 471 30 31 in
288 483 53 29 my
356 476 79 35 turn,
453 476 32 26 to
502 471 56 31 call
576 470 24 32 it
616 475 52 27 too
685 469 120 43 cheap?

191 532 132 41 "Don't,
562 532 116 42 replied
705 531 52 32 the
789 530 139 43 Marquis
931 549 43 3 —

146 593 60 31 and
221 593 23 31 it
260 604 63 20 was
346 593 40 31 all
409 593 38 31 he
472 593 66 31 said
551 607 6 27 ;
583 594 56 31 but
662 593 52 31 the
739 597 83 36 tone,
840 592 54 32 the
920 603 53 20 ex-

144 654 137 42 pression
304 654 34 31 of
364 659 217 33 countenance,
609 655 53 31 the
686 654 101 32 Avhole
811 658 107 38 aspect
942 653 32 32 of

143 715 52 32 the
218 727 71 19 man
314 727 79 21 were
417 716 74 31 such
519 716 70 31 that
612 728 77 20 even
714 716 83 32 Mile.
824 716 147 41 Mourjon

143 789 62 19 AAras
231 777 177 42 compelled.
457 778 61 32 She
541 790 40 19 no
607 790 84 19 more
717 778 102 40 dared,
844 783 32 26 at
902 779 68 31 that

145 850 139 30 supreme
306 839 92 39 crisis,
421 839 77 31 trifle
519 839 76 31 with
612 839 69 32 that
701 850 82 28 man,
809 839 75 32 than
913 840 55 32 she

143 900 101 33 would
264 901 78 32 have
363 901 150 32 ventured
535 906 32 27 to
590 906 50 37 try
655 901 55 32 her
734 902 94 31 tricks
849 914 85 30 upon
950 914 20 20 a

143 962 72 32 bear
231 966 31 27 at
277 962 69 39 bay.

509 1023 101 32 added
635 1023 126 41 Olivier,
824 1025 117 31 look—
943 1026 23 31 it

143 1083 72 42 only
230 1088 97 27 wants
343 1083 82 41 eight
447 1084 132 31 minutes
602 1089 32 26 to
654 1097 102 27 seven,
759 1105 43 4 —
804 1086 46 32 for
866 1087 100 32 God's

143 1143 72 32 sake
239 1143 90 42 bring
353 1155 48 20 me
429 1144 82 32 AA7hat
542 1156 60 30 you
627 1147 166 40 promised,
822 1160 34 19 or
882 1160 84 21 some

143 1216 56 21 one
215 1204 60 32 will
290 1205 37 32 be
344 1205 120 42 coming
476 1206 6 31 !
507 1217 39 30 go
560 1207 6 31 !
590 1218 40 29 go

186 1265 71 32 And
274 1266 51 32 she
342 1266 52 31 did
412 1278 48 30 go,
477 1267 119 42 though
617 1273 53 27 not
688 1269 123 45 quickly
825 1284 6 29 ;
857 1284 39 19 on
912 1273 54 32 the

143 1331 149 37 contrary,
328 1326 52 32 she
408 1332 81 26 Avent
521 1330 210 43 saunteringly
750 1336 33 28 to
803 1332 53 33 the
881 1334 84 42 door,

143 1386 170 44 protesting
337 1386 68 33 that
430 1387 53 32 she
505 1388 168 35 humoured
692 1391 64 33 him
778 1399 54 26 out
857 1396 35 31 of
910 1397 56 32 her

143 1452 88 38 great
257 1448 79 42 good
363 1452 116 38 nature,
496 1450 55 32 but
576 1452 90 32 when
695 1453 53 33 she
776 1455 61 32 had
861 1457 104 33 closed

143 1511 50 29 the
209 1510 73 30 door
298 1509 53 31 she
367 1510 76 30 fleAV.
