1079 1710
176 73 33 25 82

413 80 82 20 LOVE
519 80 63 20 THE
606 78 162 22 AVENGER.

176 156 48 33 aid
236 170 7 27 ;
300 158 23 31 it
349 158 24 31 is
398 157 129 39 natural,
557 161 51 27 too
623 169 6 27 ;
653 167 40 20 no
720 166 58 21 one
802 154 110 31 knows
937 152 73 33 how

175 219 129 32 another
326 219 89 32 takes
441 218 86 42 grief,
553 218 61 32 and
640 217 75 32 each
741 220 82 28 must
848 215 89 33 tread
958 215 48 32 his

176 292 67 20 own
265 281 73 42 path
362 280 134 32 towards
520 285 179 27 atonement
723 279 61 32 and
807 279 197 32 consolation.

175 342 62 31 But
266 342 172 32 remember
471 342 67 32 that
566 342 35 32 of
624 342 101 32 Claire
750 342 61 31 and
839 341 34 32 of
894 340 116 44 myself

173 415 61 30 you
250 409 83 26 must
349 404 83 32 learn
449 408 33 28 to
504 404 89 32 think
610 416 34 20 as
660 404 119 41 though
796 415 47 21 we
859 415 82 20 were
959 403 47 32 his

216 528 105 31 While
356 528 145 32 Madame
533 528 182 32 Beaudouin
746 539 64 21 was
843 528 161 43 speaking,

174 588 113 33 Berthe
310 589 61 32 had
392 589 78 32 been
487 589 182 43 composing
684 601 18 20 a
723 594 70 38 part
813 589 48 32 for
879 589 122 41 herself,

172 650 100 32 which
300 651 54 32 she
376 663 71 20 now
474 652 152 41 prepared
652 656 31 27 to
707 656 88 27 enter
818 663 83 30 upon
925 650 79 32 with

172 711 92 32 much
281 712 127 41 dignity.

249 774 43 31 M.
310 774 37 31 de
575 775 53 31 she
645 775 111 42 began,
774 776 31 31 in
823 787 17 20 a
856 780 72 28 tone
947 776 54 32 she

171 835 76 32 tried
263 840 31 27 to
310 837 110 31 render
443 849 104 29 grave,
565 837 56 33 but
637 838 132 32 without
785 838 168 43 venturing
968 843 33 27 to

172 897 77 32 raise
276 897 54 32 her
354 909 72 31 eyes
453 903 32 28 to
512 899 144 32 Madame
678 900 211 32 Beaudouin's
913 900 67 33 face
995 914 5 19 :

204 958 42 31 M.
273 958 37 32 de
341 959 161 32 Mottefort
532 965 144 27 consents
707 965 33 27 to
772 962 146 32 overlook
945 962 55 33 the

172 1024 107 26 events
296 1019 35 32 of
349 1020 49 32 the
415 1021 60 31 last
491 1020 67 32 four
575 1034 33 19 or
624 1022 61 32 five
701 1034 100 30 years,
819 1023 62 32 and

172 1078 53 33 she
257 1080 125 41 paused,
498 1094 50 19 am
580 1083 96 41 going
698 1088 31 27 to
761 1089 107 27 return
890 1089 33 28 to
947 1097 54 31 my

362 1141 53 33 she
432 1142 100 32 added
548 1148 31 27 at
595 1144 67 32 last.

215 1201 88 32 Aunt
320 1202 192 33 Clementine
527 1204 62 31 had
606 1205 115 31 shrunk
737 1205 79 32 from
842 1207 55 32 her
918 1219 80 30 now,

172 1262 61 31 and
271 1263 96 40 stood,
399 1263 60 32 like
487 1277 57 19 one
582 1266 194 41 bewildered,
810 1268 120 43 staring
969 1275 31 27 at

174 1323 114 32 Berthe
311 1324 73 32 with
409 1326 155 42 evidently
588 1339 40 20 no
654 1339 105 31 power
781 1329 34 32 of
833 1330 112 42 taking
968 1331 32 32 in

174 1383 82 33 what
272 1384 54 33 she
343 1391 112 26 meant.

216 1445 81 32 Poor
312 1446 86 33 Aunt
420 1448 193 33 Clementine
625 1450 5 32 !
657 1450 54 33 she
735 1451 92 32 could
851 1453 66 43 pity
939 1455 61 32 and

173 1506 116 41 pardon
306 1508 40 31 all
362 1508 103 43 things
486 1511 99 41 grand
601 1511 60 33 and
676 1516 79 38 true,
772 1513 57 33 but
851 1515 52 32 the
929 1516 71 41 low,
