1079 1710
171 82 34 25 34

405 82 81 22 LOVE
510 79 64 23 THE
597 77 164 23 AVENGER.

217 162 61 34 She
294 160 110 34 looked
416 164 33 27 at
463 158 64 32 him
544 155 76 33 with
636 155 56 32 her
703 152 88 33 usual
808 152 45 32 air
870 151 35 32 of
918 162 82 21 com-

172 224 172 42 passionate
361 221 154 38 kindness,
517 238 43 3 —

246 284 83 41 Why
345 282 109 33 should
470 281 15 31 I
500 280 37 31 be
555 290 33 21 so
600 280 15 31 ?
671 277 54 33 she
742 276 160 33 answered
918 288 6 28 ;
977 275 23 31 it

172 346 24 31 is
212 357 19 19 a
246 348 87 37 great
350 341 195 42 compliment
560 351 62 31 you
638 350 60 31 pay

299 404 25 31 is
432 402 65 32 said
524 402 43 32 M.
593 401 38 32 de
653 400 178 42 Moranges,
849 398 150 43 gravely;

203 465 60 32 and
279 476 33 21 so
329 464 15 32 I
360 468 102 28 meant
477 463 23 32 it
513 475 5 20 :
543 463 55 31 but
622 462 83 40 then,
723 473 62 30 you
800 461 101 39 knoAV,
919 460 16 32 I
951 471 48 21 am

173 526 73 32 such
262 538 18 20 a
296 526 102 32 sinner
413 525 67 32 that
489 536 61 30 any
561 536 73 20 save
650 524 53 31 the
721 522 137 43 superior
875 533 123 20 woman

173 598 58 30 you
248 598 50 20 are
315 586 100 32 would

431 647 136 42 rejoined
609 647 72 41 she;
877 658 51 20 are
959 658 40 20 no

173 708 125 39 sinners,
325 707 59 32 and
416 718 39 21 no
490 707 162 42 superiors.
708 707 71 32 You
810 713 189 36 exaggerate

173 769 73 32 both
262 769 52 31 the
330 768 80 42 good
427 768 59 32 and
502 768 52 32 the
570 768 69 33 evil.
686 768 61 33 We
764 780 51 21 are
831 768 49 41 all,
899 768 31 32 in
946 768 53 33 the

176 830 66 40 end,
261 841 73 30 very
350 829 91 32 much
468 829 87 32 alike.
604 829 91 33 Some
718 841 51 20 are
786 830 124 32 weaker
925 829 74 33 than

174 891 111 37 others,
303 890 67 40 and,
387 890 160 40 therefore,
565 901 85 21 more
677 895 32 28 to
737 891 38 32 be
791 891 97 42 pitied
901 906 6 26 ;
931 892 68 31 that

173 951 25 32 is
223 952 47 31 all.
327 952 83 41 Very
435 951 92 32 much
554 963 83 20 more
669 957 33 26 to
733 952 38 31 be
946 954 53 32 she

175 1012 107 40 added,
300 1012 107 42 slowly
421 1013 62 31 and
499 1012 219 42 impressively.

493 1073 139 42 inquired
658 1074 51 32 the
736 1076 149 41 Marquis,
913 1077 86 32 invo-

176 1134 150 41 luntarily.

343 1195 115 31 echoed
482 1196 87 31 Aunt
593 1197 205 42 Clementine,
826 1199 76 33 with
928 1200 74 32 irre-

176 1255 145 43 pressible
347 1256 141 40 emotion,
537 1257 15 30 I
579 1257 80 32 have
685 1263 33 27 to
742 1259 98 32 thank
858 1260 71 33 God
954 1262 47 31 for

179 1317 58 31 His
267 1317 128 32 mercies
427 1330 91 29 every
543 1319 77 32 hour
651 1320 35 32 of
710 1321 53 32 the
934 1325 68 31 Her

178 1378 86 32 voice
290 1379 158 41 trembled,
474 1381 59 30 and
557 1381 86 33 there
670 1394 79 20 were
774 1387 83 29 tears
889 1386 29 31 in
947 1386 55 34 her

179 1450 79 29 eyes.

224 1500 70 32 Had
322 1502 42 31 M.
393 1502 36 31 de
454 1502 175 42 Moranges'
658 1504 68 32 club
752 1507 159 32 comrades
943 1510 58 31 and
