1079 1710
140 66 53 25 138

371 71 83 20 LOArE
477 69 64 22 THE
564 67 159 22 AVENGER.

138 150 66 31 soul
215 162 6 27 ;
254 149 60 31 and
330 149 15 31 I
360 147 118 32 believe
502 147 30 30 in
556 145 90 43 good,
663 144 61 33 and
745 144 86 32 don't
847 143 115 32 believe

138 210 67 32 that
221 210 82 41 right
320 210 60 31 and
395 220 106 29 Avrong
517 219 51 20 are
593 207 40 32 all
650 218 57 20 one
722 221 5 27 ;
760 207 15 31 I
791 206 118 32 believe
933 205 29 31 in

139 271 84 42 duty,
243 271 59 31 and
317 282 50 20 am
384 269 168 33 convinced
563 269 68 32 that
647 280 56 20 our
718 268 76 42 duty
806 268 25 31 is
847 267 115 43 always

138 337 31 28 to
186 332 38 32 do
239 343 85 21 more
340 332 74 31 than
430 343 46 20 Ave
493 343 57 20 can
567 331 47 40 do,
638 330 60 32 and
713 342 95 20 never
823 334 33 27 to
876 329 86 32 think

142 393 34 33 of
199 393 154 32 ourselves
367 406 5 19 :
404 393 55 32 but
490 398 31 26 to
546 393 117 32 reward
694 393 217 41 wrong-doing
938 392 24 32 is

141 467 115 30 AA'rong,
288 455 98 31 uncle.
449 454 142 33 Sacrifice
623 454 25 32 is
674 454 52 32 the
757 453 59 33 law
848 453 34 33 of
909 465 53 20 our

212 578 72 31 And
308 578 106 42 plenty
439 578 34 31 of
494 578 24 31 it
541 590 46 20 avc
721 577 116 42 replied
860 577 41 32 M.
926 577 35 31 de

142 641 173 40 Moranges,
343 640 122 41 smiling
496 645 30 27 at
556 640 46 32 his
638 640 108 32 niece's
778 639 165 32 animation
955 652 6 27 ;

171 702 85 31 we're
267 701 114 42 always
391 701 126 41 making
527 701 158 40 sacrifices,
695 701 139 31 Avhether
844 713 45 19 avc
900 700 61 31 will

139 775 33 20 or
191 768 53 27 not
245 783 41 2 —
289 763 114 42 always
418 763 115 42 having
553 768 32 27 to
601 763 105 41 forego
723 763 176 41 something
914 774 47 20 Ave

138 825 69 31 like.
255 826 28 30 It
305 825 26 31 is
348 824 66 43 just
436 824 66 32 that
526 825 99 31 AA'hich
649 825 106 31 makes
778 824 51 32 life
851 824 76 32 such
944 836 17 20 a

138 886 127 31 mistake
267 906 42 2 —
312 886 74 31 such
409 898 19 19 a
586 886 38 31 he
648 886 108 40 added,
781 886 31 31 in
829 898 18 20 a
862 897 99 20 some-

138 948 83 30 Avhat
237 947 139 31 different
390 951 79 27 tone.
548 947 45 31 As
604 952 31 27 to
648 960 57 28 me,
717 948 58 31 I'm
787 948 79 31 tired
883 947 33 32 of
928 947 32 41 it,

140 1009 59 31 and
222 1020 88 19 mean
334 1013 32 27 to
388 1013 49 37 try
453 1009 138 32 whether
614 1009 148 32 domestic
785 1010 130 31 comfort
938 1009 23 32 is

139 1070 100 31 better
254 1070 97 31 Avorth
366 1083 5 18 :
400 1071 25 30 if
436 1083 60 28 you
512 1083 79 19 Avere
608 1071 167 32 consistent
787 1083 62 30 you
866 1072 95 41 ought

137 1137 31 25 to
182 1143 133 29 approve

513 1194 134 32 retorted
673 1194 126 41 Claire;
858 1195 83 31 Avhat
955 1196 4 31 !

141 1254 46 32 for
202 1254 106 41 giving
323 1254 52 31 the
391 1260 81 26 most
487 1255 175 41 deplorable
679 1256 139 41 example
831 1259 14 29 ?

309 1315 71 32 dear
560 1317 133 41 rejoined
724 1318 53 31 the
811 1319 150 40 Marquis,

141 1377 127 42 gravely
281 1390 6 27 ;
409 1377 87 41 gives
508 1379 79 41 good
604 1380 158 41 examples
773 1381 166 41 noAvadays
950 1382 11 31 ?

138 1439 71 30 look
233 1438 115 31 around
373 1450 59 30 you
460 1439 61 30 and
545 1440 51 31 tell
621 1452 48 20 me
684 1454 6 26 ;
718 1453 77 30 your
814 1442 147 31 so-called

141 1503 80 42 good
237 1502 154 43 examples
407 1514 50 21 are
480 1515 83 21 mere
580 1506 169 40 negations,
774 1506 187 32 abstentious
