1079 1710
185 82 34 24 64

421 87 83 21 LOVE
527 85 65 21 THE
615 83 163 22 AVENGER.

183 163 152 42 language
352 163 166 43 compared
533 166 32 28 to
581 161 53 32 the
650 160 117 33 heart's
783 159 234 32 instantaneous

183 226 141 31 intuition
337 226 6 31 !

226 287 100 32 Claire
350 286 88 33 stood
459 285 102 32 where
585 284 55 32 she
660 295 73 29 was,
758 287 93 36 mute,
877 281 137 41 tearless,

182 348 140 33 stunned.
389 348 64 31 Yes
470 348 6 32 !
523 347 42 41 by
604 346 98 32 God's
741 344 119 32 infinite
898 355 115 31 mercy,

181 409 135 33 numbed
342 414 32 28 to
401 409 83 32 what
515 409 23 32 it
568 420 63 21 was
658 407 123 43 beyond
807 407 55 32 her
892 405 122 33 natural

182 469 142 42 strength
341 475 32 27 to
389 470 82 32 bear.

223 593 30 31 It
277 604 62 20 was
365 593 51 31 the
444 605 84 20 same
556 597 103 38 story;
692 592 62 32 and
779 596 118 38 twenty
922 603 90 31 years

179 654 110 42 rolling
324 655 180 31 backwards
536 654 95 32 bared
666 655 88 31 Aunt
789 653 223 33 Clementine's

180 716 112 31 wound
319 727 34 20 as
379 716 118 41 though
512 716 165 41 Raymond
694 715 37 32 de
759 715 142 32 Varades
929 726 82 21 were

178 777 115 41 freshly
309 777 78 31 dead
401 790 6 27 ;
432 777 60 31 and
514 776 62 32 this
597 788 75 29 very
696 776 156 32 freshness
876 776 36 32 of
931 776 84 42 grief

178 838 23 31 it
228 849 63 20 was
317 837 32 31 in
373 836 143 32 Madame
548 836 178 32 Beaudouin
758 836 68 32 that
857 836 154 32 unlocked

178 898 52 31 the
257 898 180 32 hardbound
463 903 140 27 currents
630 898 34 32 of
686 898 130 32 Claire's
841 910 77 29 woe,
947 898 63 32 and

178 960 114 31 melted
307 960 54 31 her
378 965 83 26 stern
478 972 122 19 sorrow.

222 1022 65 31 The
303 1022 65 31 first
383 1022 86 32 word
484 1022 64 32 that
564 1022 111 42 passed
691 1022 56 33 her
763 1022 59 42 lips
838 1034 63 21 was

252 1082 82 31 Mine
347 1083 6 31 !
387 1082 80 32 mine
490 1093 80 30 now,
595 1082 46 33 for
664 1094 73 21 ever
751 1084 6 31 !
785 1083 93 42 mine,
904 1084 102 33 before

178 1142 39 31 all
233 1142 52 32 the
301 1143 94 31 world
407 1143 5 31 !

221 1203 72 31 And
319 1204 83 39 then,
432 1204 116 32 shaken
572 1204 42 43 by
642 1205 179 32 convulsive
847 1207 158 42 sobbings,

178 1264 101 32 Claire
311 1265 111 32 wound
455 1265 118 33 herself
605 1267 100 31 round
740 1267 55 32 her
828 1273 82 36 aunt,
945 1270 61 33 and

178 1325 92 42 clung
290 1325 136 43 greedily
443 1331 31 27 to
494 1326 56 32 her
565 1327 69 32 who
654 1327 61 33 had
737 1329 133 33 suffered
893 1342 36 21 as
952 1331 54 33 she

177 1398 63 21 was
256 1387 153 41 suffering.

220 1449 143 42 Evening
401 1460 63 20 was
501 1449 119 43 closing
664 1451 38 41 in,
752 1453 61 32 and
860 1454 144 34 Madame

177 1510 176 32 Beaudouin
385 1510 53 32 felt
470 1510 68 33 that
569 1513 100 32 Claire
701 1515 90 31 could
829 1521 63 36 not,
933 1529 71 30 nay,
