1079 1710
139 86 61 24 226

379 93 82 21 LOVE
485 93 64 21 THE
573 90 162 22 AVENGER.

136 171 67 33 that
227 172 46 32 his
295 172 110 32 Avidow
428 171 109 33 should
554 171 38 31 be
618 170 68 32 able
703 173 33 27 to
759 168 60 31 live
836 166 132 32 without

135 234 164 31 assistance
315 234 78 31 from
409 246 49 19 me

211 297 61 31 But
287 297 68 31 that
378 297 25 31 is
421 296 67 41 just
504 294 83 32 what
604 293 14 32 I
635 296 85 29 want
736 295 31 29 to
783 301 134 32 propose
933 292 32 29 to

241 357 190 42 interrupted
447 356 117 32 Olivier
578 369 6 26 ;
642 354 24 31 it
689 353 25 32 is
739 353 30 31 in
792 364 78 31 your
895 363 70 20 own

134 419 127 30 interest
276 419 68 30 that
359 419 15 30 I

208 480 89 41 Well,
316 480 84 33 don't
420 491 73 21 over
516 479 99 32 excite
639 476 146 44 yourself,
802 488 55 31 my
880 476 83 42 good

283 541 178 33 murmured
484 541 132 42 Aspasie
631 553 6 26 ;
696 540 15 30 I
735 538 89 41 have,
843 550 32 20 as
900 550 62 30 you

132 604 99 40 knoAV,
250 616 17 19 a
287 608 80 27 most
383 603 129 41 friendly
528 601 113 42 feeling
656 601 135 32 tOAvards
808 612 72 30 you,
898 601 62 31 and

131 677 47 20 we
194 677 56 20 can
266 666 65 31 talk
347 679 73 19 over
434 666 54 32 the
508 670 114 27 matter
637 679 6 27 ;
668 666 65 40 but,
752 670 31 26 to
808 677 95 29 prove
927 670 33 26 to

130 739 62 29 you
216 739 52 29 my
292 728 207 41 impartiality,
517 728 43 31 let
584 739 49 20 me
658 727 53 32 tell
733 739 69 29 you,
830 727 16 31 I
867 727 90 31 think

129 799 61 29 you
214 788 182 42 immensely
421 793 185 37 exaggerate
631 789 53 31 the
711 789 191 41 importance
928 789 35 31 of

129 849 53 31 the
206 850 100 31 whole
331 850 147 32 business.
526 850 95 31 What
647 861 56 20 can
729 850 24 31 it
776 855 122 35 matter,
925 850 30 31 in

129 911 116 41 reality,
285 911 138 31 whether
461 922 62 30 you
561 911 70 41 give
670 911 169 42 Theophile
878 923 79 31 your

129 976 127 37 support
281 983 33 20 or
329 976 54 27 not
393 973 13 30 ?
451 971 70 32 You
543 983 72 30 may
631 971 79 33 have
727 972 85 32 ideas
828 973 35 31 of
879 985 79 30 your

129 1045 68 20 own
209 1046 7 27 ;
240 1045 60 30 you
316 1044 72 31 may
403 1033 39 32 be
460 1032 33 33 of
510 1033 123 42 opinion
649 1033 70 32 that
734 1046 19 19 a
769 1035 187 32 democratic

129 1094 123 41 deputy,
271 1105 18 20 a
304 1105 71 20 man
393 1094 33 32 of
444 1094 54 32 the
522 1095 119 42 people,
659 1095 27 31 is
710 1107 18 19 a
751 1097 81 40 good
849 1097 88 41 thing
949 1110 7 28 ;

129 1166 59 30 you
204 1155 102 31 Avould
327 1159 54 28 not
396 1155 38 32 be
457 1155 53 32 the
535 1156 71 42 only
623 1168 58 19 one
703 1157 35 31 of
758 1169 78 30 your
861 1164 92 28 caste.

128 1215 69 32 You
213 1216 97 38 might

204 1278 14 30 I
235 1282 112 26 cannot
370 1279 38 29 do
424 1278 31 36 it,
474 1279 14 30 I
512 1284 111 27 cannot
645 1281 38 31 clo
777 1281 178 44 interposed

129 1338 121 40 Olivier,
269 1338 120 41 getting
413 1339 162 42 gradually
597 1346 52 27 out
674 1342 34 32 of
727 1342 131 34 himself.
941 1346 14 30 I

129 1401 83 31 don't
250 1411 67 19 care
364 1411 57 19 one
461 1405 92 27 straw
592 1402 46 32 for
675 1405 205 41 republicans,
922 1419 33 20 or

129 1461 148 42 royalists,
307 1472 32 19 or
371 1473 60 29 any
458 1462 123 41 opinion
612 1465 97 31 under
739 1466 52 31 the
825 1479 66 20 sun.
941 1468 13 31 I

129 1522 154 33 shouldn't
309 1522 85 31 mind
420 1522 174 43 Soulouque
621 1525 94 43 being
741 1527 161 41 Emperor,
922 1540 33 20 or
