1079 1710
889 99 52 26 225

451 106 59 21 TOO
533 106 93 21 DEAR.

321 181 82 31 what
441 182 37 31 do
514 194 61 29 you
811 180 133 32 retorted

125 241 142 42 Aspasie,
285 242 120 42 driving
427 243 55 32 her
505 244 255 42 dagger-pointed
779 243 86 31 looks
881 243 63 31 into

125 303 73 32 him.

201 364 15 31 I
243 364 86 32 don't
354 370 108 36 expect
683 365 114 42 replied
823 365 122 40 Olivier,

127 425 170 43 diffidently
311 440 6 26 ;
373 427 56 31 but
445 427 14 31 I
474 427 101 42 hoped
590 427 67 32 that
680 438 60 30 you
755 427 99 31 would
876 427 71 41 help

127 498 50 21 me
201 492 34 27 to
259 487 148 33 extricate
432 488 115 42 myself
568 488 78 32 from
669 488 52 31 the
744 488 152 41 necessity
919 487 32 32 of

128 548 183 42 supporting
326 548 63 32 him
405 549 30 31 in
451 548 46 32 his

173 609 68 31 Her
256 609 71 31 look
343 609 115 31 altered
475 609 167 31 somewhat
660 620 32 20 as
710 609 52 31 she
778 609 137 31 listened.

206 670 71 32 You
301 675 83 26 must
406 670 121 42 explain
551 670 138 42 yourself
705 681 83 21 more

131 731 54 32 she
219 730 156 41 observed,
401 731 31 31 in
456 743 17 20 a
499 736 71 27 tone
601 737 54 26 not
687 731 170 41 altogether
889 730 59 32 dis-

130 791 178 41 couraging.

207 853 74 41 May
305 853 15 31 I
341 852 39 33 do
405 864 33 21 so
450 855 13 30 ?
517 853 38 32 he
572 853 169 42 ejaculated
764 853 73 32 with
862 864 25 29 a,
905 852 46 33 for

131 914 73 40 him,
223 914 229 41 extraordinary
469 914 109 41 degree
593 914 34 32 of
638 914 173 32 animation.
877 913 74 32 Will

132 976 25 31 it
171 976 39 31 be
230 987 60 30 any
304 987 55 19 use
383 987 53 30 my
452 975 175 42 explaining
649 975 135 42 myself?
807 975 60 31 will
892 986 59 30 you

135 1037 71 41 help
237 1038 74 29 me?
348 1036 62 31 will
445 1048 58 30 you
538 1036 161 31 annihilate
732 1036 51 31 the
817 1036 71 31 hold
914 1036 37 32 he

135 1098 56 30 has
290 1099 14 29 ?

506 1158 212 32 andMlle.de
742 1158 210 42 Mourjonville

136 1219 118 40 smiled,
284 1231 32 19 as
344 1219 52 31 she
423 1224 55 36 put
506 1219 52 31 her
589 1219 81 31 hand
700 1231 81 29 upon
812 1219 141 32 Olivier's

136 1280 116 32 mouth.
333 1280 69 31 You
429 1280 55 31 ask
499 1280 78 31 from
600 1292 49 20 me
673 1292 18 20 a
710 1280 90 41 proof
812 1280 34 32 of
865 1282 88 31 abso-

136 1342 62 31 lute
227 1340 142 32 devotion
371 1360 41 3 —
414 1345 53 27 not
497 1341 71 41 only
594 1341 51 32 the
672 1341 226 31 abandonment
925 1342 33 31 of

136 1415 54 30 my
217 1415 65 19 own
323 1402 150 40 interests,
501 1402 55 31 but
582 1403 51 31 the
665 1403 133 31 sacrifice
837 1402 34 32 of
903 1403 52 31 the

136 1465 144 32 interests
316 1463 35 31 of
379 1475 52 29 my
458 1468 121 27 nearest
608 1464 149 31 relatives.
817 1464 138 41 Suppose

136 1525 187 33 Mardonnet
350 1524 68 31 died
434 1537 4 19 :
474 1524 22 31 it
523 1524 26 31 is
576 1524 157 42 obviously
755 1536 53 30 my
832 1525 125 32 interest

198 1593 51 14 VOL.
263 1593 33 14 III.

861 1592 12 17 Q
