1079 1710
170 82 52 24 116

401 86 81 20 LOVE
505 84 64 21 THE
593 83 162 22 AVENGER.

170 165 83 41 quise
266 177 6 27 ;
411 174 78 30 pray
512 160 83 32 what
618 159 52 32 did
693 171 61 30 you
777 158 76 31 hear
872 169 33 20 or
923 167 52 21 see
985 155 14 32 ?

169 226 140 42 perhaps,
328 224 77 32 after
421 223 48 40 all,
487 234 61 31 you
565 221 79 32 have
661 221 78 32 been
761 219 110 41 falsely
888 218 111 32 alarm-

170 287 54 40 ing
239 287 74 31 me?

246 348 96 32 What
359 348 15 31 I
390 347 95 32 heard
501 358 64 20 was
582 359 19 19 a
623 345 218 32 conversation
858 345 143 31 between

170 411 42 31 M.
231 410 27 32 le
275 409 137 42 Marquis
437 409 61 32 and
519 409 43 32 M.
580 408 37 32 de
640 409 186 32 Sauveterre
828 426 39 4 —
867 407 20 31 -I
911 405 90 33 could

170 477 54 27 not
239 472 69 42 help
326 470 203 43 overhearing
647 469 144 44 (Aspasie
809 469 51 32 did
877 474 54 27 not
948 480 53 30 say

170 535 67 31 that
254 534 53 32 she
329 534 61 32 had
413 533 111 43 passed
540 545 18 19 a
574 532 100 32 whole
690 532 79 31 hour
785 531 75 32 with
878 531 55 32 her
950 541 51 22 ear

171 596 121 42 applied
331 601 32 26 to
402 596 54 31 the
494 595 146 42 key-hole
683 594 34 32 of
750 594 54 31 the
833 592 168 43 Marquis's

173 657 112 41 study.)

247 718 72 32 And
344 730 60 30 you
429 718 173 32 overheard
618 729 52 30 my
686 717 125 33 brother
828 717 121 32 confide
965 721 35 27 to

173 780 67 32 that
256 779 192 33 abominable
465 779 50 32 old
527 791 71 21 man
615 779 47 32 his
678 779 152 32 intention
848 784 33 27 to
897 790 104 31 marry

173 842 60 31 this
250 842 58 31 vile
325 846 135 27 creature
474 842 6 31 !

246 905 14 30 I
277 905 50 30 did
339 906 5 29 !

248 966 88 32 Good
468 965 169 31 exclaimed
646 965 54 31 the
911 965 87 32 what

179 1038 50 20 are
259 1038 71 20 men
359 1027 91 31 made
481 1027 53 31 of?
567 1038 39 20 an
634 1027 152 32 infamous
821 1038 122 21 woman
972 1028 35 31 of

176 1090 67 31 that
266 1089 75 31 kind
352 1090 6 31 !
385 1088 60 32 and
471 1093 32 27 to
529 1088 144 33 frustrate
696 1088 47 33 for
770 1088 63 41 her,
859 1089 47 32 his
933 1101 70 20 own

177 1150 112 42 family,
306 1150 47 32 his
375 1161 69 20 own
462 1149 77 32 flesh
555 1149 61 33 and
630 1149 93 33 blood
735 1151 5 31 !
766 1162 52 30 my
834 1150 170 42 grandson,

176 1212 48 31 his
239 1211 126 42 rightful
385 1211 66 31 heir
461 1212 6 30 !
514 1211 57 42 My
596 1211 126 32 brother
745 1211 57 32 has
831 1213 61 31 still
919 1224 18 20 a
959 1213 47 32 far

178 1275 101 40 larger
303 1273 119 31 fortune
453 1272 74 31 than
555 1272 15 31 I
590 1272 134 42 thought
725 1292 42 3 —
770 1274 14 30 I
816 1273 79 33 have
926 1275 79 31 been

179 1336 63 32 into
259 1335 41 32 all
311 1335 52 31 the
376 1334 108 31 details
486 1353 42 4 —
529 1334 38 31 he
584 1334 55 31 has
651 1334 60 32 still
724 1347 57 20 one
792 1335 142 33 hundred
947 1336 60 32 and

181 1397 65 42 fifty
261 1396 152 32 thousand
429 1395 100 32 francs
551 1407 19 20 a
585 1408 73 29 year
674 1402 32 27 to
722 1397 96 41 leave,
844 1398 115 42 mostly
976 1398 31 32 in

181 1458 72 33 land
254 1477 41 4 —
298 1469 56 21 one
379 1457 139 31 hundred
542 1458 63 31 and
630 1458 68 42 fifty
725 1459 155 32 thousand
907 1459 101 32 francs

182 1534 19 20 a
231 1532 71 30 year
315 1520 6 32 !
385 1518 54 33 she
466 1519 152 42 repeated,
652 1520 139 42 clasping
821 1520 56 32 her
908 1520 100 34 hands
