1079 1710
143 76 50 25 152

371 83 83 19 LOVE
479 82 63 20 THE
566 80 161 22 AVENGER.

140 159 135 41 glorious
302 171 70 20 men
398 159 58 31 feel
490 157 133 43 (beyond
653 156 82 32 their
766 154 128 43 betters)
922 154 45 32 for

139 232 60 30 any
227 220 165 32 individual
415 232 83 29 upon
515 219 103 31 Avhom
641 219 73 41 they
742 229 52 20 are
818 217 95 32 about
936 221 31 28 to

140 282 102 31 confer
259 293 82 20 some
359 282 84 39 royal
461 281 125 40 bounty.

420 343 66 31 said
509 343 47 40 he,
575 343 76 32 with
667 354 18 21 a
710 343 94 39 smile,
905 353 61 31 you

138 404 169 33 remember
337 409 32 28 at
410 416 58 21 one
498 404 75 33 time
605 404 95 43 being
731 416 33 21 so
796 404 170 42 extremely

138 466 127 32 anxious
287 471 32 27 to
343 467 38 31 be
406 467 97 31 called
526 467 143 31 Madame
692 467 37 31 de
755 467 163 42 Savaray?
942 466 24 31 it

138 529 24 31 is
178 540 94 30 many
288 529 123 31 months
433 540 67 30 ago,
519 529 56 31 but
598 541 62 30 you
685 529 122 31 seemed
823 528 138 32 remark-

138 591 70 39 ably
225 591 135 31 anxious.
408 591 49 31 Do
473 602 60 28 you

210 652 15 31 I
242 652 87 32 think
345 652 14 32 I
463 652 54 32 she
535 652 195 40 stammered,
746 652 75 32 Avith
839 652 125 33 evident

139 713 157 32 confusion
310 727 5 27 ;
381 714 56 32 but
464 714 16 32 I
509 726 105 20 assure
646 726 69 30 you,
745 715 161 31 Monsieur
937 715 27 31 le

138 775 146 40 Marquis,
303 775 14 32 I
333 775 79 32 have
428 787 103 28 never,
552 776 82 31 since
651 776 83 39 then,
746 788 95 20 never

209 836 15 31 I
241 847 50 20 am
305 841 54 26 not
382 837 204 41 reproaching
718 838 177 41 interposed
916 840 43 31 M.

136 897 37 32 de
189 898 175 41 Moranges,
381 899 105 41 gently
499 912 6 27 ;
560 899 56 32 but
639 900 15 31 I
670 905 83 27 want
776 912 61 30 you
855 905 32 28 to
906 901 54 32 tell

136 971 50 20 me
210 960 72 41 why
304 972 61 29 you
392 961 89 32 made
508 961 69 32 that
602 963 149 40 request?
789 962 84 32 what
897 975 63 20 was

133 1031 78 29 your
227 1020 164 40 particular
407 1033 107 20 reason
525 1023 13 31 ?

238 1092 49 19 am
314 1094 68 19 sure
406 1083 14 30 I
437 1083 82 32 don't
686 1085 117 42 replied
827 1086 52 32 the
904 1099 57 19 un-

135 1142 92 41 lucky
254 1143 126 40 Sphinx,
400 1144 158 42 colouring
585 1145 119 43 deeply,
723 1148 60 30 and
811 1148 150 43 fidgeting

133 1203 94 31 about
242 1203 73 31 with
331 1204 54 31 her
400 1204 114 42 fingers
532 1205 65 43 (she
615 1207 101 31 would
732 1208 79 33 have
828 1210 78 32 been
927 1222 33 21 so

136 1264 71 40 glad
219 1263 26 31 if
256 1264 130 41 Aspasie
402 1265 62 31 had
479 1265 79 33 been
580 1266 97 42 there,
696 1269 132 42 Aspasie
845 1271 116 43 always

133 1325 88 31 knew
234 1326 120 40 exactly
366 1326 83 32 Avhat
460 1331 32 28 to
503 1326 66 43 say)
582 1341 7 27 ;
639 1329 13 30 I
669 1341 50 20 am
737 1342 33 20 so
787 1332 96 32 afraid
899 1344 61 30 you

135 1385 99 32 would
265 1386 93 41 laugh
389 1392 31 26 at
448 1399 57 28 me,
539 1400 33 20 or
596 1389 37 31 be
664 1402 76 31 very
767 1403 98 32 angry
892 1393 27 31 if
945 1394 15 31 I

133 1458 79 22 were
235 1453 30 26 to
290 1447 54 33 tell
367 1460 60 30 you
571 1451 54 32 she
650 1453 98 32 added
773 1454 30 31 in
824 1466 18 20 a
865 1454 95 32 lower

132 1514 78 26 tone.
