1079 1710
851 81 55 25 263

269 86 67 20 THE
359 86 103 20 NIGHT
485 87 39 19 OF
546 87 86 19 THAT
654 87 73 19 DAY.

130 157 30 32 It
185 164 67 27 cost
276 160 64 32 him
364 173 19 20 a
407 161 107 32 visible
540 160 135 43 struggle
700 166 32 27 to
757 173 79 31 open
860 160 47 33 his

84 231 84 31 eyes,
186 222 78 32 raise
281 223 48 31 his
345 223 88 41 head,
451 224 61 31 and
533 224 92 41 begin
650 224 89 41 again
755 228 32 27 to
804 223 103 42 speak,

84 283 64 32 and
170 284 53 32 the
246 285 109 41 glance
380 286 33 31 of
433 286 52 31 the
510 298 56 29 eye
590 298 64 20 was
678 286 71 40 dim,
775 286 59 31 and
856 285 51 32 the

86 345 113 40 speech
216 358 63 20 was
295 347 118 31 thicker
429 347 77 31 than
521 347 112 32 before.

203 406 78 32 have
305 408 89 30 made
418 419 39 19 no
600 407 64 31 said
679 407 38 31 he
731 420 7 24 ;
870 406 38 32 all

83 478 78 30 goes
177 471 32 27 to
225 467 113 41 Pierre,
362 469 60 30 and
442 480 60 29 you
521 468 60 31 will
603 468 178 31 administer
802 480 106 30 every-

83 526 99 43 thing.
230 528 95 32 Don't
346 528 42 32 let
414 529 104 31 Pierre
543 530 37 31 be
606 529 134 41 brought
766 541 40 29 up
833 541 34 20 as
893 530 15 31 I

198 588 38 32 he
253 589 107 40 added,
374 589 75 31 with
465 601 19 19 a
500 589 116 32 sudden
633 590 86 31 effort
732 590 34 31 of
777 602 128 29 energy;

119 661 53 30 my
187 650 121 31 mother
326 650 56 31 has
403 650 77 31 been
499 662 52 30 my
567 651 67 30 ruin
647 664 6 26 ;
678 651 89 40 bring
785 651 63 30 him
866 662 42 30 up

86 709 61 31 like
164 721 18 19 a
198 722 71 19 man
270 729 43 3 —
314 710 60 32 like
391 710 40 31 all
447 710 53 31 the
516 711 95 30 world
612 730 43 4 —
656 711 61 31 like
733 711 175 42 everybody

85 787 44 4 —
130 769 60 32 like
206 770 47 31 his
270 771 99 31 fellow
386 777 154 26 creatures
551 784 7 28 ;
584 772 75 31 send
673 772 46 30 for
734 772 99 31 Henri
849 772 58 31 and

85 830 107 32 Victor
223 832 128 41 directly
382 832 78 31 after
493 844 64 29 you
590 832 79 31 have
700 833 126 31 secured
855 832 52 32 the

85 892 109 32 doctor
205 906 6 27 ;
236 893 56 31 but
306 905 107 20 secure
436 893 63 31 him
511 906 7 27 ;
541 894 27 30 if
585 893 131 40 needful,
733 898 78 26 trust
826 894 81 39 both,

83 958 81 26 trust
180 954 108 31 Victor
304 954 115 41 always
420 973 44 3 —
464 954 39 31 he
518 954 27 31 is
557 965 79 30 your
651 953 104 32 cousin
767 967 6 27 ;
791 954 117 31 consult

85 1016 86 32 them
188 1016 115 40 always
315 1029 6 27 ;
346 1016 84 31 mind
446 1016 93 31 about
555 1016 101 31 Pierre

130 1077 61 32 His
213 1077 79 32 head
313 1077 50 32 fell
384 1077 87 39 back,
487 1077 62 31 and
565 1077 99 32 Claire
681 1088 66 20 rose
761 1088 72 20 now
849 1077 57 31 and

84 1137 75 31 bent
176 1149 72 19 over
264 1137 72 31 him.

160 1198 126 40 Olivier,
309 1198 73 32 dear
392 1198 7 32 !
452 1198 55 31 she
523 1197 178 42 whispered,
750 1197 25 31 if
786 1198 24 30 it
823 1204 83 25 must

85 1261 38 31 be
133 1280 43 3 —
186 1260 27 32 if
252 1260 23 32 it
316 1259 25 32 is
383 1259 109 32 indeed
536 1259 172 40 inevitable,
752 1270 18 20 a
813 1259 93 41 priest

82 1322 111 30 should

160 1383 93 32 Raise
275 1394 53 30 my
474 1381 39 33 he
535 1382 188 40 murmured,
741 1382 60 32 and
816 1382 89 32 when

82 1445 56 33 she
154 1445 62 32 had
233 1444 79 32 done
336 1455 33 20 so
389 1443 74 32 with
485 1443 55 32 her
562 1455 73 29 arm,
639 1463 43 3 —
867 1443 40 32 he

82 1506 177 39 continued,
277 1517 85 19 more
384 1504 162 41 distinctly,
565 1504 59 32 and
640 1505 73 31 with
729 1517 18 20 a
763 1505 70 32 look
854 1505 53 31 she
