1079 1710
129 68 52 25 126

360 74 82 20 LO\TE
465 72 63 21 THE
552 70 161 22 AVENGER.

127 152 37 31 be
180 151 73 32 with
267 151 47 31 his
330 150 86 31 niece
433 148 51 32 the
508 152 75 27 next
607 147 61 41 day
683 151 34 26 at
741 157 56 20 one
815 144 120 32 o'clock
947 157 7 27 ;

126 213 60 33 and
210 213 73 32 then
311 211 101 33 Claire
438 208 188 43 thoroughly
653 207 188 32 understood
873 206 82 31 Avhat

125 288 19 19 a
159 274 127 33 difficult
301 274 70 31 task
388 272 53 32 she
465 272 61 31 had
549 270 204 32 undertaken.
802 269 88 32 Then
913 268 42 32 all

125 337 53 31 the
194 335 122 33 various
333 334 166 42 objections
523 333 53 32 she
602 333 61 31 had
687 331 97 33 heard
808 331 146 32 recurred

124 403 32 26 to
183 398 63 40 her,
273 396 122 33 clothed
420 396 30 31 in
475 395 118 33 tenfold
624 394 150 42 strength,
804 394 61 31 and
897 393 55 32 she

124 458 114 32 shrank
254 458 77 31 from
355 457 53 32 the
432 456 273 42 accomplishment
727 455 35 32 of
780 455 86 32 what
889 455 63 32 had

124 521 122 31 seemed
263 532 32 19 so
320 518 243 43 comparatively
579 529 81 31 easy.
708 517 65 33 The
796 517 155 42 DoAvager

123 583 61 31 had
201 581 191 42 stigmatised
406 581 54 32 the
483 585 68 37 step
576 592 33 19 as
632 579 164 43 improper,
814 580 61 31 and
893 592 56 19 un-

122 644 142 40 befitting
279 655 18 19 a
312 642 71 41 lady
394 643 6 31 !
447 642 73 30 And
536 641 100 31 Henri
657 641 129 42 Dupont
802 641 61 32 had
879 642 70 31 held

122 705 23 31 it
161 705 37 31 be
216 704 32 32 of
268 704 74 31 such
358 704 147 31 immense
531 703 148 41 difficulty
695 703 69 31 that
780 703 38 32 he
836 704 112 42 openly

122 766 127 32 avowed
274 766 39 31 he
339 765 90 31 kneAV
452 777 40 19 no
515 776 56 20 one
593 764 71 31 who
687 764 103 33 would
814 770 133 37 attempt

122 827 29 32 it.
209 826 96 40 Then,
333 826 32 31 in
388 826 51 32 the
466 826 64 31 face
558 826 34 31 of
618 826 53 32 the
698 831 51 27 act
774 826 89 41 itself,
893 827 53 32 the

119 900 104 31 young
239 887 165 42 Marquise,
422 887 99 42 losing
545 887 81 42 sight
651 887 34 32 of
703 887 40 32 all
767 888 53 32 the
845 888 100 32 loftier

120 950 237 31 considerations
374 949 101 32 which
491 948 100 33 raised
607 948 23 32 it
648 953 32 28 to
703 949 53 32 the
779 950 78 31 rank
874 951 34 31 of
925 963 20 19 a

119 1011 82 41 duty,
220 1022 62 20 saw
298 1010 71 42 only
384 1010 53 32 the
460 1010 88 32 small
572 1010 257 33 inconveniences
850 1012 22 31 it
893 1025 52 19 en-

119 1072 101 40 tailed,
235 1072 60 30 and
306 1072 53 31 the
377 1072 154 31 solecisms
548 1072 30 30 in
596 1072 86 31 strict
698 1073 82 41 good
795 1074 149 42 breeding

119 1133 23 30 it
168 1132 183 42 necessarily
368 1132 141 32 enforced
533 1145 82 29 upon
644 1134 63 31 her.
767 1135 83 31 Hoav
882 1136 62 31 had

117 1193 52 31 she
197 1193 92 31 dared
312 1193 71 32 take
416 1206 80 29 upon
521 1194 116 32 herself
659 1199 32 27 to
718 1196 122 32 meddle
865 1197 75 32 Avith

118 1255 55 31 her
195 1255 115 31 uncle's
333 1255 117 41 private
471 1255 72 32 life?
589 1256 50 31 He
660 1268 64 21 was
747 1258 195 43 remarkably

118 1317 74 31 kind
223 1317 59 30 and
308 1317 130 31 amiable
464 1322 30 27 to
521 1318 62 40 her,
613 1318 56 33 but
695 1319 88 32 there
808 1333 66 19 Avas
901 1334 40 19 no

117 1378 63 32 real
217 1378 144 42 intimacy
392 1378 138 33 between
569 1379 84 33 them
664 1394 7 27 ;
711 1382 61 30 and
809 1383 132 41 nothing

118 1440 30 30 in
179 1439 40 31 all
249 1439 47 31 his
327 1439 126 41 bearing
477 1439 178 33 authorised
686 1442 54 32 her
769 1447 33 27 to
826 1444 72 31 take
922 1456 19 20 a

118 1502 110 41 liberty
243 1500 74 33 with
340 1501 62 32 him
414 1515 6 27 ;
445 1502 59 31 and
521 1502 54 31 she
598 1515 62 20 was
681 1504 95 32 about
799 1510 31 27 to
855 1506 82 40 take,
