1079 1710
116 66 52 27 142

346 73 82 20 LOVE
451 72 64 20 THE
538 69 162 22 AVENGER.

116 151 33 31 of
157 150 148 41 shocking
321 149 39 32 all
376 161 77 30 your
469 147 147 42 opinions.
661 146 36 32 In
713 145 160 42 marrying
888 144 54 33 the

113 223 111 31 person
241 222 45 21 we
302 211 79 31 have
404 209 117 42 spoken
545 208 38 41 of,
608 208 15 31 I
645 219 48 20 am
718 211 55 28 not
796 207 146 43 thinking

115 273 34 32 of
159 273 54 31 her
229 283 114 28 rescue,
367 272 55 30 but
445 270 35 32 of
497 282 54 29 my
570 281 69 20 own
661 269 214 32 convenience.
927 269 14 31 I

112 335 79 31 have
216 346 82 30 upon
322 333 55 32 her
402 333 78 42 guilt
504 333 61 32 and
588 344 53 31 my
657 344 109 30 Avrong
784 344 76 30 very
883 332 58 31 dif-

113 398 97 31 ferent
235 396 121 32 notions
387 396 77 31 from
496 406 101 31 yours,
625 394 61 32 and
713 394 16 32 I
756 406 103 31 marry
884 394 57 33 her

112 459 131 31 because
260 458 23 31 it
300 458 76 31 suits
392 469 49 20 me
457 461 31 27 to
505 456 38 32 clo

155 520 66 32 The
252 531 104 30 young
393 519 156 41 Marquise
584 518 96 32 shook
712 518 54 31 her
796 518 81 32 head
907 518 30 31 in

112 581 120 39 silence,
250 581 60 31 and
332 580 110 32 looked
459 584 30 27 at
504 580 55 31 her
582 580 89 31 uncle
687 579 75 32 with
786 591 73 30 eyes
881 579 54 32 full

111 642 34 31 of
155 647 89 26 tears.

157 702 125 32 "Don't
297 702 103 41 grieve
418 713 72 20 o\Ter
610 701 38 32 he
672 701 108 40 added,
800 703 133 40 smiling,

111 764 55 31 but
181 763 123 39 serious,
321 762 31 31 in
370 762 76 42 spite
470 762 34 31 of
522 762 130 35 himself,
709 763 15 31 I
746 775 50 19 am
817 764 116 41 merely

111 836 17 21 a
150 835 72 21 man
245 824 34 31 of
299 824 51 31 the
376 823 102 40 world,
497 823 103 32 Avhose
624 824 179 42 experience
828 824 34 33 of
881 825 52 32 life

110 886 56 32 has
190 889 53 28 not
266 885 132 31 hitherto
425 885 77 31 been
529 885 171 41 altogether
727 885 205 43 satisfactory.

111 947 61 32 But
187 946 156 32 whatever
358 957 111 28 comes,
487 946 15 31 I
518 946 116 32 remain
650 958 77 30 your
742 947 68 32 firm
823 947 109 41 friend,

110 1019 52 30 my
180 1007 72 32 dear
266 1007 94 33 niece.
409 1007 103 33 Count
527 1019 82 30 upon
624 1019 50 21 me
691 1012 32 28 at
739 1008 40 32 all
796 1009 93 31 hours
892 1029 37 3 —
929 1029 4 3 -

111 1068 71 41 only
198 1068 91 41 apply
304 1073 33 26 to
352 1079 58 29 me,
427 1068 94 40 mind,
539 1068 47 32 for
601 1068 84 32 what
701 1069 144 32 interests
861 1082 71 30 you,

110 1134 53 27 not
175 1129 46 32 for
232 1129 83 32 what
327 1141 146 20 concerns
485 1130 123 42 myself;
626 1130 87 33 leave
726 1144 52 29 my
788 1132 145 33 interests

110 1195 30 27 to
157 1202 51 28 my
226 1201 67 20 own

154 1249 100 32 Claire
270 1249 59 31 had
346 1249 147 42 certainly
509 1250 91 32 failed
616 1251 73 32 with
705 1251 55 32 her
776 1254 98 32 uncle.
