1079 1710
839 81 52 26 133

301 85 68 21 TAVO
393 86 38 21 TO
454 87 63 20 THE
541 87 123 20 RESCUE.

75 163 71 27 cant
161 159 30 32 in
207 160 53 32 the
273 166 112 27 matter
400 176 6 27 ;
423 163 55 31 but
494 175 131 30 suppose
637 164 15 31 I
664 176 79 20 were
759 169 31 27 to
802 176 90 29 agree

75 224 32 27 to
134 221 84 32 what
244 234 61 30 you
329 224 103 31 would
458 224 56 32 ask
537 224 34 32 of
589 237 49 20 me
650 237 5 20 :
684 226 81 31 what
793 225 100 32 would

75 293 61 30 you
152 294 131 30 propose
298 289 32 27 to
347 285 38 31 do
395 287 15 30 ?

150 345 45 31 To
207 357 107 21 rescue
324 347 52 31 the
386 359 75 29 poor
472 348 57 40 girl
542 352 31 27 at
583 359 74 21 once
671 349 6 31 !
726 348 166 32 exclaimed

77 406 108 31 Claire.

152 468 82 32 That
258 469 34 39 is,
312 469 14 31 I
545 469 135 42 rejoined
703 469 40 33 M.
767 470 37 31 de
826 470 68 31 Mo-

77 540 120 30 ranges,
248 535 32 26 to
296 530 91 32 make
408 530 55 32 her
479 530 155 42 exchange
653 530 104 42 dainty
771 530 63 32 fare
850 530 45 32 for

78 602 114 28 coarse,
210 591 60 32 fine
287 591 118 32 clothes
427 591 45 32 for
494 591 74 42 ugly
584 603 81 28 ones,
683 591 59 32 and
756 603 83 20 more
863 603 32 20 or

78 651 61 31 less
154 656 32 27 to
204 651 70 32 shut
290 652 55 30 her
361 663 40 30 up
417 652 30 30 in
463 663 85 20 some
563 652 73 41 holy
645 652 86 41 place
748 651 33 31 of
792 651 104 39 refuge

79 723 34 20 or
130 712 95 39 other,
251 712 101 32 where
376 712 54 31 she
448 712 107 32 should
573 712 70 42 only
658 712 73 32 hear
747 712 99 31 words
870 712 31 31 of

80 773 140 41 sanctity,
250 773 138 31 whether
418 773 54 31 she
500 784 78 21 were
610 773 81 41 quite
718 773 124 42 capable
868 773 33 31 of

79 834 243 41 understanding
344 834 86 31 them
448 845 32 20 or
499 838 61 27 not.
608 834 29 31 It
653 834 24 31 is
693 834 112 41 mostly
820 834 77 32 after

79 895 61 31 this
156 895 119 31 fashion
290 895 69 31 that
372 895 61 31 this
450 895 77 31 form
544 895 33 31 of
588 906 105 21 rescue
705 896 25 31 is
745 895 153 42 practised

80 967 83 29 upon
179 955 52 33 the

329 1016 117 42 replied
478 1016 110 39 Claire,
627 1016 126 41 looking
782 1016 41 32 M.
862 1016 36 31 de

80 1078 166 40 Moranges
271 1077 131 41 straight
424 1077 31 31 in
478 1077 53 31 the
554 1077 74 39 face,
678 1088 59 29 you
757 1077 77 30 have
850 1088 49 19 me

81 1144 32 27 at
136 1151 19 20 a
177 1143 88 37 great
288 1138 232 41 disadvantage,
539 1138 45 31 for
606 1149 60 29 you
691 1137 93 41 speak
800 1137 61 31 like
882 1149 19 20 a

81 1212 73 20 man
171 1200 33 31 of
214 1200 51 31 the
278 1199 106 40 world,
399 1199 60 32 and
475 1210 18 20 a
508 1209 72 21 man
596 1198 33 31 of
641 1198 185 41 experience,
842 1198 59 31 and

81 1262 16 31 I
113 1274 50 19 am
179 1261 114 42 utterly
308 1260 144 42 ignorant
468 1259 60 32 and
543 1259 79 31 have
640 1259 70 41 only
726 1270 52 30 my
793 1259 108 31 ardent

81 1322 152 42 goodwill.
280 1322 16 31 I
312 1321 39 32 do
366 1326 54 27 not
435 1322 95 31 brave
551 1331 70 31 you,
638 1320 97 40 uncle,
753 1320 15 31 I
792 1320 108 42 appeal

80 1391 33 25 to
128 1396 61 30 you
200 1397 5 19 :
230 1384 71 41 why
318 1383 61 31 will
395 1395 61 30 you
472 1387 54 27 not
541 1381 71 42 help
635 1393 48 20 me
696 1384 14 30 ?
754 1381 101 32 Think
872 1382 33 32 of

81 1446 85 31 Avhat
180 1446 61 31 this
257 1457 77 30 poor
349 1456 105 30 young
468 1444 90 41 thing
573 1443 99 42 might
688 1443 77 31 have
781 1444 78 30 been
860 1461 43 5 —

82 1507 54 33 she
152 1507 26 32 is
194 1513 54 27 not
263 1512 118 34 twenty
396 1511 61 35 yet,
474 1506 75 40 they
565 1518 54 28 say
633 1518 4 19 :
661 1504 87 32 think
765 1504 34 31 of
820 1504 82 31 what
