1079 1710
101 61 50 27 174

344 68 83 20 LOVE
451 68 63 20 THE
538 66 162 22 AVENGER.

99 145 60 32 had
185 146 78 32 been
288 145 119 42 lightly,
436 143 143 42 foolishly
606 141 165 33 sentenced
806 141 40 43 by
872 140 54 33 her

97 206 128 31 mother.

141 267 100 33 Claire
262 279 69 20 rose
347 267 103 32 before
466 266 145 32 Madame
637 265 37 32 de
694 264 156 34 Clavreuil
866 263 59 32 had

97 329 129 32 finished
250 329 53 32 the
325 329 60 32 last
411 328 102 32 words
538 328 35 32 of
596 328 50 31 the
674 328 100 39 letter,
793 326 61 32 and
870 331 55 37 put

96 391 89 31 clown
210 390 54 32 her
292 390 68 41 veil,
390 389 115 43 feeling
530 389 54 32 she
612 389 50 32 did
686 393 56 27 not
769 387 78 32 wish
872 387 53 32 the

95 451 177 43 expression
288 451 34 32 of
340 451 55 32 her
419 451 66 31 face
512 455 33 27 to
572 450 38 32 be
633 461 80 21 seen.
762 449 90 32 Calm
869 448 54 32 she

95 525 63 20 was
196 518 63 35 not,
291 525 56 20 nor
378 513 156 40 collected,
567 512 55 32 but
661 511 54 32 she
753 510 62 33 had
845 510 78 33 been

94 575 129 41 striving
253 575 45 31 for
322 575 53 32 the
403 575 60 31 last
489 575 117 31 minute
631 586 33 19 or
687 578 60 27 two
763 577 32 28 to
812 573 110 32 collect

93 636 54 32 her
163 636 153 32 scattered
332 648 114 28 senses,
463 636 61 31 and
541 635 54 32 she
612 635 113 32 craved
740 639 33 27 to
789 635 39 31 be
844 646 76 20 once

93 709 83 19 more
192 698 96 30 alone.

168 759 70 31 You
270 759 83 31 can't
388 759 38 31 be
464 759 95 41 going
594 759 133 41 already,
757 759 103 31 Claire
872 760 15 30 ?

92 819 95 40 urged
204 819 54 32 her
274 819 129 33 mother.

167 880 15 31 I
207 885 83 27 must
392 880 134 43 rejoined
552 880 51 32 the
628 892 106 31 young
749 880 167 43 Marquise,

91 941 150 42 hoarsely,
259 941 61 32 and
343 942 30 31 in
391 954 17 20 a
423 954 69 31 way
507 942 69 32 that
600 942 132 32 silenced
749 942 167 42 objection;

91 1002 69 39 and,
187 1002 134 42 opening
348 1003 51 32 the
430 1003 82 41 door,
530 1003 55 32 she
608 1003 158 43 hurriedly
782 1003 55 32 left
864 1004 52 32 the

90 1075 92 29 room,
209 1065 96 41 flying
331 1064 109 42 chiefly
468 1065 77 31 from
572 1065 54 31 the
653 1065 184 32 intolerable
863 1077 53 31 op-

89 1126 137 41 pression
243 1126 35 30 of
288 1125 54 32 her
358 1137 68 20 own
442 1126 121 41 misery.

132 1188 46 30 As
194 1192 32 26 to
253 1187 143 31 Madame
416 1187 36 31 de
480 1187 166 41 Clavreuil,
673 1188 54 32 she
753 1189 161 42 despaired

89 1247 35 33 of
143 1260 70 20 ever
229 1248 241 41 understanding
485 1249 53 31 the
567 1254 124 37 strange
718 1250 196 42 inequalities

88 1309 34 32 of
139 1314 117 37 temper
272 1309 53 32 she
342 1309 61 32 had
419 1311 122 31 noticed
564 1311 31 32 in
608 1311 58 33 her
691 1313 154 42 daughter
868 1314 46 32 for

88 1370 52 32 the
155 1370 60 32 last
237 1370 46 31 six
299 1370 130 33 months.
478 1371 109 42 There,
611 1373 165 43 evidently,
795 1387 63 20 was
881 1376 31 31 in

87 1431 52 33 the
170 1432 194 41 atmosphere
393 1432 33 31 of
455 1432 52 33 the
531 1445 58 30 age
613 1436 176 41 something
811 1436 100 32 which

87 1493 88 32 made
187 1504 105 30 young
302 1504 119 21 women
432 1493 202 42 inexplicable
645 1497 61 31 and
718 1497 189 34 intolerable.
