1079 1710
133 74 16 25 8

366 78 83 21 LOVE
472 77 64 21 THE
560 74 160 23 AVENGER.

130 156 53 33 the
196 156 108 32 lesson.
337 155 114 31 Where
463 152 101 33 would
579 152 79 31 have
669 150 78 31 been
763 147 53 33 the
828 145 128 45 penalty

132 217 61 32 had
210 217 53 32 she
279 216 78 33 been
373 214 121 43 worthy
503 215 14 31 ?
539 213 62 32 had
618 212 63 40 she,
699 210 104 31 whose
818 207 77 33 fault
916 207 40 32 he

129 278 62 33 had
207 278 116 40 shared,
340 276 134 42 brought
488 275 63 32 him
567 285 95 32 peace
677 272 60 33 and
754 269 199 41 satisfaction,

129 340 82 31 what
238 338 99 32 would
371 338 77 31 have
472 337 78 31 been
577 335 52 32 the
654 338 147 40 payment
824 331 130 34 exacted

129 401 76 31 from
221 400 62 31 him
299 399 46 32 for
356 399 165 41 infringing
532 398 78 31 laAvs
621 397 115 31 human
753 395 61 33 and
830 394 124 32 divine?

129 461 30 32 It
174 472 62 21 was
252 472 32 21 as
301 460 162 42 compared
478 464 32 27 to
527 459 99 32 Claire
643 458 67 32 that
734 456 115 33 Berthe
874 456 78 32 sank

129 527 32 28 to
178 533 32 21 so
226 522 60 32 low
301 533 19 21 a
335 521 88 41 level,
441 521 55 32 but
511 520 60 32 had
588 520 37 32 he
641 524 54 27 not
718 519 59 32 lost
793 518 48 32 his
856 517 96 44 privi-

129 583 66 41 lege
218 583 34 32 of
281 582 192 33 communion
505 581 72 32 Avith
610 581 53 32 the
701 580 76 42 lofty
802 579 61 32 and
897 579 55 32 the

128 655 74 31 pure
214 645 15 31 ?
265 644 95 31 What
377 655 62 20 Avas
455 643 46 31 his
517 642 83 42 right
614 647 34 27 to
663 642 52 32 the
732 653 172 21 commerce
920 641 35 32 of

128 704 113 42 angels,
260 704 37 32 he
313 704 69 31 who
397 703 60 32 had
473 703 192 42 worshipped
691 707 33 27 at
750 702 51 32 the
828 703 122 32 shrines

128 765 32 32 of
179 765 53 32 the
248 765 76 31 idols
340 765 34 31 of
394 765 67 40 clay
471 765 14 31 ?

169 826 71 31 And
256 826 61 31 this
332 837 63 20 was
410 825 51 32 the
477 826 62 31 real
555 825 160 42 hardship:
731 825 62 32 this
809 825 51 32 the
877 830 70 27 true

125 887 197 42 punishment
336 886 46 31 for
397 886 52 32 the
465 886 59 31 evil
539 886 86 33 done.
665 887 29 31 It
709 898 65 20 Avas
789 891 53 27 not
858 887 89 32 alone

125 947 68 32 that
219 947 99 32 Claire
334 958 62 20 was
419 947 108 31 denied
549 952 33 26 to
604 947 47 31 his
666 947 158 41 thoughts,
842 947 24 32 it
882 959 65 21 Avas

125 1007 69 32 that
209 1007 46 31 his
271 1007 149 41 thoughts
436 1019 80 20 were
532 1008 191 32 condemned
738 1013 32 27 to
786 1014 103 27 centre
913 1008 31 33 in

127 1068 133 32 another.
307 1068 49 31 He
383 1079 64 21 was
474 1073 53 27 not
555 1069 136 33 released
713 1069 79 33 from
814 1070 52 32 the
894 1071 53 31 old

124 1128 148 41 bondage.
318 1128 29 31 It
369 1128 135 33 endured
522 1129 60 32 and
598 1130 100 32 would
715 1131 115 32 endure
842 1145 5 27 ;
872 1132 71 41 and,

124 1189 143 31 however
288 1188 38 32 he
350 1189 99 41 might
473 1201 88 21 avow
577 1190 47 33 his
648 1202 83 21 error
753 1196 30 28 to
811 1192 130 42 himself,

124 1249 52 31 the
203 1260 225 30 consequences
452 1250 34 32 of
514 1251 52 32 the
597 1262 84 22 error
710 1257 82 27 must
819 1254 124 41 subsist,

124 1310 60 31 and
199 1310 38 31 he
252 1314 82 27 must
349 1310 140 42 honestly
505 1323 60 30 pay
580 1312 74 33 Avith
676 1312 42 33 all
741 1313 47 32 his
812 1319 132 37 protect-

124 1370 53 41 ing
202 1381 69 20 care
295 1370 59 32 and
381 1370 142 33 devotion
546 1372 53 32 the
619 1372 74 33 fatal
715 1379 122 37 present
853 1377 90 32 made

123 1430 63 31 him
208 1430 42 42 by
265 1442 19 20 a
298 1443 118 21 woman
433 1431 68 33 who
525 1432 60 33 had
607 1433 111 44 lightly
732 1435 120 33 throAvn
874 1437 71 34 her-

125 1491 59 32 self
195 1503 86 30 away
294 1493 6 31 !
