1079 1710
163 74 52 25 210

402 81 83 19 LOVE
508 80 64 20 THE
596 78 160 22 AVENGER.

160 157 118 33 herself
295 159 64 30 into
383 157 53 31 the
460 155 211 42 disagreeable
695 154 75 42 duty
793 153 35 33 of
846 153 147 32 acknow-

159 219 127 41 ledging
309 218 146 32 Madame
483 218 36 30 de
545 217 169 41 Varignan,
733 216 56 31 but
806 214 185 43 sufficiently

157 285 32 27 to
216 280 64 31 lose
304 280 83 40 sight
411 279 35 31 of
464 279 84 31 what
564 282 84 28 Avent
673 290 39 20 on
737 290 85 31 upon
846 277 146 33 Olivier's

158 341 73 38 side,
248 340 105 32 whose
370 352 66 20 arm
453 340 54 31 she
523 340 81 33 held.

199 403 44 32 At
275 402 69 32 that
375 407 136 28 moment
542 402 54 33 the
629 402 102 33 crowd
762 402 114 32 moved
908 413 38 21 on
972 414 17 20 a

156 464 59 32 few
248 469 84 38 steps
344 479 7 27 ;
394 465 102 32 Claire
534 464 61 31 and
633 464 56 32 her
723 464 143 32 husband
905 476 83 20 were

156 528 162 41 separated
355 527 78 32 from
471 527 147 32 Madame
654 527 37 32 de
723 527 157 33 Clavreuil
927 527 60 32 and

154 589 54 31 the
247 600 99 31 group
384 589 69 31 who
499 600 81 21 were
615 589 152 42 speaking
801 589 35 32 of
869 589 44 33 M.
949 589 38 32 de

155 650 175 42 Moranges'
379 650 233 43 extraordinary
650 650 153 43 marriage
817 665 7 27 ;
867 651 61 32 and
967 663 19 20 a

154 725 83 29 man,
267 713 164 42 detaching
453 713 128 32 himself
607 714 78 32 from
713 715 132 31 another
871 727 111 31 group,

154 786 84 20 came
278 775 132 41 straight
447 787 50 30 up,
538 776 61 31 and
636 776 62 32 laid
736 777 47 32 his
821 777 84 32 hand
944 789 39 21 on

154 836 141 31 Olivier's
320 836 151 31 shoulder.

226 898 64 30 I've
314 909 17 19 a
355 898 117 40 quarrel
491 898 74 31 Avith
588 910 70 30 you,
678 899 50 32 old
902 902 76 40 said,

151 959 80 40 good
252 959 211 41 humouredly,
481 959 120 32 Gaston
618 960 37 32 de
673 961 152 33 Vivienne
828 982 41 3 —
872 963 45 32 for
940 964 40 33 he

150 1019 24 30 it
204 1030 63 19 was
281 1032 6 27 ;
353 1019 70 32 how
455 1031 54 21 can
538 1032 60 31 you
629 1022 93 31 allow
748 1023 69 32 that
847 1026 133 42 rascally

150 1080 185 32 adventurer
350 1085 32 27 to
399 1081 96 42 speak
511 1086 31 28 to
559 1085 86 38 you?

339 1142 37 31 clo
402 1153 61 30 you
487 1155 90 20 mean
671 1147 160 33 answered
861 1149 45 33 M.
940 1150 38 32 de

151 1201 193 41 Beauvoisin,
357 1202 74 32 with
444 1203 123 33 evident
579 1206 267 35 embarrassment,
911 1210 67 33 I've

149 1262 77 32 been
244 1263 146 41 speaking
405 1269 32 26 to
453 1265 123 40 nobody

223 1324 64 31 Yes
302 1335 60 30 you
510 1328 135 31 retorted
669 1328 130 35 Gaston.
880 1333 16 31 I
912 1346 65 20 was

150 1384 137 41 crossing
309 1396 72 20 over
405 1385 52 32 the
481 1386 93 43 lobby
585 1388 66 41 just
668 1401 77 31 noAv,
764 1391 141 35 between
922 1396 54 32 the

149 1445 111 33 second
276 1445 59 32 and
358 1445 82 33 third
456 1452 58 36 act,
534 1449 60 31 and
617 1451 128 43 making
767 1454 86 41 right
878 1467 40 30 up
942 1462 33 27 to

148 1517 70 30 you,
236 1506 87 32 when
339 1506 82 32 what
437 1506 109 33 should
563 1509 15 31 I
594 1522 51 21 see
661 1511 56 33 but
737 1513 69 32 that
822 1514 152 33 villanous
