1079 1710
150 60 52 25 146

380 65 83 20 LOVE
485 63 65 21 THE
573 61 161 22 AVENGER.

151 142 100 40 deeds,
275 141 146 42 peopling
446 139 124 41 coming
597 150 74 30 ages
697 137 75 31 with
799 135 48 32 his
874 134 83 33 heirs
970 146 5 28 ;

150 205 55 31 but
220 204 52 32 the
288 215 83 20 mere
393 202 132 32 admirer
548 200 35 33 of
601 200 112 33 other's
734 203 170 38 greatness,
923 196 52 32 the

150 277 82 20 mere
248 265 86 31 lover
350 264 34 31 of
401 264 52 31 the
470 262 205 43 unpossessed
699 261 156 39 beautiful,
874 271 101 21 comes

151 332 31 26 at
209 338 83 20 some
319 326 73 31 time
421 337 34 19 or
479 325 88 31 other
593 329 31 26 to
653 335 50 20 see
729 323 47 31 his
800 322 89 41 need,
916 321 59 33 and

149 388 126 32 wearies
292 399 73 20 over
380 387 47 31 his
444 386 129 32 solitude
589 398 83 28 upon
689 385 96 32 earth.

193 449 42 32 M.
250 448 36 32 de
302 448 166 41 Moranges
491 448 61 31 had
576 459 86 20 come
686 452 31 27 to
742 447 61 31 this
822 446 91 32 when
937 446 36 31 he

151 511 139 31 resolved
318 515 30 27 to
376 510 70 32 take
471 515 31 27 to
530 509 127 33 himself
683 509 117 33 Claude
829 509 144 41 Raynal's

151 573 157 41 daughter,
326 572 60 31 and
402 572 89 42 bring
512 571 55 32 her
587 583 51 31 up,
656 571 61 32 and
736 571 120 32 fashion
872 570 56 33 her
943 575 30 28 to

148 633 46 31 his
220 633 88 31 hand.
365 633 81 31 That
468 645 62 19 AA^as
555 645 18 19 a
595 638 113 26 matter
732 633 34 31 of
785 633 103 40 Avhim,
914 633 59 31 and

149 707 73 19 soon
239 706 84 20 came
339 699 32 27 to
387 706 40 20 an
443 695 67 31 end.
543 695 88 31 Then
647 695 51 31 the
717 695 127 41 Sphinx,
858 695 115 41 having

149 755 145 32 achieved
306 760 114 37 repute,
435 767 64 20 was
512 756 203 31 transformed
728 757 64 30 into
805 757 51 31 the
870 761 103 27 centre

148 817 34 31 of
201 829 18 20 a
240 818 97 39 circle,
363 818 60 31 and
445 818 51 31 the
521 818 218 42 surroundings
761 818 138 33 Avhereof
919 819 53 32 she

148 890 63 20 was
234 879 51 32 the
308 879 122 40 motive,
449 879 141 42 beguiled
606 880 52 32 the
677 880 78 32 hour
777 880 47 32 for
847 892 19 20 a
888 880 83 41 time,

147 940 61 32 and
224 940 143 33 charmed
380 941 112 32 vanitv.
525 941 103 32 When
645 941 67 32 that
724 954 63 19 Avas
804 942 169 36 beo-inning-

147 1007 31 27 to
196 1002 46 32 die
258 1007 61 35 out,
338 1002 173 42 something
526 1003 106 31 awoke
648 1003 30 31 in
694 1004 52 31 the
770 1004 119 41 Sphinx
904 1004 69 32 her-

148 1063 65 40 self,
227 1063 98 31 which
343 1064 170 41 compelled
529 1064 55 31 her
599 1069 116 27 master
731 1065 129 32 Avithout
877 1066 46 31 his
940 1078 33 20 or

147 1123 54 32 her
217 1123 190 40 knoAvledge.

192 1184 28 31 It
243 1195 63 21 was
332 1185 53 31 the
413 1186 165 31 UnknoAAm
605 1188 102 31 before
732 1188 100 33 which
860 1189 39 32 he
927 1190 44 31 in-

149 1245 184 43 voluntarily
348 1246 74 32 bent
434 1260 5 27 ;
464 1247 23 32 it
503 1259 63 21 was
582 1248 52 32 the
650 1249 99 32 Truth
766 1250 67 32 that
849 1251 122 32 thrilled

148 1306 132 42 through
301 1307 70 39 him,
390 1308 117 41 though
523 1308 23 32 it
562 1310 116 42 merely
693 1311 134 32 touched
851 1312 64 32 him
939 1325 32 20 as

149 1367 38 31 he
203 1367 110 41 passed
329 1368 48 40 by.

192 1429 94 31 What
319 1429 60 31 had
413 1431 133 41 inspired
578 1432 149 33 Claudine
740 1436 15 30 ?
812 1436 48 41 By
890 1437 82 32 what

149 1491 215 32 enchantment
395 1492 59 31 had
485 1492 54 33 she
577 1494 79 32 been
694 1497 150 40 suddenly
874 1502 98 29 trans-
