1079 1710
851 108 51 25 245

278 114 152 21 FREEDOM
453 115 72 20 AVON
547 115 66 20 AND
636 115 81 20 LOST.

129 188 115 34 Olivier
263 191 138 33 fastened
420 192 46 32 his
487 204 55 30 eye
563 204 82 31 upon
663 193 51 32 the
734 192 93 40 clock,
845 192 59 32 and

85 251 98 41 when,
213 258 32 27 at
271 253 52 33 the
347 254 58 32 end
432 254 33 33 of
486 255 86 32 three
596 255 140 40 minutes,
758 254 82 32 Mile,
867 253 35 33 de

86 312 218 43 Mourjonville
329 317 173 31 re-entered
533 317 52 31 the
618 329 93 28 room,
742 316 23 31 it
787 327 63 20 Avas
871 320 31 27 to

84 374 65 32 him
166 386 33 21 as
215 375 119 43 though
350 377 86 32 three
453 378 90 31 hours
558 378 61 31 had
635 378 116 41 passed.

521 439 64 31 said
610 439 61 40 she,
696 451 33 19 as
754 439 52 31 she
834 438 70 32 held

85 502 55 27 out
170 510 56 20 one
263 499 82 31 hand
385 504 32 27 to
452 500 117 32 receive
598 501 52 31 the
680 500 223 41 pocket-book,

86 558 61 32 and
175 559 124 32 showed
323 560 31 31 in
378 561 53 31 the
463 562 84 31 other
574 562 50 31 the
652 561 144 42 envelope
828 561 33 31 of
887 572 17 20 a

85 621 98 30 letter.

259 682 21 32 it
374 683 66 31 said
461 683 134 39 Olivier;
620 684 67 37 and,
705 695 32 20 as
760 684 52 31 she
832 683 71 31 took

85 747 25 28 it
120 761 43 6 —

161 806 60 31 Let
235 817 49 20 me
301 810 102 35 count,
533 806 150 31 observed
707 806 60 39 she,
784 810 54 27 not
853 810 51 37 yet

85 866 162 42 tendering
271 872 32 26 to
330 866 64 31 him
420 866 53 32 the
500 878 93 30 paper
621 866 53 32 she
700 866 70 32 held
794 866 31 32 in
850 866 54 32 her

85 927 92 31 hand.

128 989 83 31 How
242 988 37 32 he
320 988 115 39 chafed,
468 993 53 27 not
552 988 143 41 allowing
724 988 124 32 himself
872 993 30 27 to

84 1049 111 31 snatch
210 1049 24 31 it
250 1049 78 31 from
343 1049 64 31 her.

391 1110 51 32 fell
466 1115 31 27 at
514 1110 59 32 last
596 1110 77 32 from
697 1110 54 32 her
777 1110 66 42 lips,
870 1122 32 20 as

84 1172 118 42 quietly
230 1170 173 43 depositing
428 1171 52 32 the
512 1171 74 32 little
613 1183 139 20 morocco
779 1183 68 20 case
872 1171 30 32 in

84 1233 55 31 her
163 1232 122 43 pocket,
314 1231 54 32 she
396 1231 112 32 offered
530 1236 33 27 to
593 1232 42 32 M.
660 1232 35 32 de
721 1232 181 32 Beauvoisin

83 1295 71 31 that
166 1294 45 31 for
227 1292 101 32 which
343 1292 39 33 he
398 1293 60 31 had
473 1292 72 42 paid
561 1305 32 20 so
608 1293 74 41 high
699 1305 18 20 a
731 1294 90 40 price.

127 1355 61 31 His
219 1354 112 41 fingers
353 1353 131 42 grasped
509 1353 52 32 the
585 1366 93 30 paper
701 1354 198 42 twitchingly,

83 1418 61 31 and
159 1415 74 32 with
251 1426 18 20 a
285 1419 63 27 sort
364 1414 33 32 of
409 1415 174 31 convulsion
599 1415 47 31 his
662 1428 70 28 eyes
748 1416 110 31 closed.

249 1477 61 31 had
333 1476 99 31 better
455 1488 49 20 see
525 1477 67 31 that
614 1477 40 31 all
677 1477 24 32 is
718 1478 130 40 straight
864 1489 38 20 on

163 1555 14 13 *
195 1554 23 20 A
229 1552 140 22 translation
380 1551 25 23 of
419 1551 39 23 the
470 1552 98 22 French,
580 1553 102 21 donnant
684 1567 28 2 —
713 1554 107 20 clonnant.
