1062 1607
548 45 30 15 10

95 106 26 24 of
132 106 84 29 mark,
236 106 53 24 and
303 106 34 24 he
349 106 133 31 preached
505 106 46 24 the
575 113 58 17 new
654 103 66 26 faith
735 103 65 25 with
814 111 15 16 a
843 102 65 32 fiery
922 102 57 24 zeal
993 102 25 24 in

94 140 46 24 the
152 141 106 23 district
271 140 103 24 around
388 140 40 24 his
442 140 91 24 native
547 143 81 20 town.
667 139 85 30 Many
770 137 55 25 still
839 136 81 32 clung
933 139 28 21 to
974 136 45 25 the

93 174 44 24 old
157 174 77 29 faith,
254 174 53 24 and
325 174 79 24 when
423 174 148 32 preaching
592 173 26 23 in
640 172 184 28 Manchester,
845 170 34 25 he
897 170 56 25 told
974 170 45 25 the

93 208 104 31 people,
239 216 29 16 as
282 208 19 23 it
315 216 68 16 were
397 208 34 32 by
444 216 16 16 a
472 207 171 32 prophetical
656 206 86 31 spirit,
753 207 67 27 that,
831 205 117 24 because
957 204 62 33 they

92 241 46 25 did
151 246 48 20 not
212 241 102 31 readily
327 243 125 23 embrace
465 242 45 24 the
524 240 87 24 Word
632 239 29 24 of
680 240 72 28 God,
773 239 45 24 the
837 246 72 16 mass
923 238 95 24 should

92 276 31 24 be
136 276 58 24 said
208 276 79 31 again
302 275 26 25 in
347 275 46 25 the
414 275 113 28 church,
549 274 53 24 and
623 274 47 23 the
691 273 62 32 play
775 273 29 24 of
825 273 89 23 Robin
937 272 81 25 Hood

91 310 79 24 acted
322 310 59 24 And
395 310 27 23 in
435 309 46 24 the
494 312 102 27 stormy
610 308 74 31 reign
705 306 30 26 of
754 307 95 32 Queen
873 306 79 33 Mary
965 306 53 25 this

91 351 75 17 came
181 347 28 20 to
228 351 73 24 pass.
338 343 78 24 Then
438 351 78 16 came
536 341 158 25 Bradford's
716 341 65 24 time
802 339 29 26 of
848 340 169 26 tribulation.

90 378 75 24 After
179 378 83 23 about
275 381 54 20 two
342 378 86 31 years'
443 377 215 31 imprisonment,
670 374 33 25 he
715 383 56 16 was
782 375 103 24 burned
897 378 27 21 to
935 374 81 25 death

90 412 27 23 in
131 411 163 28 Smithfield,
309 411 26 23 in
350 411 46 24 the
414 418 131 24 presence
558 409 29 24 of
598 417 14 16 a
626 412 76 29 great
716 409 145 24 multitude
873 408 30 25 of
913 409 105 32 pitying

89 445 104 32 people.
241 445 134 32 Amongst
400 444 73 24 them
498 452 56 15 was
578 443 45 24 the
646 444 125 31 martyr's
796 443 219 29 brother-in-law,

90 479 89 32 Roger
202 478 137 29 Bexwick,
361 478 30 24 of
409 478 184 27 Manchester,
613 477 62 24 who
694 477 70 24 tried
784 481 28 20 to
835 477 84 31 speak
932 480 28 21 to
974 478 44 24 the

88 516 109 28 martyr,
212 514 49 23 but
275 520 56 16 was
344 512 119 32 brutally
483 511 126 32 repulsed
631 511 34 33 by
678 511 47 24 the
745 511 95 24 sheriff
849 511 29 24 of
890 511 125 24 London.

87 547 158 24 Bradford's
258 546 54 24 last
328 546 87 24 words
427 554 71 16 were
517 545 146 24 addressed
685 549 28 20 to
735 553 15 16 a
770 545 55 32 boy
842 545 29 24 of
882 544 133 30 nineteen,

85 581 61 24 who
158 588 56 17 was
227 580 134 25 executed
376 583 27 21 at
425 579 46 25 the
493 588 74 16 same
587 579 65 24 time
664 588 6 16 :
717 579 40 24 Be
770 578 29 25 of
808 578 72 32 good
894 579 121 29 comfort,

84 615 119 28 brother,
217 614 40 24 for
269 622 42 16 we
323 614 70 24 shall
405 614 71 24 have
491 621 15 16 a
520 621 87 24 merry
621 621 100 23 supper
734 613 66 24 with
814 613 45 24 the
874 613 74 25 Lord
962 613 54 25 this

227 648 60 23 The
307 648 80 31 pains
408 647 30 24 of
457 647 82 24 death
560 647 54 24 had
640 654 35 17 no
700 650 86 21 terror
809 646 41 25 for
874 647 141 24 Bradford.

111 682 44 24 He
168 682 121 24 endured
312 683 44 22 the
378 681 81 24 flame
481 689 29 16 as
532 689 16 15 a
567 681 71 23 fresh
659 681 60 32 gale
740 680 30 24 of
789 681 73 24 wind
880 689 34 16 on
935 689 15 16 a
968 681 46 24 hot

83 724 118 16 summer
342 715 58 24 The
423 715 130 24 Puritans
576 723 69 16 were
670 719 46 20 not
737 715 37 24 all
795 723 30 16 as
847 715 116 24 amiable
986 723 28 16 as

85 749 143 28 Bradford,
242 749 56 24 and
311 748 30 25 of
351 757 51 16 one
416 749 108 24 zealous
544 748 126 25 reformer
692 757 40 16 we
754 757 46 16 are
821 748 57 25 told
900 749 59 24 that
981 749 33 24 he

84 784 91 30 pulled
189 792 15 15 a
217 783 87 32 priest
317 787 47 20 out
377 782 28 25 of
416 783 45 24 the
475 783 88 31 pulpit
585 783 27 23 in
632 782 77 25 order
731 782 59 25 that
812 791 14 15 a
847 782 129 32 preacher
989 782 28 25 of

84 817 46 25 the
143 817 134 25 reformed
289 817 111 31 religion
415 817 86 31 might
515 820 74 21 enter
602 817 29 23 it.
669 816 175 25 Manchester
865 818 50 23 has
936 817 77 32 given

84 851 73 24 birth
170 855 29 20 to
212 859 62 16 men
289 850 61 25 who
362 851 71 24 have
445 850 115 25 suffered
575 851 53 24 and
648 850 62 25 died
727 851 40 24 for
791 851 207 24 Protestantism
1009 860 5 20 ;

86 885 48 24 she
152 885 50 24 has
223 886 57 23 also
303 885 53 23 had
377 886 126 30 amongst
524 885 47 23 her
593 892 64 16 sons
678 885 78 23 those
778 884 61 24 who
858 885 70 24 have
948 886 67 23 been

86 919 107 24 faithful
204 923 67 20 unto
283 919 82 23 death
376 919 26 23 in
414 919 70 23 their
495 918 170 24 attachment
676 922 27 20 to
713 919 106 23 Roman
830 919 185 24 Catholicism.

86 954 31 23 In
131 952 46 25 the
190 953 75 32 reign
280 952 30 24 of
322 952 94 32 Queen
430 952 154 29 Elizabeth,
600 952 182 29 Manchester,
794 952 66 25 then
879 952 45 25 the
938 953 78 24 home

87 986 29 25 of
133 986 104 33 Bishop
258 986 187 29 Chadderton,
465 986 111 25 became
595 986 46 24 the
659 986 93 32 prison
771 986 86 25 house
874 986 30 25 of
914 987 103 24 several

90 1021 113 31 papists,
225 1020 92 25 whose
339 1020 121 25 children
481 1028 70 16 were
575 1020 107 24 trained
708 1028 35 24 up
764 1020 27 24 in
814 1020 46 25 the
885 1020 131 26 reformed

91 1055 121 31 religion.
246 1055 93 32 James
361 1054 162 31 Leybourne
537 1054 54 25 and
603 1054 92 33 James
712 1054 59 25 Bell
791 1054 67 25 after
877 1055 139 31 imprison-

93 1092 74 21 ment
178 1089 27 24 in
217 1088 53 25 this
282 1088 86 31 place,
380 1096 69 17 were
460 1088 65 25 both
535 1089 132 24 executed
677 1091 27 22 at
715 1088 159 30 Lancaster,
885 1089 53 24 and
949 1089 67 24 their

93 1123 85 24 heads
197 1130 70 16 were
289 1125 39 21 set
351 1130 73 24 upon
443 1122 46 24 the
510 1122 102 32 steeple
630 1122 29 24 of
673 1122 47 24 the
741 1122 148 33 Collegiate
908 1124 108 24 Church

96 1157 27 24 in
140 1157 72 31 1585.

131 1191 31 24 In
179 1191 63 31 1596
260 1190 75 24 there
354 1198 75 16 came
450 1193 28 21 to
499 1198 101 24 govern
620 1190 46 24 the
686 1190 102 33 college
808 1199 52 16 one
881 1191 61 25 who
963 1199 55 17 was

96 1224 118 32 perhaps
227 1224 46 24 the
286 1228 69 20 most
368 1224 109 24 learned
490 1233 63 15 man
566 1223 30 25 of
605 1223 42 25 his
661 1232 58 24 age,
739 1224 53 25 and
806 1225 60 24 who
885 1225 63 30 had,
963 1230 55 20 not-

96 1258 204 31 withstanding,
323 1266 15 16 a
360 1258 73 31 large
455 1257 79 25 share
555 1259 29 23 of
599 1257 46 25 the
665 1259 175 30 superstition
852 1259 30 25 of
892 1260 42 24 his
946 1260 72 24 time.

94 1293 74 33 John
179 1292 58 25 Dee
245 1300 55 16 was
311 1300 15 16 a
336 1291 59 24 firm
405 1287 116 29 believer
531 1292 26 24 in
568 1292 72 24 what
648 1300 40 17 we
697 1292 96 25 should
803 1301 59 16 now
873 1294 51 23 call
933 1294 86 31 spirit-

93 1324 110 31 ualism,
217 1326 54 24 and
284 1326 34 24 he
330 1326 49 24 has
392 1325 46 25 left
460 1334 15 16 a
497 1326 64 31 long
582 1329 116 21 account
719 1326 29 24 of
767 1327 41 24 his
821 1327 122 33 dealings
956 1328 63 24 with

98 1360 47 24 the
157 1360 84 24 world
260 1359 28 25 of
299 1360 100 31 spirits,
412 1359 65 24 with
490 1360 88 23 whom
592 1359 34 24 he
639 1360 63 29 had,
716 1368 30 16 as
758 1360 34 24 he
806 1361 130 30 believed,
950 1370 69 17 com-

100 1402 110 16 munion
224 1394 114 31 through
351 1394 42 23 his
405 1401 80 21 seers,
499 1401 28 16 or
540 1394 141 28 mediums,
695 1402 30 16 as
737 1403 40 16 we
791 1394 95 26 should
900 1404 60 16 now
969 1396 50 25 call

97 1428 86 24 them.
231 1427 90 24 When
342 1427 46 24 the
407 1427 81 24 death
509 1427 29 23 of
557 1427 58 24 Dee
638 1427 47 25 left
710 1427 47 25 the
779 1428 145 26 Warden's
946 1430 73 24 office

98 1466 110 24 vacant,
228 1461 45 25 the
293 1469 62 16 man
376 1465 70 20 most
466 1460 77 25 fitted
562 1460 42 25 for
622 1460 46 25 the
688 1462 190 31 appointment
898 1472 56 16 was
976 1464 44 25 the

100 1496 65 25 Rev.
176 1495 121 25 William
309 1495 117 24 Bourne.
458 1495 43 24 He
515 1503 54 16 was
580 1503 14 16 a
605 1503 62 16 man
681 1495 29 25 of
718 1496 131 32 learning,
863 1498 55 25 and
930 1506 52 18 one
995 1498 27 25 of
