1079 1710
143 74 34 25 46

377 80 83 20 LOVE
484 79 65 21 THE
572 76 164 22 AVENGER.

139 157 46 31 As
214 156 82 33 Mile.
321 155 142 42 Mourjon
490 153 189 42 thoroughly
702 149 198 45 appreciated
923 148 48 33 his

139 218 202 41 intelligence,
357 217 52 32 she
426 216 71 32 took
513 215 52 32 the
581 215 69 32 best
666 213 133 44 possible
816 223 71 21 care
903 210 68 33 that

137 280 39 32 he
192 279 112 32 should
320 278 103 32 obtain
439 289 40 20 no
495 276 117 42 insight
628 275 61 33 into
706 275 55 33 her
777 286 91 31 game
880 287 6 27 ;
915 274 56 31 but

138 340 124 32 Henri's
290 339 151 42 vigilance
472 350 64 19 was
572 342 54 27 not
657 336 176 43 altogether
863 341 33 27 to
931 335 39 32 be

137 401 153 40 deceived,
315 401 72 41 only
402 400 23 31 it
441 404 82 27 Avent
548 404 107 37 astray
678 403 62 37 too,
767 398 61 32 and
855 396 116 33 tended

137 462 132 33 towards
296 474 39 20 an
360 473 165 21 erroneous
550 461 68 33 aim.
667 461 29 31 A
718 461 86 31 word
829 472 34 19 or
894 464 72 36 two,

139 523 135 43 dropped
297 523 33 32 in
352 523 72 42 joke
446 523 41 42 by
512 523 42 32 M.
582 523 38 32 de
647 523 169 41 Moranges
842 521 125 32 months

138 597 66 30 ago,
221 584 141 33 recurred
379 589 32 27 to
428 584 73 40 him,
519 584 61 32 and
603 584 39 32 he
661 580 95 36 asked
779 583 129 32 himself
927 583 41 32 all

138 652 32 26 at
186 657 75 21 once
278 645 26 32 if
323 646 51 31 the
391 645 88 43 witty
495 645 61 32 and
571 645 149 42 practical
736 645 127 32 minded
879 645 85 32 Mile.

137 706 130 43 Aspasie
284 707 99 42 might
395 711 53 27 not
463 707 38 31 be
513 706 32 32 in
562 718 83 20 some
661 706 112 42 degree
790 706 177 42 dangerous

136 767 47 32 for
208 767 124 32 Olivier.
391 767 57 32 His
472 767 79 32 fears
576 767 125 42 pointed
723 767 184 43 principally
934 772 32 27 to

136 828 54 32 the
216 829 98 31 latter'
319 840 14 20 s
360 840 99 30 purse,
485 828 55 32 but
562 833 55 27 not
640 829 199 42 exclusively,
858 829 46 31 for
927 829 40 32 he

137 901 63 20 Avas
216 889 83 43 quite
316 901 98 20 aware
429 889 69 32 that
514 901 18 20 a
548 901 120 20 woman
686 889 34 32 of
731 890 55 32 her
801 890 76 31 kind
893 902 73 30 may

137 951 110 32 absorb
264 951 59 31 and
338 951 108 42 totally
463 952 162 41 subjugate
641 964 19 19 a
675 963 72 20 man
767 952 35 31 of
821 951 147 33 Olivier's

139 1012 125 41 species.

182 1073 104 31 Count
309 1073 126 41 Dupont
451 1073 106 32 busied
579 1074 127 32 himself
717 1074 75 32 with
810 1075 154 32 discover-

137 1135 54 40 ing
206 1134 40 31 all
261 1134 38 31 he
316 1134 89 31 could
427 1134 148 41 touching
597 1135 83 32 Mile.
697 1136 169 41 Mourjon's
882 1142 81 36 past,

138 1194 68 40 and,
224 1194 88 31 Avhen
339 1194 37 31 he
403 1194 61 31 had
491 1194 147 32 collected
661 1207 19 20 a
704 1196 115 32 certain
844 1208 68 20 sum
935 1197 33 32 of

138 1255 114 41 details,
269 1255 39 31 he
330 1255 139 32 resolved
492 1256 39 31 he
548 1257 102 31 would
672 1257 72 32 take
761 1269 39 20 an
817 1264 148 36 opportu-

137 1316 64 41 nity
218 1315 34 32 of
270 1316 161 41 satisfying
446 1317 127 31 himself
584 1329 33 20 as
633 1324 32 25 to
680 1318 53 32 the
750 1318 64 33 real
831 1324 79 27 state
934 1319 34 32 of

137 1378 99 31 affairs
274 1378 139 31 between
450 1378 82 33 Mile,
573 1379 37 31 de
648 1379 216 42 Mourjonville
904 1383 61 31 and

139 1439 122 32 Olivier.
309 1439 67 32 One
391 1440 61 41 day
467 1440 116 32 chance
607 1440 109 33 served
740 1441 65 32 him
817 1455 5 18 :
848 1442 39 32 he
903 1443 62 33 had

138 1500 98 33 called
259 1504 32 28 at
317 1500 52 32 the
397 1500 94 32 Hotel
517 1501 166 40 Moranges
711 1503 60 32 and
801 1504 78 32 been
910 1506 53 32 ad-
