1079 1710
116 77 33 24 92

351 81 82 21 LOVE
457 81 63 21 THE
544 78 162 23 AVENGER.

116 158 61 32 and
192 170 78 30 gone
294 163 32 27 to
349 158 57 32 her
427 156 168 41 forthwith,
610 156 60 32 and
686 155 111 42 fought
813 154 76 33 with
906 153 40 33 all

115 220 52 32 the
193 232 81 20 arms
300 220 54 31 she
380 219 91 31 knew
500 218 37 41 of,
566 222 33 27 to
625 229 72 20 save
721 217 53 32 the
796 216 149 42 unhappy

116 282 166 33 creature's
299 282 76 31 soul.
423 281 63 31 But
502 280 54 32 she
575 280 91 32 could
689 284 55 27 not
759 279 81 32 walk
860 278 44 32 off
915 282 32 28 to

115 343 51 32 the
189 343 95 32 Hotel
308 343 37 31 de
367 343 176 40 Moranges,
563 342 60 31 and
646 342 42 42 by
704 341 55 33 her
782 340 165 42 teachings

116 405 60 32 and
192 404 184 44 preachings
401 416 88 30 carry
506 404 45 32 off
569 404 61 32 this
655 404 84 32 lamb
765 402 182 44 (supposing

116 466 55 32 her
186 470 31 28 to
233 466 37 32 be
288 465 69 42 one)
375 465 78 32 from
469 465 53 32 the
535 465 150 32 devourer
687 485 42 3 —
730 464 54 33 the
795 465 152 32 devourer

115 528 101 40 being,
234 532 60 36 too,
313 528 55 31 her
384 540 69 19 own
468 528 98 31 uncle.

159 587 29 32 It
204 598 63 21 was
282 586 186 43 impossible,
486 586 22 32 it
524 586 101 33 would
648 586 39 33 be
710 599 33 20 so
759 586 168 33 ridiculous
939 587 6 32 !

119 648 60 32 and
195 648 114 40 Claire,
326 647 103 33 whose
447 647 95 33 entire
559 648 50 32 life
623 660 63 20 was
702 661 71 19 now
788 648 83 32 fixed
887 648 60 32 and

116 709 124 32 centred
256 709 31 31 in
313 721 57 19 one
394 721 142 30 supreme
553 710 166 31 absorbent
742 710 86 41 grief,
856 710 91 32 could

116 774 52 37 yet
183 770 91 31 recoil
289 770 103 31 before
409 770 53 31 the
478 770 70 32 idea
565 771 35 31 of
610 771 135 32 ridicule.

161 832 61 32 She
238 843 64 20 was
319 833 100 40 sorely
434 833 173 41 perplexed,
625 834 47 31 for
687 834 61 32 like
765 834 41 32 all
823 846 121 20 women

117 893 35 31 of
171 892 55 32 her
252 893 75 31 kind
343 894 31 30 in
401 893 55 32 her
479 901 124 35 present
630 895 147 32 situation
801 895 36 32 of
858 895 88 32 heart

117 954 60 31 and
207 954 93 40 mind,
333 954 54 32 she
418 955 113 42 longed
563 956 45 31 for
635 968 83 20 some
747 956 77 33 deed
849 961 33 28 to
908 957 37 32 be

119 1015 87 40 done,
223 1015 47 31 for
287 1027 83 20 some
386 1017 82 40 good
485 1022 32 27 to
530 1017 38 32 be
580 1017 157 33 achieved.
785 1018 46 32 As
848 1018 97 41 usual,

119 1076 239 32 circumstances
382 1078 148 41 provided
552 1078 46 32 for
621 1079 56 32 her
700 1079 83 33 what
806 1080 55 32 she
883 1091 63 21 was

119 1137 111 31 unable
245 1141 31 27 to
292 1138 125 40 provide
433 1138 47 32 for
495 1138 120 33 herself.

165 1198 60 33 She
241 1210 63 20 was
320 1199 135 42 walking
470 1200 30 32 in
522 1213 40 19 an
585 1201 80 42 alley
682 1202 34 32 of
734 1203 53 32 the
804 1204 74 32 Bois
890 1216 58 21 one

120 1259 59 33 fine
207 1259 104 42 bright
334 1260 155 41 forenoon,
508 1262 89 32 while
621 1263 53 32 the
700 1276 56 19 sun
783 1265 96 33 shone
909 1278 40 20 on

120 1320 54 33 the
190 1321 169 32 snow-clad
375 1322 149 32 branches
544 1323 35 31 of
600 1324 51 33 the
667 1330 89 37 trees,
775 1327 62 32 and
857 1328 92 31 made

121 1382 83 32 them
235 1381 104 42 glitter
370 1394 33 20 as
434 1382 119 43 though
587 1384 151 34 bestrewn
766 1387 75 32 with
865 1399 84 31 pow-

122 1444 93 31 dered
232 1443 166 41 diamonds,
413 1444 89 32 when
526 1445 103 33 Count
652 1447 127 43 Dupont
803 1449 73 31 rode
897 1449 51 42 by.

124 1506 61 32 She
210 1505 109 32 bowed
342 1510 33 27 to
399 1505 64 32 him
475 1519 6 28 ;
506 1506 38 33 he
570 1508 115 42 caught
708 1509 83 42 sight
818 1511 35 31 of
873 1511 76 33 little
