1079 1710
132 97 51 25 230

371 99 81 22 LOVE
477 97 64 21 THE
565 93 158 23 AVENGER.

134 179 186 41 calculating
336 177 69 32 hoAV
421 174 93 33 much
535 171 77 34 each
635 169 190 34 contributor
842 177 64 21 was
930 170 30 27 to

132 242 160 33 furnish—
294 241 70 30 how
391 237 92 33 much
508 236 52 32 the
584 234 163 40 Dowager,
771 231 70 30 how
868 226 92 33 much

133 305 43 31 M.
209 304 35 31 de
276 303 176 38 Moranges,
488 298 61 32 and
579 307 70 21 noAV
679 295 71 31 how
784 291 93 33 much
913 289 47 33 his

132 365 138 42 nephew,
274 383 40 3 —

209 427 55 41 My
281 426 71 31 dear
521 421 54 32 she
603 419 73 39 said,
704 417 134 41 blandly,
898 426 62 31 you

133 490 125 31 interest
274 499 48 20 me
337 501 6 26 ;
368 486 15 32 I
408 486 61 31 will
490 484 39 31 do
554 495 53 30 my
623 482 78 31 best.
748 480 71 31 You
835 478 93 32 know
945 478 14 30 I

132 551 60 30 like
222 554 31 26 to
285 548 100 41 oblige
400 561 6 26 ;
441 547 55 31 but
527 545 15 31 I
574 555 49 20 am
654 541 128 42 terribly
820 552 118 30 poor—
943 551 17 19 a

133 611 172 42 dependent
329 607 127 44 myself;
480 607 69 39 and,
568 617 33 19 as
627 604 14 31 I
659 603 65 32 said
743 602 65 43 just
833 613 80 27 now,
938 599 26 33 if

132 673 130 32 Camille
279 682 79 21 were
375 675 33 26 to
424 670 38 31 be
478 668 53 33 left
546 665 190 43 unprovided
753 664 47 32 for
815 664 14 31 I
847 663 112 32 should

132 734 79 32 have
227 738 30 26 to
275 736 127 37 support

206 795 61 31 But
282 794 54 31 tell
358 805 50 19 me
423 792 70 31 how
651 788 164 33 continued
832 787 123 39 Olivier,

132 856 131 40 eagerly.

209 916 88 39 Well,
325 916 14 30 I
364 914 108 32 should
496 914 61 30 like
584 917 32 27 to
641 923 88 31 spare
755 923 78 31 your
855 922 100 31 purse,

231 977 158 32 answered
403 977 54 31 the
474 975 189 32 considerate
679 973 142 43 Aspasie.
877 973 81 42 Sup-

132 1050 72 31 pose
237 1050 47 20 we
317 1038 64 31 said
408 1042 61 27 two
494 1037 140 32 hundred
657 1037 154 31 thousand
837 1036 101 32 francs
951 1049 6 27 ;

132 1112 61 30 you
218 1099 101 41 might
343 1099 77 31 have
447 1099 82 31 Avhat
553 1110 63 30 you
643 1099 77 31 wish
747 1098 47 32 for
821 1099 30 30 in
883 1110 75 29 your

132 1160 97 31 hands
249 1160 60 31 this
333 1171 74 30 very
430 1160 60 41 clay
491 1179 43 3 —
535 1160 52 31 the
612 1171 69 20 sum
707 1160 25 31 is
757 1171 19 20 a
800 1160 158 30 moderate

132 1231 58 21 one
204 1234 6 26 ;
235 1231 62 30 yes,
320 1220 46 31 for
389 1225 62 27 two
475 1220 141 32 hundred
640 1221 156 32 thousand
819 1221 102 31 francs
944 1220 14 31 I

133 1284 60 30 will
218 1295 89 29 agree
325 1288 32 26 to
373 1284 71 30 take
470 1284 40 30 all
532 1284 118 31 further
674 1285 230 41 responsibility
920 1296 38 20 on

132 1344 116 42 myself,
277 1344 59 31 and
363 1356 61 30 you
451 1345 61 30 Avill
537 1346 37 30 be
607 1346 46 31 for
684 1358 72 20 ever
787 1347 63 32 free
851 1367 43 2 —
895 1347 63 32 free

132 1418 77 19 even
239 1410 32 27 to
296 1405 100 41 forget
420 1406 68 31 that
513 1418 60 29 you
599 1419 72 20 ever
695 1408 88 32 owed
806 1420 50 20 me
883 1421 75 30 any-

175 1529 61 30 But
253 1539 17 19 a
286 1526 112 31 bucket
415 1527 34 30 of
466 1527 68 31 cold
551 1533 94 27 Avater
661 1529 120 32 thrown
806 1530 149 42 suddenly
