<?xml version="1.0" encoding="UTF-8"?>
<alto xmlns:xsi="http://www.w3.org/2001/XMLSchema-instance" xsi:noNamespaceSchemaLocation="http://www.bl.uk/schemas/alto/alto-1-4.xsd" xmlns:xlink="http://www.w3.org/1999/xlink">
	<Description>
		<MeasurementUnit>mm10</MeasurementUnit>
		<sourceImageInformation>
			<fileName>//head1/IN/2007-46/A0010888503.3/008055.jp2</fileName>
		</sourceImageInformation>
		<OCRProcessing ID="OCRPROCESSING_1">
			<preProcessingStep>
				<processingSoftware>
					<softwareCreator>CCS Content Conversion Specialists GmbH, Germany</softwareCreator>
					<softwareName>CCS docWORKS</softwareName>
					<softwareVersion>6.1-0.62</softwareVersion>
				</processingSoftware>
			</preProcessingStep>
			<ocrProcessingStep>
				<processingSoftware>
					<softwareCreator>ABBYY (BIT Software), Russia</softwareCreator>
					<softwareName>Finereader</softwareName>
				</processingSoftware>
			</ocrProcessingStep>
		</OCRProcessing>
	</Description>
	<Styles>
		<TextStyle ID="TXT_0" FONTSIZE="11" FONTFAMILY="Courier New"/>
		<TextStyle ID="TXT_1" FONTSIZE="9" FONTFAMILY="Courier New"/>
		<ParagraphStyle ID="PAR_RIGHT" ALIGN="Right"/>
		<ParagraphStyle ID="PAR_LEFT" ALIGN="Left"/>
	</Styles>
	<Layout>
		<Page ID="P81" PHYSICAL_IMG_NR="81" HEIGHT="1710" WIDTH="1079" PRINTED_IMG_NR="71" POSITION="Right" ACCURACY="74.86">
			<TopMargin ID="P81_TM00001" HPOS="0" VPOS="0" WIDTH="1078" HEIGHT="114">
				<TextBlock ID="P81_TB00001" HPOS="874" VPOS="79" WIDTH="31" HEIGHT="27" STYLEREFS="TXT_0 PAR_RIGHT">
					<TextLine ID="P81_TL00001" HPOS="874" VPOS="79" WIDTH="31" HEIGHT="27">
						<String ID="P81_ST00001" HPOS="874" VPOS="79" WIDTH="31" HEIGHT="27" CONTENT="71" WC="1.00" CC="00"/>
					</TextLine>
				</TextBlock>
				<TextBlock ID="P81_TB00002" HPOS="217" VPOS="84" WIDTH="561" HEIGHT="30" STYLEREFS="TXT_1 PAR_LEFT">
					<TextLine ID="P81_TL00002" HPOS="218" VPOS="85" WIDTH="560" HEIGHT="29">
						<String ID="P81_ST00002" HPOS="218" VPOS="85" WIDTH="143" HEIGHT="22" CONTENT="LIGHTLY" WC="0.60" CC="1863042"/>
						<SP ID="P81_SP00001" HPOS="361" VPOS="107" WIDTH="23"/>
						<String ID="P81_ST00003" HPOS="384" VPOS="86" WIDTH="127" HEIGHT="28" CONTENT="LOVING," WC="0.47" CC="5075961"/>
						<SP ID="P81_SP00002" HPOS="511" VPOS="114" WIDTH="24"/>
						<String ID="P81_ST00004" HPOS="535" VPOS="86" WIDTH="140" HEIGHT="22" CONTENT="LIGHTLY" WC="0.62" CC="6066005"/>
						<SP ID="P81_SP00003" HPOS="675" VPOS="114" WIDTH="24"/>
						<String ID="P81_ST00005" HPOS="699" VPOS="86" WIDTH="79" HEIGHT="22" CONTENT="LOST." WC="0.67" CC="60620"/>
					</TextLine>
				</TextBlock>
			</TopMargin>
			<LeftMargin ID="P81_LM00001" HPOS="0" VPOS="108" WIDTH="84" HEIGHT="1432"/>
			<RightMargin ID="P81_RM00001" HPOS="910" VPOS="108" WIDTH="168" HEIGHT="1432"/>
			<BottomMargin ID="P81_BM00001" HPOS="0" VPOS="1540" WIDTH="1078" HEIGHT="170"/>
			<PrintSpace ID="P81_PS00001" HPOS="84" VPOS="108" WIDTH="826" HEIGHT="1432">
				<TextBlock ID="P81_TB00003" HPOS="84" VPOS="160" WIDTH="826" HEIGHT="1380" STYLEREFS="TXT_1 PAR_LEFT">
					<TextLine ID="P81_TL00003" HPOS="93" VPOS="161" WIDTH="816" HEIGHT="44">
						<String ID="P81_ST00006" HPOS="93" VPOS="165" WIDTH="87" HEIGHT="37" CONTENT="apart" WC="0.92" CC="00012"/>
						<SP ID="P81_SP00004" HPOS="180" VPOS="202" WIDTH="16"/>
						<String ID="P81_ST00007" HPOS="196" VPOS="161" WIDTH="78" HEIGHT="32" CONTENT="from" WC="0.97" CC="0000"/>
						<SP ID="P81_SP00005" HPOS="274" VPOS="202" WIDTH="26"/>
						<String ID="P81_ST00008" HPOS="300" VPOS="161" WIDTH="51" HEIGHT="32" CONTENT="the" WC="0.67" CC="270"/>
						<SP ID="P81_SP00006" HPOS="351" VPOS="202" WIDTH="27"/>
						<String ID="P81_ST00009" HPOS="378" VPOS="163" WIDTH="140" HEIGHT="42" CONTENT="ordinary" WC="0.69" CC="06055060"/>
						<SP ID="P81_SP00007" HPOS="518" VPOS="205" WIDTH="15"/>
						<String ID="P81_ST00010" HPOS="533" VPOS="162" WIDTH="104" HEIGHT="40" CONTENT="world," WC="0.65" CC="906400"/>
						<SP ID="P81_SP00008" HPOS="637" VPOS="205" WIDTH="29"/>
						<String ID="P81_ST00011" HPOS="666" VPOS="174" WIDTH="33" HEIGHT="21" CONTENT="so" WC="0.67" CC="50"/>
						<SP ID="P81_SP00009" HPOS="699" VPOS="205" WIDTH="26"/>
						<String ID="P81_ST00012" HPOS="725" VPOS="162" WIDTH="184" HEIGHT="41" CONTENT="exclusively" WC="0.78" CC="00016640040"/>
					</TextLine>
					<TextLine ID="P81_TL00004" HPOS="90" VPOS="220" WIDTH="819" HEIGHT="44">
						<String ID="P81_ST00013" HPOS="90" VPOS="220" WIDTH="124" HEIGHT="33" CONTENT="divided" WC="0.90" CC="0401000"/>
						<SP ID="P81_SP00010" HPOS="214" VPOS="253" WIDTH="26"/>
						<String ID="P81_ST00014" HPOS="240" VPOS="222" WIDTH="141" HEIGHT="33" CONTENT="between" WC="0.82" CC="7000004"/>
						<SP ID="P81_SP00011" HPOS="381" VPOS="255" WIDTH="35"/>
						<String ID="P81_ST00015" HPOS="416" VPOS="223" WIDTH="211" HEIGHT="32" CONTENT="self-devotion" WC="0.79" CC="6110400040205"/>
						<SP ID="P81_SP00012" HPOS="627" VPOS="255" WIDTH="31"/>
						<String ID="P81_ST00016" HPOS="658" VPOS="223" WIDTH="59" HEIGHT="32" CONTENT="and" WC="0.78" CC="060"/>
						<SP ID="P81_SP00013" HPOS="717" VPOS="255" WIDTH="22"/>
						<String ID="P81_ST00017" HPOS="739" VPOS="235" WIDTH="55" HEIGHT="20" CONTENT="one" WC="0.74" CC="070"/>
						<SP ID="P81_SP00014" HPOS="794" VPOS="255" WIDTH="31"/>
						<String ID="P81_ST00018" HPOS="825" VPOS="222" WIDTH="84" HEIGHT="42" CONTENT="grief," WC="0.84" CC="061001"/>
					</TextLine>
					<TextLine ID="P81_TL00005" HPOS="91" VPOS="282" WIDTH="819" HEIGHT="44">
						<String ID="P81_ST00019" HPOS="91" VPOS="282" WIDTH="68" HEIGHT="33" CONTENT="that" WC="0.81" CC="0700"/>
						<SP ID="P81_SP00015" HPOS="159" VPOS="315" WIDTH="26"/>
						<String ID="P81_ST00020" HPOS="185" VPOS="288" WIDTH="33" HEIGHT="27" CONTENT="to" WC="0.91" CC="01"/>
						<SP ID="P81_SP00016" HPOS="218" VPOS="315" WIDTH="24"/>
						<String ID="P81_ST00021" HPOS="242" VPOS="284" WIDTH="53" HEIGHT="32" CONTENT="the" WC="0.75" CC="070"/>
						<SP ID="P81_SP00017" HPOS="295" VPOS="316" WIDTH="22"/>
						<String ID="P81_ST00022" HPOS="317" VPOS="285" WIDTH="200" HEIGHT="31" CONTENT="unconscious" WC="0.71" CC="55004400261"/>
						<SP ID="P81_SP00018" HPOS="517" VPOS="316" WIDTH="24"/>
						<String ID="P81_ST00023" HPOS="541" VPOS="285" WIDTH="151" HEIGHT="41" CONTENT="grandeur" WC="0.70" CC="07060062"/>
						<SP ID="P81_SP00019" HPOS="692" VPOS="326" WIDTH="24"/>
						<String ID="P81_ST00024" HPOS="716" VPOS="284" WIDTH="33" HEIGHT="32" CONTENT="of" WC="0.44" CC="28"/>
						<SP ID="P81_SP00020" HPOS="749" VPOS="326" WIDTH="18"/>
						<String ID="P81_ST00025" HPOS="767" VPOS="284" WIDTH="55" HEIGHT="31" CONTENT="her" WC="0.57" CC="606"/>
						<SP ID="P81_SP00021" HPOS="822" VPOS="326" WIDTH="23"/>
						<String ID="P81_ST00026" HPOS="845" VPOS="283" WIDTH="65" HEIGHT="32" CONTENT="soul" WC="0.54" CC="3284"/>
					</TextLine>
					<TextLine ID="P81_TL00006" HPOS="92" VPOS="344" WIDTH="818" HEIGHT="42">
						<String ID="P81_ST00027" HPOS="92" VPOS="344" WIDTH="40" HEIGHT="31" CONTENT="all" WC="1.00" CC="000"/>
						<SP ID="P81_SP00022" HPOS="132" VPOS="375" WIDTH="25"/>
						<String ID="P81_ST00028" HPOS="157" VPOS="344" WIDTH="106" HEIGHT="42" CONTENT="things" WC="0.44" CC="675607"/>
						<SP ID="P81_SP00023" HPOS="263" VPOS="386" WIDTH="16"/>
						<String ID="P81_ST00029" HPOS="279" VPOS="346" WIDTH="99" HEIGHT="40" CONTENT="grand" WC="0.78" CC="06050"/>
						<SP ID="P81_SP00024" HPOS="378" VPOS="386" WIDTH="23"/>
						<String ID="P81_ST00030" HPOS="401" VPOS="357" WIDTH="85" HEIGHT="20" CONTENT="came" WC="1.00" CC="0000"/>
						<SP ID="P81_SP00025" HPOS="486" VPOS="386" WIDTH="23"/>
						<String ID="P81_ST00031" HPOS="509" VPOS="345" WIDTH="98" HEIGHT="32" CONTENT="home." WC="0.85" CC="70000"/>
						<SP ID="P81_SP00026" HPOS="607" VPOS="386" WIDTH="48"/>
						<String ID="P81_ST00032" HPOS="655" VPOS="346" WIDTH="93" HEIGHT="31" CONTENT="From" WC="0.70" CC="1018"/>
						<SP ID="P81_SP00027" HPOS="748" VPOS="386" WIDTH="24"/>
						<String ID="P81_ST00033" HPOS="772" VPOS="345" WIDTH="51" HEIGHT="32" CONTENT="the" WC="0.69" CC="071"/>
						<SP ID="P81_SP00028" HPOS="823" VPOS="386" WIDTH="17"/>
						<String ID="P81_ST00034" HPOS="840" VPOS="356" WIDTH="70" HEIGHT="20" CONTENT="con" SUBS_TYPE="HypPart1" SUBS_CONTENT="constant" WC="0.90" CC="0030"/>
						<HYP CONTENT="-"/>
					</TextLine>
					<TextLine ID="P81_TL00007" HPOS="92" VPOS="406" WIDTH="817" HEIGHT="42">
						<String ID="P81_ST00035" HPOS="92" VPOS="410" WIDTH="83" HEIGHT="27" CONTENT="stant" SUBS_TYPE="HypPart2" SUBS_CONTENT="constant" WC="0.56" CC="55055"/>
						<SP ID="P81_SP00029" HPOS="175" VPOS="437" WIDTH="27"/>
						<String ID="P81_ST00036" HPOS="202" VPOS="406" WIDTH="84" HEIGHT="32" CONTENT="habit" WC="0.68" CC="72060"/>
						<SP ID="P81_SP00030" HPOS="286" VPOS="438" WIDTH="16"/>
						<String ID="P81_ST00037" HPOS="302" VPOS="406" WIDTH="34" HEIGHT="32" CONTENT="of" WC="0.90" CC="20"/>
						<SP ID="P81_SP00031" HPOS="336" VPOS="438" WIDTH="17"/>
						<String ID="P81_ST00038" HPOS="353" VPOS="407" WIDTH="176" HEIGHT="40" CONTENT="measuring" WC="0.55" CC="300664558"/>
						<SP ID="P81_SP00032" HPOS="529" VPOS="447" WIDTH="15"/>
						<String ID="P81_ST00039" HPOS="544" VPOS="407" WIDTH="103" HEIGHT="41" CONTENT="things" WC="0.68" CC="072701"/>
						<SP ID="P81_SP00033" HPOS="647" VPOS="448" WIDTH="23"/>
						<String ID="P81_ST00040" HPOS="670" VPOS="407" WIDTH="41" HEIGHT="40" CONTENT="by" WC="1.00" CC="00"/>
						<SP ID="P81_SP00034" HPOS="711" VPOS="448" WIDTH="15"/>
						<String ID="P81_ST00041" HPOS="726" VPOS="418" WIDTH="39" HEIGHT="20" CONTENT="an" WC="0.63" CC="07"/>
						<SP ID="P81_SP00035" HPOS="765" VPOS="448" WIDTH="24"/>
						<String ID="P81_ST00042" HPOS="789" VPOS="407" WIDTH="120" HEIGHT="31" CONTENT="Infinite" WC="0.69" CC="20007616"/>
					</TextLine>
					<TextLine ID="P81_TL00008" HPOS="93" VPOS="466" WIDTH="817" HEIGHT="42">
						<String ID="P81_ST00043" HPOS="93" VPOS="466" WIDTH="155" HEIGHT="41" CONTENT="standard," WC="0.88" CC="400100400"/>
						<SP ID="P81_SP00036" HPOS="248" VPOS="507" WIDTH="19"/>
						<String ID="P81_ST00044" HPOS="267" VPOS="467" WIDTH="55" HEIGHT="32" CONTENT="she" WC="0.57" CC="570"/>
						<SP ID="P81_SP00037" HPOS="322" VPOS="507" WIDTH="22"/>
						<String ID="P81_ST00045" HPOS="344" VPOS="467" WIDTH="61" HEIGHT="32" CONTENT="had" WC="0.75" CC="700"/>
						<SP ID="P81_SP00038" HPOS="405" VPOS="507" WIDTH="16"/>
						<String ID="P81_ST00046" HPOS="421" VPOS="478" WIDTH="107" HEIGHT="30" CONTENT="grown" WC="0.98" CC="00100"/>
						<SP ID="P81_SP00039" HPOS="528" VPOS="508" WIDTH="16"/>
						<String ID="P81_ST00047" HPOS="544" VPOS="472" WIDTH="31" HEIGHT="27" CONTENT="to" WC="0.98" CC="00"/>
						<SP ID="P81_SP00040" HPOS="575" VPOS="508" WIDTH="16"/>
						<String ID="P81_ST00048" HPOS="591" VPOS="467" WIDTH="37" HEIGHT="32" CONTENT="be" WC="0.79" CC="40"/>
						<SP ID="P81_SP00041" HPOS="628" VPOS="508" WIDTH="17"/>
						<String ID="P81_ST00049" HPOS="645" VPOS="467" WIDTH="114" HEIGHT="32" CONTENT="lenient" WC="0.79" CC="0070070"/>
						<SP ID="P81_SP00042" HPOS="759" VPOS="508" WIDTH="15"/>
						<String ID="P81_ST00050" HPOS="774" VPOS="472" WIDTH="32" HEIGHT="27" CONTENT="to" WC="0.99" CC="00"/>
						<SP ID="P81_SP00043" HPOS="806" VPOS="508" WIDTH="14"/>
						<String ID="P81_ST00051" HPOS="820" VPOS="467" WIDTH="90" HEIGHT="32" CONTENT="much" WC="0.67" CC="0507"/>
					</TextLine>
					<TextLine ID="P81_TL00009" HPOS="93" VPOS="526" WIDTH="817" HEIGHT="43">
						<String ID="P81_ST00052" HPOS="93" VPOS="526" WIDTH="69" HEIGHT="32" CONTENT="that" WC="0.58" CC="7701"/>
						<SP ID="P81_SP00044" HPOS="162" VPOS="558" WIDTH="25"/>
						<String ID="P81_ST00053" HPOS="187" VPOS="527" WIDTH="113" HEIGHT="31" CONTENT="shocks" WC="0.72" CC="470004"/>
						<SP ID="P81_SP00045" HPOS="300" VPOS="558" WIDTH="24"/>
						<String ID="P81_ST00054" HPOS="324" VPOS="527" WIDTH="53" HEIGHT="31" CONTENT="the" WC="0.54" CC="670"/>
						<SP ID="P81_SP00046" HPOS="377" VPOS="558" WIDTH="21"/>
						<String ID="P81_ST00055" HPOS="398" VPOS="528" WIDTH="106" HEIGHT="39" CONTENT="world," WC="0.89" CC="000032"/>
						<SP ID="P81_SP00047" HPOS="504" VPOS="567" WIDTH="17"/>
						<String ID="P81_ST00056" HPOS="521" VPOS="528" WIDTH="60" HEIGHT="30" CONTENT="and" WC="0.84" CC="040"/>
						<SP ID="P81_SP00048" HPOS="581" VPOS="567" WIDTH="23"/>
						<String ID="P81_ST00057" HPOS="604" VPOS="532" WIDTH="31" HEIGHT="27" CONTENT="to" WC="0.83" CC="30"/>
						<SP ID="P81_SP00049" HPOS="635" VPOS="567" WIDTH="24"/>
						<String ID="P81_ST00058" HPOS="659" VPOS="528" WIDTH="37" HEIGHT="31" CONTENT="be" WC="0.64" CC="70"/>
						<SP ID="P81_SP00050" HPOS="696" VPOS="567" WIDTH="18"/>
						<String ID="P81_ST00059" HPOS="714" VPOS="528" WIDTH="70" HEIGHT="41" CONTENT="only" WC="0.76" CC="1700"/>
						<SP ID="P81_SP00051" HPOS="784" VPOS="569" WIDTH="23"/>
						<String ID="P81_ST00060" HPOS="807" VPOS="539" WIDTH="103" HEIGHT="20" CONTENT="severe" WC="0.77" CC="304040"/>
					</TextLine>
					<TextLine ID="P81_TL00010" HPOS="93" VPOS="588" WIDTH="816" HEIGHT="32">
						<String ID="P81_ST00061" HPOS="93" VPOS="593" WIDTH="32" HEIGHT="26" CONTENT="to" WC="0.89" CC="02"/>
						<SP ID="P81_SP00052" HPOS="125" VPOS="619" WIDTH="16"/>
						<String ID="P81_ST00062" HPOS="141" VPOS="588" WIDTH="75" HEIGHT="31" CONTENT="such" WC="0.64" CC="0607"/>
						<SP ID="P81_SP00053" HPOS="216" VPOS="619" WIDTH="12"/>
						<String ID="P81_ST00063" HPOS="228" VPOS="588" WIDTH="191" HEIGHT="32" CONTENT="derelictions" WC="0.82" CC="000005003073"/>
						<SP ID="P81_SP00054" HPOS="419" VPOS="620" WIDTH="16"/>
						<String ID="P81_ST00064" HPOS="435" VPOS="599" WIDTH="33" HEIGHT="20" CONTENT="as" WC="0.78" CC="04"/>
						<SP ID="P81_SP00055" HPOS="468" VPOS="620" WIDTH="16"/>
						<String ID="P81_ST00065" HPOS="484" VPOS="588" WIDTH="22" HEIGHT="31" CONTENT="it" WC="0.68" CC="14"/>
						<SP ID="P81_SP00056" HPOS="506" VPOS="620" WIDTH="16"/>
						<String ID="P81_ST00066" HPOS="522" VPOS="588" WIDTH="88" HEIGHT="32" CONTENT="takes" WC="0.83" CC="21004"/>
						<SP ID="P81_SP00057" HPOS="610" VPOS="620" WIDTH="16"/>
						<String ID="P81_ST00067" HPOS="626" VPOS="593" WIDTH="54" HEIGHT="27" CONTENT="not" WC="0.66" CC="504"/>
						<SP ID="P81_SP00058" HPOS="680" VPOS="620" WIDTH="15"/>
						<String ID="P81_ST00068" HPOS="695" VPOS="589" WIDTH="61" HEIGHT="31" CONTENT="into" WC="0.70" CC="1450"/>
						<SP ID="P81_SP00059" HPOS="756" VPOS="620" WIDTH="16"/>
						<String ID="P81_ST00069" HPOS="772" VPOS="593" WIDTH="137" HEIGHT="27" CONTENT="account." WC="0.82" CC="00014501"/>
					</TextLine>
					<TextLine ID="P81_TL00011" HPOS="94" VPOS="651" WIDTH="816" HEIGHT="41">
						<String ID="P81_ST00070" HPOS="94" VPOS="652" WIDTH="46" HEIGHT="31" CONTENT="To" WC="0.92" CC="01"/>
						<SP ID="P81_SP00060" HPOS="140" VPOS="683" WIDTH="31"/>
						<String ID="P81_ST00071" HPOS="171" VPOS="652" WIDTH="61" HEIGHT="39" CONTENT="her," WC="0.68" CC="6060"/>
						<SP ID="P81_SP00061" HPOS="232" VPOS="691" WIDTH="34"/>
						<String ID="P81_ST00072" HPOS="266" VPOS="651" WIDTH="110" HEIGHT="32" CONTENT="Berthe" WC="0.67" CC="600570"/>
						<SP ID="P81_SP00062" HPOS="376" VPOS="691" WIDTH="32"/>
						<String ID="P81_ST00073" HPOS="408" VPOS="651" WIDTH="37" HEIGHT="32" CONTENT="de" WC="0.50" CC="90"/>
						<SP ID="P81_SP00063" HPOS="445" VPOS="691" WIDTH="31"/>
						<String ID="P81_ST00074" HPOS="476" VPOS="651" WIDTH="167" HEIGHT="41" CONTENT="Mottefort," WC="0.88" CC="0000000631"/>
						<SP ID="P81_SP00064" HPOS="643" VPOS="692" WIDTH="32"/>
						<String ID="P81_ST00075" HPOS="675" VPOS="652" WIDTH="68" HEIGHT="31" CONTENT="who" WC="0.76" CC="070"/>
						<SP ID="P81_SP00065" HPOS="743" VPOS="692" WIDTH="30"/>
						<String ID="P81_ST00076" HPOS="773" VPOS="652" WIDTH="60" HEIGHT="31" CONTENT="had" WC="0.76" CC="700"/>
						<SP ID="P81_SP00066" HPOS="833" VPOS="692" WIDTH="31"/>
						<String ID="P81_ST00077" HPOS="864" VPOS="664" WIDTH="46" HEIGHT="19" CONTENT="re" SUBS_TYPE="HypPart1" SUBS_CONTENT="renounced" WC="0.87" CC="210"/>
						<HYP CONTENT="-"/>
					</TextLine>
					<TextLine ID="P81_TL00012" HPOS="93" VPOS="712" WIDTH="816" HEIGHT="32">
						<String ID="P81_ST00078" HPOS="93" VPOS="713" WIDTH="141" HEIGHT="31" CONTENT="nounced" SUBS_TYPE="HypPart2" SUBS_CONTENT="renounced" WC="0.66" CC="4077005"/>
						<SP ID="P81_SP00067" HPOS="234" VPOS="744" WIDTH="15"/>
						<String ID="P81_ST00079" HPOS="249" VPOS="712" WIDTH="51" HEIGHT="32" CONTENT="the" WC="0.76" CC="070"/>
						<SP ID="P81_SP00068" HPOS="300" VPOS="744" WIDTH="18"/>
						<String ID="P81_ST00080" HPOS="318" VPOS="712" WIDTH="94" HEIGHT="31" CONTENT="world" WC="0.75" CC="00650"/>
						<SP ID="P81_SP00069" HPOS="412" VPOS="744" WIDTH="16"/>
						<String ID="P81_ST00081" HPOS="428" VPOS="712" WIDTH="45" HEIGHT="31" CONTENT="for" WC="0.82" CC="005"/>
						<SP ID="P81_SP00070" HPOS="473" VPOS="744" WIDTH="16"/>
						<String ID="P81_ST00082" HPOS="489" VPOS="712" WIDTH="51" HEIGHT="31" CONTENT="the" WC="0.55" CC="570"/>
						<SP ID="P81_SP00071" HPOS="540" VPOS="744" WIDTH="18"/>
						<String ID="P81_ST00083" HPOS="558" VPOS="713" WIDTH="73" HEIGHT="31" CONTENT="sake" WC="0.87" CC="5000"/>
						<SP ID="P81_SP00072" HPOS="631" VPOS="744" WIDTH="13"/>
						<String ID="P81_ST00084" HPOS="644" VPOS="713" WIDTH="34" HEIGHT="31" CONTENT="of" WC="0.75" CC="40"/>
						<SP ID="P81_SP00073" HPOS="678" VPOS="744" WIDTH="17"/>
						<String ID="P81_ST00085" HPOS="695" VPOS="713" WIDTH="52" HEIGHT="31" CONTENT="the" WC="0.64" CC="370"/>
						<SP ID="P81_SP00074" HPOS="747" VPOS="744" WIDTH="16"/>
						<String ID="P81_ST00086" HPOS="763" VPOS="725" WIDTH="70" HEIGHT="19" CONTENT="man" WC="0.64" CC="045"/>
						<SP ID="P81_SP00075" HPOS="833" VPOS="744" WIDTH="24"/>
						<String ID="P81_ST00087" HPOS="857" VPOS="713" WIDTH="52" HEIGHT="31" CONTENT="she" WC="0.69" CC="170"/>
					</TextLine>
					<TextLine ID="P81_TL00013" HPOS="91" VPOS="773" WIDTH="818" HEIGHT="42">
						<String ID="P81_ST00088" HPOS="91" VPOS="774" WIDTH="98" HEIGHT="40" CONTENT="loved," WC="0.83" CC="305001"/>
						<SP ID="P81_SP00076" HPOS="189" VPOS="814" WIDTH="18"/>
						<String ID="P81_ST00089" HPOS="207" VPOS="785" WIDTH="63" HEIGHT="20" CONTENT="was" WC="0.54" CC="904"/>
						<SP ID="P81_SP00077" HPOS="270" VPOS="814" WIDTH="16"/>
						<String ID="P81_ST00090" HPOS="286" VPOS="777" WIDTH="54" HEIGHT="27" CONTENT="not" WC="1.00" CC="000"/>
						<SP ID="P81_SP00078" HPOS="340" VPOS="814" WIDTH="16"/>
						<String ID="P81_ST00091" HPOS="356" VPOS="785" WIDTH="39" HEIGHT="19" CONTENT="an" WC="0.76" CC="04"/>
						<SP ID="P81_SP00079" HPOS="395" VPOS="814" WIDTH="16"/>
						<String ID="P81_ST00092" HPOS="411" VPOS="773" WIDTH="100" HEIGHT="42" CONTENT="object" WC="0.89" CC="060000"/>
						<SP ID="P81_SP00080" HPOS="511" VPOS="815" WIDTH="16"/>
						<String ID="P81_ST00093" HPOS="527" VPOS="773" WIDTH="34" HEIGHT="31" CONTENT="of" WC="1.00" CC="00"/>
						<SP ID="P81_SP00081" HPOS="561" VPOS="815" WIDTH="11"/>
						<String ID="P81_ST00094" HPOS="572" VPOS="773" WIDTH="183" HEIGHT="32" CONTENT="Pharisaical" WC="0.54" CC="67040557490"/>
						<SP ID="P81_SP00082" HPOS="755" VPOS="815" WIDTH="11"/>
						<String ID="P81_ST00095" HPOS="766" VPOS="774" WIDTH="143" HEIGHT="41" CONTENT="loathing," WC="0.73" CC="000076701"/>
					</TextLine>
					<TextLine ID="P81_TL00014" HPOS="91" VPOS="834" WIDTH="819" HEIGHT="42">
						<String ID="P81_ST00096" HPOS="91" VPOS="847" WIDTH="33" HEIGHT="20" CONTENT="as" WC="0.67" CC="06"/>
						<SP ID="P81_SP00083" HPOS="124" VPOS="867" WIDTH="24"/>
						<String ID="P81_ST00097" HPOS="148" VPOS="834" WIDTH="54" HEIGHT="32" CONTENT="she" WC="0.68" CC="270"/>
						<SP ID="P81_SP00084" HPOS="202" VPOS="867" WIDTH="23"/>
						<String ID="P81_ST00098" HPOS="225" VPOS="846" WIDTH="62" HEIGHT="20" CONTENT="was" WC="1.00" CC="000"/>
						<SP ID="P81_SP00085" HPOS="287" VPOS="867" WIDTH="28"/>
						<String ID="P81_ST00099" HPOS="315" VPOS="834" WIDTH="99" HEIGHT="31" CONTENT="stated" WC="0.81" CC="302400"/>
						<SP ID="P81_SP00086" HPOS="414" VPOS="867" WIDTH="24"/>
						<String ID="P81_ST00100" HPOS="438" VPOS="838" WIDTH="32" HEIGHT="27" CONTENT="to" WC="0.97" CC="00"/>
						<SP ID="P81_SP00087" HPOS="470" VPOS="867" WIDTH="26"/>
						<String ID="P81_ST00101" HPOS="496" VPOS="834" WIDTH="38" HEIGHT="31" CONTENT="be" WC="0.63" CC="70"/>
						<SP ID="P81_SP00088" HPOS="534" VPOS="867" WIDTH="26"/>
						<String ID="P81_ST00102" HPOS="560" VPOS="838" WIDTH="31" HEIGHT="27" CONTENT="to" WC="1.00" CC="00"/>
						<SP ID="P81_SP00089" HPOS="591" VPOS="867" WIDTH="26"/>
						<String ID="P81_ST00103" HPOS="617" VPOS="834" WIDTH="53" HEIGHT="31" CONTENT="the" WC="0.75" CC="070"/>
						<SP ID="P81_SP00090" HPOS="670" VPOS="867" WIDTH="17"/>
						<String ID="P81_ST00104" HPOS="687" VPOS="835" WIDTH="104" HEIGHT="41" CONTENT="dainty" WC="0.69" CC="902140"/>
						<SP ID="P81_SP00091" HPOS="791" VPOS="876" WIDTH="16"/>
						<String ID="P81_ST00105" HPOS="807" VPOS="835" WIDTH="103" HEIGHT="31" CONTENT="dames" WC="0.90" CC="00005"/>
					</TextLine>
					<TextLine ID="P81_TL00015" HPOS="91" VPOS="895" WIDTH="819" HEIGHT="42">
						<String ID="P81_ST00106" HPOS="91" VPOS="896" WIDTH="69" HEIGHT="31" CONTENT="who" WC="0.80" CC="060"/>
						<SP ID="P81_SP00092" HPOS="160" VPOS="927" WIDTH="23"/>
						<String ID="P81_ST00107" HPOS="183" VPOS="895" WIDTH="129" HEIGHT="42" CONTENT="reputed" WC="0.67" CC="0096600"/>
						<SP ID="P81_SP00093" HPOS="312" VPOS="937" WIDTH="16"/>
						<String ID="P81_ST00108" HPOS="328" VPOS="895" WIDTH="184" HEIGHT="31" CONTENT="themselves" WC="0.74" CC="0700602206"/>
						<SP ID="P81_SP00094" HPOS="512" VPOS="937" WIDTH="16"/>
						<String ID="P81_ST00109" HPOS="528" VPOS="895" WIDTH="138" HEIGHT="32" CONTENT="virtuous" WC="0.67" CC="51507060"/>
						<SP ID="P81_SP00095" HPOS="666" VPOS="937" WIDTH="24"/>
						<String ID="P81_ST00110" HPOS="690" VPOS="896" WIDTH="130" HEIGHT="31" CONTENT="because" WC="0.86" CC="0000620"/>
						<SP ID="P81_SP00096" HPOS="820" VPOS="937" WIDTH="16"/>
						<String ID="P81_ST00111" HPOS="836" VPOS="896" WIDTH="74" HEIGHT="41" CONTENT="they" WC="0.63" CC="7700"/>
					</TextLine>
					<TextLine ID="P81_TL00016" HPOS="90" VPOS="956" WIDTH="819" HEIGHT="43">
						<String ID="P81_ST00112" HPOS="90" VPOS="957" WIDTH="74" HEIGHT="42" CONTENT="kept" WC="0.81" CC="0070"/>
						<SP ID="P81_SP00097" HPOS="164" VPOS="999" WIDTH="24"/>
						<String ID="P81_ST00113" HPOS="188" VPOS="969" WIDTH="82" HEIGHT="30" CONTENT="upon" WC="0.72" CC="7003"/>
						<SP ID="P81_SP00098" HPOS="270" VPOS="999" WIDTH="28"/>
						<String ID="P81_ST00114" HPOS="298" VPOS="957" WIDTH="80" HEIGHT="40" CONTENT="good" WC="0.69" CC="0605"/>
						<SP ID="P81_SP00099" HPOS="378" VPOS="999" WIDTH="26"/>
						<String ID="P81_ST00115" HPOS="404" VPOS="961" WIDTH="95" HEIGHT="26" CONTENT="terms" WC="0.86" CC="00006"/>
						<SP ID="P81_SP00100" HPOS="499" VPOS="999" WIDTH="23"/>
						<String ID="P81_ST00116" HPOS="522" VPOS="956" WIDTH="75" HEIGHT="31" CONTENT="with" WC="0.79" CC="0107"/>
						<SP ID="P81_SP00101" HPOS="597" VPOS="999" WIDTH="30"/>
						<String ID="P81_ST00117" HPOS="627" VPOS="956" WIDTH="52" HEIGHT="32" CONTENT="the" WC="0.75" CC="070"/>
						<SP ID="P81_SP00102" HPOS="679" VPOS="999" WIDTH="26"/>
						<String ID="P81_ST00118" HPOS="705" VPOS="957" WIDTH="96" HEIGHT="31" CONTENT="world" WC="0.83" CC="02500"/>
						<String ID="P81_ST00119" HPOS="815" VPOS="970" WIDTH="5" HEIGHT="27" CONTENT=";" WC="0.70" CC="2"/>
						<SP ID="P81_SP00103" HPOS="820" VPOS="999" WIDTH="36"/>
						<String ID="P81_ST00120" HPOS="856" VPOS="957" WIDTH="53" HEIGHT="31" CONTENT="she" WC="0.56" CC="570"/>
					</TextLine>
					<TextLine ID="P81_TL00017" HPOS="90" VPOS="1017" WIDTH="819" HEIGHT="42">
						<String ID="P81_ST00121" HPOS="90" VPOS="1031" WIDTH="64" HEIGHT="19" CONTENT="was" WC="0.80" CC="005"/>
						<SP ID="P81_SP00104" HPOS="154" VPOS="1050" WIDTH="16"/>
						<String ID="P81_ST00122" HPOS="170" VPOS="1030" WIDTH="39" HEIGHT="20" CONTENT="an" WC="0.72" CC="05"/>
						<SP ID="P81_SP00105" HPOS="209" VPOS="1050" WIDTH="14"/>
						<String ID="P81_ST00123" HPOS="223" VPOS="1018" WIDTH="98" HEIGHT="41" CONTENT="object" WC="0.83" CC="070010"/>
						<SP ID="P81_SP00106" HPOS="321" VPOS="1059" WIDTH="13"/>
						<String ID="P81_ST00124" HPOS="334" VPOS="1018" WIDTH="34" HEIGHT="31" CONTENT="of" WC="1.00" CC="00"/>
						<SP ID="P81_SP00107" HPOS="368" VPOS="1059" WIDTH="10"/>
						<String ID="P81_ST00125" HPOS="378" VPOS="1017" WIDTH="120" HEIGHT="31" CONTENT="intense" WC="0.69" CC="5060720"/>
						<SP ID="P81_SP00108" HPOS="498" VPOS="1059" WIDTH="17"/>
						<String ID="P81_ST00126" HPOS="515" VPOS="1017" WIDTH="251" HEIGHT="40" CONTENT="commiseration," WC="0.82" CC="00005505000061"/>
						<SP ID="P81_SP00109" HPOS="766" VPOS="1059" WIDTH="12"/>
						<String ID="P81_ST00127" HPOS="778" VPOS="1017" WIDTH="131" HEIGHT="32" CONTENT="because" WC="0.80" CC="6000510"/>
					</TextLine>
					<TextLine ID="P81_TL00018" HPOS="91" VPOS="1078" WIDTH="818" HEIGHT="42">
						<String ID="P81_ST00128" HPOS="91" VPOS="1080" WIDTH="53" HEIGHT="32" CONTENT="she" WC="0.54" CC="670"/>
						<SP ID="P81_SP00110" HPOS="144" VPOS="1112" WIDTH="31"/>
						<String ID="P81_ST00129" HPOS="175" VPOS="1079" WIDTH="61" HEIGHT="32" CONTENT="had" WC="0.75" CC="700"/>
						<SP ID="P81_SP00111" HPOS="236" VPOS="1112" WIDTH="32"/>
						<String ID="P81_ST00130" HPOS="268" VPOS="1078" WIDTH="155" HEIGHT="32" CONTENT="sacrificed" WC="0.90" CC="4000022000"/>
						<SP ID="P81_SP00112" HPOS="423" VPOS="1112" WIDTH="30"/>
						<String ID="P81_ST00131" HPOS="453" VPOS="1078" WIDTH="119" HEIGHT="32" CONTENT="herself." WC="0.70" CC="70650400"/>
						<SP ID="P81_SP00113" HPOS="572" VPOS="1112" WIDTH="58"/>
						<String ID="P81_ST00132" HPOS="630" VPOS="1079" WIDTH="72" HEIGHT="30" CONTENT="And" WC="0.75" CC="070"/>
						<SP ID="P81_SP00114" HPOS="702" VPOS="1112" WIDTH="30"/>
						<String ID="P81_ST00133" HPOS="732" VPOS="1090" WIDTH="75" HEIGHT="30" CONTENT="poor" WC="0.90" CC="0004"/>
						<SP ID="P81_SP00115" HPOS="807" VPOS="1120" WIDTH="30"/>
						<String ID="P81_ST00134" HPOS="837" VPOS="1078" WIDTH="72" HEIGHT="31" CONTENT="dear" WC="0.86" CC="0005"/>
					</TextLine>
					<TextLine ID="P81_TL00019" HPOS="89" VPOS="1139" WIDTH="815" HEIGHT="41">
						<String ID="P81_ST00135" HPOS="89" VPOS="1142" WIDTH="86" HEIGHT="31" CONTENT="Aunt" WC="0.66" CC="0723"/>
						<SP ID="P81_SP00116" HPOS="175" VPOS="1173" WIDTH="16"/>
						<String ID="P81_ST00136" HPOS="191" VPOS="1140" WIDTH="200" HEIGHT="40" CONTENT="Clementine," WC="0.73" CC="72700002602"/>
						<SP ID="P81_SP00117" HPOS="391" VPOS="1180" WIDTH="14"/>
						<String ID="P81_ST00137" HPOS="405" VPOS="1139" WIDTH="68" HEIGHT="32" CONTENT="who" WC="0.67" CC="072"/>
						<SP ID="P81_SP00118" HPOS="473" VPOS="1180" WIDTH="13"/>
						<String ID="P81_ST00138" HPOS="486" VPOS="1151" WIDTH="63" HEIGHT="19" CONTENT="was" WC="0.84" CC="004"/>
						<SP ID="P81_SP00119" HPOS="549" VPOS="1180" WIDTH="17"/>
						<String ID="P81_ST00139" HPOS="566" VPOS="1151" WIDTH="17" HEIGHT="19" CONTENT="a" WC="1.00" CC="0"/>
						<SP ID="P81_SP00120" HPOS="583" VPOS="1180" WIDTH="16"/>
						<String ID="P81_ST00140" HPOS="599" VPOS="1139" WIDTH="130" HEIGHT="41" CONTENT="genuine" WC="0.83" CC="0025020"/>
						<SP ID="P81_SP00121" HPOS="729" VPOS="1180" WIDTH="14"/>
						<String ID="P81_ST00141" HPOS="743" VPOS="1139" WIDTH="161" HEIGHT="40" CONTENT="Christian," WC="0.63" CC="6752104260"/>
					</TextLine>
					<TextLine ID="P81_TL00020" HPOS="90" VPOS="1200" WIDTH="818" HEIGHT="34">
						<String ID="P81_ST00142" HPOS="90" VPOS="1202" WIDTH="61" HEIGHT="32" CONTENT="and" WC="0.81" CC="050"/>
						<SP ID="P81_SP00122" HPOS="151" VPOS="1234" WIDTH="12"/>
						<String ID="P81_ST00143" HPOS="163" VPOS="1202" WIDTH="50" HEIGHT="32" CONTENT="did" WC="0.71" CC="700"/>
						<SP ID="P81_SP00123" HPOS="213" VPOS="1234" WIDTH="16"/>
						<String ID="P81_ST00144" HPOS="229" VPOS="1202" WIDTH="54" HEIGHT="31" CONTENT="her" WC="0.55" CC="705"/>
						<SP ID="P81_SP00124" HPOS="283" VPOS="1234" WIDTH="12"/>
						<String ID="P81_ST00145" HPOS="295" VPOS="1202" WIDTH="67" HEIGHT="30" CONTENT="best" WC="0.81" CC="5010"/>
						<SP ID="P81_SP00125" HPOS="362" VPOS="1234" WIDTH="16"/>
						<String ID="P81_ST00146" HPOS="378" VPOS="1201" WIDTH="61" HEIGHT="31" CONTENT="and" WC="0.76" CC="070"/>
						<SP ID="P81_SP00126" HPOS="439" VPOS="1234" WIDTH="15"/>
						<String ID="P81_ST00147" HPOS="454" VPOS="1205" WIDTH="116" HEIGHT="27" CONTENT="utmost" WC="0.75" CC="520330"/>
						<SP ID="P81_SP00127" HPOS="570" VPOS="1234" WIDTH="14"/>
						<String ID="P81_ST00148" HPOS="584" VPOS="1205" WIDTH="31" HEIGHT="27" CONTENT="to" WC="0.61" CC="52"/>
						<SP ID="P81_SP00128" HPOS="615" VPOS="1234" WIDTH="16"/>
						<String ID="P81_ST00149" HPOS="631" VPOS="1200" WIDTH="101" HEIGHT="32" CONTENT="follow" WC="0.89" CC="000320"/>
						<SP ID="P81_SP00129" HPOS="732" VPOS="1234" WIDTH="11"/>
						<String ID="P81_ST00150" HPOS="743" VPOS="1200" WIDTH="54" HEIGHT="32" CONTENT="her" WC="0.75" CC="700"/>
						<SP ID="P81_SP00130" HPOS="797" VPOS="1234" WIDTH="10"/>
						<String ID="P81_ST00151" HPOS="807" VPOS="1200" WIDTH="101" HEIGHT="31" CONTENT="divine" WC="0.55" CC="814470"/>
					</TextLine>
					<TextLine ID="P81_TL00021" HPOS="89" VPOS="1262" WIDTH="819" HEIGHT="42">
						<String ID="P81_ST00152" HPOS="89" VPOS="1263" WIDTH="143" HEIGHT="33" CONTENT="Master's" WC="0.80" CC="00201505"/>
						<SP ID="P81_SP00131" HPOS="232" VPOS="1296" WIDTH="16"/>
						<String ID="P81_ST00153" HPOS="248" VPOS="1262" WIDTH="167" HEIGHT="42" CONTENT="teachings," WC="0.73" CC="2000753061"/>
						<SP ID="P81_SP00132" HPOS="415" VPOS="1304" WIDTH="18"/>
						<String ID="P81_ST00154" HPOS="433" VPOS="1262" WIDTH="133" HEIGHT="42" CONTENT="thought" WC="0.60" CC="1747070"/>
						<SP ID="P81_SP00133" HPOS="566" VPOS="1304" WIDTH="19"/>
						<String ID="P81_ST00155" HPOS="585" VPOS="1262" WIDTH="67" HEIGHT="32" CONTENT="that" WC="0.65" CC="0706"/>
						<SP ID="P81_SP00134" HPOS="652" VPOS="1304" WIDTH="15"/>
						<String ID="P81_ST00156" HPOS="667" VPOS="1262" WIDTH="26" HEIGHT="31" CONTENT="if" WC="0.79" CC="40"/>
						<SP ID="P81_SP00135" HPOS="693" VPOS="1304" WIDTH="17"/>
						<String ID="P81_ST00157" HPOS="710" VPOS="1262" WIDTH="39" HEIGHT="31" CONTENT="he" WC="0.62" CC="70"/>
						<SP ID="P81_SP00136" HPOS="749" VPOS="1304" WIDTH="18"/>
						<String ID="P81_ST00158" HPOS="767" VPOS="1262" WIDTH="88" HEIGHT="31" CONTENT="could" WC="0.70" CC="00734"/>
						<SP ID="P81_SP00137" HPOS="855" VPOS="1304" WIDTH="15"/>
						<String ID="P81_ST00159" HPOS="870" VPOS="1262" WIDTH="38" HEIGHT="31" CONTENT="be" WC="1.00" CC="00"/>
					</TextLine>
					<TextLine ID="P81_TL00022" HPOS="89" VPOS="1322" WIDTH="818" HEIGHT="44">
						<String ID="P81_ST00160" HPOS="89" VPOS="1335" WIDTH="33" HEIGHT="21" CONTENT="so" WC="0.76" CC="40"/>
						<SP ID="P81_SP00138" HPOS="122" VPOS="1356" WIDTH="30"/>
						<String ID="P81_ST00161" HPOS="152" VPOS="1323" WIDTH="99" HEIGHT="43" CONTENT="pitiful" WC="0.71" CC="0651060"/>
						<SP ID="P81_SP00139" HPOS="251" VPOS="1366" WIDTH="15"/>
						<String ID="P81_ST00162" HPOS="266" VPOS="1323" WIDTH="135" HEIGHT="32" CONTENT="towards" WC="0.67" CC="6000563"/>
						<SP ID="P81_SP00140" HPOS="401" VPOS="1366" WIDTH="16"/>
						<String ID="P81_ST00163" HPOS="417" VPOS="1323" WIDTH="54" HEIGHT="32" CONTENT="the" WC="0.76" CC="070"/>
						<SP ID="P81_SP00141" HPOS="471" VPOS="1366" WIDTH="19"/>
						<String ID="P81_ST00164" HPOS="490" VPOS="1334" WIDTH="120" HEIGHT="20" CONTENT="woman" WC="0.91" CC="01002"/>
						<SP ID="P81_SP00142" HPOS="610" VPOS="1366" WIDTH="15"/>
						<String ID="P81_ST00165" HPOS="625" VPOS="1322" WIDTH="101" HEIGHT="32" CONTENT="whom" WC="0.56" CC="9700"/>
						<SP ID="P81_SP00143" HPOS="726" VPOS="1366" WIDTH="16"/>
						<String ID="P81_ST00166" HPOS="742" VPOS="1322" WIDTH="38" HEIGHT="32" CONTENT="he" WC="0.63" CC="70"/>
						<SP ID="P81_SP00144" HPOS="780" VPOS="1366" WIDTH="16"/>
						<String ID="P81_ST00167" HPOS="796" VPOS="1322" WIDTH="64" HEIGHT="31" CONTENT="told" WC="0.63" CC="1047"/>
						<SP ID="P81_SP00145" HPOS="860" VPOS="1366" WIDTH="15"/>
						<String ID="P81_ST00168" HPOS="875" VPOS="1326" WIDTH="32" HEIGHT="27" CONTENT="to" WC="1.00" CC="00"/>
					</TextLine>
					<TextLine ID="P81_TL00023" HPOS="90" VPOS="1384" WIDTH="819" HEIGHT="44">
						<String ID="P81_ST00169" HPOS="90" VPOS="1387" WIDTH="68" HEIGHT="41" CONTENT='"go' WC="0.82" CC="103"/>
						<SP ID="P81_SP00146" HPOS="158" VPOS="1428" WIDTH="19"/>
						<String ID="P81_ST00170" HPOS="177" VPOS="1385" WIDTH="60" HEIGHT="32" CONTENT="and" WC="0.76" CC="070"/>
						<SP ID="P81_SP00147" HPOS="237" VPOS="1428" WIDTH="24"/>
						<String ID="P81_ST00171" HPOS="261" VPOS="1385" WIDTH="46" HEIGHT="32" CONTENT="sin" WC="0.43" CC="637"/>
						<SP ID="P81_SP00148" HPOS="307" VPOS="1428" WIDTH="20"/>
						<String ID="P81_ST00172" HPOS="327" VPOS="1396" WIDTH="40" HEIGHT="21" CONTENT="no" WC="0.88" CC="20"/>
						<SP ID="P81_SP00149" HPOS="367" VPOS="1428" WIDTH="18"/>
						<String ID="P81_ST00173" HPOS="385" VPOS="1385" WIDTH="115" HEIGHT="40" CONTENT='more,"' WC="0.77" CC="702003"/>
						<SP ID="P81_SP00150" HPOS="500" VPOS="1428" WIDTH="26"/>
						<String ID="P81_ST00174" HPOS="526" VPOS="1384" WIDTH="24" HEIGHT="32" CONTENT="it" WC="0.80" CC="21"/>
						<SP ID="P81_SP00151" HPOS="550" VPOS="1428" WIDTH="17"/>
						<String ID="P81_ST00175" HPOS="567" VPOS="1395" WIDTH="63" HEIGHT="21" CONTENT="was" WC="0.62" CC="901"/>
						<SP ID="P81_SP00152" HPOS="630" VPOS="1428" WIDTH="20"/>
						<String ID="P81_ST00176" HPOS="650" VPOS="1389" WIDTH="54" HEIGHT="27" CONTENT="not" WC="0.76" CC="520"/>
						<SP ID="P81_SP00153" HPOS="704" VPOS="1428" WIDTH="28"/>
						<String ID="P81_ST00177" HPOS="732" VPOS="1384" WIDTH="177" HEIGHT="31" CONTENT="incumbent" WC="0.62" CC="560706060"/>
					</TextLine>
					<TextLine ID="P81_TL00024" HPOS="87" VPOS="1445" WIDTH="821" HEIGHT="45">
						<String ID="P81_ST00178" HPOS="87" VPOS="1460" WIDTH="82" HEIGHT="30" CONTENT="upon" WC="0.42" CC="6933"/>
						<SP ID="P81_SP00154" HPOS="169" VPOS="1490" WIDTH="25"/>
						<String ID="P81_ST00179" HPOS="194" VPOS="1447" WIDTH="63" HEIGHT="42" CONTENT="her," WC="0.66" CC="7032"/>
						<SP ID="P81_SP00155" HPOS="257" VPOS="1490" WIDTH="19"/>
						<String ID="P81_ST00180" HPOS="276" VPOS="1459" WIDTH="19" HEIGHT="20" CONTENT="a" WC="1.00" CC="0"/>
						<SP ID="P81_SP00156" HPOS="295" VPOS="1490" WIDTH="21"/>
						<String ID="P81_ST00181" HPOS="316" VPOS="1447" WIDTH="88" HEIGHT="32" CONTENT="weak" WC="0.60" CC="9060"/>
						<SP ID="P81_SP00157" HPOS="404" VPOS="1490" WIDTH="27"/>
						<String ID="P81_ST00182" HPOS="431" VPOS="1446" WIDTH="113" HEIGHT="33" CONTENT="human" WC="0.46" CC="76507"/>
						<SP ID="P81_SP00158" HPOS="544" VPOS="1490" WIDTH="28"/>
						<String ID="P81_ST00183" HPOS="572" VPOS="1450" WIDTH="144" HEIGHT="36" CONTENT="creature," WC="0.90" CC="000005102"/>
						<SP ID="P81_SP00159" HPOS="716" VPOS="1490" WIDTH="27"/>
						<String ID="P81_ST00184" HPOS="743" VPOS="1450" WIDTH="31" HEIGHT="27" CONTENT="to" WC="0.89" CC="20"/>
						<SP ID="P81_SP00160" HPOS="774" VPOS="1490" WIDTH="26"/>
						<String ID="P81_ST00185" HPOS="800" VPOS="1445" WIDTH="39" HEIGHT="31" CONTENT="be" WC="0.67" CC="60"/>
						<SP ID="P81_SP00161" HPOS="839" VPOS="1490" WIDTH="22"/>
						<String ID="P81_ST00186" HPOS="861" VPOS="1456" WIDTH="47" HEIGHT="20" CONTENT="re" SUBS_TYPE="HypPart1" SUBS_CONTENT="relentless." WC="0.74" CC="402"/>
						<HYP CONTENT="-"/>
					</TextLine>
					<TextLine ID="P81_TL00025" HPOS="86" VPOS="1509" WIDTH="131" HEIGHT="31">
						<String ID="P81_ST00187" HPOS="86" VPOS="1509" WIDTH="131" HEIGHT="31" CONTENT="lentless." SUBS_TYPE="HypPart2" SUBS_CONTENT="relentless." WC="0.69" CC="406050540"/>
					</TextLine>
				</TextBlock>
			</PrintSpace>
		</Page>
	</Layout>
</alto>
