1079 1710
386 420 200 32 CHAPTER
611 420 71 30 XII.

297 526 64 20 THE
386 526 213 20 UNEXPECTED
624 526 136 20 RETURN.

206 591 70 27 Love,
287 590 60 23 thou
358 592 35 21 art
403 590 79 28 bitter,
495 592 71 22 sweet
577 591 20 22 is
609 591 84 23 Death.
695 604 28 3 —
724 591 140 22 Tennyson.

166 652 34 31 It
226 651 26 32 is
279 651 52 32 the
359 651 178 31 immutable
554 651 59 31 law
629 650 35 32 of
685 663 55 19 our
764 651 94 40 being
880 650 68 33 that

121 713 129 42 nothing
280 713 131 32 remains
442 713 171 42 absolutely
640 713 168 42 stationary
839 713 30 31 in
901 725 45 28 us,

121 775 56 32 but
210 775 24 32 is
269 774 46 33 for
351 786 71 21 ever
454 774 93 42 being
577 774 216 41 transformed,
817 775 131 42 moving

121 836 141 32 onwards
285 835 133 33 toAvards
441 835 137 33 increase
613 847 34 20 or
678 835 135 33 towards
838 835 107 44 decay.

120 898 72 32 And
215 898 71 31 thus
309 897 24 32 it
355 896 62 33 had
451 896 78 33 been
561 896 75 33 with
670 897 108 32 Claire.
838 898 45 32 To
907 898 39 33 be

118 960 90 32 loved
231 960 40 41 by
287 959 109 32 Victor
410 958 62 32 had
496 958 78 32 been
605 958 110 32 denied
737 963 33 27 to
792 958 65 42 her,
876 959 70 41 and,

119 1021 161 40 therefore,
309 1020 88 32 when
423 1019 54 32 she
500 1019 91 32 knew
614 1020 118 32 herself
750 1021 132 32 beloved
905 1022 41 41 by

120 1083 73 39 him,
210 1082 53 31 the
275 1082 54 41 joy
345 1082 35 31 of
390 1081 68 32 that
474 1081 232 32 consciousness
722 1093 34 20 so
767 1082 107 32 .elated
890 1083 56 32 her

120 1143 65 31 that
200 1143 55 31 her
271 1142 95 42 spirit,
385 1142 95 41 rising
491 1142 67 31 into
574 1154 17 20 a
617 1142 121 32 heaven
755 1143 34 32 of
807 1144 40 31 its
865 1155 78 29 own,

121 1204 107 32 soared
243 1204 75 40 high
335 1204 96 31 above
445 1204 40 31 all
501 1204 119 40 earthly
633 1204 94 40 griefs
744 1205 62 32 and
816 1217 128 21 crosses.

165 1264 188 41 Separation,
372 1275 86 29 even,
477 1264 136 42 scarcely
628 1264 73 33 hurt
723 1271 33 27 at
777 1266 54 33 the
859 1267 84 41 time,

120 1327 46 32 for
181 1326 23 31 it
219 1337 62 19 was
306 1329 53 27 not
386 1325 139 32 believed
552 1325 69 32 that
647 1326 104 33 hearts
778 1339 34 21 so
836 1329 108 42 purely

115 1387 104 43 joined
249 1386 89 32 could
370 1392 145 35 separate.
576 1387 98 42 Then,
712 1401 33 20 as
784 1390 52 32 the
876 1392 68 32 love

120 1461 92 31 grew,
239 1448 91 32 death
357 1459 94 29 came,
475 1449 60 32 and
561 1449 151 34 halloAved
739 1452 23 32 it
764 1472 43 3 —
807 1453 90 32 made
922 1453 22 33 it

119 1510 113 34 sacred.
281 1509 61 33 But
358 1520 74 31 pure
449 1509 60 33 and
524 1510 73 42 holy
613 1512 118 40 though
748 1513 21 32 it
785 1525 72 27 was,
876 1514 68 33 that
