1079 1710
872 89 32 26 37

228 95 65 20 THE
317 95 119 20 SINNER
458 96 96 19 SEEKS
578 96 62 19 THE
664 96 98 19 SAINT.

88 171 83 41 early
187 176 32 27 to
242 172 92 31 know
360 172 52 32 the
440 184 118 20 women
584 172 70 31 who
673 171 78 32 have
774 171 134 41 brought

87 243 41 30 up
160 244 54 20 our
244 233 132 42 possible
407 233 102 40 Avivres,
541 233 59 31 and
629 245 46 20 we
703 232 103 32 shrink
832 231 76 31 from

88 292 94 42 being
210 293 91 31 made
338 293 103 42 dupes.
502 294 85 31 Love
623 293 167 41 marriages
828 292 80 31 don't

90 354 130 31 succeed
247 355 30 30 in
303 355 116 31 France
431 368 6 27 ;
470 355 55 31 but
552 366 47 20 Ave
622 355 71 40 gain
723 353 128 42 nothing
879 352 29 32 in

90 414 53 32 the

135 476 73 31 And
224 487 33 20 so
272 476 75 41 they
362 476 104 31 talked
484 488 39 19 on
539 476 45 31 till
599 476 70 40 late,
686 476 75 32 with
776 476 71 40 long
866 475 44 31 in-

93 537 114 31 tervals
246 538 34 31 of
314 538 119 39 silence,
466 538 59 30 and
555 538 142 31 Madame
734 537 176 32 Beaudouin

93 599 56 31 felt
171 599 86 31 there
280 610 63 20 Avas
366 610 39 19 an
429 599 122 40 anxiety
568 610 32 20 or
623 610 18 20 a
664 598 81 41 grief
763 598 52 31 the
830 598 80 30 Mar-

94 659 67 41 quis
186 660 51 30 did
259 664 54 26 not
335 664 128 26 venture
485 664 32 26 to
540 660 117 30 confide
673 665 30 26 to
719 659 61 32 her.
828 658 82 32 Once

93 731 35 20 or
143 720 88 31 twice
254 720 38 31 he
309 720 122 31 seemed
455 731 37 21 on
515 720 51 32 the
589 720 83 42 point
695 720 33 32 of
745 720 165 32 communi-

94 781 105 41 cating
221 785 32 27 to
276 781 55 31 her
347 792 84 21 some
448 781 113 32 hidden
578 792 77 29 care,
673 781 54 32 but
743 781 38 31 he
798 781 112 41 ahvays

95 841 136 31 checked
246 842 128 30 himself.

136 903 103 31 When
256 903 38 32 he
310 914 65 21 was
392 903 165 40 preparing
571 908 31 27 to
619 903 72 32 take
709 903 47 32 his
772 903 95 40 leave,
871 920 39 6 —

208 963 77 32 shall
309 975 95 21 never
571 964 38 32 he
631 964 73 40 said,
826 964 85 31 kind-

92 1036 70 21 ness
187 1036 61 30 you
275 1024 78 32 have
379 1024 104 32 shown
513 1036 57 21 me.
629 1025 14 31 I
673 1036 71 30 may
773 1024 77 32 have
881 1029 30 27 to

92 1087 110 31 absent
237 1086 114 43 myself
380 1086 116 42 shortly
527 1086 77 32 from
638 1086 86 32 Paris
734 1105 42 3 —
782 1085 129 43 perhaps

93 1159 78 20 even
193 1147 78 32 from
309 1147 119 32 France
440 1161 6 26 ;
481 1147 54 32 but
577 1146 156 33 Avherever
756 1146 15 32 I
808 1158 48 30 go,
896 1147 15 31 I

93 1209 78 31 shall
188 1220 88 30 carry
298 1220 77 30 your
397 1219 137 31 memory
558 1207 74 32 with
652 1219 49 20 me
712 1221 7 27 ;
753 1208 15 31 I
794 1212 117 27 entreat

93 1270 35 31 of
160 1281 60 30 you
256 1274 31 26 to
313 1269 117 31 believe
461 1268 84 32 Avhat
571 1268 15 32 I
623 1280 54 30 say
690 1282 6 27 ;
731 1279 113 30 among
871 1267 40 32 all

93 1343 52 30 my
170 1331 89 31 faults
287 1331 15 31 I
329 1331 77 31 have
430 1341 94 20 never
547 1330 78 31 been
657 1329 132 32 accused
811 1328 34 33 of
867 1328 44 32 in-

94 1393 151 42 sincerity.
292 1393 29 31 It
336 1393 26 31 is
385 1397 54 26 not
454 1392 31 31 in
501 1404 52 29 my
569 1403 69 30 Avay
654 1396 31 26 to
701 1391 38 31 be
756 1402 17 20 a
789 1389 122 43 phrase-

169 1520 15 30 I
209 1518 78 32 wish
310 1519 15 30 I
348 1518 91 32 could
461 1518 77 31 have
561 1517 77 32 been
662 1516 33 33 of
715 1516 63 33 real
801 1526 54 21 use
879 1526 33 21 or
