1079 1710
354 428 202 32 CHAPTER
587 429 38 31 II.

358 525 64 20 THE
447 525 176 20 FAEEAVELL.

127 600 75 31 And
218 600 68 31 Iioav
303 600 60 31 had
379 600 22 31 it
417 600 77 31 been
509 600 74 31 with
599 600 100 31 Claire
710 603 13 28 ?

126 660 90 39 Well,
242 661 60 31 and
326 661 110 40 calmly
461 666 33 26 to
519 661 40 31 all
583 673 194 30 appearance.
829 661 65 33 Her

82 720 83 32 chief
184 720 179 42 occupation
385 721 61 32 had
468 721 78 32 been
569 722 68 32 that
659 722 34 32 of
712 722 128 42 striving
863 727 31 28 to

81 780 70 42 help
168 780 59 32 and
242 781 128 31 comfort
384 782 53 31 the
452 782 129 31 families
598 782 35 31 of
649 782 85 33 those
750 782 68 32 who
834 782 60 32 had

79 846 79 27 most
185 842 129 31 suffered
340 842 31 31 in
395 843 51 31 the
473 843 138 31 accident
631 848 31 26 at
687 843 185 32 Combeville
886 856 6 27 ;

79 902 59 31 and
160 902 31 31 in
209 902 61 31 this
290 902 53 31 she
362 914 64 20 was
448 902 114 41 mainly
585 903 89 31 aided
696 903 41 41 by
751 903 141 32 Madame

79 964 185 32 Beaudouin.
312 964 100 32 These
434 969 72 36 two,
523 964 115 41 setting
660 970 32 26 at
714 964 117 42 nought
853 964 40 32 all

77 1025 190 33 distinctions
296 1025 33 32 of
352 1025 122 42 opinion
499 1026 60 32 and
578 1026 41 32 all
641 1031 86 38 petty
749 1025 143 32 divisions

77 1087 35 32 of
133 1087 77 32 class
235 1099 33 20 or
290 1087 121 41 coterie,
429 1091 90 37 went,
543 1099 34 20 as
599 1087 152 32 Christian
774 1099 118 20 women

77 1148 116 41 should,
212 1149 78 31 from
312 1149 94 31 house
430 1153 31 27 to
485 1149 104 41 house,
614 1149 79 32 their
715 1149 102 32 hearts
839 1149 53 31 full

75 1209 35 32 of
131 1209 107 32 tender
264 1210 65 31 zeal
354 1210 59 31 and
434 1210 131 41 genuine
592 1210 171 42 sympathy,
785 1215 31 26 to
842 1222 50 20 see

75 1271 83 32 Avhat
180 1283 127 20 succour
327 1283 34 20 or
381 1271 186 32 consolation
590 1272 88 31 could
699 1272 37 31 be
758 1272 134 32 afforded

75 1337 31 26 to
129 1332 51 32 the
203 1332 139 32 afflicted.
390 1333 29 30 It
442 1344 63 19 was
527 1337 55 26 not
605 1333 80 41 quite
709 1333 76 31 such
807 1333 84 42 plain

75 1393 108 41 sailing
208 1404 34 20 as
272 1404 61 30 you
356 1392 100 42 might
482 1393 99 42 fancy,
607 1393 47 31 for
683 1394 52 32 the
765 1406 125 29 persons

75 1454 169 32 concerned
269 1466 80 20 Avere
369 1454 46 31 far
438 1466 84 20 more
545 1455 191 41 susceptible,
761 1455 61 31 and
844 1455 47 31 far

74 1516 59 31 less
172 1527 73 29 easy
283 1515 34 31 of
349 1515 155 41 approach
541 1515 75 31 than
655 1516 52 31 the
745 1515 145 32 so-called
