1079 1710
149 83 52 26 262

380 88 81 21 LOVE
485 86 64 22 THE
571 84 160 23 AVENGER.

148 178 97 21 seems
267 171 32 27 to
319 178 57 28 me,
398 165 121 41 clearly,
544 163 41 32 all
606 162 54 33 the
682 159 125 34 terrible
828 157 148 33 mistakes

146 225 68 35 that
238 228 22 32 it
285 228 25 32 is
334 233 51 27 too
411 228 61 31 late
499 231 32 27 to
555 225 90 32 think
671 223 34 33 of
727 234 78 20 now.
853 221 16 31 I
896 219 80 32 have

146 290 129 43 nothing
290 295 31 27 to
338 289 117 43 forgive
472 300 71 31 you,
563 300 53 30 my
632 286 78 41 wife,
731 284 63 33 and
812 295 63 31 you
894 282 81 32 have

146 351 137 42 forgiven
301 363 50 20 me
372 363 60 31 any
453 351 88 31 harm
560 350 15 31 I
593 361 72 29 may
688 359 73 20 ever
781 346 79 32 have
883 344 89 33 done.

145 413 15 31 I
185 412 108 32 sinned
316 412 30 32 in
372 412 175 42 ignorance,
575 411 81 39 dear,
683 409 46 31 for
754 407 132 42 nothing
908 417 67 21 was

142 473 111 42 taught
275 486 50 19 me
348 474 66 31 that
438 474 15 31 I
477 472 109 33 should
610 472 80 31 have
714 472 78 31 been
814 468 114 42 taught
929 488 42 2 —
971 487 3 5 ■

140 534 56 32 but
212 535 16 31 I
244 540 93 26 count
352 547 82 30 upon
455 547 61 30 you
533 535 45 31 for
594 534 81 42 help.
723 532 97 33 Don't
837 543 61 31 cry,
915 531 58 32 but

141 595 99 33 listen.
288 596 96 32 What
405 597 51 32 the
472 596 96 32 Avorld
583 600 84 27 must
682 595 119 31 believe
818 594 35 41 is,
871 593 69 33 that
956 594 15 31 I

141 657 78 32 have
236 658 70 31 died
323 659 149 41 suddenly
474 677 42 4 —
516 658 88 32 heart
620 657 176 42 complaint,
815 655 155 32 aneurism

142 738 40 3 —
185 731 55 20 one
267 731 72 20 man
367 720 72 42 only
463 720 25 31 is
516 731 171 30 necessary,
715 731 57 19 one
800 730 72 20 man
899 718 72 42 only

140 786 83 26 must
238 781 38 31 be
293 781 126 31 secured
442 786 33 27 at
498 792 40 21 no
561 786 114 27 matter
693 780 83 33 what
800 786 75 26 cost.
923 780 46 31 As

142 853 73 20 soon
232 853 33 20 as
282 842 40 31 all
338 842 24 31 is
380 853 72 21 over
475 842 58 31 call
556 842 132 39 Leroux,
706 842 62 32 and
783 842 55 31 tell
859 842 63 31 him
938 846 31 28 to

140 914 40 30 go
196 902 45 33 for
256 903 52 32 the
325 903 108 33 doctor
444 903 70 33 who
530 904 76 32 lives
623 915 75 21 over
709 904 54 32 the
776 915 69 31 way
846 923 43 3 —
891 904 39 32 he
942 904 27 32 is

140 963 51 33 the
207 976 71 20 man
294 964 69 32 who
379 964 56 32 has
451 969 32 27 to
499 969 103 38 report
618 965 108 31 deaths
743 970 32 27 at
790 965 53 32 the
859 965 109 32 mairie

139 1045 42 3 —
182 1025 63 32 him
267 1038 61 30 you
345 1032 83 26 must
444 1039 51 20 see
511 1027 52 32 the
579 1032 139 27 moment
733 1027 39 32 he
789 1033 103 27 enters
915 1029 53 32 the

140 1086 104 42 house,
262 1087 61 32 and
338 1088 93 41 mind,
450 1088 110 41 Claire,
578 1089 159 32 whatever
758 1090 39 32 be
820 1090 54 32 the
899 1102 68 21 sum

138 1148 124 41 needed,
280 1161 62 29 you
357 1154 83 27 must
455 1150 72 41 give
543 1150 23 31 it
581 1155 31 27 to
629 1151 110 32 induce
761 1151 70 33 that
846 1164 73 20 man
934 1157 32 27 to

138 1212 102 38 report
251 1220 53 31 my
317 1209 91 32 death
418 1222 34 20 as
463 1212 123 31 natural
587 1231 41 3 —
632 1212 40 31 all
684 1212 52 32 the
749 1217 62 28 rest
822 1213 26 32 is

179 1269 50 31 He
245 1271 117 40 gasped
378 1271 45 31 for
439 1272 119 40 breath,
576 1273 60 32 and
652 1273 109 33 leaned
776 1274 87 34 back.

180 1329 100 32 Claire
301 1330 108 31 bowed
425 1331 55 32 her
495 1332 80 32 head
591 1334 61 31 and
668 1335 174 43 reverently
859 1336 104 33 kissed

135 1389 51 32 the
202 1389 82 32 hand
299 1390 68 32 that
383 1391 87 42 hung
485 1393 122 43 heavily
625 1407 73 20 over
713 1395 52 33 the
781 1408 67 21 arm
864 1398 35 31 of
910 1399 53 32 the

135 1450 70 38 sofa,
229 1451 55 32 but
304 1451 52 32 the
378 1453 68 31 cold
467 1455 126 32 swollen
619 1456 116 42 fingers
761 1460 125 31 seemed
909 1466 54 27 not

134 1517 31 26 to
181 1512 57 31 feel
253 1512 53 32 the
322 1525 110 21 caress.
