1062 1607
529 42 28 24 17

76 101 77 25 walk.
190 100 58 26 The
262 101 44 25 Irk
320 102 53 25 and
387 102 46 24 the
447 101 86 25 Irwell
545 110 70 17 were
628 102 104 25 famous
746 102 39 25 for
797 103 62 26 fish,
897 103 102 24 Where

77 136 44 24 the
141 136 151 24 thousands
313 135 29 25 of
361 136 92 24 toilers
467 143 60 17 now
549 136 77 24 dwell
648 136 27 24 in
689 136 102 24 Hulme
803 137 55 23 and
871 136 128 24 Chorlton

76 177 56 16 was
145 169 110 25 covered
269 170 35 32 by
317 170 106 31 smiling
436 169 85 24 fields.
559 169 59 24 The
632 169 148 32 Collegiate
791 171 54 23 and
858 170 41 25 St.
913 171 86 23 Ann's

77 211 68 16 were
157 203 45 24 the
215 204 63 31 only
290 204 132 23 churches
436 204 26 22 in
483 203 46 24 the
550 206 81 21 town.
667 204 40 23 St.
721 204 84 23 Ann's
820 204 104 31 Square
943 211 56 16 was

78 237 108 24 entered
200 237 34 33 by
247 245 15 16 a
276 245 104 16 narrow
394 240 76 29 entry
483 237 68 23 from
566 237 105 23 Market
687 237 96 24 Street.

112 270 87 25 There
221 279 55 17 was
300 280 15 16 a
339 271 71 24 local
433 270 173 32 aristocracy,
629 270 52 24 and
707 270 74 24 chief
803 278 99 23 among
924 270 72 25 them

79 303 100 33 figured
194 305 79 32 Lady
284 305 62 24 Ann
361 304 97 29 Bland,
471 304 61 25 who
544 303 156 33 patronised
714 312 15 16 a
749 304 207 31 dancing-room
970 304 27 24 in

81 338 70 32 King
170 338 96 31 Street,
289 347 69 23 open
380 339 62 31 only
455 342 28 20 to
505 347 15 15 a
541 338 82 25 select
645 337 58 29 few,
723 341 27 20 at
773 336 188 26 half-a-crown
980 346 16 16 a

79 376 116 27 quarter.
230 365 59 32 The
303 373 112 31 Bishop,
428 372 118 25 alarmed
560 371 39 25 for
612 371 46 25 the
670 370 87 33 safety
779 370 29 25 of
823 370 41 25 his
878 375 117 26 curates,

79 406 107 24 forbade
200 407 73 24 them
287 411 28 19 to
328 407 93 24 attend
434 406 75 24 these
521 406 92 31 places
626 405 28 25 of
665 406 93 24 carnal
770 404 112 32 delight.

112 440 56 24 The
181 440 57 25 first
251 441 157 31 Exchange,
422 440 66 24 built
502 440 26 24 in
544 447 72 24 1729,
634 447 56 16 was
703 442 46 21 not
769 447 64 23 very
845 438 82 32 large,
941 439 55 24 and

79 475 127 32 certainly
219 478 47 21 not
282 483 63 24 very
358 475 157 23 handsome.
553 474 23 23 It
598 481 55 16 was
665 472 106 25 erected
785 475 29 22 at
833 471 46 26 the
892 475 58 22 cost
968 472 29 25 of

79 507 42 25 Sir
135 508 107 25 Oswald
256 508 112 31 Mosley,
382 508 63 25 then
460 507 73 25 Lord
546 507 29 24 of
585 507 45 24 the
643 508 102 23 Manor.

390 1236 48 14 THE
455 1237 65 15 FIRST
536 1238 133 14 EXCHANGE.

358 1268 55 20 Euilt
427 1274 56 20 1729,
501 1270 63 20 taken
576 1271 61 20 down
650 1275 56 19 1792.

110 1313 57 24 The
179 1314 62 32 only
253 1314 148 34 dissenting
414 1317 95 31 chapel
521 1326 55 16 was
598 1318 60 25 that
671 1319 29 23 of
719 1319 46 24 the
788 1319 159 25 Unitarians
968 1320 27 24 in

77 1347 179 26 Cross-street.
287 1348 87 26 There
386 1358 69 17 were
471 1359 34 16 no
518 1351 126 29 theatres,
659 1361 35 15 no
709 1353 72 27 cabs,
793 1362 34 15 no
846 1354 103 28 busses,
959 1363 36 16 no

74 1388 56 25 gas,
155 1389 34 16 no
212 1382 132 33 railways.
398 1384 58 24 The
482 1389 92 20 cotton
600 1386 76 24 trade
699 1395 54 16 was
777 1387 28 24 in
830 1387 34 25 its
886 1387 110 26 humble

74 1414 167 32 beginnings.

107 1449 57 24 The
190 1457 149 18 commerce
365 1451 29 24 of
422 1452 44 24 the
496 1452 94 32 period
620 1462 56 16 was
707 1454 121 25 satisfied
853 1455 66 24 with
950 1456 45 24 the

74 1484 232 24 accommodation
319 1485 30 24 of
358 1485 46 24 the
420 1486 43 24 old
483 1495 78 23 quay.
599 1487 50 25 Yet
672 1496 67 17 even
760 1488 66 25 then
849 1488 147 27 influences
