1079 1710
892 88 52 27 203

346 95 63 21 THE
434 95 112 21 CIRCLE
569 95 161 21 NARROWS.

127 167 104 32 crowd
261 169 118 32 around
403 170 63 33 her.
513 172 61 31 But
600 171 51 32 the
677 171 100 32 words
804 182 85 20 came
915 176 31 25 to

127 228 55 32 her
204 240 75 30 ears,
305 242 33 19 as
361 231 24 31 it
401 243 89 29 were,
513 232 178 42 materially,
708 232 126 31 without
856 242 91 30 pene-

127 289 117 43 trating
259 290 65 32 into
339 291 55 32 her
409 292 86 32 inner
512 305 95 20 sense.
640 293 61 33 She
714 305 62 19 was
789 292 155 40 absorbed,

130 351 60 31 and
218 351 51 32 did
295 357 54 27 not
377 365 77 20 even
480 355 122 31 remark
631 355 70 31 how
731 355 125 31 anxious
888 353 59 32 and

128 424 118 30 uneasy
264 413 114 33 Olivier
397 415 109 31 looked
528 416 89 31 when
635 416 39 31 he
693 427 85 20 came
798 420 30 27 to
850 419 97 28 escort

128 473 55 32 her
199 479 54 27 out
269 475 34 31 of
314 475 54 31 her
382 476 70 31 box.

279 537 38 31 be
342 548 77 29 sure,
443 537 24 32 it
490 537 25 32 is
537 537 53 33 the
606 549 73 30 very
698 537 59 32 last
779 537 88 42 thing
890 549 57 20 one
959 544 8 15 »

130 597 110 32 should
262 598 80 31 have
364 598 132 41 thought
599 598 152 32 muttered
773 610 17 20 a
811 598 94 40 voice,
930 609 18 20 a

129 659 78 31 little
223 670 69 29 way
307 659 112 31 behind
435 659 51 31 the
502 670 103 29 young
620 659 161 40 Marquise.

208 719 71 32 You
297 731 89 20 mean
405 719 52 32 the
480 719 58 32 last
560 719 87 42 thing
667 732 61 30 you
747 719 99 32 would
868 719 78 32 have

130 780 134 41 thought
382 780 115 42 replied
525 780 53 32 the
609 780 90 42 sharp
726 785 86 27 tones
838 780 34 32 of
896 780 50 32 the

128 841 160 32 Duchesse
322 841 37 32 de
381 841 158 41 Varignan
551 854 7 27 ;
592 841 55 32 but
678 841 83 40 then,
791 853 76 30 your
895 852 51 20 ex-

127 902 143 43 perience
302 902 56 32 has
387 902 78 32 been
491 902 117 32 limited
632 902 30 31 in
690 902 68 31 that
783 902 144 32 direction
939 915 6 27 ;

128 964 25 30 it
169 964 73 30 does
258 968 52 26 not
326 963 138 31 astonish

205 1023 138 43 Perhaps
364 1029 55 26 not
436 1023 52 33 the
651 1023 116 42 argued
788 1023 52 33 the
861 1023 84 33 voice

127 1085 67 32 that
215 1085 60 32 had
294 1085 68 31 first
386 1085 123 42 spoken,
630 1084 53 33 the
701 1097 88 28 man;
814 1085 23 32 it
853 1085 25 31 is
894 1085 51 32 the

127 1159 73 18 man
215 1147 67 30 that
300 1146 171 31 astonishes

209 1206 58 41 Oh,
288 1206 50 32 it's
354 1207 43 31 M.
415 1207 37 31 de
467 1207 163 42 Moranges
650 1209 105 40 you're
771 1207 176 42 wondering

127 1273 40 35 at,
185 1268 25 32 is
321 1268 134 31 retorted
469 1268 52 31 the
537 1268 167 32 Duchesse.

207 1329 91 41 Well,
317 1329 15 31 I
348 1329 84 31 don't
447 1329 91 31 know
550 1343 6 28 ;
580 1330 55 31 but
651 1330 55 31 ask
722 1331 42 31 M.
777 1330 36 32 de
831 1331 114 31 Sauve-

126 1397 81 26 terre
222 1391 87 32 there
326 1390 83 31 what
425 1390 37 31 he

205 1454 16 31 I
259 1452 144 32 invented
564 1453 148 32 observed
750 1453 51 31 the
835 1464 109 30 person

126 1514 122 33 alluded
264 1519 40 35 to,
323 1514 69 31 who
408 1525 63 20 was
488 1514 143 40 standing
647 1514 82 31 close
745 1513 49 41 by.
