1079 1710
149 83 33 26 48

390 89 82 21 LOVE
496 88 63 21 THE
583 85 162 22 AVENGER.

424 165 135 42 rejoined
590 163 53 32 the
675 162 71 42 lady
777 161 32 31 in
841 158 138 42 waiting,

264 229 15 32 I
296 241 49 20 am
361 234 54 26 not
438 228 56 31 her
509 227 97 40 sister,
625 225 73 42 only
714 224 54 32 her
791 222 188 40 half-sister;

149 303 60 30 you
232 290 100 41 know,
351 289 142 33 however
519 288 93 31 much
640 298 57 21 one
722 297 73 31 may
818 284 38 33 be
882 284 97 32 above

148 352 116 42 puerile
288 350 164 44 prejudice,
479 361 57 21 one
568 350 73 31 does
669 353 55 26 not
755 347 111 31 blazon
897 344 82 33 forth

149 413 114 31 certain
286 411 222 42 relationships.
556 411 82 31 Poor
655 409 131 33 Camille
800 409 7 31 !
833 408 60 31 I'm
910 418 69 20 sure

148 475 15 30 I
180 474 78 31 have
275 485 38 19 no
331 472 97 32 desire
443 477 31 27 to
490 472 39 32 be
550 471 77 33 hard
650 482 83 31 upon
756 471 64 39 her,
838 470 56 31 but
918 468 61 32 still

149 535 88 32 when
262 547 57 19 one
343 535 25 31 is
384 546 18 19 a
418 534 190 42 respectable
624 545 122 31 person,
765 532 61 32 and
849 531 129 41 belong-

149 596 54 41 ing
214 600 31 27 to
261 607 19 19 a
295 595 190 42 respectable
647 594 70 43 (this
730 605 64 21 Avas
811 604 39 21 an
867 592 111 33 inevit-

149 656 68 32 able
245 656 149 41 allusion),
452 668 56 19 one
534 656 72 31 does
633 656 58 31 feel
722 655 112 43 deeply
860 654 117 33 certain

148 717 112 41 things.
310 717 15 31 I
350 729 71 29 may
437 729 102 29 marry
556 729 56 19 one
639 717 70 41 day,
733 716 62 32 and
821 716 17 31 I
866 715 112 32 should

148 777 109 42 hardly
272 777 76 32 Avish
373 778 76 41 that,
471 778 102 32 before
598 778 146 41 knowing
767 789 50 20 me
841 777 78 40 Avell,
937 789 40 20 an

147 836 109 32 honest
270 848 72 20 man
359 836 109 33 should
490 837 39 32 be
545 837 149 32 informed
718 836 35 33 of
771 848 53 31 my
846 848 131 21 connec-

148 898 65 32 tion
229 897 74 33 with
321 910 18 20 a
354 910 110 28 person
480 898 59 32 like

192 959 51 31 All
259 959 61 31 this
336 971 63 20 was
416 960 65 31 said
497 960 75 31 with
588 960 74 32 such
678 965 214 27 consummate
916 965 58 36 art,

148 1021 72 31 Avith
234 1021 74 31 such
325 1033 18 19 a
358 1022 132 32 mixture
507 1022 33 31 of
551 1022 170 41 frankness,
736 1023 61 31 and
809 1023 165 42 propriety,

148 1081 59 32 and
229 1082 149 41 humility,
396 1083 60 31 and
479 1095 141 20 common
644 1095 96 28 sense,
759 1084 68 32 that
847 1084 127 42 Dupont

149 1143 49 31 dicl
214 1148 53 26 not
283 1144 83 41 quite
382 1143 91 33 know
488 1145 71 31 Iioav
573 1150 31 27 to
622 1145 144 33 continue
787 1145 47 33 his
859 1146 115 32 exami-

148 1204 111 31 nation.

192 1266 130 41 Aspasie
347 1266 94 32 saved
468 1266 63 32 him
556 1267 52 33 the
635 1269 120 31 trouble
768 1282 5 18 :
838 1271 31 31 It
899 1271 26 32 is
955 1283 19 20 a

148 1338 74 30 very
238 1327 125 31 difficult
388 1327 90 42 thing
502 1327 46 33 for
572 1341 70 19 men
671 1330 34 31 of
723 1329 52 34 the
791 1332 97 31 world
912 1333 62 32 like

263 1388 52 32 she
350 1388 72 40 said,
448 1389 212 43 unaffectedly,
779 1393 109 33 realise
920 1394 54 33 the

149 1449 129 43 position
302 1449 34 33 of
354 1462 120 20 women
497 1451 59 32 like
580 1464 57 20 me.
685 1453 87 32 Your
787 1454 102 33 habits
905 1455 69 33 lead

147 1523 60 30 you
224 1523 112 30 among
356 1512 107 41 people
480 1512 103 33 whose
607 1514 163 33 situations
794 1516 30 32 in
848 1516 51 32 life
923 1529 51 21 are
