1079 1710
164 71 51 26 162

408 78 83 20 LOVE
513 77 65 20 THE
602 76 162 21 AVENGER.

204 154 67 32 The
286 154 69 32 idea
370 155 73 31 then
460 154 34 31 of
512 153 163 41 becoming
696 151 52 32 the
768 150 159 43 Marquise
952 150 36 33 de

159 216 175 42 Moranges,
352 216 52 32 the
427 215 132 32 married
576 214 69 32 wife
669 214 36 31 of
723 213 55 32 her
800 213 187 40 benefactor,

159 288 62 20 was
246 282 31 26 to
304 277 53 31 the
383 276 120 42 Sphinx
530 288 39 20 an
594 275 69 32 idea
686 274 54 32 full
758 275 36 31 of
812 279 99 27 terror
927 274 61 32 and

157 338 121 42 misery.
326 338 62 32 But
403 338 83 32 what
502 342 32 27 to
557 337 38 32 do
605 338 14 32 ?
659 337 62 33 She
738 337 62 31 had
817 337 52 32 the
887 337 100 31 slave-

156 400 160 32 attributes
342 400 138 32 inherent
502 404 33 28 to
559 410 35 22 so
619 410 94 31 many
735 399 35 32 of
788 399 55 32 her
867 399 116 42 species

158 462 63 42 (not
237 473 83 20 more
342 462 135 42 peculiar
498 466 32 27 to
551 461 54 31 the
624 462 134 30 Eastern
778 461 75 31 than
874 465 31 28 to
929 461 52 31 the

154 525 144 31 Western
324 524 117 40 female,
470 525 26 31 if
515 536 61 30 you
599 524 71 41 give
690 536 40 19 no
749 524 101 31 better
869 523 112 32 educa-

152 586 63 32 tion
233 592 32 27 to
286 586 52 33 the
367 586 156 33 Christian
546 586 75 33 than
645 592 32 26 to
701 586 51 32 the
784 586 194 32 Mussulman

150 647 79 41 girl),
259 648 59 31 and
346 648 53 32 she
426 647 101 33 Avould
559 659 109 21 sooner
690 647 79 32 have
791 647 133 42 thought
950 647 33 33 of

150 708 153 42 throwing
329 709 117 32 herself
469 713 55 28 out
546 708 34 33 of
607 708 52 33 the
682 708 141 41 window,
847 708 76 33 than
949 708 34 33 of

150 770 148 42 opposing
322 770 52 32 the
390 770 60 32 will
470 770 34 32 of
519 770 51 32 the
590 774 116 28 master
726 775 32 27 to
778 770 111 40 whom,
912 775 60 35 too,

149 831 55 32 she
220 831 87 32 owed
322 831 191 41 everything.

189 893 37 31 In
251 893 54 32 her
329 892 147 42 agitation
502 892 54 32 she
583 893 151 41 naturally
751 893 113 41 sought
887 893 84 32 Mile.

147 954 140 41 Aspasie,
316 954 61 31 and
401 953 140 32 confided
570 958 32 26 to
624 953 54 31 her
698 954 53 31 the
769 954 120 31 trouble
917 954 54 31 she

145 1027 63 19 was
246 1015 30 31 in
287 1028 6 28 ;
337 1015 56 31 but
430 1015 68 31 that
536 1015 287 41 over-enlightened
861 1028 110 29 person

145 1077 206 41 immediately
378 1077 170 31 undertook
573 1083 31 26 to
630 1083 47 26 set
698 1078 42 31 all
757 1078 55 31 her
836 1078 135 42 scruples

143 1142 32 27 at
199 1143 70 34 rest,
292 1138 67 39 and,
378 1138 97 32 above
492 1139 49 37 all,
558 1138 55 32 left
636 1150 82 30 upon
743 1139 151 33 Claudine
916 1139 53 33 the

142 1198 177 41 impression
351 1198 67 31 that
449 1210 39 19 no
524 1210 56 20 one
618 1199 120 32 desired
773 1199 55 33 her
865 1200 103 32 lawful

141 1260 93 31 union
259 1259 72 31 with
353 1259 54 31 the
427 1260 137 40 Marquis
586 1271 33 20 so
648 1260 93 32 much
769 1273 33 20 as
830 1262 54 31 she
907 1263 59 32 did.

140 1321 80 40 Nay,
248 1320 53 31 she
331 1325 83 26 went
444 1332 32 19 so
513 1320 44 32 far
589 1321 30 31 in
651 1321 52 33 the
739 1323 228 32 rose-coloured

138 1382 131 42 projects
293 1381 34 31 of
350 1381 38 32 all
409 1381 89 32 kinds
519 1381 66 33 that
604 1382 54 33 she
679 1383 148 33 invented
845 1385 46 31 for
912 1385 53 32 the

138 1444 108 40 future,
263 1442 68 33 that
351 1442 53 33 she
425 1443 132 43 actually
574 1444 122 42 begged
712 1446 35 31 of
765 1447 52 31 the
836 1447 127 41 Sphinx,

138 1505 88 32 when
242 1515 73 21 once
332 1504 54 32 she
403 1503 109 33 should
527 1505 37 31 be
582 1506 170 32 enthroned
767 1508 30 30 in
814 1507 56 32 her
885 1508 78 41 high
