1079 1710
135 78 52 27 118

366 84 81 20 LOVE
471 82 64 22 THE
559 80 159 22 AVENGER.

131 161 26 32 is
182 161 31 32 in
236 162 62 31 fact
322 173 40 19 no
385 160 72 42 help
478 159 47 31 for
548 158 24 32 it
583 171 7 28 ;
616 158 14 31 I
655 157 72 41 only
744 167 65 21 saw
825 155 69 31 that
909 158 51 27 too

174 284 83 32 Both
273 295 119 20 women
410 286 47 28 sat
472 281 126 42 looking
621 284 33 28 at
676 279 77 33 each
776 279 88 32 other
879 278 47 32 for
942 289 19 21 a

131 345 207 32 considerable
368 345 75 31 time
478 344 30 31 in
547 343 112 32 silence
671 351 5 21 :
716 342 54 32 the
801 340 158 44 Marquise

130 406 110 42 boring
269 406 63 32 into
362 406 83 32 Mile,
479 405 37 32 de
547 404 241 42 Mourjonville's
821 403 65 32 soul
928 403 36 42 (if

130 466 54 33 she
210 466 61 33 had
298 466 70 43 any)
399 466 74 33 with
500 466 55 33 her
586 466 172 32 screw-like
786 477 80 30 eyes,
900 464 59 32 and

130 529 81 31 Mile,
229 529 37 32 de
283 529 214 41 Mourjonville
515 529 151 42 opposing
690 533 31 27 to
737 528 69 32 that
828 538 129 32 process

130 592 52 32 the
198 592 93 32 blank
308 592 118 32 surface
443 592 35 31 of
496 604 18 19 a
529 591 66 32 face
619 603 34 19 as
676 590 188 32 inscrutable
887 602 34 19 as
941 601 19 20 a

130 654 68 31 deal
213 655 104 30 board.

207 715 66 33 One
297 715 140 33 hundred
463 715 61 33 and
546 715 68 42 fifty
634 715 153 32 thousand
812 715 101 32 francs
941 726 17 20 a

249 778 135 41 groaned
400 777 53 32 the
477 777 156 43 Marquise
658 778 30 31 in
710 777 55 32 her
789 777 166 32 bitterness

130 839 34 30 of
183 839 94 41 spirit,
416 840 127 40 Brunoy
558 839 61 31 and
640 840 167 40 Moranges
829 839 61 31 and
915 839 41 31 all

130 920 42 3 —
174 901 74 31 such
271 901 103 41 things
398 901 97 42 ought
514 907 31 26 to
567 902 38 31 be
621 902 183 41 punishable
828 902 42 41 by
886 902 68 39 law,

130 961 45 32 for
190 962 74 42 they
280 974 50 20 are
347 963 146 32 criminal.
540 963 73 32 And
628 974 40 20 no
683 963 72 41 help
766 964 6 32 !

203 1024 90 32 None
305 1026 6 31 !
358 1024 144 41 repeated
519 1024 141 41 dismally
676 1025 52 32 the
746 1025 83 32 echo.

271 1085 60 31 will
347 1085 86 33 leave
449 1085 55 32 her
519 1086 191 40 everything,
729 1087 34 31 of

270 1151 32 27 to
326 1146 55 32 her
602 1149 168 41 suggested
792 1149 54 31 the
872 1161 83 20 com-

130 1206 93 33 forter
238 1207 144 42 opposite.
461 1209 14 30 I
492 1209 109 31 should
616 1209 88 31 think
717 1211 42 31 M.
774 1211 28 31 le
815 1212 140 41 Marquis

130 1268 100 32 would
246 1268 37 32 be
300 1279 74 29 very
389 1268 73 32 fond
479 1269 34 31 of
531 1269 49 32 his
596 1281 55 20 son
667 1271 26 31 if
712 1271 39 32 he
767 1272 62 32 had

173 1330 66 31 The
254 1329 154 42 Dowager
420 1330 142 32 bounded
578 1343 83 29 upon
677 1333 55 31 her
748 1333 92 33 chair.

204 1390 147 33 Children
362 1392 5 30 !
417 1391 54 31 she
488 1392 82 31 cried
580 1406 8 27 ;
643 1394 69 32 that
727 1406 122 21 woman
865 1400 33 27 to
914 1395 39 32 be

130 1454 52 32 the
204 1453 119 32 mother
347 1452 34 31 of
400 1465 51 29 my
467 1454 145 41 nephews
624 1455 6 32 !
677 1456 31 31 Is
725 1456 86 32 there
828 1468 39 20 no
884 1468 69 31 way

131 1516 32 32 of
174 1515 126 41 making
311 1515 63 31 him
390 1526 51 21 see
456 1515 52 32 the
525 1515 116 42 infamy
661 1517 34 32 of
710 1518 46 31 his
