1062 1607
552 48 27 17 12

105 106 42 25 his
160 109 71 22 texts
248 114 70 17 were
331 106 70 25 Gen.
420 106 16 25 i.
456 106 26 29 i.,
502 106 53 25 and
570 106 65 24 Rev.
653 105 65 24 xxii.
738 111 34 16 xx
785 122 5 10 ,
811 111 31 17 so
861 102 60 25 that
940 101 34 26 he
987 106 45 29 got

105 140 66 25 from
188 139 88 32 Alpha
289 144 28 20 to
331 140 103 32 Omega
447 140 27 24 in
488 149 15 15 a
513 140 95 31 couple
622 138 29 25 of
667 138 161 24 discourses.

138 173 60 26 The
212 173 174 26 Manchester
404 173 29 25 of
451 174 79 24 those
551 173 79 24 olden
654 172 68 32 days
744 170 145 25 contained
908 170 83 25 about
1013 178 15 17 a

105 208 85 24 dozen
205 210 97 22 streets
315 208 53 24 and
382 215 15 17 a
406 207 85 32 single
503 206 113 25 church.
645 206 58 24 The
714 204 141 25 condition
864 204 29 24 of
900 204 46 24 the
959 208 71 21 town

105 250 63 25 may
192 242 33 23 be
248 241 131 32 gathered
403 241 68 24 from
496 241 45 24 the
572 240 93 25 orders
696 238 104 26 framed
824 238 42 25 for
895 238 36 25 its
960 239 69 32 good

105 279 176 28 government
295 276 35 31 by
342 275 46 24 the
402 276 84 23 Court
497 275 68 23 Leet
574 275 76 32 Jury.
687 273 80 25 Some
780 272 30 25 of
819 272 47 25 the
878 272 154 32 provisions

105 309 30 25 of
161 309 46 25 the
237 309 45 25 old
312 309 85 24 Court
429 309 68 23 Leet
521 308 40 24 for
586 307 46 24 the
657 307 105 24 market
790 315 44 16 are
864 306 30 25 of
921 315 15 16 a
966 306 65 26 kind

105 347 29 21 to
158 342 87 26 excite
270 351 15 16 a
310 342 76 25 smile
412 342 35 32 by
470 342 48 24 the
537 345 122 20 contrast
682 341 63 32 they
767 344 110 29 suggest
899 340 65 25 with
985 341 45 25 the

106 381 108 28 present
227 376 79 25 order
318 376 30 25 of
357 376 100 32 things.
507 376 31 23 In
555 377 63 30 155S
632 383 35 16 an
680 375 79 24 order
772 383 56 16 was
842 376 77 23 made
933 375 39 24 for
984 375 47 25 the

105 411 120 25 removal
246 411 27 25 of
294 419 15 16 a
359 410 83 24 swine
455 413 60 21 cote
559 409 130 33 standing
708 409 27 24 in
757 409 46 24 the
822 409 103 24 Market
948 409 82 25 Stead

106 446 87 28 Lane,
205 444 90 25 whilst
309 444 46 24 the
369 443 129 25 butchers
512 442 94 33 selling
619 442 66 25 flesh
697 451 44 16 are
756 442 112 26 ordered
881 447 29 20 to
922 443 106 25 cleanse

106 479 46 24 the
171 481 82 22 street
272 478 67 24 from
359 477 46 25 the
450 477 91 29 horns,
560 485 30 16 or
603 477 67 25 such
690 476 52 25 like
861 476 66 26 with
944 477 85 26 which

106 513 64 32 they
183 512 84 24 soiled
281 512 28 24 it.
346 511 59 25 The
418 511 107 24 holders
539 510 29 25 of
578 510 46 26 the
637 511 77 24 stalls
727 510 61 26 who
801 511 80 25 could
895 514 48 22 not
963 511 65 32 keep

107 547 73 24 them
193 547 77 23 clean
284 553 70 16 were
367 548 28 21 to
409 553 54 24 pay
475 545 138 32 quarterly
626 553 14 16 a
651 553 92 24 penny
756 549 28 20 to
795 545 77 24 those
883 545 145 32 appointed

107 580 39 25 for
160 580 46 25 the
219 580 69 24 task.
325 579 59 24 The
397 579 104 24 officers
513 579 29 23 of
553 579 46 24 the
613 579 84 24 Court
709 580 68 23 Leet
790 579 54 24 had
855 587 34 16 no
900 587 62 25 easy
970 580 60 24 task

106 615 27 24 in
149 613 163 33 attempting
324 617 28 20 to
365 613 110 24 enforce
487 613 46 24 the
545 613 79 24 rules.
663 613 31 24 In
707 614 63 31 1564
780 613 75 24 there
864 621 69 16 were
972 613 57 25 four

108 648 103 25 market
226 647 103 25 lookers
366 651 28 20 to
408 646 175 32 superintend
596 646 46 25 the
656 647 55 24 sale
724 646 29 25 of
764 655 74 21 corn,
851 651 54 21 two
918 646 39 26 for
970 647 58 29 fish,

108 682 53 25 and
175 685 53 21 two
242 681 40 25 for
295 680 67 25 flesh
373 690 5 20 ;
398 680 60 25 four
469 680 40 25 for
524 680 80 25 white
622 685 80 24 meat,
716 681 54 24 and
784 685 52 20 two
850 681 177 29 ale-conners,

108 720 47 21 not
179 720 29 20 to
232 715 120 25 mention
376 714 46 25 the
472 714 66 25 mise
977 716 51 24 and

108 751 79 24 other
199 749 114 24 officers.
361 748 84 25 Later
458 748 74 25 there
550 757 55 16 was
624 757 16 16 a
657 752 71 21 town
751 749 151 24 swineherd
924 750 53 23 and
996 757 34 16 an

137 791 123 18 overseer
290 783 40 24 for
493 783 60 24 One
582 783 57 23 rule
668 783 89 24 which
787 783 146 32 perplexed
956 784 73 24 these

109 817 126 25 worthies
260 822 27 19 to
304 816 108 25 enforce
436 824 56 17 was
516 825 16 15 a
553 817 161 32 mysterious
739 817 150 31 injunction
914 817 59 25 that
995 826 37 16 no'

110 853 90 24 butter
214 860 29 15 or
256 855 58 20 suet
328 850 96 25 should
437 850 33 25 be
483 854 48 28 put
545 858 27 16 in
585 850 89 25 cakes.
723 850 60 25 The
795 855 115 20 motives
923 851 40 24 for
977 851 51 25 this

110 886 166 32 prohibition
290 893 45 16 are
348 884 144 29 unknown,
507 884 52 25 and
573 893 66 16 even
652 884 78 25 when
744 884 46 25 the
804 885 82 24 Court
898 885 67 24 Leet
977 885 52 25 had

110 921 96 24 twelve
219 919 103 25 officers
335 922 28 21 to
373 918 61 25 look
447 918 67 25 after
528 918 34 25 its
571 919 75 24 strict
658 918 182 25 enforcement
850 919 46 24 the
910 919 55 24 rule
974 928 55 16 was

110 953 182 33 disregarded.
340 952 58 25 The
411 953 124 30 paternal
552 952 128 25 kindness
697 953 65 24 with
775 953 88 24 which
877 953 45 24 the
935 953 96 32 liberty

110 989 29 25 of
150 989 94 24 choice
256 995 55 17 was
324 987 97 24 denied
434 986 26 25 in
475 986 44 25 the
533 990 69 21 most
621 987 90 24 trivial
729 990 112 21 matters
855 987 22 24 is
890 995 15 16 a
918 987 112 32 striking

110 1023 103 25 feature
226 1021 29 25 of
265 1022 46 23 the
323 1021 45 24 old
380 1021 87 23 times.
516 1021 84 31 Many
619 1029 14 15 a
653 1028 88 24 merry
758 1025 79 27 troop
856 1021 29 24 of
900 1021 59 24 lads
976 1022 52 23 and

110 1058 85 24 lasses
207 1056 62 24 who
282 1055 69 24 have
363 1055 127 23 frolicked
502 1055 117 31 through
632 1055 47 23 the
691 1055 44 23 old
755 1055 103 23 market
870 1055 78 31 place
961 1059 69 20 must

110 1092 70 24 have
193 1088 140 34 grumbled
347 1092 26 20 at
386 1088 76 25 these
479 1088 163 25 well-meant
661 1088 141 25 restraints
820 1097 30 16 as
867 1092 29 21 to
909 1089 120 32 wedding

111 1126 92 23 feasts.
240 1123 58 25 The
322 1122 83 25 Court
433 1123 68 24 Leet
525 1122 129 25 orderded
680 1122 60 25 that
767 1127 26 21 at
814 1123 76 25 these
907 1123 123 32 wedding

111 1160 119 27 dinners,
243 1157 40 25 for
300 1156 47 25 the
360 1156 99 25 benefit
472 1156 30 25 of
517 1156 45 25 the
582 1156 185 25 new-married
790 1156 82 32 pairs,
894 1160 46 22 not
958 1165 71 17 more

113 1193 68 24 than
195 1192 42 32 4d.
252 1199 15 16 a
281 1190 70 25 head
364 1190 96 25 should
474 1191 32 24 be
519 1190 73 32 paid.

146 1226 31 25 In
199 1226 64 32 1586
280 1225 19 23 it
319 1232 56 16 was
394 1225 104 31 strictly
519 1224 113 24 ordered
653 1224 60 25 that
735 1232 36 17 no
983 1225 48 29 i.e.,

110 1269 97 23 person
229 1263 47 21 not
297 1259 84 31 living
402 1259 27 23 in
452 1258 45 24 the
515 1261 81 26 town,
618 1258 96 25 should
736 1259 33 24 be
795 1259 112 25 allowed
929 1263 28 20 to
977 1259 53 33 buy

110 1294 94 31 apples
216 1301 30 16 or
259 1292 78 25 other
349 1292 64 24 fruit
427 1292 89 24 before
538 1292 64 24 nine
621 1292 26 24 in
662 1292 45 25 the
730 1293 132 32 morning,
881 1293 53 25 and
972 1292 58 25 that

108 1328 64 32 they
185 1327 68 25 shall
266 1330 48 21 not
327 1325 77 25 retail
417 1334 52 24 any
485 1325 78 33 being
580 1326 102 32 bought
701 1326 46 25 the
759 1335 74 16 same
970 1328 60 24 Lest

108 1362 54 24 this
182 1361 97 25 should
299 1360 32 25 be
354 1359 104 25 evaded
478 1359 35 33 by
534 1368 74 16 some
628 1364 150 21 townsmen
799 1361 80 32 using
900 1361 42 25 his
962 1361 69 32 good

107 1396 99 28 offices,
246 1394 47 25 the
304 1394 60 32 jury
377 1394 56 24 also
446 1393 34 25 do
493 1393 79 25 order
584 1393 60 25 that
657 1402 36 16 no
710 1394 156 25 inhabitant
878 1395 94 24 within
986 1395 46 24 the

106 1434 73 20 town
193 1429 68 24 shall
275 1429 53 30 buy
350 1436 53 22 any
425 1426 94 32 apples
538 1436 30 15 or
587 1427 78 25 other
686 1427 65 25 fruit
773 1429 53 24 and
845 1430 48 23 sell
911 1429 72 24 them
997 1430 33 31 by

105 1463 144 24 wholesale
262 1462 29 24 of
302 1462 44 24 the
359 1469 74 16 same
446 1461 53 31 day
508 1469 5 21 ;
534 1469 29 16 or
577 1461 36 32 by
625 1469 53 24 any
700 1462 93 24 colour
806 1463 35 24 do
854 1463 54 33 buy
927 1463 39 25 for
979 1471 53 25 any

104 1502 132 26 stranger,
249 1504 35 16 on
298 1495 64 32 pain
376 1498 27 21 to
417 1494 88 25 forfeit
519 1494 45 25 the
578 1502 73 17 same
665 1496 103 31 apples,
782 1496 57 30 &c,
853 1500 54 22 two
921 1501 75 27 parts
1005 1497 27 25 of
