1079 1710
156 79 34 25 36

390 85 82 20 LOA'E
495 85 65 20 THE
584 84 21 20 A
606 82 139 22 AVENGER.

153 173 72 31 pass
249 163 68 32 half
336 163 79 32 their
437 162 76 31 lives
529 161 31 31 in
584 160 95 42 flying
702 159 78 32 from
802 158 84 33 what
909 157 74 42 they

153 224 57 32 call
241 224 77 39 love,
351 224 60 31 and
440 227 53 38 yet
523 222 124 31 commit
683 225 64 27 acts
778 220 35 32 of
843 219 140 33 absolute

153 285 142 33 madness
321 285 45 32 for
390 296 83 21 some
501 296 56 20 one
581 284 47 32 for
650 283 103 32 Avhom
772 283 76 42 they
865 282 39 32 do
928 286 55 27 not

153 359 75 20 care.
276 347 96 32 What
388 346 38 32 do
442 346 75 42 they
533 346 72 42 gain
621 346 41 41 by
679 346 23 32 it
712 347 14 31 ?
781 345 54 32 she
859 344 123 33 uttered

152 407 85 33 these
269 408 57 32 last
364 407 99 33 words
501 407 165 42 musingly,
700 407 58 32 and
796 407 113 32 almost
948 418 33 20 as

151 469 118 41 though
285 469 149 41 speaking
449 474 31 26 to
497 468 120 33 herself.

424 530 171 42 responded
626 530 52 33 the
710 530 148 42 Marquis,
892 530 30 31 in
962 542 16 19 a

151 592 135 41 dejected
302 598 71 26 tone
385 605 6 28 ;
446 593 55 31 but
517 592 72 42 they
600 592 64 31 find
678 593 71 31 that
766 597 54 28 out
835 597 52 27 too
904 592 72 32 late.

150 653 58 31 We
236 653 78 31 have
345 653 124 31 become
501 653 203 42 complicated
734 654 168 40 machines,
930 665 46 21 we

148 725 79 29 men,
258 714 61 31 and
349 715 83 31 Avhat
462 715 122 31 seemed
611 715 82 42 plain
719 716 61 31 and
807 716 112 41 simple
944 720 32 27 to

148 786 55 19 our
227 775 220 40 grandfathers,
476 776 123 41 puzzles
623 788 45 20 us.
726 776 107 32 Listen
847 790 6 27 ;
879 777 24 39 I,
929 777 47 32 for

147 835 144 41 instance,
309 848 70 28 pass
407 837 45 31 for
479 848 18 20 a
523 837 109 39 sinner,
657 848 33 21 as
718 837 15 32 I
760 838 65 32 said
852 838 102 32 before
967 852 7 28 ;

146 896 78 40 well,
242 897 14 30 I
280 897 52 31 tell
355 909 61 29 you
439 909 78 28 now,
540 898 68 32 that
631 898 15 32 I
670 898 85 33 don't
777 899 119 33 believe
920 900 54 32 the

144 967 72 20 man
231 957 75 31 lives
322 957 78 41 who,
418 959 26 30 if
466 959 38 32 he
527 959 90 31 could
635 959 38 32 be
689 960 150 43 perfectly
856 973 70 21 sure
944 962 34 32 of

144 1028 19 20 a
179 1017 84 42 deep,
280 1023 77 35 true,
376 1020 104 39 entire,
497 1032 87 30 pure,
602 1022 202 32 out-and-out
826 1023 146 33 devotion

143 1077 31 31 in
197 1089 18 19 a
238 1089 119 22 woman
382 1080 64 42 (but
468 1081 88 32 mark
579 1094 71 30 you,
674 1083 75 32 both
771 1086 201 32 out-and-out

143 1139 60 31 and
229 1140 95 40 pure),
348 1141 101 32 would
475 1147 53 27 not
556 1144 135 32 sacrifice
716 1147 186 42 everything
930 1147 40 33 he

142 1211 154 28 possesses
312 1206 31 26 to
361 1202 103 31 obtain

185 1260 142 33 Madame
365 1262 181 33 Beaudouin
583 1265 108 33 looked
730 1268 63 32 him
827 1270 137 43 steadily,

142 1319 193 43 inquiringly,
354 1323 60 31 and
429 1323 53 33 full
498 1324 31 32 in
545 1325 52 32 the
613 1326 75 34 face.

185 1381 50 31 He
251 1384 157 31 ansAvered
424 1384 55 32 her
493 1397 82 27 gaze.

197 1442 110 41 'Yes,"
335 1444 39 32 he
401 1446 154 41 repeated,
824 1453 40 32 he
895 1467 71 30 pos-

141 1514 108 21 sesses.
296 1504 61 32 But
383 1516 46 21 Ave
455 1506 84 33 don't
563 1508 137 42 believe;
731 1523 46 21 we
803 1513 84 33 learn
915 1521 51 28 too
