1062 1607
559 12 28 21 5-

102 68 54 24 and
180 69 153 32 prosperity
358 68 29 24 of
408 68 46 24 the
478 67 102 25 hamlet
604 67 30 24 of
657 67 131 26 Ancoats,
814 63 116 33 enjoyed
954 71 80 26 many

101 102 125 30 pleasant
240 102 82 24 hours
335 102 30 24 of
375 102 80 23 mirth
470 102 53 23 and
544 104 84 28 sport.
665 99 55 25 For
740 106 50 17 200
812 105 78 25 years
913 97 121 26 Ancoats

104 135 65 24 Hall
181 144 56 16 was
250 144 16 15 a
278 139 58 21 seat
349 135 29 25 of
388 136 47 24 the
449 135 105 31 Mosley
574 133 102 33 family,
699 133 62 24 who
781 140 70 16 were
864 130 75 26 lords
951 132 29 24 of
989 131 45 26 the

102 177 96 16 manor
210 169 28 24 of
249 169 183 25 Manchester.
470 168 75 24 Here
566 168 47 23 the
635 169 162 22 restoration
818 164 28 26 of
868 165 112 25 Charles
995 166 35 25 II.

101 211 57 16 was
178 203 154 25 celebrated
346 203 27 24 in
387 207 75 28 great
476 202 75 31 style.
588 202 24 22 A
625 203 115 29 century
759 207 52 24 ago
813 214 32 3 —
847 198 26 26 in
890 200 64 30 1786
956 214 30 4 —
991 200 42 25 Sir

100 236 72 33 John
189 237 100 24 Parker
304 237 106 31 Mosley
422 244 56 16 was
498 235 77 32 High
589 234 102 25 Sheriff
700 234 30 24 of
739 234 46 23 the
799 236 110 29 county,
924 234 53 23 and
990 234 43 25 his

103 270 190 31 appointment
305 279 56 16 was
375 268 154 26 celebrated
544 269 35 31 by
592 277 16 15 a
621 268 87 31 grand
722 267 54 25 ball
795 267 54 24 and
868 268 162 31 procession.

103 304 59 25 The
175 305 105 24 district
299 304 24 25 is
346 303 58 25 also
429 301 155 26 associated
605 301 65 24 with
696 301 47 24 the
768 309 94 16 names
887 301 30 23 of
938 301 93 34 Henry

104 338 171 32 Liverseege,
289 338 114 24 Charles
417 336 101 28 Swain,
542 335 43 26 Sir
598 335 124 24 William
744 335 153 29 Fairbairn,
912 335 118 26 William

106 372 153 30 Hepworth
273 372 101 27 Dixon,
389 370 54 25 and
458 369 78 25 other
550 369 177 24 Manchester
740 368 135 25 worthies.

137 405 89 24 There
236 406 23 23 is
271 413 64 23 very
349 404 68 24 little
431 403 46 25 left
491 411 60 17 now
564 402 30 26 of
604 403 44 24 old
662 402 172 25 Manchester
847 402 54 25 and
915 403 113 29 Salford,

102 439 49 24 but
165 439 75 24 there
254 447 45 16 are
313 439 54 23 still
381 446 15 15 a
409 437 50 24 few
474 437 99 24 houses
592 437 27 24 in
633 437 164 32 Greengate,
813 437 149 29 Shudehill,
977 439 52 24 and

104 473 79 32 Long
198 472 129 32 Millgate.
364 472 23 23 A
401 471 134 32 fragment
547 472 21 22 is
581 471 129 31 standing
723 470 29 24 of
763 471 112 24 Garratt
890 471 51 24 Old
956 472 72 24 Hall.

104 507 77 23 After
194 507 45 24 the
253 506 63 24 relic
331 505 28 24 of
371 505 45 24 the
430 505 107 24 Roman
552 505 69 28 wall,
636 505 88 23 which
739 505 22 24 is
774 508 47 21 not
835 505 95 24 visible
944 509 26 20 to
983 505 45 25 the

103 540 102 32 public,
219 540 46 24 the
277 539 87 25 oldest
382 538 114 25 historic
517 538 106 32 ground
643 538 23 24 is
686 538 60 25 that
767 547 34 16 on
823 538 89 25 which
935 540 93 25 stands

105 574 158 25 Chetham's
274 572 139 33 Hospital.
438 573 24 24 It
473 572 23 24 is
506 572 46 25 the
562 576 135 28 strangest
708 572 72 33 sight
790 581 39 16 we
837 572 70 25 have
917 572 26 24 in
954 573 73 25 Man-

105 608 115 28 chester,
233 616 30 16 so
277 606 122 33 strongly
411 606 66 25 does
490 606 20 24 it
524 610 122 21 contrast
664 606 66 25 with
752 606 46 25 the
818 610 117 28 present.
972 607 55 25 The

104 645 96 20 streets
211 649 45 16 are
267 641 36 24 all
311 641 71 24 alive
394 649 5 15 :
415 640 65 25 cabs
490 640 68 25 dash
569 641 44 30 by,
625 640 160 32 containing
792 640 115 33 dilatory
917 649 109 22 persons

104 676 61 23 who
178 683 45 16 are
237 675 115 24 doomed
362 679 28 20 to
403 682 54 25 pay
470 674 100 25 double
580 674 69 25 fares
660 674 39 25 for
709 674 92 31 speed,
811 675 52 24 and
873 678 28 21 to
909 674 63 25 miss
983 675 43 24 the

103 710 71 24 train
185 713 27 20 at
221 709 61 24 last.
313 709 123 23 Victoria
448 708 88 25 Street
547 708 23 24 is
580 708 125 24 crowded
715 708 65 24 with
794 708 55 24 foot
860 716 168 25 passengers,

103 743 139 29 hansoms,
256 746 93 25 trams,
361 743 104 28 lurries,
479 742 53 24 and
545 743 227 31 perambulators.
800 743 59 23 You
870 750 45 16 are
923 742 103 32 pushed

106 777 80 32 along
211 777 27 24 in
261 785 16 16 a
302 776 91 25 crowd
414 776 29 25 of
465 776 121 33 lawyers'
612 776 94 28 clerks,
731 776 172 32 bricklayers,
929 776 96 33 elderly

105 811 94 29 ladies,
225 810 53 26 and
303 810 124 26 business
452 819 62 16 men
538 810 30 25 of
589 818 80 24 every
690 810 173 32 description.
900 810 57 24 You
982 819 43 16 are

105 846 84 24 borne
213 845 81 32 along
318 845 27 24 in
367 844 47 26 the
437 844 131 33 hurrying
590 848 107 25 stream,
718 844 86 30 when,
827 844 35 32 by
884 852 16 16 a
924 844 99 25 sudden

104 879 85 29 effort,
204 887 52 24 you
269 883 59 20 tear
339 878 122 33 yourself
470 878 68 25 from
551 878 46 25 the
609 878 101 25 human
721 886 75 17 wave
810 878 59 25 that
880 878 21 25 is
916 878 107 33 bearing

103 921 53 25 you
170 914 121 28 onward,
305 913 54 24 and
377 913 56 24 find
447 912 120 34 yourself
581 913 26 23 in
626 912 45 24 the
684 912 123 32 peaceful
819 912 88 25 haven
921 913 103 31 beyond

103 947 47 25 the
163 947 99 25 arched
273 951 125 28 gateway
410 947 30 24 of
450 947 158 25 Chetham's
622 947 138 31 Hospital.
796 947 39 23 As
848 950 27 20 at
889 946 45 24 the
943 947 80 23 touch

102 981 31 25 of
142 990 74 16 some
229 981 172 25 enchanter's
415 981 78 25 wand
507 980 46 26 the
571 985 109 28 present
700 980 129 25 vanishes
839 989 5 20 ;
863 980 47 25 the
923 980 103 33 toiling,

102 1016 159 31 struggling,
276 1024 62 16 ever
360 1015 68 32 busy
449 1016 56 31 city
525 1015 159 31 disappears
704 1023 30 16 as
755 1014 105 32 though
881 1014 20 25 it
921 1023 67 16 were
1009 1023 13 16 a

101 1049 137 25 thousand
253 1049 76 25 miles
343 1057 85 24 away.
465 1044 53 30 We
531 1057 46 17 are
591 1049 25 24 in
630 1049 45 25 the
689 1048 79 25 olden
782 1048 74 25 time.
892 1048 58 25 The
962 1049 60 31 long

101 1084 52 23 low
178 1083 122 32 building
321 1083 61 24 that
413 1083 96 24 stands
531 1083 90 24 before
646 1091 40 21 us,
711 1082 237 25 weather-stained
972 1082 50 25 and

101 1118 205 28 storm-beaten,
320 1120 45 30 yet
378 1120 103 29 strong,
494 1117 70 29 firm,
578 1117 53 24 and
648 1117 96 29 sound,
758 1117 22 23 is
802 1124 51 17 one
872 1116 29 24 of
918 1116 44 24 the
974 1116 48 24 few

100 1151 81 24 relics
194 1151 46 24 left
254 1159 32 16 us
305 1151 30 24 of
351 1151 47 24 the
418 1151 121 32 thriving
559 1151 99 32 village
680 1151 61 24 that
761 1151 78 24 stood
861 1151 35 32 by
908 1150 43 24 Irk
969 1150 52 24 and

102 1184 87 25 Irwell
202 1185 80 24 when
299 1184 69 25 their
387 1188 116 22 streams
520 1193 68 17 were
608 1184 51 25 still
681 1184 72 24 clear
775 1185 54 24 and
849 1184 99 33 bright,
969 1184 52 24 and

100 1218 127 31 sparkled
239 1218 66 25 with
324 1218 46 25 the
383 1218 70 25 swift
475 1218 68 25 flash
565 1218 30 25 of
614 1219 45 24 the
681 1218 82 25 fishes
785 1227 29 16 as
835 1219 65 32 they
918 1218 103 32 passed.

100 1247 72 30 How
185 1261 83 23 many
280 1252 174 32 generations
467 1252 30 25 of
508 1261 60 16 men
582 1252 70 25 have
667 1251 91 26 fumed
772 1252 53 25 and
846 1252 95 25 fretted
954 1252 68 25 their

97 1285 70 25 little
179 1286 70 25 hour
261 1295 72 22 upon
348 1286 45 25 the
406 1289 76 29 stage
495 1286 30 25 of
534 1287 45 24 life
592 1287 54 24 and
668 1286 99 31 passed
787 1295 35 16 on
835 1289 28 22 to
880 1286 44 25 the
945 1286 76 25 silent

98 1319 141 24 Godsacre
252 1320 75 23 since
339 1320 76 23 these
427 1320 76 23 walls
516 1328 70 15 were
599 1320 58 23 first
671 1321 94 22 reared
776 1321 9 22 ?

129 1387 68 24 This
209 1387 92 31 gossip
314 1387 22 24 is
350 1387 45 24 the
406 1388 147 23 substance
561 1388 29 23 of
600 1389 117 23 lectures
727 1388 153 32 frequently
888 1388 133 25 delivered

95 1424 28 21 to
136 1421 115 30 popular
264 1420 156 25 audiences.
455 1421 55 24 For
531 1422 162 30 permission
715 1426 27 20 to
764 1431 49 15 use
834 1431 74 16 some
930 1422 28 25 of
977 1422 44 24 the

94 1454 179 24 illustrations
285 1453 101 25 thanks
400 1461 44 17 are
457 1454 53 24 due
522 1458 28 20 to
566 1456 50 22 Mr.
630 1456 71 32 John
722 1456 103 29 Evans,
838 1456 46 25 the
897 1457 87 24 editor
996 1456 28 25 of

95 1487 46 24 the
154 1488 52 23 last
218 1487 101 24 edition
333 1486 28 25 of
374 1487 203 26 Parkinson's-'-
584 1489 57 24 Old
655 1489 109 24 Church
894 1505 32 4 —
930 1491 31 25 A.

502 1511 76 18 /£&<■'
599 1516 5 5 '
615 1528 4 2 .
