1079 1710
454 98 58 21 TOO
536 99 92 20 DEAR.

893 94 51 27 227

124 170 90 33 Jules
232 172 109 41 Favre,
360 184 33 21 or
409 184 60 31 any
485 174 81 42 body
584 174 46 43 (so
646 174 73 43 long
739 187 33 20 as
796 175 39 31 he
860 176 84 31 ruled

124 231 98 43 hard).
271 234 14 31 I
301 245 94 21 never
417 235 74 32 read
507 247 18 20 a
546 248 95 30 paper
654 250 6 27 ;
685 236 55 32 but
763 237 15 30 I
802 241 82 27 must
904 248 39 30 go

125 294 74 31 with
222 306 52 30 my
297 295 74 32 kind
382 309 6 26 ;
413 296 74 42 they
509 308 50 20 see
583 298 59 30 and
658 298 90 31 know
764 298 68 31 that
855 298 15 31 I
893 309 49 20 am

123 355 103 32 forced
264 355 64 33 into
363 357 92 42 doing
492 358 174 42 something
696 360 15 30 I
741 360 81 31 can't
851 360 89 31 bear!

123 416 123 42 They'll
273 429 75 20 soon
371 417 92 42 begin
490 423 31 26 to
549 419 54 30 ask
628 419 94 41 why?
766 420 69 31 You
860 420 82 31 don't

122 478 93 31 knoAV
231 478 84 32 what
329 478 24 32 it
368 478 25 32 is
409 482 30 28 to
454 478 38 32 be
509 478 72 32 held
596 479 29 31 in
642 480 67 30 that
725 492 67 29 way
803 482 6 30 !
849 480 93 31 Life's

122 543 55 28 not
191 539 99 32 worth
306 539 124 40 having.
478 539 130 40 Gaston,
625 544 60 35 too,
703 541 96 31 above
816 541 38 31 all
868 542 6 30 !

200 601 72 39 Yes,
289 605 32 27 to
338 601 37 31 be
508 601 151 31 muttered
675 602 81 31 Mile,
781 602 36 30 de
838 602 102 30 Mour-

117 662 138 41 jonville,
295 661 254 42 parenthetically
570 675 5 27 ;
658 662 51 31 the
747 663 166 31 Viviennes
933 664 7 30 !

122 724 94 30 that's
232 723 152 31 awkward
396 723 6 30 !
427 722 67 31 that
511 734 102 19 comes
629 722 90 31 home
731 724 6 30 !

372 795 52 30 my
452 783 84 31 God!
570 783 143 31 conceive
739 783 46 31 for
812 795 56 20 one
895 784 43 31 in-

122 849 89 35 stant,
238 844 25 30 if
285 844 39 30 he
349 843 132 42 guessed
494 844 6 30 !
525 843 60 31 and
612 843 96 31 Henri
732 844 58 30 and
813 843 107 32 Victor
932 845 6 30 !

122 907 102 31 Think
239 906 71 31 Iioav
326 906 23 30 it
364 906 99 39 hangs
480 917 73 19 over

198 968 59 39 Oh,
287 979 33 19 as
349 972 33 26 to
613 967 158 30 remarked
798 967 139 40 Aspasie,

121 1029 74 31 with
233 1040 18 19 a
288 1027 209 32 half-comical
534 1027 83 31 twist
655 1027 34 31 of
721 1028 55 30 her
813 1028 105 30 mouth
930 1040 7 27 ;

150 1090 111 43 people
278 1090 86 31 don't
379 1100 92 29 guess
497 1092 32 27 at
553 1088 84 31 these
663 1089 73 30 kind
762 1089 34 31 of
814 1089 103 40 things
929 1101 6 27 ;

117 1152 73 41 they
222 1150 97 32 either
352 1150 91 30 know
474 1149 84 31 them
585 1161 33 19 or
647 1150 116 31 remain
790 1150 45 31 for
866 1161 71 20 ever

117 1213 143 41 ignorant
272 1224 6 27 ;
303 1211 112 31 there's
438 1222 40 19 no
500 1211 192 40 guess-work
716 1210 30 31 in
764 1211 90 31 black
877 1211 59 31 and

117 1273 92 32 white
222 1286 5 27 ;
251 1272 56 31 but
334 1272 70 41 Avhy
431 1271 78 32 need
534 1283 59 29 any
619 1283 56 19 one
701 1271 33 31 of
754 1271 84 31 them
865 1283 71 19 ever

118 1336 93 30 know
220 1335 14 31 ?

192 1395 81 41 Only
297 1394 15 31 I
335 1393 91 31 know
440 1393 6 32 !
501 1393 132 31 retorted
649 1393 114 32 Olivier
777 1406 6 26 ;
839 1392 59 32 and
921 1393 13 29 I

117 1459 105 31 dream
238 1455 35 32 of
290 1455 26 32 it
327 1468 6 27 ;
358 1454 61 32 and
434 1454 26 30 if
471 1454 15 30 I
501 1454 61 30 had
578 1465 18 19 a
611 1454 60 30 bad
686 1453 93 40 fever,
797 1453 60 31 and
873 1464 61 20 was

117 1519 151 38 delirious,
287 1517 15 31 I
319 1515 108 33 should
443 1515 55 33 tell
515 1515 24 32 it
555 1515 40 32 all

796 1581 13 16 q
824 1576 11 19 2
