1079 1710
864 90 33 26 13

360 94 63 21 THE
447 94 177 21 FAREWELL.

129 169 163 41 HoAvever,
317 170 70 32 thus
411 171 22 31 it
455 183 63 20 was
540 176 53 27 not
615 171 73 32 with
712 171 108 38 Claire,
839 172 60 31 and

85 230 54 33 she
166 231 60 32 and
252 231 87 32 Aunt
361 231 189 33 Clementine
573 232 110 42 gained
704 232 62 33 real
788 232 111 32 friends

85 292 61 32 and
162 292 209 33 Avell-wishers
387 293 158 32 wherever
560 294 72 41 they
648 298 89 28 went.

130 353 62 32 But
228 354 53 32 the
310 354 88 32 effect
431 355 152 41 produced
615 355 41 41 by
687 354 52 32 the
771 354 127 33 Combe-

86 414 70 32 ville
188 415 193 42 catastrophe
411 427 80 20 wore
529 415 48 40 off,
615 427 33 20 as
690 414 75 33 such
796 416 102 41 things

86 475 175 42 eventually
277 475 47 40 do,
341 487 77 20 even
433 476 31 30 in
485 475 86 31 small
586 475 166 42 provincial
772 480 126 36 centres,

87 537 61 31 and
179 537 85 32 there
295 548 62 21 AAras
387 548 39 20 no
463 548 83 20 more
577 548 90 20 cause
697 536 45 32 for
773 537 125 32 Claire's

88 598 134 41 activity.

131 659 81 30 How
236 658 100 31 would
361 658 24 31 it
411 658 38 32 be
477 658 72 32 with
570 658 54 32 her
648 658 89 32 when
760 658 53 32 she
839 658 59 32 had

85 718 131 42 nothing
241 730 83 20 more
350 722 32 28 to
407 718 38 32 do
457 720 15 31 ?
516 718 95 32 What
633 718 100 32 would
755 718 55 32 her
831 730 67 20 own

85 779 86 32 heart
194 790 54 31 say
263 783 32 27 to
319 778 54 33 her
394 779 90 31 when
505 779 53 32 she
581 791 85 20 came
682 784 31 27 to
728 779 37 32 be
781 778 117 33 thrown

85 839 78 32 back
177 851 83 29 upon
276 839 38 32 its
330 839 214 41 communings
553 841 15 31 ?

126 900 81 31 That
234 904 136 28 moment
400 911 94 29 came,
522 900 60 31 and
613 900 102 32 Claire
745 899 154 32 remained

83 961 166 32 unaltered.
298 961 147 42 Serenely
472 961 141 41 cheerful,
634 961 60 32 and
718 961 72 40 free,
815 971 34 21 as
875 959 25 32 it

83 1022 129 41 seemed,
241 1022 78 32 from
350 1022 39 31 all
420 1022 208 42 perturbation
660 1022 33 32 of
717 1021 96 43 spirit,
846 1020 54 33 she

83 1096 63 20 was
169 1095 84 21 more
279 1083 189 32 affectionate
495 1083 73 32 with
598 1083 54 32 her
676 1083 120 32 mother
825 1082 74 32 than

82 1145 53 32 she
158 1146 61 31 had
242 1157 70 21 ever
334 1145 78 32 been
435 1144 81 33 since
536 1145 55 32 her
605 1145 149 41 marriage
767 1158 7 27 ;
797 1149 31 27 to
845 1144 55 31 her

82 1206 139 33 husband
241 1206 54 32 she
317 1206 123 32 showed
461 1206 127 32 marked
603 1206 145 32 kindness
762 1218 7 28 ;
792 1204 35 33 of
846 1204 54 32 her

81 1268 81 32 child
185 1268 54 32 she
262 1279 84 30 grew
367 1267 205 43 passionately
587 1267 81 40 fond,
686 1267 60 32 and
769 1266 131 42 perhaps

81 1329 31 32 in
127 1329 55 32 her
197 1329 82 43 piety
293 1329 85 32 there
400 1340 64 20 was
487 1340 84 20 more
587 1328 121 32 fervour
722 1327 76 32 than
813 1327 87 31 here-

80 1389 96 34 tofore
190 1403 6 27 ;
221 1389 55 33 but
299 1389 96 32 above
417 1389 39 32 all
477 1389 61 32 else
554 1400 18 21 a
588 1388 77 42 deep
682 1388 78 32 calm
777 1387 122 33 seemed

79 1456 32 28 to
128 1451 109 42 spread
251 1450 86 33 itself
349 1462 72 21 over
437 1450 109 33 Claire.

123 1512 99 33 Three
238 1511 101 34 weeks
356 1511 61 32 had
433 1511 132 40 elapsed,
578 1511 60 31 and
654 1511 41 32 M.
709 1510 36 32 de
758 1510 140 32 Lancour
