<?xml version="1.0" encoding="UTF-8"?>
<alto xmlns:xsi="http://www.w3.org/2001/XMLSchema-instance" xsi:noNamespaceSchemaLocation="http://www.bl.uk/schemas/alto/alto-1-4.xsd" xmlns:xlink="http://www.w3.org/1999/xlink">
	<Description>
		<MeasurementUnit>mm10</MeasurementUnit>
		<sourceImageInformation>
			<fileName>//head1/IN/2008-26/A0011736599/009121.jp2</fileName>
		</sourceImageInformation>
		<OCRProcessing ID="OCRPROCESSING_1">
			<preProcessingStep>
				<processingSoftware>
					<softwareCreator>CCS Content Conversion Specialists GmbH, Germany</softwareCreator>
					<softwareName>CCS docWORKS</softwareName>
					<softwareVersion>6.1-0.67</softwareVersion>
				</processingSoftware>
			</preProcessingStep>
			<ocrProcessingStep>
				<processingSoftware>
					<softwareCreator>ABBYY (BIT Software), Russia</softwareCreator>
					<softwareName>Finereader</softwareName>
				</processingSoftware>
			</ocrProcessingStep>
		</OCRProcessing>
	</Description>
	<Styles>
		<TextStyle ID="TXT_0" FONTSIZE="10" FONTFAMILY="Courier New"/>
		<TextStyle ID="TXT_1" FONTSIZE="9" FONTFAMILY="Courier New"/>
		<ParagraphStyle ID="PAR_LEFT" ALIGN="Left"/>
	</Styles>
	<Layout>
		<Page ID="P69" PHYSICAL_IMG_NR="69" HEIGHT="2180" WIDTH="1241" PRINTED_IMG_NR="61" POSITION="Right" ACCURACY="77.07">
			<TopMargin ID="P69_TM00001" HPOS="0" VPOS="0" WIDTH="1241" HEIGHT="149">
				<TextBlock ID="P69_TB00001" HPOS="491" VPOS="120" WIDTH="163" HEIGHT="27" STYLEREFS="TXT_0 PAR_LEFT">
					<TextLine ID="P69_TL00001" HPOS="491" VPOS="120" WIDTH="163" HEIGHT="27">
						<String ID="P69_ST00001" HPOS="491" VPOS="120" WIDTH="163" HEIGHT="27" CONTENT="61" WC="1.00" CC="00"/>
					</TextLine>
				</TextBlock>
			</TopMargin>
			<LeftMargin ID="P69_LM00001" HPOS="0" VPOS="149" WIDTH="60" HEIGHT="1772"/>
			<RightMargin ID="P69_RM00001" HPOS="1087" VPOS="149" WIDTH="154" HEIGHT="1772"/>
			<BottomMargin ID="P69_BM00001" HPOS="0" VPOS="1921" WIDTH="1241" HEIGHT="259"/>
			<PrintSpace ID="P69_PS00001" HPOS="60" VPOS="149" WIDTH="1027" HEIGHT="1772">
				<TextBlock ID="P69_TB00002" HPOS="60" VPOS="181" WIDTH="1024" HEIGHT="97" STYLEREFS="TXT_1 PAR_LEFT">
					<TextLine ID="P69_TL00002" HPOS="62" VPOS="183" WIDTH="1022" HEIGHT="42">
						<String ID="P69_ST00002" HPOS="62" VPOS="192" WIDTH="27" HEIGHT="21" CONTENT="ra" WC="0.66" CC="23"/>
						<SP ID="P69_SP00001" HPOS="89" VPOS="213" WIDTH="17"/>
						<String ID="P69_ST00003" HPOS="106" VPOS="207" WIDTH="6" HEIGHT="12" CONTENT="," WC="0.40" CC="5"/>
						<SP ID="P69_SP00002" HPOS="112" VPOS="219" WIDTH="18"/>
						<String ID="P69_ST00004" HPOS="130" VPOS="187" WIDTH="119" HEIGHT="25" CONTENT="notamos" WC="0.66" CC="6206024"/>
						<SP ID="P69_SP00003" HPOS="249" VPOS="219" WIDTH="13"/>
						<String ID="P69_ST00005" HPOS="262" VPOS="193" WIDTH="53" HEIGHT="28" CONTENT="que" WC="0.65" CC="036"/>
						<SP ID="P69_SP00004" HPOS="315" VPOS="221" WIDTH="16"/>
						<String ID="P69_ST00006" HPOS="331" VPOS="188" WIDTH="107" HEIGHT="23" CONTENT="nuestro" WC="0.61" CC="8207205"/>
						<SP ID="P69_SP00005" HPOS="438" VPOS="221" WIDTH="15"/>
						<String ID="P69_ST00007" HPOS="453" VPOS="183" WIDTH="71" HEIGHT="33" CONTENT="bote," WC="0.71" CC="72031"/>
						<SP ID="P69_SP00006" HPOS="524" VPOS="221" WIDTH="20"/>
						<String ID="P69_ST00008" HPOS="544" VPOS="183" WIDTH="164" HEIGHT="29" CONTENT="habiéndose" WC="0.62" CC="6070038605"/>
						<SP ID="P69_SP00007" HPOS="708" VPOS="221" WIDTH="16"/>
						<String ID="P69_ST00009" HPOS="724" VPOS="188" WIDTH="56" HEIGHT="25" CONTENT="rolo" WC="0.74" CC="0540"/>
						<SP ID="P69_SP00008" HPOS="780" VPOS="221" WIDTH="12"/>
						<String ID="P69_ST00010" HPOS="792" VPOS="183" WIDTH="23" HEIGHT="30" CONTENT="la" WC="0.93" CC="01"/>
						<SP ID="P69_SP00009" HPOS="815" VPOS="221" WIDTH="14"/>
						<String ID="P69_ST00011" HPOS="829" VPOS="183" WIDTH="63" HEIGHT="31" CONTENT="bosa" WC="0.38" CC="7575"/>
						<SP ID="P69_SP00010" HPOS="892" VPOS="221" WIDTH="17"/>
						<String ID="P69_ST00012" HPOS="909" VPOS="194" WIDTH="48" HEIGHT="20" CONTENT="con" WC="0.92" CC="020"/>
						<SP ID="P69_SP00011" HPOS="957" VPOS="221" WIDTH="14"/>
						<String ID="P69_ST00013" HPOS="971" VPOS="195" WIDTH="52" HEIGHT="30" CONTENT="que" WC="0.78" CC="006"/>
						<SP ID="P69_SP00012" HPOS="1023" VPOS="225" WIDTH="16"/>
						<String ID="P69_ST00014" HPOS="1039" VPOS="194" WIDTH="45" HEIGHT="22" CONTENT="es" SUBS_TYPE="HypPart1" SUBS_CONTENT="estaba" WC="0.79" CC="320"/>
						<HYP CONTENT="-"/>
					</TextLine>
					<TextLine ID="P69_TL00003" HPOS="64" VPOS="238" WIDTH="868" HEIGHT="40">
						<String ID="P69_ST00015" HPOS="64" VPOS="238" WIDTH="61" HEIGHT="31" CONTENT="taba" SUBS_TYPE="HypPart2" SUBS_CONTENT="estaba" WC="0.50" CC="7470"/>
						<SP ID="P69_SP00013" HPOS="125" VPOS="269" WIDTH="13"/>
						<String ID="P69_ST00016" HPOS="138" VPOS="239" WIDTH="95" HEIGHT="39" CONTENT="sujeto," WC="0.60" CC="6037073"/>
						<SP ID="P69_SP00014" HPOS="233" VPOS="278" WIDTH="20"/>
						<String ID="P69_ST00017" HPOS="253" VPOS="249" WIDTH="28" HEIGHT="19" CONTENT="se" WC="0.64" CC="07"/>
						<SP ID="P69_SP00015" HPOS="281" VPOS="278" WIDTH="14"/>
						<String ID="P69_ST00018" HPOS="295" VPOS="238" WIDTH="78" HEIGHT="30" CONTENT="habia" WC="0.66" CC="72700"/>
						<SP ID="P69_SP00016" HPOS="373" VPOS="278" WIDTH="14"/>
						<String ID="P69_ST00019" HPOS="387" VPOS="238" WIDTH="123" HEIGHT="40" CONTENT="quedado" WC="0.94" CC="0000102"/>
						<SP ID="P69_SP00017" HPOS="510" VPOS="278" WIDTH="14"/>
						<String ID="P69_ST00020" HPOS="524" VPOS="238" WIDTH="176" HEIGHT="31" CONTENT="abandonado" WC="0.70" CC="6705006400"/>
						<SP ID="P69_SP00018" HPOS="700" VPOS="278" WIDTH="17"/>
						<String ID="P69_ST00021" HPOS="717" VPOS="250" WIDTH="46" HEIGHT="28" CONTENT="por" WC="0.78" CC="060"/>
						<SP ID="P69_SP00019" HPOS="763" VPOS="278" WIDTH="17"/>
						<String ID="P69_ST00022" HPOS="780" VPOS="240" WIDTH="22" HEIGHT="29" CONTENT="el" WC="0.68" CC="60"/>
						<SP ID="P69_SP00020" HPOS="802" VPOS="278" WIDTH="18"/>
						<String ID="P69_ST00023" HPOS="820" VPOS="241" WIDTH="112" HEIGHT="30" CONTENT="camino." WC="0.76" CC="0402405"/>
					</TextLine>
				</TextBlock>
				<TextBlock ID="P69_TB00003" HPOS="65" VPOS="293" WIDTH="1021" HEIGHT="156" STYLEREFS="TXT_1 PAR_LEFT">
					<TextLine ID="P69_TL00004" HPOS="106" VPOS="294" WIDTH="977" HEIGHT="44">
						<String ID="P69_ST00024" HPOS="106" VPOS="296" WIDTH="207" HEIGHT="30" CONTENT="Determinamos" WC="0.56" CC="067060444745"/>
						<SP ID="P69_SP00021" HPOS="313" VPOS="326" WIDTH="14"/>
						<String ID="P69_ST00025" HPOS="327" VPOS="294" WIDTH="50" HEIGHT="31" CONTENT="irlo" WC="0.84" CC="1012"/>
						<SP ID="P69_SP00022" HPOS="377" VPOS="326" WIDTH="11"/>
						<String ID="P69_ST00026" HPOS="388" VPOS="296" WIDTH="14" HEIGHT="29" CONTENT="á" WC="1.00" CC="0"/>
						<SP ID="P69_SP00023" HPOS="402" VPOS="326" WIDTH="12"/>
						<String ID="P69_ST00027" HPOS="414" VPOS="295" WIDTH="97" HEIGHT="30" CONTENT="buscar" WC="0.69" CC="743020"/>
						<SP ID="P69_SP00024" HPOS="511" VPOS="326" WIDTH="12"/>
						<String ID="P69_ST00028" HPOS="523" VPOS="305" WIDTH="48" HEIGHT="20" CONTENT="con" WC="0.77" CC="006"/>
						<SP ID="P69_SP00025" HPOS="571" VPOS="326" WIDTH="13"/>
						<String ID="P69_ST00029" HPOS="584" VPOS="299" WIDTH="56" HEIGHT="26" CONTENT="otra" WC="0.89" CC="0300"/>
						<SP ID="P69_SP00026" HPOS="640" VPOS="326" WIDTH="11"/>
						<String ID="P69_ST00030" HPOS="651" VPOS="295" WIDTH="184" HEIGHT="31" CONTENT="embarcación" WC="0.75" CC="50650000063"/>
						<SP ID="P69_SP00027" HPOS="835" VPOS="326" WIDTH="15"/>
						<String ID="P69_ST00031" HPOS="850" VPOS="321" WIDTH="5" HEIGHT="11" CONTENT="," WC="1.00" CC="0"/>
						<SP ID="P69_SP00028" HPOS="855" VPOS="332" WIDTH="14"/>
						<String ID="P69_ST00032" HPOS="869" VPOS="298" WIDTH="140" HEIGHT="39" CONTENT="operación" WC="0.54" CC="707523095"/>
						<SP ID="P69_SP00029" HPOS="1009" VPOS="337" WIDTH="11"/>
						<String ID="P69_ST00033" HPOS="1020" VPOS="309" WIDTH="63" HEIGHT="29" CONTENT="que," WC="0.96" CC="0100"/>
					</TextLine>
					<TextLine ID="P69_TL00005" HPOS="68" VPOS="352" WIDTH="1018" HEIGHT="43">
						<String ID="P69_ST00034" HPOS="68" VPOS="364" WIDTH="48" HEIGHT="30" CONTENT="por" WC="0.79" CC="060"/>
						<SP ID="P69_SP00030" HPOS="116" VPOS="394" WIDTH="16"/>
						<String ID="P69_ST00035" HPOS="132" VPOS="364" WIDTH="42" HEIGHT="19" CONTENT="ser" WC="0.66" CC="405"/>
						<SP ID="P69_SP00031" HPOS="174" VPOS="394" WIDTH="15"/>
						<String ID="P69_ST00036" HPOS="189" VPOS="353" WIDTH="33" HEIGHT="29" CONTENT="de" WC="1.00" CC="00"/>
						<SP ID="P69_SP00032" HPOS="222" VPOS="394" WIDTH="23"/>
						<String ID="P69_ST00037" HPOS="245" VPOS="352" WIDTH="83" HEIGHT="29" CONTENT="noche" WC="0.63" CC="64070"/>
						<SP ID="P69_SP00033" HPOS="328" VPOS="394" WIDTH="25"/>
						<String ID="P69_ST00038" HPOS="353" VPOS="363" WIDTH="15" HEIGHT="28" CONTENT="y" WC="1.00" CC="0"/>
						<SP ID="P69_SP00034" HPOS="368" VPOS="394" WIDTH="14"/>
						<String ID="P69_ST00039" HPOS="382" VPOS="362" WIDTH="32" HEIGHT="19" CONTENT="en" WC="0.48" CC="54"/>
						<SP ID="P69_SP00035" HPOS="414" VPOS="394" WIDTH="16"/>
						<String ID="P69_ST00040" HPOS="430" VPOS="352" WIDTH="63" HEIGHT="30" CONTENT="tales" WC="0.66" CC="04372"/>
						<SP ID="P69_SP00036" HPOS="493" VPOS="394" WIDTH="17"/>
						<String ID="P69_ST00041" HPOS="510" VPOS="353" WIDTH="75" HEIGHT="29" CONTENT="sitios" WC="0.67" CC="610190"/>
						<SP ID="P69_SP00037" HPOS="585" VPOS="394" WIDTH="12"/>
						<String ID="P69_ST00042" HPOS="597" VPOS="352" WIDTH="33" HEIGHT="30" CONTENT="de" WC="0.61" CC="70"/>
						<SP ID="P69_SP00038" HPOS="630" VPOS="394" WIDTH="12"/>
						<String ID="P69_ST00043" HPOS="642" VPOS="354" WIDTH="88" HEIGHT="39" CONTENT="espías" WC="0.85" CC="050300"/>
						<SP ID="P69_SP00039" HPOS="730" VPOS="394" WIDTH="16"/>
						<String ID="P69_ST00044" HPOS="746" VPOS="364" WIDTH="17" HEIGHT="28" CONTENT="y" WC="1.00" CC="0"/>
						<SP ID="P69_SP00040" HPOS="763" VPOS="394" WIDTH="15"/>
						<String ID="P69_ST00045" HPOS="778" VPOS="354" WIDTH="140" HEIGHT="39" CONTENT="consignas" WC="0.75" CC="036000506"/>
						<SP ID="P69_SP00041" HPOS="918" VPOS="394" WIDTH="17"/>
						<String ID="P69_ST00046" HPOS="935" VPOS="355" WIDTH="106" HEIGHT="40" CONTENT="propias" WC="0.58" CC="6550063"/>
						<SP ID="P69_SP00042" HPOS="1041" VPOS="395" WIDTH="13"/>
						<String ID="P69_ST00047" HPOS="1054" VPOS="354" WIDTH="32" HEIGHT="31" CONTENT="de" WC="1.00" CC="00"/>
					</TextLine>
					<TextLine ID="P69_TL00006" HPOS="66" VPOS="410" WIDTH="559" HEIGHT="39">
						<String ID="P69_ST00048" HPOS="66" VPOS="411" WIDTH="23" HEIGHT="31" CONTENT="la" WC="0.69" CC="60"/>
						<SP ID="P69_SP00043" HPOS="89" VPOS="442" WIDTH="12"/>
						<String ID="P69_ST00049" HPOS="101" VPOS="420" WIDTH="94" HEIGHT="29" CONTENT="guerra" WC="0.97" CC="001000"/>
						<SP ID="P69_SP00044" HPOS="195" VPOS="449" WIDTH="14"/>
						<String ID="P69_ST00050" HPOS="209" VPOS="435" WIDTH="5" HEIGHT="10" CONTENT="," WC="0.68" CC="3"/>
						<SP ID="P69_SP00045" HPOS="214" VPOS="449" WIDTH="17"/>
						<String ID="P69_ST00051" HPOS="231" VPOS="410" WIDTH="68" HEIGHT="30" CONTENT="tenia" WC="0.68" CC="60602"/>
						<SP ID="P69_SP00046" HPOS="299" VPOS="449" WIDTH="14"/>
						<String ID="P69_ST00052" HPOS="313" VPOS="420" WIDTH="35" HEIGHT="20" CONTENT="un" WC="0.29" CC="76"/>
						<SP ID="P69_SP00047" HPOS="348" VPOS="449" WIDTH="17"/>
						<String ID="P69_ST00053" HPOS="365" VPOS="415" WIDTH="69" HEIGHT="25" CONTENT="tanto" WC="0.74" CC="00605"/>
						<SP ID="P69_SP00048" HPOS="434" VPOS="449" WIDTH="12"/>
						<String ID="P69_ST00054" HPOS="446" VPOS="410" WIDTH="33" HEIGHT="29" CONTENT="de" WC="0.97" CC="00"/>
						<SP ID="P69_SP00049" HPOS="479" VPOS="449" WIDTH="14"/>
						<String ID="P69_ST00055" HPOS="493" VPOS="416" WIDTH="132" HEIGHT="33" CONTENT="espuesla." WC="0.67" CC="059700050"/>
					</TextLine>
				</TextBlock>
				<TextBlock ID="P69_TB00004" HPOS="64" VPOS="465" WIDTH="1023" HEIGHT="437" STYLEREFS="TXT_1 PAR_LEFT">
					<TextLine ID="P69_TL00007" HPOS="106" VPOS="466" WIDTH="979" HEIGHT="42">
						<String ID="P69_ST00056" HPOS="106" VPOS="467" WIDTH="173" HEIGHT="30" CONTENT="Recordando" WC="0.75" CC="6610002305"/>
						<SP ID="P69_SP00050" HPOS="279" VPOS="497" WIDTH="17"/>
						<String ID="P69_ST00057" HPOS="296" VPOS="477" WIDTH="52" HEIGHT="31" CONTENT="que" WC="0.85" CC="040"/>
						<SP ID="P69_SP00051" HPOS="348" VPOS="508" WIDTH="16"/>
						<String ID="P69_ST00058" HPOS="364" VPOS="466" WIDTH="83" HEIGHT="31" CONTENT="desde" WC="0.77" CC="03600"/>
						<SP ID="P69_SP00052" HPOS="447" VPOS="508" WIDTH="15"/>
						<String ID="P69_ST00059" HPOS="462" VPOS="477" WIDTH="34" HEIGHT="20" CONTENT="un" WC="0.42" CC="64"/>
						<SP ID="P69_SP00053" HPOS="496" VPOS="508" WIDTH="18"/>
						<String ID="P69_ST00060" HPOS="514" VPOS="469" WIDTH="88" HEIGHT="34" CONTENT="navio," WC="0.70" CC="049020"/>
						<SP ID="P69_SP00054" HPOS="602" VPOS="508" WIDTH="20"/>
						<String ID="P69_ST00061" HPOS="622" VPOS="467" WIDTH="23" HEIGHT="30" CONTENT="al" WC="0.95" CC="01"/>
						<SP ID="P69_SP00055" HPOS="645" VPOS="508" WIDTH="19"/>
						<String ID="P69_ST00062" HPOS="664" VPOS="468" WIDTH="104" HEIGHT="40" CONTENT="pasarle" WC="0.96" CC="0010000"/>
						<SP ID="P69_SP00056" HPOS="768" VPOS="508" WIDTH="13"/>
						<String ID="P69_ST00063" HPOS="781" VPOS="478" WIDTH="48" HEIGHT="30" CONTENT="por" WC="0.63" CC="046"/>
						<SP ID="P69_SP00057" HPOS="829" VPOS="508" WIDTH="12"/>
						<String ID="P69_ST00064" HPOS="841" VPOS="479" WIDTH="31" HEIGHT="19" CONTENT="su" WC="0.66" CC="51"/>
						<SP ID="P69_SP00058" HPOS="872" VPOS="508" WIDTH="18"/>
						<String ID="P69_ST00065" HPOS="890" VPOS="468" WIDTH="71" HEIGHT="35" CONTENT="lado," WC="1.00" CC="00000"/>
						<SP ID="P69_SP00059" HPOS="961" VPOS="508" WIDTH="15"/>
						<String ID="P69_ST00066" HPOS="976" VPOS="479" WIDTH="47" HEIGHT="19" CONTENT="nos" WC="0.64" CC="730"/>
						<SP ID="P69_SP00060" HPOS="1023" VPOS="508" WIDTH="14"/>
						<String ID="P69_ST00067" HPOS="1037" VPOS="469" WIDTH="48" HEIGHT="30" CONTENT="ha" SUBS_TYPE="HypPart1" SUBS_CONTENT="habían" WC="0.67" CC="603"/>
						<HYP CONTENT="-"/>
					</TextLine>
					<TextLine ID="P69_TL00008" HPOS="64" VPOS="524" WIDTH="1020" HEIGHT="41">
						<String ID="P69_ST00068" HPOS="64" VPOS="525" WIDTH="63" HEIGHT="30" CONTENT="bían" SUBS_TYPE="HypPart2" SUBS_CONTENT="habían" WC="0.82" CC="6000"/>
						<SP ID="P69_SP00061" HPOS="127" VPOS="555" WIDTH="16"/>
						<String ID="P69_ST00069" HPOS="143" VPOS="525" WIDTH="101" HEIGHT="40" CONTENT="gritado" WC="0.59" CC="9036503"/>
						<SP ID="P69_SP00062" HPOS="244" VPOS="565" WIDTH="17"/>
						<String ID="P69_ST00070" HPOS="261" VPOS="525" WIDTH="98" HEIGHT="39" CONTENT="alguna" WC="0.49" CC="370666"/>
						<SP ID="P69_SP00063" HPOS="359" VPOS="565" WIDTH="15"/>
						<String ID="P69_ST00071" HPOS="374" VPOS="533" WIDTH="62" HEIGHT="20" CONTENT="cosa" WC="0.75" CC="6300"/>
						<SP ID="P69_SP00064" HPOS="436" VPOS="565" WIDTH="22"/>
						<String ID="P69_ST00072" HPOS="458" VPOS="535" WIDTH="51" HEIGHT="29" CONTENT="que" WC="0.47" CC="069"/>
						<SP ID="P69_SP00065" HPOS="509" VPOS="565" WIDTH="15"/>
						<String ID="P69_ST00073" HPOS="524" VPOS="535" WIDTH="31" HEIGHT="18" CONTENT="no" WC="0.50" CC="63"/>
						<SP ID="P69_SP00066" HPOS="555" VPOS="565" WIDTH="17"/>
						<String ID="P69_ST00074" HPOS="572" VPOS="524" WIDTH="213" HEIGHT="30" CONTENT="entendiéramos" WC="0.74" CC="0460300903050"/>
						<SP ID="P69_SP00067" HPOS="785" VPOS="565" WIDTH="13"/>
						<String ID="P69_ST00075" HPOS="798" VPOS="549" WIDTH="6" HEIGHT="10" CONTENT="," WC="0.70" CC="2"/>
						<SP ID="P69_SP00068" HPOS="804" VPOS="565" WIDTH="19"/>
						<String ID="P69_ST00076" HPOS="823" VPOS="527" WIDTH="111" HEIGHT="28" CONTENT="creímos" WC="0.79" CC="0205033"/>
						<SP ID="P69_SP00069" HPOS="934" VPOS="565" WIDTH="14"/>
						<String ID="P69_ST00077" HPOS="948" VPOS="531" WIDTH="136" HEIGHT="31" CONTENT="entonces," WC="0.66" CC="108760070"/>
					</TextLine>
					<TextLine ID="P69_TL00009" HPOS="67" VPOS="580" WIDTH="1020" HEIGHT="43">
						<String ID="P69_ST00078" HPOS="67" VPOS="592" WIDTH="51" HEIGHT="31" CONTENT="que" WC="0.65" CC="054"/>
						<SP ID="P69_SP00070" HPOS="118" VPOS="623" WIDTH="14"/>
						<String ID="P69_ST00079" HPOS="132" VPOS="582" WIDTH="68" HEIGHT="30" CONTENT="seria" WC="0.88" CC="50000"/>
						<SP ID="P69_SP00071" HPOS="200" VPOS="623" WIDTH="12"/>
						<String ID="P69_ST00080" HPOS="212" VPOS="581" WIDTH="137" HEIGHT="30" CONTENT="avisarnos" WC="0.78" CC="000700461"/>
						<SP ID="P69_SP00072" HPOS="349" VPOS="623" WIDTH="12"/>
						<String ID="P69_ST00081" HPOS="361" VPOS="580" WIDTH="23" HEIGHT="30" CONTENT="la" WC="0.71" CC="23"/>
						<SP ID="P69_SP00073" HPOS="384" VPOS="623" WIDTH="16"/>
						<String ID="P69_ST00082" HPOS="400" VPOS="580" WIDTH="100" HEIGHT="30" CONTENT="soltura" WC="0.80" CC="4170000"/>
						<SP ID="P69_SP00074" HPOS="500" VPOS="623" WIDTH="14"/>
						<String ID="P69_ST00083" HPOS="514" VPOS="580" WIDTH="41" HEIGHT="30" CONTENT="del" WC="0.82" CC="040"/>
						<SP ID="P69_SP00075" HPOS="555" VPOS="623" WIDTH="15"/>
						<String ID="P69_ST00084" HPOS="570" VPOS="580" WIDTH="77" HEIGHT="36" CONTENT="bote;" WC="0.72" CC="24500"/>
						<SP ID="P69_SP00076" HPOS="647" VPOS="623" WIDTH="19"/>
						<String ID="P69_ST00085" HPOS="666" VPOS="591" WIDTH="48" HEIGHT="30" CONTENT="por" WC="0.92" CC="002"/>
						<SP ID="P69_SP00077" HPOS="714" VPOS="623" WIDTH="16"/>
						<String ID="P69_ST00086" HPOS="730" VPOS="580" WIDTH="25" HEIGHT="30" CONTENT="lo" WC="0.53" CC="35"/>
						<SP ID="P69_SP00078" HPOS="755" VPOS="623" WIDTH="14"/>
						<String ID="P69_ST00087" HPOS="769" VPOS="591" WIDTH="51" HEIGHT="31" CONTENT="que" WC="1.00" CC="000"/>
						<SP ID="P69_SP00079" HPOS="820" VPOS="623" WIDTH="12"/>
						<String ID="P69_ST00088" HPOS="832" VPOS="591" WIDTH="42" HEIGHT="20" CONTENT="me" WC="1.00" CC="00"/>
						<SP ID="P69_SP00080" HPOS="874" VPOS="623" WIDTH="12"/>
						<String ID="P69_ST00089" HPOS="886" VPOS="581" WIDTH="80" HEIGHT="41" CONTENT="dirigí" WC="0.73" CC="006090"/>
						<SP ID="P69_SP00081" HPOS="966" VPOS="623" WIDTH="17"/>
						<String ID="P69_ST00090" HPOS="983" VPOS="582" WIDTH="104" HEIGHT="40" CONTENT="prime" SUBS_TYPE="HypPart1" SUBS_CONTENT="primeramente" WC="0.81" CC="000703"/>
						<HYP CONTENT="-"/>
					</TextLine>
					<TextLine ID="P69_TL00010" HPOS="68" VPOS="636" WIDTH="1019" HEIGHT="42">
						<String ID="P69_ST00091" HPOS="68" VPOS="643" WIDTH="118" HEIGHT="25" CONTENT="ramente" SUBS_TYPE="HypPart2" SUBS_CONTENT="primeramente" WC="0.80" CC="0000570"/>
						<SP ID="P69_SP00082" HPOS="186" VPOS="668" WIDTH="16"/>
						<String ID="P69_ST00092" HPOS="202" VPOS="638" WIDTH="14" HEIGHT="29" CONTENT="á" WC="1.00" CC="0"/>
						<SP ID="P69_SP00083" HPOS="216" VPOS="668" WIDTH="22"/>
						<String ID="P69_ST00093" HPOS="238" VPOS="637" WIDTH="23" HEIGHT="30" CONTENT="él" WC="0.46" CC="36"/>
						<String ID="P69_ST00094" HPOS="277" VPOS="662" WIDTH="6" HEIGHT="10" CONTENT="," WC="1.00" CC="0"/>
						<SP ID="P69_SP00084" HPOS="283" VPOS="672" WIDTH="17"/>
						<String ID="P69_ST00095" HPOS="300" VPOS="646" WIDTH="60" HEIGHT="31" CONTENT="para" WC="0.50" CC="9028"/>
						<SP ID="P69_SP00085" HPOS="360" VPOS="677" WIDTH="16"/>
						<String ID="P69_ST00096" HPOS="376" VPOS="646" WIDTH="45" HEIGHT="20" CONTENT="ver" WC="0.59" CC="920"/>
						<SP ID="P69_SP00086" HPOS="421" VPOS="677" WIDTH="20"/>
						<String ID="P69_ST00097" HPOS="441" VPOS="636" WIDTH="22" HEIGHT="30" CONTENT="si" WC="0.83" CC="30"/>
						<SP ID="P69_SP00087" HPOS="463" VPOS="677" WIDTH="16"/>
						<String ID="P69_ST00098" HPOS="479" VPOS="646" WIDTH="41" HEIGHT="20" CONTENT="me" WC="0.63" CC="70"/>
						<SP ID="P69_SP00088" HPOS="520" VPOS="677" WIDTH="13"/>
						<String ID="P69_ST00099" HPOS="533" VPOS="636" WIDTH="90" HEIGHT="30" CONTENT="darían" WC="0.89" CC="000006"/>
						<SP ID="P69_SP00089" HPOS="623" VPOS="677" WIDTH="14"/>
						<String ID="P69_ST00100" HPOS="637" VPOS="636" WIDTH="112" HEIGHT="31" CONTENT="indicios" WC="0.73" CC="07000553"/>
						<SP ID="P69_SP00090" HPOS="749" VPOS="677" WIDTH="14"/>
						<String ID="P69_ST00101" HPOS="763" VPOS="636" WIDTH="33" HEIGHT="31" CONTENT="de" WC="1.00" CC="00"/>
						<SP ID="P69_SP00091" HPOS="796" VPOS="677" WIDTH="16"/>
						<String ID="P69_ST00102" HPOS="812" VPOS="647" WIDTH="28" HEIGHT="20" CONTENT="su" WC="0.64" CC="24"/>
						<SP ID="P69_SP00092" HPOS="840" VPOS="677" WIDTH="19"/>
						<String ID="P69_ST00103" HPOS="859" VPOS="637" WIDTH="138" HEIGHT="41" CONTENT="paradero." WC="0.85" CC="000000660"/>
						<SP ID="P69_SP00093" HPOS="997" VPOS="678" WIDTH="16"/>
						<String ID="P69_ST00104" HPOS="1013" VPOS="641" WIDTH="74" HEIGHT="27" CONTENT="Des" SUBS_TYPE="HypPart1" SUBS_CONTENT="Después" WC="0.58" CC="6073"/>
						<HYP CONTENT="-"/>
					</TextLine>
					<TextLine ID="P69_TL00011" HPOS="67" VPOS="692" WIDTH="1020" HEIGHT="43">
						<String ID="P69_ST00105" HPOS="67" VPOS="705" WIDTH="65" HEIGHT="30" CONTENT="pués" SUBS_TYPE="HypPart2" SUBS_CONTENT="Después" WC="0.83" CC="0320"/>
						<SP ID="P69_SP00094" HPOS="132" VPOS="735" WIDTH="13"/>
						<String ID="P69_ST00106" HPOS="145" VPOS="694" WIDTH="42" HEIGHT="30" CONTENT="del" WC="1.00" CC="000"/>
						<SP ID="P69_SP00095" HPOS="187" VPOS="735" WIDTH="13"/>
						<String ID="P69_ST00107" HPOS="200" VPOS="692" WIDTH="205" HEIGHT="32" CONTENT="acostumbrado" WC="0.75" CC="070005760200"/>
						<SP ID="P69_SP00096" HPOS="405" VPOS="735" WIDTH="18"/>
						<String ID="P69_ST00108" HPOS="423" VPOS="695" WIDTH="99" HEIGHT="39" CONTENT="¿quién" WC="0.83" CC="003033"/>
						<SP ID="P69_SP00097" HPOS="522" VPOS="735" WIDTH="15"/>
						<String ID="P69_ST00109" HPOS="537" VPOS="694" WIDTH="80" HEIGHT="30" CONTENT="vive?" WC="0.49" CC="90068"/>
						<SP ID="P69_SP00098" HPOS="617" VPOS="735" WIDTH="14"/>
						<String ID="P69_ST00110" HPOS="631" VPOS="693" WIDTH="68" HEIGHT="31" CONTENT="dado" WC="0.73" CC="0307"/>
						<SP ID="P69_SP00099" HPOS="699" VPOS="735" WIDTH="15"/>
						<String ID="P69_ST00111" HPOS="714" VPOS="704" WIDTH="49" HEIGHT="20" CONTENT="con" WC="0.73" CC="025"/>
						<SP ID="P69_SP00100" HPOS="763" VPOS="735" WIDTH="13"/>
						<String ID="P69_ST00112" HPOS="776" VPOS="704" WIDTH="47" HEIGHT="20" CONTENT="voz" WC="0.68" CC="062"/>
						<SP ID="P69_SP00101" HPOS="823" VPOS="735" WIDTH="16"/>
						<String ID="P69_ST00113" HPOS="839" VPOS="695" WIDTH="156" HEIGHT="30" CONTENT="atronadora" WC="0.72" CC="5106520400"/>
						<SP ID="P69_SP00102" HPOS="995" VPOS="735" WIDTH="13"/>
						<String ID="P69_ST00114" HPOS="1008" VPOS="720" WIDTH="5" HEIGHT="11" CONTENT="," WC="1.00" CC="0"/>
						<SP ID="P69_SP00103" HPOS="1013" VPOS="735" WIDTH="16"/>
						<String ID="P69_ST00115" HPOS="1029" VPOS="706" WIDTH="58" HEIGHT="29" CONTENT="pre" SUBS_TYPE="HypPart1" SUBS_CONTENT="pregunté" WC="0.89" CC="0022"/>
						<HYP CONTENT="-"/>
					</TextLine>
					<TextLine ID="P69_TL00012" HPOS="67" VPOS="750" WIDTH="1020" HEIGHT="41">
						<String ID="P69_ST00116" HPOS="67" VPOS="753" WIDTH="80" HEIGHT="38" CONTENT="gunté" SUBS_TYPE="HypPart2" SUBS_CONTENT="pregunté" WC="0.38" CC="93772"/>
						<SP ID="P69_SP00104" HPOS="147" VPOS="791" WIDTH="22"/>
						<String ID="P69_ST00117" HPOS="169" VPOS="762" WIDTH="47" HEIGHT="29" CONTENT="por" WC="0.80" CC="023"/>
						<SP ID="P69_SP00105" HPOS="216" VPOS="791" WIDTH="16"/>
						<String ID="P69_ST00118" HPOS="232" VPOS="751" WIDTH="22" HEIGHT="30" CONTENT="el" WC="0.37" CC="74"/>
						<SP ID="P69_SP00106" HPOS="254" VPOS="791" WIDTH="18"/>
						<String ID="P69_ST00119" HPOS="272" VPOS="750" WIDTH="60" HEIGHT="30" CONTENT="bote" WC="0.81" CC="0303"/>
						<SP ID="P69_SP00107" HPOS="332" VPOS="791" WIDTH="13"/>
						<String ID="P69_ST00120" HPOS="345" VPOS="763" WIDTH="5" HEIGHT="22" CONTENT=";" WC="1.00" CC="0"/>
						<SP ID="P69_SP00108" HPOS="350" VPOS="791" WIDTH="20"/>
						<String ID="P69_ST00121" HPOS="370" VPOS="761" WIDTH="17" HEIGHT="29" CONTENT="y" WC="1.00" CC="0"/>
						<SP ID="P69_SP00109" HPOS="387" VPOS="791" WIDTH="13"/>
						<String ID="P69_ST00122" HPOS="400" VPOS="750" WIDTH="213" HEIGHT="35" CONTENT="efectivamente," WC="0.75" CC="03007602050404"/>
						<SP ID="P69_SP00110" HPOS="613" VPOS="791" WIDTH="26"/>
						<String ID="P69_ST00123" HPOS="639" VPOS="761" WIDTH="67" HEIGHT="29" CONTENT="supo" WC="0.69" CC="6500"/>
						<SP ID="P69_SP00111" HPOS="706" VPOS="791" WIDTH="15"/>
						<String ID="P69_ST00124" HPOS="721" VPOS="750" WIDTH="117" HEIGHT="30" CONTENT="decirme" WC="0.88" CC="0000205"/>
						<SP ID="P69_SP00112" HPOS="838" VPOS="791" WIDTH="16"/>
						<String ID="P69_ST00125" HPOS="854" VPOS="751" WIDTH="23" HEIGHT="29" CONTENT="el" WC="0.94" CC="10"/>
						<SP ID="P69_SP00113" HPOS="877" VPOS="791" WIDTH="22"/>
						<String ID="P69_ST00126" HPOS="899" VPOS="751" WIDTH="129" HEIGHT="31" CONTENT="centinela" WC="0.68" CC="047607200"/>
						<SP ID="P69_SP00114" HPOS="1028" VPOS="791" WIDTH="17"/>
						<String ID="P69_ST00127" HPOS="1045" VPOS="751" WIDTH="42" HEIGHT="31" CONTENT="del" WC="1.00" CC="000"/>
					</TextLine>
					<TextLine ID="P69_TL00013" HPOS="67" VPOS="807" WIDTH="1020" HEIGHT="41">
						<String ID="P69_ST00128" HPOS="67" VPOS="807" WIDTH="133" HEIGHT="40" CONTENT="portalón," WC="0.59" CC="040717554"/>
						<SP ID="P69_SP00115" HPOS="200" VPOS="847" WIDTH="16"/>
						<String ID="P69_ST00129" HPOS="216" VPOS="818" WIDTH="54" HEIGHT="30" CONTENT="que" WC="0.85" CC="040"/>
						<SP ID="P69_SP00116" HPOS="270" VPOS="848" WIDTH="17"/>
						<String ID="P69_ST00130" HPOS="287" VPOS="807" WIDTH="24" HEIGHT="29" CONTENT="lo" WC="0.67" CC="23"/>
						<SP ID="P69_SP00117" HPOS="311" VPOS="848" WIDTH="25"/>
						<String ID="P69_ST00131" HPOS="336" VPOS="807" WIDTH="79" HEIGHT="30" CONTENT="habia" WC="0.57" CC="75710"/>
						<SP ID="P69_SP00118" HPOS="415" VPOS="848" WIDTH="17"/>
						<String ID="P69_ST00132" HPOS="432" VPOS="807" WIDTH="66" HEIGHT="30" CONTENT="visto" WC="1.00" CC="00000"/>
						<SP ID="P69_SP00119" HPOS="498" VPOS="848" WIDTH="17"/>
						<String ID="P69_ST00133" HPOS="515" VPOS="807" WIDTH="22" HEIGHT="30" CONTENT="ir" WC="0.88" CC="20"/>
						<SP ID="P69_SP00120" HPOS="537" VPOS="848" WIDTH="22"/>
						<String ID="P69_ST00134" HPOS="559" VPOS="807" WIDTH="74" HEIGHT="30" CONTENT="hacia" WC="0.86" CC="60000"/>
						<SP ID="P69_SP00121" HPOS="633" VPOS="848" WIDTH="24"/>
						<String ID="P69_ST00135" HPOS="657" VPOS="807" WIDTH="23" HEIGHT="30" CONTENT="la" WC="1.00" CC="00"/>
						<SP ID="P69_SP00122" HPOS="680" VPOS="848" WIDTH="15"/>
						<String ID="P69_ST00136" HPOS="695" VPOS="812" WIDTH="73" HEIGHT="26" CONTENT="costa" WC="0.62" CC="06506"/>
						<SP ID="P69_SP00123" HPOS="768" VPOS="848" WIDTH="16"/>
						<String ID="P69_ST00137" HPOS="784" VPOS="808" WIDTH="13" HEIGHT="29" CONTENT="á" WC="0.79" CC="2"/>
						<SP ID="P69_SP00124" HPOS="797" VPOS="848" WIDTH="18"/>
						<String ID="P69_ST00138" HPOS="815" VPOS="807" WIDTH="105" HEIGHT="30" CONTENT="merced" WC="0.97" CC="000100"/>
						<SP ID="P69_SP00125" HPOS="920" VPOS="848" WIDTH="20"/>
						<String ID="P69_ST00139" HPOS="940" VPOS="808" WIDTH="42" HEIGHT="30" CONTENT="del" WC="1.00" CC="000"/>
						<SP ID="P69_SP00126" HPOS="982" VPOS="848" WIDTH="18"/>
						<String ID="P69_ST00140" HPOS="1000" VPOS="809" WIDTH="87" HEIGHT="30" CONTENT="viento" WC="0.70" CC="000565"/>
					</TextLine>
					<TextLine ID="P69_TL00014" HPOS="67" VPOS="863" WIDTH="184" HEIGHT="39">
						<String ID="P69_ST00141" HPOS="67" VPOS="874" WIDTH="52" HEIGHT="28" CONTENT="que" WC="0.88" CC="030"/>
						<SP ID="P69_SP00127" HPOS="119" VPOS="902" WIDTH="12"/>
						<String ID="P69_ST00142" HPOS="131" VPOS="863" WIDTH="120" HEIGHT="30" CONTENT="reinaba." WC="0.81" CC="40060003"/>
					</TextLine>
				</TextBlock>
				<TextBlock ID="P69_TB00005" HPOS="68" VPOS="917" WIDTH="1018" HEIGHT="154" STYLEREFS="TXT_1 PAR_LEFT">
					<TextLine ID="P69_TL00015" HPOS="107" VPOS="919" WIDTH="977" HEIGHT="41">
						<String ID="P69_ST00143" HPOS="107" VPOS="921" WIDTH="42" HEIGHT="29" CONTENT="Me" WC="0.78" CC="04"/>
						<SP ID="P69_SP00128" HPOS="149" VPOS="950" WIDTH="13"/>
						<String ID="P69_ST00144" HPOS="162" VPOS="919" WIDTH="78" HEIGHT="40" CONTENT="dirigí" WC="0.93" CC="000004"/>
						<String ID="P69_ST00145" HPOS="251" VPOS="944" WIDTH="6" HEIGHT="11" CONTENT="," WC="1.00" CC="0"/>
						<SP ID="P69_SP00129" HPOS="257" VPOS="959" WIDTH="15"/>
						<String ID="P69_ST00146" HPOS="272" VPOS="930" WIDTH="77" HEIGHT="30" CONTENT="pues," WC="0.90" CC="03100"/>
						<SP ID="P69_SP00130" HPOS="349" VPOS="960" WIDTH="17"/>
						<String ID="P69_ST00147" HPOS="366" VPOS="920" WIDTH="75" HEIGHT="30" CONTENT="hacia" WC="0.91" CC="30000"/>
						<SP ID="P69_SP00131" HPOS="441" VPOS="960" WIDTH="13"/>
						<String ID="P69_ST00148" HPOS="454" VPOS="920" WIDTH="24" HEIGHT="29" CONTENT="la" WC="0.94" CC="01"/>
						<SP ID="P69_SP00132" HPOS="478" VPOS="960" WIDTH="15"/>
						<String ID="P69_ST00149" HPOS="493" VPOS="920" WIDTH="75" HEIGHT="30" CONTENT="orilla" WC="0.75" CC="360004"/>
						<SP ID="P69_SP00133" HPOS="568" VPOS="960" WIDTH="13"/>
						<String ID="P69_ST00150" HPOS="581" VPOS="945" WIDTH="5" HEIGHT="7" CONTENT="." WC="0.55" CC="4"/>
						<SP ID="P69_SP00134" HPOS="586" VPOS="960" WIDTH="17"/>
						<String ID="P69_ST00151" HPOS="603" VPOS="919" WIDTH="24" HEIGHT="30" CONTENT="lo" WC="0.70" CC="05"/>
						<SP ID="P69_SP00135" HPOS="627" VPOS="960" WIDTH="13"/>
						<String ID="P69_ST00152" HPOS="640" VPOS="930" WIDTH="51" HEIGHT="30" CONTENT="que" WC="0.95" CC="001"/>
						<SP ID="P69_SP00136" HPOS="691" VPOS="960" WIDTH="13"/>
						<String ID="P69_ST00153" HPOS="704" VPOS="930" WIDTH="32" HEIGHT="20" CONTENT="no" WC="0.32" CC="76"/>
						<SP ID="P69_SP00137" HPOS="736" VPOS="960" WIDTH="11"/>
						<String ID="P69_ST00154" HPOS="747" VPOS="919" WIDTH="96" HEIGHT="41" CONTENT="dejaba" WC="0.66" CC="061632"/>
						<SP ID="P69_SP00138" HPOS="843" VPOS="960" WIDTH="13"/>
						<String ID="P69_ST00155" HPOS="856" VPOS="920" WIDTH="33" HEIGHT="30" CONTENT="de" WC="1.00" CC="00"/>
						<SP ID="P69_SP00139" HPOS="889" VPOS="960" WIDTH="13"/>
						<String ID="P69_ST00156" HPOS="902" VPOS="931" WIDTH="42" HEIGHT="19" CONTENT="ser" WC="0.69" CC="502"/>
						<SP ID="P69_SP00140" HPOS="944" VPOS="960" WIDTH="11"/>
						<String ID="P69_ST00157" HPOS="955" VPOS="920" WIDTH="129" HEIGHT="35" CONTENT="atrevido," WC="0.65" CC="566070050"/>
					</TextLine>
					<TextLine ID="P69_TL00016" HPOS="69" VPOS="976" WIDTH="1017" HEIGHT="40">
						<String ID="P69_ST00158" HPOS="69" VPOS="987" WIDTH="17" HEIGHT="29" CONTENT="y" WC="1.00" CC="0"/>
						<SP ID="P69_SP00141" HPOS="86" VPOS="1016" WIDTH="15"/>
						<String ID="P69_ST00159" HPOS="101" VPOS="981" WIDTH="63" HEIGHT="25" CONTENT="tuve" WC="0.60" CC="0590"/>
						<SP ID="P69_SP00142" HPOS="164" VPOS="1016" WIDTH="16"/>
						<String ID="P69_ST00160" HPOS="180" VPOS="977" WIDTH="24" HEIGHT="29" CONTENT="la" WC="1.00" CC="00"/>
						<SP ID="P69_SP00143" HPOS="204" VPOS="1016" WIDTH="17"/>
						<String ID="P69_ST00161" HPOS="221" VPOS="981" WIDTH="87" HEIGHT="24" CONTENT="suerte" WC="0.45" CC="923960"/>
						<SP ID="P69_SP00144" HPOS="308" VPOS="1016" WIDTH="16"/>
						<String ID="P69_ST00162" HPOS="324" VPOS="976" WIDTH="32" HEIGHT="29" CONTENT="de" WC="0.70" CC="05"/>
						<SP ID="P69_SP00145" HPOS="356" VPOS="1016" WIDTH="16"/>
						<String ID="P69_ST00163" HPOS="372" VPOS="976" WIDTH="165" HEIGHT="29" CONTENT="encontrarlo" WC="0.63" CC="07037750603"/>
						<SP ID="P69_SP00146" HPOS="537" VPOS="1016" WIDTH="16"/>
						<String ID="P69_ST00164" HPOS="553" VPOS="978" WIDTH="13" HEIGHT="27" CONTENT="á" WC="1.00" CC="0"/>
						<SP ID="P69_SP00147" HPOS="566" VPOS="1016" WIDTH="18"/>
						<String ID="P69_ST00165" HPOS="584" VPOS="976" WIDTH="39" HEIGHT="29" CONTENT="los" WC="0.94" CC="010"/>
						<SP ID="P69_SP00148" HPOS="623" VPOS="1016" WIDTH="13"/>
						<String ID="P69_ST00166" HPOS="636" VPOS="986" WIDTH="80" HEIGHT="30" CONTENT="pocos" WC="0.82" CC="03005"/>
						<SP ID="P69_SP00149" HPOS="716" VPOS="1016" WIDTH="13"/>
						<String ID="P69_ST00167" HPOS="729" VPOS="982" WIDTH="146" HEIGHT="24" CONTENT="momentos" WC="0.49" CC="04648644"/>
						<SP ID="P69_SP00150" HPOS="875" VPOS="1016" WIDTH="17"/>
						<String ID="P69_ST00168" HPOS="892" VPOS="987" WIDTH="52" HEIGHT="29" CONTENT="que" WC="0.83" CC="040"/>
						<SP ID="P69_SP00151" HPOS="944" VPOS="1016" WIDTH="13"/>
						<String ID="P69_ST00169" HPOS="957" VPOS="977" WIDTH="23" HEIGHT="28" CONTENT="la" WC="0.50" CC="54"/>
						<SP ID="P69_SP00152" HPOS="980" VPOS="1016" WIDTH="17"/>
						<String ID="P69_ST00170" HPOS="997" VPOS="977" WIDTH="89" HEIGHT="29" CONTENT="estaba" WC="0.78" CC="020720"/>
					</TextLine>
					<TextLine ID="P69_TL00017" HPOS="68" VPOS="1032" WIDTH="714" HEIGHT="39">
						<String ID="P69_ST00171" HPOS="68" VPOS="1032" WIDTH="181" HEIGHT="34" CONTENT="recorriendo," WC="0.88" CC="100406000000"/>
						<SP ID="P69_SP00153" HPOS="249" VPOS="1066" WIDTH="16"/>
						<String ID="P69_ST00172" HPOS="265" VPOS="1032" WIDTH="148" HEIGHT="30" CONTENT="embestido" WC="0.65" CC="276245100"/>
						<SP ID="P69_SP00154" HPOS="413" VPOS="1066" WIDTH="11"/>
						<String ID="P69_ST00173" HPOS="424" VPOS="1043" WIDTH="31" HEIGHT="18" CONTENT="en" WC="0.85" CC="02"/>
						<SP ID="P69_SP00155" HPOS="455" VPOS="1066" WIDTH="15"/>
						<String ID="P69_ST00174" HPOS="470" VPOS="1042" WIDTH="51" HEIGHT="20" CONTENT="una" WC="0.63" CC="055"/>
						<SP ID="P69_SP00156" HPOS="521" VPOS="1066" WIDTH="17"/>
						<String ID="P69_ST00175" HPOS="538" VPOS="1033" WIDTH="142" HEIGHT="38" CONTENT="pequeñita" WC="0.78" CC="000607050"/>
						<SP ID="P69_SP00157" HPOS="680" VPOS="1071" WIDTH="15"/>
						<String ID="P69_ST00176" HPOS="695" VPOS="1033" WIDTH="87" HEIGHT="38" CONTENT="playa." WC="0.91" CC="040010"/>
					</TextLine>
				</TextBlock>
				<TextBlock ID="P69_TB00006" HPOS="66" VPOS="1087" WIDTH="1021" HEIGHT="209" STYLEREFS="TXT_1 PAR_LEFT">
					<TextLine ID="P69_TL00018" HPOS="108" VPOS="1088" WIDTH="979" HEIGHT="41">
						<String ID="P69_ST00177" HPOS="108" VPOS="1090" WIDTH="37" HEIGHT="28" CONTENT="Lo" WC="0.56" CC="17"/>
						<SP ID="P69_SP00158" HPOS="145" VPOS="1118" WIDTH="16"/>
						<String ID="P69_ST00178" HPOS="161" VPOS="1099" WIDTH="119" HEIGHT="19" CONTENT="sacamos" WC="0.85" CC="0000090"/>
						<SP ID="P69_SP00159" HPOS="280" VPOS="1118" WIDTH="19"/>
						<String ID="P69_ST00179" HPOS="299" VPOS="1089" WIDTH="12" HEIGHT="28" CONTENT="á" WC="1.00" CC="0"/>
						<SP ID="P69_SP00160" HPOS="311" VPOS="1118" WIDTH="17"/>
						<String ID="P69_ST00180" HPOS="328" VPOS="1090" WIDTH="71" HEIGHT="33" CONTENT="flote," WC="0.82" CC="006400"/>
						<SP ID="P69_SP00161" HPOS="399" VPOS="1123" WIDTH="20"/>
						<String ID="P69_ST00181" HPOS="419" VPOS="1099" WIDTH="16" HEIGHT="28" CONTENT="y" WC="1.00" CC="0"/>
						<SP ID="P69_SP00162" HPOS="435" VPOS="1127" WIDTH="19"/>
						<String ID="P69_ST00182" HPOS="454" VPOS="1088" WIDTH="147" HEIGHT="30" CONTENT="tomándolo" WC="0.74" CC="734000205"/>
						<SP ID="P69_SP00163" HPOS="601" VPOS="1127" WIDTH="28"/>
						<String ID="P69_ST00183" HPOS="629" VPOS="1088" WIDTH="33" HEIGHT="30" CONTENT="de" WC="1.00" CC="00"/>
						<SP ID="P69_SP00164" HPOS="662" VPOS="1127" WIDTH="18"/>
						<String ID="P69_ST00184" HPOS="680" VPOS="1088" WIDTH="148" HEIGHT="41" CONTENT="remolque," WC="0.73" CC="020440434"/>
						<SP ID="P69_SP00165" HPOS="828" VPOS="1129" WIDTH="19"/>
						<String ID="P69_ST00185" HPOS="847" VPOS="1089" WIDTH="128" HEIGHT="40" CONTENT="bogamos" WC="0.72" CC="6706000"/>
						<SP ID="P69_SP00166" HPOS="975" VPOS="1129" WIDTH="23"/>
						<String ID="P69_ST00186" HPOS="998" VPOS="1090" WIDTH="13" HEIGHT="29" CONTENT="á" WC="1.00" CC="0"/>
						<SP ID="P69_SP00167" HPOS="1011" VPOS="1129" WIDTH="18"/>
						<String ID="P69_ST00187" HPOS="1029" VPOS="1088" WIDTH="58" HEIGHT="31" CONTENT="toda" WC="0.73" CC="8002"/>
					</TextLine>
					<TextLine ID="P69_TL00019" HPOS="66" VPOS="1144" WIDTH="1016" HEIGHT="43">
						<String ID="P69_ST00188" HPOS="66" VPOS="1146" WIDTH="71" HEIGHT="41" CONTENT="prisa" WC="0.89" CC="00050"/>
						<SP ID="P69_SP00168" HPOS="137" VPOS="1187" WIDTH="17"/>
						<String ID="P69_ST00189" HPOS="154" VPOS="1146" WIDTH="73" HEIGHT="30" CONTENT="bacía" WC="0.69" CC="77000"/>
						<SP ID="P69_SP00169" HPOS="227" VPOS="1187" WIDTH="22"/>
						<String ID="P69_ST00190" HPOS="249" VPOS="1144" WIDTH="83" HEIGHT="31" CONTENT="bordo" WC="0.61" CC="26504"/>
						<SP ID="P69_SP00170" HPOS="332" VPOS="1187" WIDTH="13"/>
						<String ID="P69_ST00191" HPOS="345" VPOS="1159" WIDTH="5" HEIGHT="20" CONTENT=";" WC="1.00" CC="0"/>
						<SP ID="P69_SP00171" HPOS="350" VPOS="1187" WIDTH="17"/>
						<String ID="P69_ST00192" HPOS="367" VPOS="1155" WIDTH="63" HEIGHT="30" CONTENT="para" WC="0.93" CC="0200"/>
						<SP ID="P69_SP00172" HPOS="430" VPOS="1187" WIDTH="16"/>
						<String ID="P69_ST00193" HPOS="446" VPOS="1145" WIDTH="132" HEIGHT="40" CONTENT="alejamos" WC="0.60" CC="95201712"/>
						<SP ID="P69_SP00173" HPOS="578" VPOS="1187" WIDTH="17"/>
						<String ID="P69_ST00194" HPOS="595" VPOS="1155" WIDTH="31" HEIGHT="31" CONTENT="ya" WC="0.94" CC="01"/>
						<SP ID="P69_SP00174" HPOS="626" VPOS="1187" WIDTH="17"/>
						<String ID="P69_ST00195" HPOS="643" VPOS="1145" WIDTH="32" HEIGHT="30" CONTENT="de" WC="1.00" CC="00"/>
						<SP ID="P69_SP00175" HPOS="675" VPOS="1187" WIDTH="16"/>
						<String ID="P69_ST00196" HPOS="691" VPOS="1146" WIDTH="105" HEIGHT="40" CONTENT="aquella" WC="0.69" CC="0820603"/>
						<SP ID="P69_SP00176" HPOS="796" VPOS="1187" WIDTH="19"/>
						<String ID="P69_ST00197" HPOS="815" VPOS="1146" WIDTH="132" HEIGHT="40" CONTENT="peligrosa" WC="0.83" CC="002009101"/>
						<SP ID="P69_SP00177" HPOS="947" VPOS="1187" WIDTH="15"/>
						<String ID="P69_ST00198" HPOS="962" VPOS="1145" WIDTH="120" HEIGHT="35" CONTENT="soledad," WC="0.79" CC="60009000"/>
					</TextLine>
					<TextLine ID="P69_TL00020" HPOS="67" VPOS="1201" WIDTH="1020" HEIGHT="42">
						<String ID="P69_ST00199" HPOS="67" VPOS="1213" WIDTH="31" HEIGHT="19" CONTENT="en" WC="0.67" CC="06"/>
						<SP ID="P69_SP00178" HPOS="98" VPOS="1232" WIDTH="13"/>
						<String ID="P69_ST00200" HPOS="111" VPOS="1202" WIDTH="85" HEIGHT="30" CONTENT="donde" WC="0.83" CC="02500"/>
						<SP ID="P69_SP00179" HPOS="196" VPOS="1232" WIDTH="14"/>
						<String ID="P69_ST00201" HPOS="210" VPOS="1202" WIDTH="55" HEIGHT="30" CONTENT="solo" WC="0.60" CC="4406"/>
						<SP ID="P69_SP00180" HPOS="265" VPOS="1232" WIDTH="17"/>
						<String ID="P69_ST00202" HPOS="282" VPOS="1201" WIDTH="155" HEIGHT="31" CONTENT="retumbaba" WC="0.78" CC="000770040"/>
						<SP ID="P69_SP00181" HPOS="437" VPOS="1232" WIDTH="15"/>
						<String ID="P69_ST00203" HPOS="452" VPOS="1202" WIDTH="23" HEIGHT="30" CONTENT="el" WC="0.96" CC="00"/>
						<SP ID="P69_SP00182" HPOS="475" VPOS="1232" WIDTH="17"/>
						<String ID="P69_ST00204" HPOS="492" VPOS="1202" WIDTH="156" HEIGHT="41" CONTENT="estrepiloso" WC="0.59" CC="07545006654"/>
						<SP ID="P69_SP00183" HPOS="648" VPOS="1243" WIDTH="16"/>
						<String ID="P69_ST00205" HPOS="664" VPOS="1206" WIDTH="117" HEIGHT="26" CONTENT="cañoneo" WC="0.71" CC="3060406"/>
						<SP ID="P69_SP00184" HPOS="781" VPOS="1243" WIDTH="16"/>
						<String ID="P69_ST00206" HPOS="797" VPOS="1202" WIDTH="43" HEIGHT="30" CONTENT="del" WC="1.00" CC="000"/>
						<SP ID="P69_SP00185" HPOS="840" VPOS="1243" WIDTH="12"/>
						<String ID="P69_ST00207" HPOS="852" VPOS="1212" WIDTH="111" HEIGHT="20" CONTENT="cercano" WC="0.85" CC="0600003"/>
						<SP ID="P69_SP00186" HPOS="963" VPOS="1243" WIDTH="17"/>
						<String ID="P69_ST00208" HPOS="980" VPOS="1203" WIDTH="59" HEIGHT="29" CONTENT="silio" WC="0.40" CC="65565"/>
						<SP ID="P69_SP00187" HPOS="1039" VPOS="1243" WIDTH="12"/>
						<String ID="P69_ST00209" HPOS="1051" VPOS="1226" WIDTH="6" HEIGHT="11" CONTENT="," WC="1.00" CC="0"/>
						<SP ID="P69_SP00188" HPOS="1057" VPOS="1243" WIDTH="15"/>
						<String ID="P69_ST00210" HPOS="1072" VPOS="1204" WIDTH="15" HEIGHT="28" CONTENT="ó" WC="0.01" CC="9"/>
					</TextLine>
					<TextLine ID="P69_TL00021" HPOS="67" VPOS="1257" WIDTH="404" HEIGHT="39">
						<String ID="P69_ST00211" HPOS="67" VPOS="1268" WIDTH="44" HEIGHT="20" CONTENT="sea" WC="0.69" CC="036"/>
						<SP ID="P69_SP00189" HPOS="111" VPOS="1288" WIDTH="17"/>
						<String ID="P69_ST00212" HPOS="128" VPOS="1258" WIDTH="31" HEIGHT="29" CONTENT="de" WC="1.00" CC="00"/>
						<SP ID="P69_SP00190" HPOS="159" VPOS="1288" WIDTH="14"/>
						<String ID="P69_ST00213" HPOS="173" VPOS="1259" WIDTH="38" HEIGHT="28" CONTENT="las" WC="0.80" CC="005"/>
						<SP ID="P69_SP00191" HPOS="211" VPOS="1288" WIDTH="16"/>
						<String ID="P69_ST00214" HPOS="227" VPOS="1258" WIDTH="78" HEIGHT="29" CONTENT="obras" WC="0.63" CC="16306"/>
						<SP ID="P69_SP00192" HPOS="305" VPOS="1288" WIDTH="13"/>
						<String ID="P69_ST00215" HPOS="318" VPOS="1257" WIDTH="32" HEIGHT="30" CONTENT="de" WC="1.00" CC="00"/>
						<SP ID="P69_SP00193" HPOS="350" VPOS="1288" WIDTH="14"/>
						<String ID="P69_ST00216" HPOS="364" VPOS="1263" WIDTH="107" HEIGHT="33" CONTENT="ataque." WC="0.67" CC="6700332"/>
					</TextLine>
				</TextBlock>
				<TextBlock ID="P69_TB00007" HPOS="66" VPOS="1312" WIDTH="1020" HEIGHT="96" STYLEREFS="TXT_1 PAR_LEFT">
					<TextLine ID="P69_TL00022" HPOS="106" VPOS="1313" WIDTH="980" HEIGHT="40">
						<String ID="P69_ST00217" HPOS="106" VPOS="1315" WIDTH="130" HEIGHT="29" CONTENT="Aclaraba" WC="0.68" CC="00050675"/>
						<SP ID="P69_SP00194" HPOS="236" VPOS="1344" WIDTH="14"/>
						<String ID="P69_ST00218" HPOS="250" VPOS="1314" WIDTH="22" HEIGHT="29" CONTENT="el" WC="1.00" CC="00"/>
						<SP ID="P69_SP00195" HPOS="272" VPOS="1344" WIDTH="13"/>
						<String ID="P69_ST00219" HPOS="285" VPOS="1314" WIDTH="42" HEIGHT="29" CONTENT="dia" WC="1.00" CC="000"/>
						<SP ID="P69_SP00196" HPOS="327" VPOS="1344" WIDTH="17"/>
						<String ID="P69_ST00220" HPOS="344" VPOS="1323" WIDTH="100" HEIGHT="30" CONTENT="apenas" WC="0.62" CC="300764"/>
						<SP ID="P69_SP00197" HPOS="444" VPOS="1353" WIDTH="14"/>
						<String ID="P69_ST00221" HPOS="458" VPOS="1338" WIDTH="5" HEIGHT="10" CONTENT="," WC="0.92" CC="0"/>
						<SP ID="P69_SP00198" HPOS="463" VPOS="1353" WIDTH="14"/>
						<String ID="P69_ST00222" HPOS="477" VPOS="1313" WIDTH="115" HEIGHT="34" CONTENT="cuando," WC="0.85" CC="0225000"/>
						<SP ID="P69_SP00199" HPOS="592" VPOS="1353" WIDTH="16"/>
						<String ID="P69_ST00223" HPOS="608" VPOS="1313" WIDTH="113" HEIGHT="30" CONTENT="levando" WC="0.78" CC="1500405"/>
						<SP ID="P69_SP00200" HPOS="721" VPOS="1353" WIDTH="17"/>
						<String ID="P69_ST00224" HPOS="738" VPOS="1313" WIDTH="23" HEIGHT="30" CONTENT="el" WC="0.76" CC="40"/>
						<SP ID="P69_SP00201" HPOS="761" VPOS="1353" WIDTH="18"/>
						<String ID="P69_ST00225" HPOS="779" VPOS="1314" WIDTH="73" HEIGHT="29" CONTENT="ancla" WC="0.73" CC="04053"/>
						<SP ID="P69_SP00202" HPOS="852" VPOS="1353" WIDTH="16"/>
						<String ID="P69_ST00226" HPOS="868" VPOS="1338" WIDTH="6" HEIGHT="11" CONTENT="," WC="1.00" CC="0"/>
						<SP ID="P69_SP00203" HPOS="874" VPOS="1353" WIDTH="19"/>
						<String ID="P69_ST00227" HPOS="893" VPOS="1314" WIDTH="111" HEIGHT="29" CONTENT="hicimos" WC="0.72" CC="7001055"/>
						<SP ID="P69_SP00204" HPOS="1004" VPOS="1353" WIDTH="12"/>
						<String ID="P69_ST00228" HPOS="1016" VPOS="1324" WIDTH="70" HEIGHT="18" CONTENT="rum" SUBS_TYPE="HypPart1" SUBS_CONTENT="rumbo" WC="1.00" CC="0000"/>
						<HYP CONTENT="-"/>
					</TextLine>
					<TextLine ID="P69_TL00023" HPOS="66" VPOS="1370" WIDTH="232" HEIGHT="38">
						<String ID="P69_ST00229" HPOS="66" VPOS="1370" WIDTH="34" HEIGHT="29" CONTENT="bo" SUBS_TYPE="HypPart2" SUBS_CONTENT="rumbo" WC="0.33" CC="76"/>
						<SP ID="P69_SP00205" HPOS="100" VPOS="1399" WIDTH="16"/>
						<String ID="P69_ST00230" HPOS="116" VPOS="1371" WIDTH="13" HEIGHT="28" CONTENT="á" WC="1.00" CC="0"/>
						<SP ID="P69_SP00206" HPOS="129" VPOS="1399" WIDTH="17"/>
						<String ID="P69_ST00231" HPOS="146" VPOS="1370" WIDTH="152" HEIGHT="38" CONTENT="Eupaloria." WC="0.75" CC="2500040453"/>
					</TextLine>
				</TextBlock>
				<TextBlock ID="P69_TB00008" HPOS="66" VPOS="1424" WIDTH="1021" HEIGHT="157" STYLEREFS="TXT_1 PAR_LEFT">
					<TextLine ID="P69_TL00024" HPOS="106" VPOS="1425" WIDTH="981" HEIGHT="42">
						<String ID="P69_ST00232" HPOS="106" VPOS="1426" WIDTH="28" HEIGHT="30" CONTENT="El" WC="1.00" CC="00"/>
						<SP ID="P69_SP00207" HPOS="134" VPOS="1456" WIDTH="19"/>
						<String ID="P69_ST00233" HPOS="153" VPOS="1427" WIDTH="96" HEIGHT="40" CONTENT="tiempo" WC="0.80" CC="010406"/>
						<SP ID="P69_SP00208" HPOS="249" VPOS="1467" WIDTH="15"/>
						<String ID="P69_ST00234" HPOS="264" VPOS="1426" WIDTH="116" HEIGHT="40" CONTENT="benigno" WC="0.55" CC="7251076"/>
						<SP ID="P69_SP00209" HPOS="380" VPOS="1467" WIDTH="16"/>
						<String ID="P69_ST00235" HPOS="396" VPOS="1436" WIDTH="52" HEIGHT="30" CONTENT="que" WC="1.00" CC="000"/>
						<SP ID="P69_SP00210" HPOS="448" VPOS="1467" WIDTH="17"/>
						<String ID="P69_ST00236" HPOS="465" VPOS="1425" WIDTH="107" HEIGHT="30" CONTENT="reinaba" WC="0.61" CC="6206560"/>
						<SP ID="P69_SP00211" HPOS="572" VPOS="1467" WIDTH="17"/>
						<String ID="P69_ST00237" HPOS="589" VPOS="1425" WIDTH="82" HEIGHT="30" CONTENT="desde" WC="0.84" CC="03200"/>
						<SP ID="P69_SP00212" HPOS="671" VPOS="1467" WIDTH="15"/>
						<String ID="P69_ST00238" HPOS="686" VPOS="1425" WIDTH="23" HEIGHT="30" CONTENT="el" WC="0.66" CC="33"/>
						<SP ID="P69_SP00213" HPOS="709" VPOS="1467" WIDTH="18"/>
						<String ID="P69_ST00239" HPOS="727" VPOS="1425" WIDTH="42" HEIGHT="29" CONTENT="dia" WC="1.00" CC="000"/>
						<SP ID="P69_SP00214" HPOS="769" VPOS="1467" WIDTH="23"/>
						<String ID="P69_ST00240" HPOS="792" VPOS="1425" WIDTH="116" HEIGHT="29" CONTENT="anterior" WC="0.85" CC="00600050"/>
						<SP ID="P69_SP00215" HPOS="908" VPOS="1467" WIDTH="15"/>
						<String ID="P69_ST00241" HPOS="923" VPOS="1450" WIDTH="6" HEIGHT="10" CONTENT="," WC="1.00" CC="0"/>
						<SP ID="P69_SP00216" HPOS="929" VPOS="1467" WIDTH="23"/>
						<String ID="P69_ST00242" HPOS="952" VPOS="1425" WIDTH="135" HEIGHT="31" CONTENT="mantenía" WC="0.68" CC="56600500"/>
					</TextLine>
					<TextLine ID="P69_TL00025" HPOS="66" VPOS="1482" WIDTH="1021" HEIGHT="42">
						<String ID="P69_ST00243" HPOS="66" VPOS="1484" WIDTH="24" HEIGHT="29" CONTENT="la" WC="0.77" CC="40"/>
						<SP ID="P69_SP00217" HPOS="90" VPOS="1513" WIDTH="14"/>
						<String ID="P69_ST00244" HPOS="104" VPOS="1484" WIDTH="138" HEIGHT="30" CONTENT="atmósfera" WC="0.56" CC="667750050"/>
						<SP ID="P69_SP00218" HPOS="242" VPOS="1514" WIDTH="19"/>
						<String ID="P69_ST00245" HPOS="261" VPOS="1490" WIDTH="38" HEIGHT="24" CONTENT="tan" WC="0.72" CC="016"/>
						<SP ID="P69_SP00219" HPOS="299" VPOS="1514" WIDTH="17"/>
						<String ID="P69_ST00246" HPOS="316" VPOS="1484" WIDTH="105" HEIGHT="30" CONTENT="diáfana" WC="0.83" CC="0005060"/>
						<SP ID="P69_SP00220" HPOS="421" VPOS="1514" WIDTH="14"/>
						<String ID="P69_ST00247" HPOS="435" VPOS="1508" WIDTH="6" HEIGHT="12" CONTENT="," WC="1.00" CC="0"/>
						<SP ID="P69_SP00221" HPOS="441" VPOS="1520" WIDTH="19"/>
						<String ID="P69_ST00248" HPOS="460" VPOS="1494" WIDTH="52" HEIGHT="30" CONTENT="que" WC="0.84" CC="021"/>
						<SP ID="P69_SP00222" HPOS="512" VPOS="1524" WIDTH="14"/>
						<String ID="P69_ST00249" HPOS="526" VPOS="1483" WIDTH="121" HEIGHT="41" CONTENT="permitía" WC="0.69" CC="06060703"/>
						<SP ID="P69_SP00223" HPOS="647" VPOS="1524" WIDTH="21"/>
						<String ID="P69_ST00250" HPOS="668" VPOS="1492" WIDTH="46" HEIGHT="20" CONTENT="ver" WC="1.00" CC="000"/>
						<SP ID="P69_SP00224" HPOS="714" VPOS="1524" WIDTH="21"/>
						<String ID="P69_ST00251" HPOS="735" VPOS="1482" WIDTH="39" HEIGHT="30" CONTENT="los" WC="0.80" CC="023"/>
						<SP ID="P69_SP00225" HPOS="774" VPOS="1524" WIDTH="19"/>
						<String ID="P69_ST00252" HPOS="793" VPOS="1491" WIDTH="55" HEIGHT="21" CONTENT="mas" WC="0.45" CC="942"/>
						<SP ID="P69_SP00226" HPOS="848" VPOS="1524" WIDTH="16"/>
						<String ID="P69_ST00253" HPOS="864" VPOS="1482" WIDTH="129" HEIGHT="30" CONTENT="distantes" WC="0.86" CC="000600014"/>
						<SP ID="P69_SP00227" HPOS="993" VPOS="1524" WIDTH="22"/>
						<String ID="P69_ST00254" HPOS="1015" VPOS="1482" WIDTH="72" HEIGHT="41" CONTENT="obje" SUBS_TYPE="HypPart1" SUBS_CONTENT="objetos" WC="0.74" CC="26030"/>
						<HYP CONTENT="-"/>
					</TextLine>
					<TextLine ID="P69_TL00026" HPOS="66" VPOS="1539" WIDTH="726" HEIGHT="42">
						<String ID="P69_ST00255" HPOS="66" VPOS="1546" WIDTH="40" HEIGHT="25" CONTENT="tos" SUBS_TYPE="HypPart2" SUBS_CONTENT="objetos" WC="0.89" CC="030"/>
						<SP ID="P69_SP00228" HPOS="106" VPOS="1571" WIDTH="15"/>
						<String ID="P69_ST00256" HPOS="121" VPOS="1552" WIDTH="48" HEIGHT="19" CONTENT="con" WC="0.57" CC="057"/>
						<SP ID="P69_SP00229" HPOS="169" VPOS="1571" WIDTH="18"/>
						<String ID="P69_ST00257" HPOS="187" VPOS="1541" WIDTH="57" HEIGHT="31" CONTENT="toda" WC="0.84" CC="0600"/>
						<SP ID="P69_SP00230" HPOS="244" VPOS="1572" WIDTH="17"/>
						<String ID="P69_ST00258" HPOS="261" VPOS="1541" WIDTH="23" HEIGHT="30" CONTENT="la" WC="0.80" CC="03"/>
						<SP ID="P69_SP00231" HPOS="284" VPOS="1572" WIDTH="15"/>
						<String ID="P69_ST00259" HPOS="299" VPOS="1552" WIDTH="95" HEIGHT="29" CONTENT="pureza" WC="0.84" CC="003050"/>
						<SP ID="P69_SP00232" HPOS="394" VPOS="1581" WIDTH="16"/>
						<String ID="P69_ST00260" HPOS="410" VPOS="1541" WIDTH="33" HEIGHT="30" CONTENT="de" WC="0.50" CC="90"/>
						<SP ID="P69_SP00233" HPOS="443" VPOS="1581" WIDTH="14"/>
						<String ID="P69_ST00261" HPOS="457" VPOS="1551" WIDTH="52" HEIGHT="30" CONTENT="que" WC="0.82" CC="050"/>
						<SP ID="P69_SP00234" HPOS="509" VPOS="1581" WIDTH="17"/>
						<String ID="P69_ST00262" HPOS="526" VPOS="1551" WIDTH="62" HEIGHT="19" CONTENT="sean" WC="0.70" CC="0235"/>
						<SP ID="P69_SP00235" HPOS="588" VPOS="1581" WIDTH="17"/>
						<String ID="P69_ST00263" HPOS="605" VPOS="1539" WIDTH="187" HEIGHT="41" CONTENT="susceptibles." WC="0.74" CC="1100190700064"/>
					</TextLine>
				</TextBlock>
				<TextBlock ID="P69_TB00009" HPOS="64" VPOS="1595" WIDTH="1023" HEIGHT="150" STYLEREFS="TXT_1 PAR_LEFT">
					<TextLine ID="P69_TL00027" HPOS="106" VPOS="1596" WIDTH="981" HEIGHT="43">
						<String ID="P69_ST00264" HPOS="106" VPOS="1599" WIDTH="51" HEIGHT="29" CONTENT="Nos" WC="0.41" CC="943"/>
						<SP ID="P69_SP00236" HPOS="157" VPOS="1628" WIDTH="29"/>
						<String ID="P69_ST00265" HPOS="186" VPOS="1598" WIDTH="207" HEIGHT="41" CONTENT="aprovechamos" WC="0.68" CC="604402060850"/>
						<SP ID="P69_SP00237" HPOS="393" VPOS="1639" WIDTH="28"/>
						<String ID="P69_ST00266" HPOS="421" VPOS="1597" WIDTH="32" HEIGHT="31" CONTENT="de" WC="1.00" CC="00"/>
						<SP ID="P69_SP00238" HPOS="453" VPOS="1639" WIDTH="16"/>
						<String ID="P69_ST00267" HPOS="469" VPOS="1603" WIDTH="56" HEIGHT="25" CONTENT="esta" WC="0.70" CC="0640"/>
						<SP ID="P69_SP00239" HPOS="525" VPOS="1639" WIDTH="17"/>
						<String ID="P69_ST00268" HPOS="542" VPOS="1597" WIDTH="104" HEIGHT="40" CONTENT="ventaja" WC="0.73" CC="8050040"/>
						<SP ID="P69_SP00240" HPOS="646" VPOS="1639" WIDTH="20"/>
						<String ID="P69_ST00269" HPOS="666" VPOS="1596" WIDTH="202" HEIGHT="31" CONTENT="entreteniendo" WC="0.88" CC="0160007000000"/>
						<SP ID="P69_SP00241" HPOS="868" VPOS="1639" WIDTH="23"/>
						<String ID="P69_ST00270" HPOS="891" VPOS="1602" WIDTH="110" HEIGHT="24" CONTENT="nuestra" WC="0.58" CC="6606702"/>
						<SP ID="P69_SP00242" HPOS="1001" VPOS="1639" WIDTH="20"/>
						<String ID="P69_ST00271" HPOS="1021" VPOS="1596" WIDTH="66" HEIGHT="30" CONTENT="vista" WC="0.75" CC="00623"/>
					</TextLine>
					<TextLine ID="P69_TL00028" HPOS="66" VPOS="1652" WIDTH="1021" HEIGHT="43">
						<String ID="P69_ST00272" HPOS="66" VPOS="1665" WIDTH="32" HEIGHT="19" CONTENT="en" WC="0.43" CC="47"/>
						<SP ID="P69_SP00243" HPOS="98" VPOS="1684" WIDTH="14"/>
						<String ID="P69_ST00273" HPOS="112" VPOS="1660" WIDTH="42" HEIGHT="24" CONTENT="tan" WC="0.58" CC="507"/>
						<SP ID="P69_SP00244" HPOS="154" VPOS="1684" WIDTH="15"/>
						<String ID="P69_ST00274" HPOS="169" VPOS="1661" WIDTH="72" HEIGHT="23" CONTENT="corta" WC="0.59" CC="04474"/>
						<SP ID="P69_SP00245" HPOS="241" VPOS="1684" WIDTH="27"/>
						<String ID="P69_ST00275" HPOS="268" VPOS="1657" WIDTH="113" HEIGHT="28" CONTENT="travesía" WC="0.82" CC="50500200"/>
						<SP ID="P69_SP00246" HPOS="381" VPOS="1685" WIDTH="26"/>
						<String ID="P69_ST00276" HPOS="407" VPOS="1665" WIDTH="74" HEIGHT="23" CONTENT="como" WC="0.39" CC="0967"/>
						<SP ID="P69_SP00247" HPOS="481" VPOS="1688" WIDTH="17"/>
						<String ID="P69_ST00277" HPOS="498" VPOS="1655" WIDTH="135" HEIGHT="29" CONTENT="hacíamos" WC="0.58" CC="63005673"/>
						<String ID="P69_ST00278" HPOS="647" VPOS="1679" WIDTH="6" HEIGHT="10" CONTENT="," WC="1.00" CC="0"/>
						<SP ID="P69_SP00248" HPOS="653" VPOS="1689" WIDTH="19"/>
						<String ID="P69_ST00279" HPOS="672" VPOS="1652" WIDTH="146" HEIGHT="32" CONTENT="arrimados" WC="0.87" CC="040000060"/>
						<SP ID="P69_SP00249" HPOS="818" VPOS="1689" WIDTH="18"/>
						<String ID="P69_ST00280" HPOS="836" VPOS="1654" WIDTH="14" HEIGHT="29" CONTENT="á" WC="0.53" CC="4"/>
						<SP ID="P69_SP00250" HPOS="850" VPOS="1689" WIDTH="17"/>
						<String ID="P69_ST00281" HPOS="867" VPOS="1662" WIDTH="51" HEIGHT="21" CONTENT="una" WC="0.97" CC="000"/>
						<SP ID="P69_SP00251" HPOS="918" VPOS="1689" WIDTH="18"/>
						<String ID="P69_ST00282" HPOS="936" VPOS="1654" WIDTH="78" HEIGHT="30" CONTENT="tierra" WC="0.86" CC="600001"/>
						<SP ID="P69_SP00252" HPOS="1014" VPOS="1689" WIDTH="21"/>
						<String ID="P69_ST00283" HPOS="1035" VPOS="1663" WIDTH="52" HEIGHT="32" CONTENT="que" WC="1.00" CC="000"/>
					</TextLine>
					<TextLine ID="P69_TL00029" HPOS="64" VPOS="1710" WIDTH="628" HEIGHT="35">
						<String ID="P69_ST00284" HPOS="64" VPOS="1713" WIDTH="81" HEIGHT="29" CONTENT="atraía" WC="0.86" CC="100050"/>
						<SP ID="P69_SP00253" HPOS="145" VPOS="1742" WIDTH="16"/>
						<String ID="P69_ST00285" HPOS="161" VPOS="1736" WIDTH="6" HEIGHT="9" CONTENT="," WC="1.00" CC="0"/>
						<SP ID="P69_SP00254" HPOS="167" VPOS="1745" WIDTH="16"/>
						<String ID="P69_ST00286" HPOS="183" VPOS="1712" WIDTH="14" HEIGHT="30" CONTENT="á" WC="1.00" CC="0"/>
						<SP ID="P69_SP00255" HPOS="197" VPOS="1745" WIDTH="12"/>
						<String ID="P69_ST00287" HPOS="209" VPOS="1712" WIDTH="24" HEIGHT="30" CONTENT="la" WC="0.77" CC="40"/>
						<SP ID="P69_SP00256" HPOS="233" VPOS="1745" WIDTH="16"/>
						<String ID="P69_ST00288" HPOS="249" VPOS="1722" WIDTH="77" HEIGHT="20" CONTENT="sazón" WC="0.79" CC="00540"/>
						<SP ID="P69_SP00257" HPOS="326" VPOS="1745" WIDTH="16"/>
						<String ID="P69_ST00289" HPOS="342" VPOS="1737" WIDTH="6" HEIGHT="8" CONTENT="," WC="1.00" CC="0"/>
						<SP ID="P69_SP00258" HPOS="348" VPOS="1745" WIDTH="19"/>
						<String ID="P69_ST00290" HPOS="367" VPOS="1712" WIDTH="25" HEIGHT="30" CONTENT="la" WC="0.98" CC="00"/>
						<SP ID="P69_SP00259" HPOS="392" VPOS="1745" WIDTH="15"/>
						<String ID="P69_ST00291" HPOS="407" VPOS="1712" WIDTH="123" HEIGHT="30" CONTENT="atención" WC="0.65" CC="05070617"/>
						<SP ID="P69_SP00260" HPOS="530" VPOS="1745" WIDTH="16"/>
						<String ID="P69_ST00292" HPOS="546" VPOS="1710" WIDTH="146" HEIGHT="30" CONTENT="universal." WC="0.79" CC="2600002403"/>
					</TextLine>
				</TextBlock>
				<TextBlock ID="P69_TB00010" HPOS="64" VPOS="1764" WIDTH="1022" HEIGHT="157" STYLEREFS="TXT_1 PAR_LEFT">
					<TextLine ID="P69_TL00030" HPOS="106" VPOS="1765" WIDTH="977" HEIGHT="44">
						<String ID="P69_ST00293" HPOS="106" VPOS="1768" WIDTH="181" HEIGHT="30" CONTENT="Atravesando" WC="0.85" CC="02000000707"/>
						<SP ID="P69_SP00261" HPOS="287" VPOS="1798" WIDTH="17"/>
						<String ID="P69_ST00294" HPOS="304" VPOS="1779" WIDTH="46" HEIGHT="30" CONTENT="por" WC="0.65" CC="073"/>
						<SP ID="P69_SP00262" HPOS="350" VPOS="1809" WIDTH="15"/>
						<String ID="P69_ST00295" HPOS="365" VPOS="1767" WIDTH="84" HEIGHT="31" CONTENT="frente" WC="0.55" CC="433770"/>
						<SP ID="P69_SP00263" HPOS="449" VPOS="1809" WIDTH="14"/>
						<String ID="P69_ST00296" HPOS="463" VPOS="1768" WIDTH="24" HEIGHT="30" CONTENT="la" WC="0.95" CC="01"/>
						<SP ID="P69_SP00264" HPOS="487" VPOS="1809" WIDTH="16"/>
						<String ID="P69_ST00297" HPOS="503" VPOS="1767" WIDTH="66" HEIGHT="31" CONTENT="boca" WC="0.73" CC="5500"/>
						<SP ID="P69_SP00265" HPOS="569" VPOS="1809" WIDTH="15"/>
						<String ID="P69_ST00298" HPOS="584" VPOS="1767" WIDTH="42" HEIGHT="29" CONTENT="del" WC="1.00" CC="000"/>
						<SP ID="P69_SP00266" HPOS="626" VPOS="1809" WIDTH="16"/>
						<String ID="P69_ST00299" HPOS="642" VPOS="1773" WIDTH="93" HEIGHT="33" CONTENT="puerto" WC="0.77" CC="033006"/>
						<SP ID="P69_SP00267" HPOS="735" VPOS="1809" WIDTH="23"/>
						<String ID="P69_ST00300" HPOS="758" VPOS="1766" WIDTH="33" HEIGHT="30" CONTENT="de" WC="1.00" CC="00"/>
						<SP ID="P69_SP00268" HPOS="791" VPOS="1809" WIDTH="16"/>
						<String ID="P69_ST00301" HPOS="807" VPOS="1765" WIDTH="156" HEIGHT="41" CONTENT="Sebastopol" WC="0.77" CC="0000555050"/>
						<String ID="P69_ST00302" HPOS="978" VPOS="1790" WIDTH="6" HEIGHT="11" CONTENT="," WC="1.00" CC="0"/>
						<SP ID="P69_SP00269" HPOS="984" VPOS="1809" WIDTH="19"/>
						<String ID="P69_ST00303" HPOS="1003" VPOS="1776" WIDTH="80" HEIGHT="20" CONTENT="nues" SUBS_TYPE="HypPart1" SUBS_CONTENT="nuestras" WC="0.64" CC="05660"/>
						<HYP CONTENT="-"/>
					</TextLine>
					<TextLine ID="P69_TL00031" HPOS="66" VPOS="1822" WIDTH="1020" HEIGHT="43">
						<String ID="P69_ST00304" HPOS="66" VPOS="1830" WIDTH="51" HEIGHT="25" CONTENT="tras" SUBS_TYPE="HypPart2" SUBS_CONTENT="nuestras" WC="0.67" CC="6006"/>
						<SP ID="P69_SP00270" HPOS="117" VPOS="1855" WIDTH="11"/>
						<String ID="P69_ST00305" HPOS="128" VPOS="1825" WIDTH="114" HEIGHT="30" CONTENT="miradas" WC="0.77" CC="7001051"/>
						<SP ID="P69_SP00271" HPOS="242" VPOS="1855" WIDTH="15"/>
						<String ID="P69_ST00306" HPOS="257" VPOS="1826" WIDTH="204" HEIGHT="39" CONTENT="primeramente" WC="0.84" CC="003050060030"/>
						<SP ID="P69_SP00272" HPOS="461" VPOS="1865" WIDTH="15"/>
						<String ID="P69_ST00307" HPOS="476" VPOS="1829" WIDTH="157" HEIGHT="36" CONTENT="penetraron" WC="0.67" CC="9470000046"/>
						<SP ID="P69_SP00273" HPOS="633" VPOS="1865" WIDTH="17"/>
						<String ID="P69_ST00308" HPOS="650" VPOS="1848" WIDTH="5" HEIGHT="10" CONTENT="," WC="1.00" CC="0"/>
						<SP ID="P69_SP00274" HPOS="655" VPOS="1865" WIDTH="20"/>
						<String ID="P69_ST00309" HPOS="675" VPOS="1823" WIDTH="103" HEIGHT="30" CONTENT="cuando" WC="0.77" CC="030603"/>
						<SP ID="P69_SP00275" HPOS="778" VPOS="1865" WIDTH="14"/>
						<String ID="P69_ST00310" HPOS="792" VPOS="1833" WIDTH="44" HEIGHT="19" CONTENT="era" WC="0.80" CC="060"/>
						<SP ID="P69_SP00276" HPOS="836" VPOS="1865" WIDTH="14"/>
						<String ID="P69_ST00311" HPOS="850" VPOS="1822" WIDTH="79" HEIGHT="30" CONTENT="dable" WC="0.95" CC="00002"/>
						<SP ID="P69_SP00277" HPOS="929" VPOS="1865" WIDTH="14"/>
						<String ID="P69_ST00312" HPOS="943" VPOS="1846" WIDTH="6" HEIGHT="10" CONTENT="," WC="1.00" CC="0"/>
						<SP ID="P69_SP00278" HPOS="949" VPOS="1865" WIDTH="18"/>
						<String ID="P69_ST00313" HPOS="967" VPOS="1833" WIDTH="32" HEIGHT="19" CONTENT="en" WC="0.60" CC="43"/>
						<SP ID="P69_SP00279" HPOS="999" VPOS="1865" WIDTH="13"/>
						<String ID="P69_ST00314" HPOS="1012" VPOS="1823" WIDTH="24" HEIGHT="29" CONTENT="el" WC="0.96" CC="00"/>
						<SP ID="P69_SP00280" HPOS="1036" VPOS="1865" WIDTH="12"/>
						<String ID="P69_ST00315" HPOS="1048" VPOS="1823" WIDTH="38" HEIGHT="29" CONTENT="in" SUBS_TYPE="HypPart1" SUBS_CONTENT="interior" WC="0.72" CC="070"/>
						<HYP CONTENT="-"/>
					</TextLine>
					<TextLine ID="P69_TL00032" HPOS="64" VPOS="1878" WIDTH="1022" HEIGHT="43">
						<String ID="P69_ST00316" HPOS="64" VPOS="1882" WIDTH="81" HEIGHT="29" CONTENT="terior" SUBS_TYPE="HypPart2" SUBS_CONTENT="interior" WC="0.74" CC="400055"/>
						<SP ID="P69_SP00281" HPOS="145" VPOS="1911" WIDTH="16"/>
						<String ID="P69_ST00317" HPOS="161" VPOS="1883" WIDTH="32" HEIGHT="28" CONTENT="de" WC="1.00" CC="00"/>
						<SP ID="P69_SP00282" HPOS="193" VPOS="1911" WIDTH="13"/>
						<String ID="P69_ST00318" HPOS="206" VPOS="1882" WIDTH="24" HEIGHT="29" CONTENT="él" WC="0.58" CC="80"/>
						<String ID="P69_ST00319" HPOS="244" VPOS="1894" WIDTH="6" HEIGHT="24" CONTENT=";" WC="1.00" CC="0"/>
						<SP ID="P69_SP00283" HPOS="250" VPOS="1918" WIDTH="33"/>
						<String ID="P69_ST00320" HPOS="283" VPOS="1891" WIDTH="62" HEIGHT="30" CONTENT="para" WC="0.95" CC="0001"/>
						<SP ID="P69_SP00284" HPOS="345" VPOS="1921" WIDTH="17"/>
						<String ID="P69_ST00321" HPOS="362" VPOS="1892" WIDTH="47" HEIGHT="19" CONTENT="ver" WC="0.67" CC="900"/>
						<SP ID="P69_SP00285" HPOS="409" VPOS="1921" WIDTH="17"/>
						<String ID="P69_ST00322" HPOS="426" VPOS="1882" WIDTH="23" HEIGHT="29" CONTENT="la" WC="1.00" CC="00"/>
						<SP ID="P69_SP00286" HPOS="449" VPOS="1921" WIDTH="17"/>
						<String ID="P69_ST00323" HPOS="466" VPOS="1880" WIDTH="125" HEIGHT="31" CONTENT="soberbia" WC="0.67" CC="60451700"/>
						<SP ID="P69_SP00287" HPOS="591" VPOS="1921" WIDTH="24"/>
						<String ID="P69_ST00324" HPOS="615" VPOS="1879" WIDTH="158" HEIGHT="31" CONTENT="decoración" WC="0.66" CC="0723540055"/>
						<SP ID="P69_SP00288" HPOS="773" VPOS="1921" WIDTH="25"/>
						<String ID="P69_ST00325" HPOS="798" VPOS="1889" WIDTH="52" HEIGHT="31" CONTENT="que" WC="1.00" CC="000"/>
						<SP ID="P69_SP00289" HPOS="850" VPOS="1921" WIDTH="20"/>
						<String ID="P69_ST00326" HPOS="870" VPOS="1889" WIDTH="46" HEIGHT="20" CONTENT="sus" WC="0.80" CC="112"/>
						<SP ID="P69_SP00290" HPOS="916" VPOS="1921" WIDTH="25"/>
						<String ID="P69_ST00327" HPOS="941" VPOS="1878" WIDTH="145" HEIGHT="42" CONTENT="tranquilas" WC="0.72" CC="0305645001"/>
					</TextLine>
				</TextBlock>
			</PrintSpace>
		</Page>
	</Layout>
</alto>
