1241 2180
522 121 160 26 93

88 180 49 30 lias
153 180 220 36 circunstancias,
390 191 15 30 y
422 191 31 19 en
466 181 88 30 donde
570 182 152 39 supusimos
739 187 138 24 encontrar
892 181 108 29 carbón.
1017 180 93 30 Lásti-

90 246 40 20 ma
146 245 46 21 era
216 236 151 29 retroceder
385 242 69 24 lanío
478 237 104 29 camino
607 247 76 19 como
699 248 28 18 .se
740 237 150 29 necesitaba
908 246 63 30 para
987 237 22 29 ir
1030 237 14 29 á
1068 246 44 20 ese

91 299 93 34 punto,
203 304 64 29 pero
284 294 71 39 ¿qué
368 293 119 30 remedio
498 293 102 30 habia?

133 351 117 30 Hicimos
263 350 95 30 rumbo
370 350 77 31 hacia
464 350 62 35 allá,
542 350 145 40 alargando
705 350 22 30 la
746 350 57 31 vela
820 350 103 42 posible
941 360 61 32 para
1019 351 95 30 ahorro

92 409 34 29 de
141 408 108 30 carbón.

133 465 31 30 Al
178 475 154 23 oscurecer,
351 464 97 29 viendo
459 474 53 29 que
534 474 46 19 nos
598 463 121 40 quedaba
737 474 32 30 ya
797 474 65 30 poca
878 464 129 31 dislancia
1031 467 13 29 á
1066 476 49 20 re-

94 534 99 24 correr,
210 533 15 30 y
242 532 51 31 que
311 521 151 41 podríamos
479 520 105 31 hacerla
609 531 49 20 con
674 521 56 30 solo
757 521 22 30 el
806 522 132 35 velamen,
956 522 110 31 durante
1092 523 23 30 la

92 580 96 35 noche,
209 589 31 30 ya
257 589 52 30 que
326 589 47 19 nos
393 577 124 42 quedaba
531 588 67 30 poco
614 577 98 31 carbón
729 588 143 31 apagamos
885 584 177 25 enteramente
1077 579 38 30 los

94 638 107 33 hornos,
217 646 15 29 y
247 635 135 39 seguimos
395 635 14 29 á
424 634 24 29 la
464 634 57 29 vela
533 635 96 28 ínterin
646 635 72 28 reinó
734 635 24 29 la
771 635 142 30 oscuridad
927 635 33 30 de
976 636 116 39 aquella.

135 693 31 31 Al
181 702 140 20 amanecer
334 691 42 30 del
393 692 35 28 22
447 691 84 29 dimos
548 691 68 29 vista
632 692 14 29 á
671 691 39 30 las
732 691 64 30 islas
822 692 114 35 Jónicas,
961 702 15 31 y
992 697 124 26 entonces

97 749 170 32 encendimos
281 749 38 29 los
332 748 99 30 hornos
448 757 63 31 para
527 753 82 25 lomar
625 747 23 30 el
667 753 93 35 puerto
782 748 33 30 de
831 748 133 31 Cefalonia
985 759 48 20 con
1060 749 58 30 toda

96 806 145 31 brevedad.
261 804 192 40 Conseguimos
470 803 110 30 sondear
596 814 31 19 en
645 803 23 30 él
685 805 14 29 á
713 803 38 31 las
768 815 86 19 nueve
867 804 32 30 de
916 805 23 29 la
953 810 120 25 mañana.

138 866 50 28 Ese
200 868 93 36 puerto
312 872 41 19 me
366 863 81 29 causó
464 872 74 19 suma
556 861 162 29 admiración
736 872 48 29 por
800 862 24 29 lo
835 862 180 40 resguardado
1031 873 16 29 y
1064 862 55 30 bo-

98 921 55 29 nito
176 930 51 30 que
253 929 39 25 es,
316 928 52 30 que
381 917 68 29 nada
468 917 68 29 tiene
559 927 53 29 que
635 916 120 30 envidiar
778 917 24 30 al
831 922 40 25 tan
898 918 176 31 renombrado
1087 918 32 30 de

102 976 105 34 Mahon,
223 977 14 28 á
252 984 33 20 no
299 984 42 20 ser
354 984 30 19 su
400 973 118 40 posición
535 972 159 40 geográfica.

140 1034 58 39 Hay
215 1042 50 19 una
282 1031 91 30 bonila
387 1030 154 41 población,
556 1031 13 29 á
582 1030 23 29 la
619 1029 125 35 derecha,
768 1029 23 30 al
806 1035 100 25 entrar:
928 1031 66 30 tiene
1011 1031 111 39 algunos

100 1089 118 31 edificios
232 1089 13 29 á
274 1088 24 29 la
315 1087 116 40 inglesa,
458 1097 66 30 pues
546 1086 110 30 estando
672 1092 53 24 esta
743 1085 61 36 isla,
822 1097 74 19 como
913 1087 38 29 las
967 1087 90 29 demás
1072 1097 50 30 que

98 1147 101 30 forman
214 1146 22 29 el
252 1154 85 30 grupo
351 1154 53 30 que
421 1143 96 29 llaman
543 1143 106 30 Jónicas
666 1154 16 29 y
702 1152 68 30 cuya
790 1143 94 40 capilal
909 1154 28 19 es
953 1143 91 35 Corfú,
1063 1143 59 40 bajo

100 1203 24 30 el
141 1202 117 30 deminio
271 1200 32 30 de
320 1200 23 29 la
359 1199 158 40 Inglaterra,
532 1210 33 18 no
579 1199 77 39 dejan
673 1198 31 30 de
718 1199 93 34 haber,
826 1209 106 30 aunque
945 1199 38 30 los
998 1199 119 31 habitan-

100 1265 39 24 tes
163 1268 63 19 sean
251 1257 119 39 griegos,
389 1255 112 39 algunos
527 1254 112 30 factores
662 1254 41 30 del
721 1255 131 30 comercio
873 1254 33 31 de
923 1255 23 30 la
964 1255 75 32 Cilé,
1060 1265 62 31 para

100 1315 184 39 monopolizar
301 1314 39 28 los
356 1312 83 30 frutos
457 1321 51 31 que
525 1311 134 41 producen
677 1311 120 40 aquellas
814 1311 135 31 hermosas
964 1312 74 30 islas.

141 1372 86 31 Habia
240 1370 32 30 de
287 1369 123 30 arribada
422 1379 31 19 en
467 1369 23 28 el
509 1374 104 34 puerto,
633 1378 47 30 por
696 1368 140 29 habérsele
846 1374 57 23 roto
919 1369 23 28 el
959 1369 90 34 timón,
1075 1377 50 20 una

100 1430 100 39 fragata
217 1428 119 30 francesa
354 1436 53 30 que
424 1424 103 30 llevaba
545 1434 35 19 un
597 1423 196 30 deslacamenlo
810 1424 32 29 de
863 1423 124 30 soldados
1001 1435 15 29 y
1038 1424 87 29 caba-

101 1486 50 30 llos
171 1495 62 30 para
250 1485 25 29 la
292 1485 115 28 Crimea.

144 1544 119 39 Después
277 1541 33 29 de
325 1540 85 30 haber
426 1537 130 43 esperado
573 1546 48 21 con
639 1536 174 41 impaciencia
827 1546 57 20 mas
900 1535 33 31 de
945 1535 48 31 dos
1010 1536 77 30 horas
1103 1535 24 31 la

101 1600 78 30 visita
193 1599 32 30 de
239 1597 130 34 Sanidad,
387 1607 28 20 se
432 1606 49 20 nos
497 1595 55 40 dijo
566 1604 52 31 que
630 1603 33 20 en
686 1593 77 41 aquel
782 1598 81 36 punto
878 1603 34 20 no
928 1592 78 31 habia
1028 1592 99 31 carbón

102 1657 139 31 suficiente
266 1657 13 28 á
293 1655 93 30 cubrir
398 1658 106 26 nuestra
521 1650 159 36 necesidad;
701 1661 51 29 que
773 1651 154 40 pasáramos
951 1652 13 27 á
981 1651 78 28 Zanle
1075 1660 51 30 que

102 1715 78 30 habia
197 1713 122 41 depósito
332 1712 33 30 de
381 1722 45 19 ese
439 1708 191 37 combustible,
645 1718 48 31 por
708 1718 43 19 ser
764 1707 46 30 allí
824 1707 22 30 la
860 1707 86 30 escala
961 1707 33 30 de
1016 1707 39 30 los
1075 1717 54 20 va-

102 1782 78 29 pores
196 1770 43 30 del
252 1768 75 31 Lloid
338 1769 143 29 austríaco.

143 1829 50 29 Era
208 1837 31 30 ya
254 1836 63 31 muy
330 1824 84 37 larde,
427 1834 16 31 y
459 1824 15 30 á
490 1832 56 20 mas
560 1822 23 29 la
597 1821 123 40 máquina
737 1831 28 19 se
781 1820 90 30 eslaba
888 1819 156 42 limpiando,
1064 1828 62 32 para
