1241 2180
485 127 147 19 IX

64 180 34 32 de
112 181 109 31 Oriente
237 180 177 31 concentrada
430 190 32 21 en
474 180 24 30 el
512 181 61 30 sitio
589 179 33 32 de
634 180 169 42 Sebastopol,
821 191 75 20 como
921 179 88 42 queda
1026 189 63 21 ma-

67 243 141 25 nilestado.

107 296 90 29 Bueno
213 294 56 30 será
287 304 120 30 empero,
424 303 63 32 para
502 293 24 30 la
542 292 174 42 generalidad
732 293 33 30 de
781 294 40 30 los
837 294 112 30 lectores
973 302 122 32 segura-

67 357 87 26 mente
170 361 33 21 no
216 350 62 31 bien
291 350 148 42 impuestos
455 350 33 31 de
500 350 63 37 ello,
578 350 94 31 referir
683 351 64 40 aquí
758 350 40 31 los
810 361 111 20 sucesos
937 361 55 20 mas
1009 355 86 26 nota-

67 410 59 30 bles
138 420 51 30 que
207 410 173 40 precedieron
396 410 24 30 al
435 409 229 30 establecimiento
677 408 32 30 de
720 408 79 41 aquel
827 409 163 29 memorable
1013 409 62 30 silio
1086 421 6 23 ;

67 475 66 31 pues
146 466 38 28 asi
201 476 29 19 se
247 465 92 30 tendrá
357 474 50 20 una
425 464 59 30 idea
501 474 57 20 mas
574 464 71 29 clara
661 463 33 30 de
715 474 30 19 su
769 464 187 29 continuación
982 463 113 30 durante

67 522 25 31 el
103 522 98 41 tiempo
215 532 52 31 que
283 532 41 20 me
340 524 56 29 locó
413 532 43 20 ser
475 521 105 35 vecino,
600 521 148 40 digámoslo
774 521 50 35 asi,
849 531 17 30 y
885 521 94 39 testigo
1005 520 90 30 acular

69 579 32 30 de
113 579 110 30 muchos
235 579 33 30 de
284 579 120 41 aquellos
416 578 234 31 acontecimienlos
666 588 51 30 que
733 577 50 31 han
800 577 33 31 de
849 577 23 30 ir
888 576 141 32 enlazados
1045 587 50 20 con

69 637 39 30 las
122 636 241 41 parlicularidades
378 636 34 30 de
429 636 50 30 mis
496 636 93 39 viajes.

110 696 41 29 En
161 695 69 41 julio
247 694 33 31 de
301 697 77 28 1853
396 693 140 32 invadidos
552 693 40 31 los
605 693 171 42 principados
801 692 166 32 danubianos
992 703 50 31 por
1066 692 24 32 el

70 752 109 40 ejército
192 761 63 20 ruso
273 755 156 36 compuesto
453 750 34 30 de
502 752 57 28 150
575 749 45 31 mil
634 749 134 37 hombres,
787 750 23 30 al
827 749 96 31 mando
938 749 43 31 del
1005 760 89 31 gene-

70 808 39 30 ral
121 807 198 36 Gortschakoff,
335 817 28 20 se
376 807 87 40 siguió
476 807 25 29 la
517 806 166 30 declaración
700 805 33 31 de
750 816 95 30 guerra
859 816 47 31 por
921 811 73 36 parle
1015 806 33 30 de
1070 806 24 30 la

71 865 121 39 Turquía
203 863 24 30 el
240 866 35 27 26
289 863 143 30 seliembre
447 863 153 34 inmediato,
615 863 155 39 rompiendo
782 862 38 30 las
833 862 173 31 hoslilidades
1017 863 24 30 el
1056 864 36 29 23

72 920 111 30 octubre
199 931 32 19 en
249 920 129 30 Turlukai
394 919 84 31 frenle
494 919 140 31 Oltenilza.

115 978 155 40 Dispuestas
285 978 165 29 tácitamente
457 976 24 30 la
489 977 109 30 Francia
608 978 16 28 é
637 975 145 41 Inglaterra
794 976 24 30 al
831 986 128 21 concurso
972 977 119 33 armado.

73 1035 118 31 hicieron
215 1045 32 20 en
272 1037 14 27 2
304 1034 32 30 de
355 1034 154 30 noviembre
534 1040 88 24 entrar
637 1034 24 29 la
678 1033 129 31 escuadra
832 1034 157 30 combinada
1015 1045 32 20 en
1069 1035 23 30 el

72 1091 124 35 Bósforo;
224 1101 62 30 pero
303 1091 23 30 el
344 1091 64 30 Czar
424 1101 75 20 como
525 1090 193 41 despreciando
738 1095 55 25 esla
809 1091 187 40 provocación,
1021 1101 72 21 con-

72 1148 79 30 sintió
164 1148 23 30 el
203 1147 121 31 desastre
337 1146 33 31 de
388 1147 108 41 Sinope.
516 1146 85 41 Aquel
618 1146 120 41 episodio
755 1156 28 21 es
799 1146 175 32 considerado
989 1148 15 30 á
1020 1147 23 31 la
1054 1147 38 31 faz

72 1204 44 30 del
131 1203 99 31 mundo
247 1214 75 19 como
338 1213 53 20 una
404 1203 128 30 alevosía.

115 1261 33 28 Se
162 1264 123 35 presenta
298 1259 24 29 al
340 1258 86 30 medio
442 1258 43 30 dia
499 1258 42 30 del
559 1261 37 27 30
608 1258 155 31 noviembre
776 1259 33 30 de
821 1261 78 29 1853
911 1259 83 31 frenle
1009 1260 85 30 Sino-

70 1327 45 30 pe,
138 1321 94 36 puerto
252 1315 88 31 donde
356 1315 109 31 estaban
491 1316 145 40 abrigados
650 1317 33 28 11
702 1316 105 40 buques
831 1316 33 30 de
885 1327 97 29 guerra
1006 1322 88 26 turcos

72 1382 49 21 con
140 1374 56 28 406
213 1377 127 32 cañones,
359 1372 23 30 el
395 1382 92 31 mayor
502 1371 33 32 de
548 1372 40 30 los
604 1371 90 31 cuales
711 1371 123 31 montaba
860 1374 48 34 60,
926 1372 25 31 la
967 1373 129 31 escuadra

73 1439 63 20 rusa
153 1429 130 31 mandada
302 1440 47 31 por
374 1429 24 31 el
415 1429 140 31 almirante
573 1429 150 31 Nachimoff
733 1432 66 39 (que
822 1430 86 30 murió
932 1430 116 41 después
1064 1441 32 20 en

75 1485 172 42 Sebastopol)
261 1492 157 35 compuesta
431 1486 32 30 de
477 1490 15 26 6
505 1487 93 30 navios
610 1488 72 38 (600
696 1488 142 38 cañones),
853 1489 15 28 2
880 1487 114 41 fragatas
1005 1488 89 39 (120)

73 1554 17 30 y
105 1542 33 31 de
157 1545 14 28 3
190 1553 112 30 vapores
319 1545 83 38 (40),
424 1543 94 31 siendo
541 1542 34 31 de
598 1553 97 31 grueso
725 1544 100 31 calibre
849 1544 25 30 la
904 1555 92 31 mayor
1022 1551 73 35 parle

72 1599 33 31 de
117 1605 71 26 eslas
204 1603 58 28 760
279 1600 81 31 bocas
372 1600 33 31 de
425 1600 92 42 fuego.
544 1600 95 31 Manda
656 1601 23 30 el
693 1612 62 19 ruso
769 1612 35 19 un
821 1602 60 30 bote
910 1602 23 30 al
959 1603 139 30 almirante

73 1663 74 25 turco
159 1658 189 41 Osman-Bajá
362 1658 179 31 ordenándole
556 1659 83 30 arriar
656 1669 30 20 su
699 1658 117 31 bandera
832 1671 6 18 :
856 1664 117 26 contesta
990 1660 24 31 el
1026 1665 72 26 turco

71 1714 82 31 desde
171 1714 23 30 la
214 1728 11 13 «
236 1714 93 31 Denial
341 1729 11 13 »
367 1714 156 42 rompiendo
540 1715 24 31 el
576 1714 90 42 fuego.
687 1717 34 29 Se
737 1716 73 30 irrita
826 1716 156 37 Nachimoff,
1001 1729 16 29 y
1040 1718 58 31 loda

71 1773 27 30 la
108 1773 130 31 escuadra
256 1779 72 25 lurca
341 1784 107 30 perece,
463 1773 160 30 incendiada
633 1783 65 31 gran
715 1779 73 36 parle
802 1773 32 31 de
848 1774 51 30 ella
915 1785 47 31 por
977 1787 46 20 sus
1037 1779 61 28 mis-

73 1840 55 20 mas
143 1830 199 40 tripulaciones.
362 1830 195 31 Sucumbieron
575 1841 31 20 en
628 1830 65 31 ella:
712 1832 77 29 4650
804 1830 135 39 hombres,
957 1835 58 29 120
1031 1834 67 30 fue-

952 1939 11 18 2
