1241 2180
504 122 160 27 15

115 182 201 40 Navegábamos
332 184 126 30 mientras
476 190 70 25 lanío
557 190 121 26 nosotros
691 185 160 38 felizmente,
864 187 103 40 gracias
980 186 25 30 al
1022 186 73 31 tiem-

73 248 33 30 po
123 249 16 30 y
156 239 14 29 á
187 238 24 30 la
224 239 96 30 mucha
333 240 154 39 vigilancia.

113 296 31 31 El
161 296 83 31 l.°de
261 297 155 31 noviembre
429 299 144 30 avistamos
589 300 25 30 la
630 299 118 31 Cerdeña
764 325 5 10 ,
786 311 16 30 y
824 301 117 40 pasando
956 300 137 31 atracados

72 355 15 29 á
99 354 51 30 ella
165 354 182 30 continuamos
363 361 107 24 nuestro
487 356 110 36 rumbo,
624 356 192 41 consiguiendo
840 356 109 31 fondear
965 367 31 20 en
1013 356 80 32 Malta

73 411 24 29 el
109 411 41 29 dia
169 412 14 28 3
201 421 49 29 por
265 411 23 29 la
302 416 122 26 mañana.

112 466 87 31 Todas
212 466 39 31 las
265 466 198 43 descripciones
477 479 16 31 y
509 479 51 20 aun
573 469 23 30 el
613 469 94 30 mismo
723 469 87 41 pincel
824 494 6 11 ,
850 480 33 19 no
899 469 51 30 dan
972 479 56 20 mas
1041 480 52 30 que

72 532 50 22 una
138 523 71 31 débil
226 523 60 31 idea
308 524 33 31 de
358 524 38 31 las
411 535 158 20 numerosas
582 525 203 31 fortificaciones
801 525 173 31 acumuladas
991 536 48 30 por
1052 526 40 30 los

71 582 123 39 antiguos
206 581 148 31 caballeros
367 592 64 31 para
448 582 79 31 hacer
542 582 196 42 inespugr-able
752 593 44 20 ese
807 582 121 31 baluarte
940 582 33 31 de
986 583 24 30 la
1023 582 70 31 cris-

72 637 115 31 tiandad.
217 638 150 31 Solamente
383 638 24 31 al
424 639 191 41 contemplarlo
641 650 28 20 se
691 639 86 42 puede
794 641 120 40 apreciar
929 649 49 21 con
995 640 98 41 alguna

70 695 209 40 aprocsimacion
296 695 39 30 los
358 695 102 31 medios
485 706 51 31 que
559 696 50 30 han
632 696 88 30 tenido
747 707 51 30 que
814 696 148 41 emplearse
978 706 33 20 en
1028 697 65 30 tales

70 750 88 31 obras.
183 753 64 29 Bien
269 762 28 20 es
321 752 100 30 verdad
437 777 6 11 ,
461 763 53 30 que
530 753 39 30 los
586 753 116 40 ingleses
718 764 49 20 con
783 764 44 20 ese
844 753 110 41 espíritu
971 753 122 40 previsor

70 818 52 30 que
143 808 38 30 les
197 808 135 41 distingue
345 833 5 10 ,
370 809 50 30 han
437 809 168 31 contribuido
625 820 32 19 en
682 809 97 30 mucho
802 810 14 30 á
842 809 25 30 la
891 809 151 41 perfección
1058 809 34 31 de

69 864 108 41 aquella
189 864 135 31 forlaleza.
345 867 65 29 Pero
426 865 22 31 el
463 865 42 30 dia
522 876 53 31 que
597 866 23 30 le
643 865 92 31 fallase
752 867 14 29 á
780 866 23 30 la
817 866 68 30 Gran
900 867 111 29 Bretaña
1025 890 6 11 ,
1046 875 47 21 ese

69 920 85 42 poder
168 922 132 30 marítimo
316 931 52 31 que
381 931 29 21 es
423 922 25 30 lo
461 932 51 31 que
528 922 145 40 resguarda
686 947 6 10 ,
709 922 148 41 digámoslo
871 922 38 30 así
923 947 6 11 ,
945 922 39 30 las
1000 922 93 40 espal-

69 978 48 29 das
133 979 14 29 á
170 979 107 40 aquella
299 979 72 40 plaza
395 979 33 29 de
454 988 95 31 guerra
565 1002 6 12 ,
597 980 53 39 qué
675 979 138 30 sucedería
826 980 13 28 ?
862 979 24 29 O
910 978 63 30 bien
989 979 104 29 fallaría

70 1035 157 41 guarnición
243 1046 62 30 para
322 1041 41 24 lan
377 1040 120 26 eslensas
510 1035 115 31 baterías
640 1060 7 12 ,
665 1038 15 28 ó
692 1035 61 31 bien
768 1035 23 30 la
805 1035 49 31 isla
869 1046 33 20 no
919 1035 115 30 bastaría
1047 1045 46 31 pa-

69 1101 26 20 ra
110 1097 136 25 mantener
263 1092 24 30 la
303 1101 64 30 gran
384 1092 166 39 guarnición.

108 1151 37 27 No
158 1149 61 29 bien
236 1148 138 30 habíamos
390 1148 96 42 dejado
502 1159 62 20 caer
586 1149 25 30 el
626 1149 76 30 ancla
717 1173 7 12 ,
741 1149 105 30 cuando
871 1149 80 30 rodeó
964 1149 24 30 el
1001 1149 91 41 buque

67 1215 34 20 un
115 1206 39 28 sin
172 1206 111 29 número
295 1205 33 30 de
344 1205 149 40 barquillas
505 1216 49 20 con
570 1206 83 30 frutas
668 1230 6 12 ,
693 1215 78 31 ropas
788 1217 17 29 y
817 1205 143 30 diferentes
975 1206 117 30 chuche-

66 1262 65 36 rías,
147 1271 64 31 para
227 1262 95 30 incitar
334 1263 14 29 á
366 1261 23 30 la
407 1267 73 35 tropa
498 1273 16 30 y
531 1262 166 40 tripulantes.
721 1264 37 28 En
775 1261 48 32 dos
835 1262 33 31 de
885 1262 66 30 ellas
966 1262 62 30 iban
1044 1262 48 31 al-

66 1328 85 31 gunos
167 1319 116 30 músicos
297 1329 52 31 que
366 1325 106 25 tocaron
484 1320 23 30 el
519 1320 97 30 Himno
628 1320 33 30 de
675 1320 94 41 Riego,
787 1320 24 30 el
827 1319 74 31 Jaleo
917 1319 33 31 de
965 1321 86 34 Jerez,
1067 1320 25 30 Ja

65 1375 153 30 Marsellesa
232 1386 17 30 y
265 1375 144 31 diferentes
425 1382 71 24 otras
511 1376 101 40 piezas,
628 1376 195 41 obligándonos
835 1386 49 20 con
900 1382 40 24 lan
951 1377 138 40 espresivo

67 1432 130 40 obsequio
209 1432 13 30 á
235 1432 208 30 remunerarles.

106 1489 79 31 Como
198 1499 45 21 era
255 1489 25 31 el
299 1502 11 15 «
323 1489 109 30 Tharsis
442 1501 12 22 p
473 1488 24 31 el
515 1489 99 41 primer
631 1499 82 31 vapor
726 1499 53 31 que
796 1514 6 11 ,
820 1489 157 31 ostentando
989 1490 24 30 el
1032 1499 55 32 pa-

62 1546 91 30 bellón
167 1546 109 41 español
290 1571 6 11 ,
321 1545 115 31 visitaba
458 1546 78 40 aquel
554 1551 93 35 puerto
660 1570 6 10 ,
685 1545 97 31 fuimos
798 1545 153 31 solicitados
976 1557 48 30 por
1045 1546 42 31 al-

63 1612 85 30 gunas
164 1612 128 30 personas
308 1602 33 30 de
354 1604 90 38 origen
459 1602 109 41 español
585 1611 62 31 para
664 1602 161 40 permitirlas
836 1602 93 29 visitar
941 1602 23 30 el
981 1602 104 41 buque.

62 1660 51 29 Por
128 1659 24 29 la
175 1659 73 30 tarde
263 1669 47 20 nos
327 1658 83 31 honró
432 1664 110 24 nuestro
561 1658 93 30 cónsul
674 1658 181 41 acompañado
871 1658 33 30 de
920 1669 31 19 su
977 1664 107 32 señora,

61 1715 129 32 andaluza
203 1716 33 30 de
250 1716 55 40 ojos
321 1716 78 30 vivos
412 1740 6 12 ,
437 1714 145 43 alegrando
599 1720 124 26 nuestros
738 1725 144 21 corazones
898 1715 25 31 la
945 1716 141 41 presencia

62 1773 32 30 de
107 1783 53 21 una
176 1774 51 40 hija
241 1773 33 30 de
290 1778 107 25 nuestra
414 1774 83 39 patria
511 1772 135 31 adornada
663 1772 33 31 de
708 1773 107 40 aquella
831 1774 91 39 gracia
940 1774 120 40 peculiar
1072 1775 15 29 á

64 1830 39 30 las
117 1830 126 30 ibéricas.

105 1889 39 29 De
170 1894 70 25 eslas
266 1889 94 31 visitas
377 1889 113 30 vinimos
506 1889 14 30 á
537 1887 120 41 adquirir
672 1887 113 41 algunas
798 1887 147 32 relaciones
957 1913 7 14 ,
980 1899 16 29 y
1009 1888 77 31 sobre
