1241 2180
517 122 159 28 27

128 184 99 30 Ambas
243 184 112 30 batallas
380 195 129 20 causaron
532 185 110 30 muchos
663 191 117 25 muertos
796 197 16 30 y
829 185 105 31 heridos
951 196 48 31 por
1025 195 52 21 una
1094 196 16 30 y

88 246 55 25 otra
154 246 73 37 parle
241 254 7 22 ;
266 251 64 31 pero
343 251 56 20 mas
411 240 25 31 la
448 240 33 31 de
492 241 153 35 Inkerman,
663 251 67 31 pues
750 242 23 30 el
791 242 104 42 choque
917 253 28 20 se
960 242 120 31 estendió
1096 242 14 30 á

89 297 60 31 lodo
165 297 24 31 el
205 297 107 39 ejército
325 307 5 19 :
346 307 31 20 en
394 297 53 30 ella
463 296 71 31 hubo
547 297 98 31 hechos
658 297 149 31 valerosos.

130 355 101 40 Apesar
245 354 33 29 de
294 359 71 24 estos
377 359 110 36 ataques
503 354 33 29 de
549 354 39 29 los
601 364 88 25 rusos,
714 364 53 30 que
782 354 165 36 mermaban,
961 355 149 40 digámoslo

89 412 49 35 así,
156 411 24 30 el
196 411 109 40 ejército
327 411 109 30 sitiador
446 422 5 18 :
475 421 95 31 apesar
585 411 33 30 de
635 411 38 30 las
690 411 134 41 repelidas
839 422 184 21 escaramuzas
1039 422 71 21 noc-

89 473 89 25 turnas
194 478 51 31 que
258 468 135 41 fatigaban
410 468 38 30 las
464 467 161 31 avanzadas:
642 477 95 31 apesar
747 467 34 31 de
792 478 44 20 ese
850 468 106 31 nutrido
967 468 80 42 fuego
1060 479 50 20 no-

88 523 48 32 che
152 535 17 30 y
184 523 44 32 dia
244 524 33 31 de
290 525 24 29 la
330 526 73 39 plaza
413 537 5 17 :
437 534 94 32 apesar
547 524 31 30 de
596 524 61 31 todo
671 549 6 11 ,
696 525 153 30 avanzaban
867 525 243 41 prodigiosamente

88 581 39 29 las
143 581 78 30 obras
237 581 33 30 de
293 587 106 35 alaque,
426 581 160 30 abriéndose
608 591 101 20 nuevas
726 582 161 35 trincheras,
907 593 16 29 y
939 582 171 30 formándose

88 643 118 24 eslensas
222 637 131 40 paralelas
369 636 178 40 guarnecidas
559 647 49 20 con
625 647 113 30 gruesas
751 637 80 30 bocas
848 637 33 30 de
897 637 93 40 fuego.

130 694 123 40 Dejemos
269 696 61 39 aquí
345 694 22 30 el
385 693 91 31 estado
492 693 43 31 del
552 694 71 36 sitio,
650 699 94 36 puesto
761 705 52 30 que
829 696 39 29 así
885 694 27 31 lo
927 700 184 25 encontramos

88 751 24 30 al
139 751 83 41 llegar
238 752 51 29 allá
315 751 93 30 dentro
425 751 95 30 breves
550 750 74 36 dias,
643 761 63 31 para
723 752 90 40 seguir
831 761 31 31 ya
890 752 40 29 sin
947 761 56 21 mas
1018 752 93 30 inter-

89 809 111 39 rupción
216 809 24 29 el
253 809 53 29 hilo
317 808 33 30 de
364 809 49 29 mis
426 809 107 39 propios
547 818 117 20 sucesos.

132 866 90 38 Segun
238 874 134 31 promesa,
392 875 15 29 y
429 874 51 20 una
493 875 46 19 vez
554 864 84 31 hecha
654 875 32 30 ya
703 875 52 20 una
772 869 122 36 pequeña
911 866 137 30 escursion
1066 875 47 31 por

90 920 227 42 Constantinopla,
336 920 63 31 daré
421 920 33 30 de
466 920 51 31 ella
533 930 51 21 una
601 921 102 30 sucinta
718 920 167 42 descripción
902 921 32 30 de
951 921 112 40 algunas
1080 920 33 31 de

91 988 46 19 sus
153 977 209 39 preciosidades.

131 1035 36 28 La
180 1044 52 30 que
248 1044 102 19 merece
366 1034 24 29 el
407 1034 98 40 primer
516 1034 76 40 lugar
605 1044 28 19 es
646 1035 79 28 Santa
737 1034 82 36 Sofía,
836 1035 132 39 mezquita
983 1039 129 25 suntuosa

88 1099 51 29 que
151 1089 129 30 recuerda
298 1089 22 29 la
334 1089 131 39 grandeza
481 1089 42 29 del
541 1090 112 38 imperio
669 1090 146 29 Bizantino.

128 1143 109 31 Cuando
253 1154 29 19 se
297 1151 74 22 entra
388 1155 32 18 en
436 1150 55 23 esla
513 1145 107 39 antigua
639 1145 124 34 Basílica,
783 1155 33 19 no
832 1145 64 30 sabe
913 1156 53 18 uno
982 1155 52 30 que
1057 1144 56 30 ad-

87 1201 81 29 mirar
183 1211 67 25 mas,
269 1201 21 29 si
308 1201 24 29 la
345 1201 107 40 riqueza
469 1211 51 29 que
535 1201 24 29 la
575 1201 98 29 reviste
689 1203 14 27 ó
717 1201 24 30 la
755 1201 185 41 espaciosidad
952 1201 33 30 de
999 1212 46 19 sus
1057 1212 56 19 na-

87 1267 57 20 ves.
173 1258 51 29 Sus
247 1256 120 30 tribunas
392 1256 134 31 cubiertas
549 1262 179 25 enteramente
753 1256 33 31 de
807 1257 111 30 mármol
944 1257 95 31 blanco
1062 1268 50 20 con

87 1324 82 20 venas
184 1313 33 31 de
233 1314 76 40 ágata
332 1323 33 20 no
384 1315 85 28 tienen
486 1313 99 30 rivales
609 1323 33 20 en
658 1314 24 29 el
702 1313 111 31 mundo.
839 1316 34 28 Su
893 1315 163 40 pavimento,
1081 1325 32 19 su

86 1369 166 36 techumbre,
268 1380 46 19 sus
327 1368 201 42 multiplicadas
542 1368 150 35 columnas,
708 1369 58 30 todo
777 1380 31 19 en
819 1372 35 27 fin
866 1381 28 18 es
907 1371 110 29 mármol
1031 1382 16 29 y
1058 1381 55 19 mo-

88 1427 82 37 saico,
188 1428 75 40 ágata
284 1438 16 30 y
317 1438 56 19 oro.
394 1428 34 29 Se
443 1426 88 41 queda
550 1437 51 19 uno
617 1427 137 29 extasiado
772 1437 31 19 en
821 1427 87 30 medio
924 1427 33 30 de
976 1432 55 26 esta
1049 1427 64 31 obra

87 1488 113 24 maestra
218 1493 52 30 que
283 1482 84 41 erigió
382 1482 23 29 la
421 1481 163 31 cristiandad
597 1487 75 25 antes
688 1492 51 30 que
756 1482 132 30 Mahomet
901 1484 23 28 II
936 1483 174 41 conquistase

88 1539 23 30 el
127 1539 112 40 imperio
255 1539 33 31 de
303 1539 119 31 Oriente.

128 1598 37 28 En
177 1602 56 24 olra
251 1597 131 40 mezquita
394 1596 33 30 de
442 1606 34 20 un
492 1605 83 31 rango
586 1594 110 32 inferior
711 1594 147 32 descansan
875 1595 39 31 los
926 1601 85 25 restos
1024 1596 33 30 de
1069 1607 44 20 ese

84 1653 72 31 feroz
170 1653 103 34 Sultán,
293 1663 51 30 que
360 1652 83 30 desde
456 1663 31 18 su
505 1652 88 29 tumba
611 1662 96 30 parece
723 1652 124 29 humillar
859 1661 52 20 aun
924 1653 15 28 á
957 1652 39 30 los
1013 1653 100 29 venci-

84 1712 49 30 dos
149 1711 160 31 Bizantinos.
329 1712 36 29 La
382 1709 127 32 tradición
523 1714 107 31 cuenta,
648 1720 52 29 que
719 1709 116 41 después
850 1719 51 31 que
920 1714 64 26 tuvo
1000 1709 24 31 la
1040 1720 72 21 con-

85 1769 87 41 quista
188 1767 149 41 asegurada
354 1769 74 28 entró
441 1768 14 29 á
469 1765 104 32 caballo
586 1776 31 20 en
630 1767 79 29 Santa
729 1764 83 34 Sofía,
827 1776 31 19 en
875 1765 88 31 donde
987 1777 45 19 sus
1050 1766 62 30 sol-

85 1825 83 30 dados
183 1825 97 30 habian
297 1824 84 30 hecho
404 1833 51 20 una
472 1828 142 35 espantosa
636 1822 157 36 carnicería,
813 1833 16 30 y
845 1821 73 31 fuera
939 1821 33 31 de
988 1824 34 34 sí,
1041 1822 70 31 lleno

83 1881 34 32 de
130 1881 117 40 orgullo,
266 1891 28 21 se
310 1891 66 30 puso
388 1880 103 31 encima
508 1879 32 31 de
554 1890 34 19 un
603 1884 106 26 montón
726 1879 33 30 de
774 1878 156 38 cadáveres,
950 1890 17 30 y
984 1879 127 41 aplican-
