1241 2180
497 121 182 28 129

115 186 66 41 Muy
192 194 76 22 cerca
281 183 32 32 de
330 183 88 32 donde
431 184 151 31 estábamos
599 184 79 31 habia
694 194 53 21 una
763 185 98 31 rústica
877 194 74 28 casa,
966 185 24 31 al
1007 185 94 41 abrigo

76 242 33 31 de
122 243 25 30 la
158 243 59 31 cual
234 254 29 19 se
274 242 134 42 ensayaba
425 253 51 19 una
490 242 87 31 banda
588 243 33 30 de
638 243 100 31 música
752 243 33 30 de
802 254 52 19 uno
866 243 81 31 délos
961 243 143 41 regimien-

76 305 41 27 tos
128 310 56 21 mas
198 299 168 32 inmediatos.
392 301 52 29 Sus
461 305 111 31 tocatas,
590 300 22 30 si
638 299 61 31 bien
721 300 62 41 algo
804 300 251 42 desacompasadas,
1071 311 33 20 no

77 357 115 41 dejaban
205 357 33 30 de
253 357 126 41 producir
394 367 31 20 en
442 357 79 41 aquel
540 357 75 40 lugar
632 366 50 21 una
710 357 139 30 sensación
871 358 33 29 de
927 359 173 29 entusiasmo.

77 415 49 30 Así
142 414 44 30 fué
203 425 52 29 que
269 424 122 30 pasamos
406 414 51 30 allá
474 414 40 30 sin
532 414 96 30 darnos
645 414 41 30 del
705 414 108 40 tiempo,
830 425 50 19 una
897 414 62 31 hora
977 415 82 39 larga.

120 470 139 31 Volvimos
275 471 15 30 á
307 470 24 30 la
344 470 88 30 tienda
443 470 33 30 de
496 472 77 28 Metts
586 471 87 29 serian
691 470 37 30 las
746 470 61 38 dos,
831 481 56 19 mas
903 481 74 20 como
1004 470 100 31 debía-

78 537 59 21 mos
150 538 90 20 comer
251 529 14 29 á
279 527 38 31 las
333 533 103 31 cuatro,
454 536 63 32 para
529 527 119 41 emplear
660 527 23 30 el
699 528 107 39 tiempo,
823 537 48 20 nos
881 527 137 41 dirigimos
1031 528 14 29 á
1058 527 46 31 dar

79 595 36 20 un
139 594 81 31 paseo
246 584 170 30 recorriendo
434 584 23 29 la
482 589 74 35 parte
582 583 43 30 del
649 590 183 34 campamento
848 594 51 30 que
923 584 43 29 iba
990 584 75 29 hacia
1081 583 23 30 el

81 651 67 20 mar.

122 697 22 30 A
159 707 66 31 poca
241 696 129 32 distancia
383 697 33 30 de
431 697 26 30 la
473 696 89 31 tienda
578 696 32 31 de
627 698 87 35 Mells,
731 707 28 20 se
779 696 159 31 encontraba
955 706 32 31 ya
1009 706 95 21 acam-

81 754 68 41 pada
168 755 24 29 la
208 754 116 30 división
341 755 146 40 estranjera
501 768 6 22 ;
525 755 93 29 último
639 755 157 40 regimiento
817 765 53 30 que
890 754 118 30 formaba
1024 754 24 30 el
1064 754 40 30 ala

82 812 139 40 izquierda
235 811 42 30 del
291 812 108 39 ejército
415 811 33 29 de
465 811 183 41 operaciones.

126 867 191 31 Habiéndonos
330 867 78 29 dicho
420 878 51 28 que
482 878 66 19 unos
562 867 116 29 oficiales
691 867 32 30 de
737 867 78 40 aquel
828 867 155 40 regimiento
997 867 107 40 poseían

84 924 114 41 algunas
214 924 134 36 frioleras,
363 923 110 30 sacadas
486 923 43 30 del
546 923 150 41 pueblecito
713 922 32 31 de
763 923 23 30 la
803 924 162 29 Cuarentena
982 923 23 30 la
1023 923 81 31 noche

86 992 52 30 que
154 981 25 30 le
192 981 92 30 dieron
301 979 23 32 el
338 986 95 35 alaque
445 980 23 30 al
487 980 130 41 principio
629 980 42 30 del
686 980 71 36 sitio,
771 990 46 20 nos
835 989 119 32 paramos
971 990 48 20 con
1039 980 65 30 ellos

85 1048 64 31 para
163 1048 51 29 que
225 1048 48 18 nos
290 1037 38 29 las
341 1041 158 31 enseñaran,
516 1037 24 29 lo
554 1047 52 30 que
622 1036 128 36 hicieron,
769 1037 23 29 al
808 1046 118 30 parecer,
944 1046 48 20 con
1009 1036 95 30 mucho

83 1094 180 41 beneplácito.
280 1096 79 28 Enlre
374 1094 87 30 varias
477 1103 76 20 cosas
566 1094 79 29 habia
660 1104 35 19 un
711 1094 99 30 cuadro
826 1094 33 29 de
875 1103 51 20 una
937 1094 111 39 Virgen,
1072 1093 32 30 de

83 1151 109 40 pintura
205 1160 63 30 muy
281 1150 108 40 antigua
402 1160 16 30 y
432 1150 141 30 escelente.

126 1208 38 29 De
177 1216 64 31 paso
253 1216 48 20 nos
317 1205 58 30 hizo
389 1210 73 26 notar
479 1207 87 34 Mells,
584 1205 23 30 el
622 1215 60 20 aseo
694 1216 17 30 y
722 1204 116 42 perfecto
854 1204 91 31 estado
958 1204 32 31 de
1001 1205 40 30 los
1058 1204 49 31 fu-

85 1264 64 30 siles
163 1263 33 29 de
212 1263 24 29 la
248 1262 87 41 legión
345 1262 145 40 estranjera
503 1275 6 23 ;
528 1261 162 31 debiéndose
701 1261 123 36 atribuir,
838 1272 47 19 nos
898 1261 64 41 dijo,
978 1262 13 29 á
1003 1261 104 30 haber-

85 1331 29 20 se
125 1319 205 31 acostumbrado
351 1320 122 39 aquellos
495 1318 125 30 soldados
633 1320 13 28 á
659 1319 24 29 la
705 1319 60 29 vida
783 1319 43 29 del
846 1325 182 34 campamento
1049 1319 58 30 du-

84 1383 75 25 rante
175 1387 32 19 su
231 1376 71 40 larga
320 1375 187 41 permanencia
521 1386 31 19 en
570 1375 38 30 las
622 1375 155 40 posesiones
793 1375 130 30 africanas
938 1375 144 32 francesas.

126 1433 126 31 Acabada
264 1433 23 30 la
302 1433 69 30 línea
386 1432 33 31 de
438 1438 86 35 tropas
540 1432 171 41 acampadas,
729 1432 23 30 al
777 1443 66 30 poco
863 1438 57 25 ralo
942 1432 128 40 llegamos
1093 1434 15 30 á

86 1500 52 22 una
150 1490 34 30 de
201 1490 38 29 las
255 1490 102 29 colinas
373 1500 51 30 que
442 1489 124 30 lindaban
583 1500 48 19 con
648 1489 23 30 el
683 1489 146 40 puerlecilo
845 1499 31 20 en
893 1489 86 30 donde
995 1490 114 40 siempre

84 1546 74 32 hubo
175 1546 39 30 los
227 1546 48 29 dos
292 1556 113 30 vapores
421 1546 33 29 de
478 1556 106 29 guerra.
605 1546 129 29 Entonces
756 1546 85 28 vimos
857 1556 52 29 que
925 1570 6 10 ,
958 1545 106 30 además
1075 1546 33 30 de

86 1613 61 22 esos
164 1613 124 30 vapores,
314 1602 78 30 habia
418 1602 145 30 fondeados
584 1608 91 24 cuatro
701 1604 15 28 ó
742 1602 74 30 cinco
842 1602 105 40 buques
964 1607 145 26 mercantes

86 1659 185 41 descargando
285 1660 58 30 leña
359 1659 33 31 de
404 1669 119 31 quemar.
545 1658 99 32 Siendo
661 1664 55 25 esle
732 1658 177 31 combustible
920 1659 33 30 de
965 1670 145 30 engorroso

86 1723 142 36 trasporte,
249 1717 131 41 preferían
399 1727 114 30 esponer
529 1717 39 29 los
585 1716 105 41 buques
707 1727 31 19 en
754 1717 89 40 paraje
857 1721 42 25 lan
913 1717 135 40 peligroso
1064 1728 48 30 por

87 1778 71 27 estar
170 1784 65 30 muy
251 1773 144 31 inmediato
411 1774 24 29 al
452 1773 123 40 enemigo
586 1797 6 11 ,
614 1783 49 20 con
678 1773 32 29 lal
723 1772 33 30 de
768 1773 110 29 obtener
894 1772 134 31 brevedad
1042 1784 31 20 en
1089 1774 23 30 la

87 1830 143 41 operación
247 1830 33 31 de
298 1830 154 31 trasladarla
478 1829 23 31 al
522 1835 81 36 punto
623 1828 181 32 consumidor.
823 1831 58 39 Hay
898 1840 51 31 que
970 1830 138 37 entender,

88 1898 54 30 que
158 1888 24 29 lo
198 1898 53 30 que
264 1898 28 19 se
305 1886 155 41 arriesgaba
473 1911 7 11 ,
500 1897 33 19 no
545 1896 45 21 era
604 1911 6 11 ,
629 1896 53 31 que
697 1885 121 42 digamos
832 1911 7 13 ,
858 1887 32 30 de
904 1898 64 30 gran
984 1888 125 31 conside-

944 1937 22 19 17
