1241 2180
509 114 160 28 49

67 189 14 31 y
100 188 96 22 escaso
212 177 114 32 cuidado
341 192 7 23 ;
368 190 15 30 y
409 178 105 41 dígame
539 179 80 31 ahora
643 180 23 30 el
691 190 51 30 que
757 185 77 36 tenga
847 190 50 20 aun
914 191 52 30 que
979 181 56 29 solo
1051 190 43 20 sea

72 246 33 19 un
123 236 87 29 átomo
226 234 33 31 de
270 235 139 30 sensación
426 259 5 11 ,
448 236 20 29 si
483 245 33 20 no
532 235 32 30 ha
576 235 34 30 de
625 236 177 40 impresionar
815 243 56 24 este
884 237 179 39 espectáculo.

108 293 56 31 Con
177 292 24 30 el
220 293 98 39 tiempo
336 293 121 29 vinieron
476 293 115 30 también
608 294 14 29 á
640 304 148 20 esmerarse
800 305 31 19 en
845 295 22 29 el
885 294 114 31 cuidado
1009 294 34 31 do
1058 294 39 31 los

67 350 115 31 heridos.
210 351 37 29 Lo
265 360 51 31 que
333 349 114 31 observé
467 351 22 29 sí
503 374 7 11 ,
525 360 53 31 que
602 351 55 29 casi
682 350 119 41 ninguna
818 351 145 30 diferencia
979 352 87 30 daban
1082 353 15 29 á

68 408 39 29 los
119 406 135 30 franceses
271 406 78 30 sobre
367 406 39 30 los
420 416 78 20 rusos
514 416 62 29 para
594 406 163 30 atenderlos.

108 465 76 28 Estos
201 464 108 29 últimos
324 487 5 11 ,
348 473 48 20 con
414 473 45 19 sus
482 463 88 39 largos
584 468 107 34 capoles
704 463 72 30 color
792 463 33 29 de
851 464 78 29 tierra
945 488 5 12 ,
969 464 125 41 pantalón

67 520 81 31 verde
165 530 107 25 oscuro,
288 530 16 30 y
317 529 78 30 gorra
412 519 42 29 del
469 519 94 29 mismo
575 519 72 30 color
659 519 82 31 hecha
753 519 23 30 al
791 519 77 31 estilo
882 519 33 31 de
931 519 87 41 boyna
1033 546 6 11 ,
1053 531 42 21 me

69 578 122 41 parecían
207 576 268 42 (perdonándomela
490 576 152 41 espresion)
658 576 161 41 presidarios
829 576 33 30 de
873 578 114 39 España.
1004 579 35 28 No
1051 587 46 20 me

69 634 81 41 podía
163 633 140 41 persuadir
314 644 51 30 que
378 633 122 41 aquellos
512 638 181 35 repugnantes
707 633 165 29 continentes
883 632 92 30 fueran
993 633 39 29 los
1045 642 49 20 va-

72 691 103 31 lerosos
191 690 154 31 defensores
358 690 34 30 de
409 690 174 38 Sebastopol.

112 748 49 37 ¡Lo
175 757 51 28 que
239 746 83 30 hacen
337 746 38 30 las
387 746 181 39 apariencias!

110 803 127 41 Aquellas
250 803 75 30 sillas
348 814 16 30 y
381 803 89 30 literas
486 813 33 20 en
536 803 38 30 las
591 802 93 31 cuales
707 813 28 19 se
751 802 147 31 conducían
915 802 39 30 los
970 801 119 37 heridos,

69 860 116 40 después
198 859 34 30 de
244 859 125 41 quinados
383 864 70 25 eslos
467 883 5 10 ,
492 869 28 19 se
541 857 117 32 formaba
674 868 49 20 con
745 858 66 30 ellas
834 868 67 21 unas
923 859 121 40 especies
1060 858 33 31 de

71 916 134 34 albardas,
224 926 52 29 que
289 916 104 28 servían
409 924 62 31 para
486 925 94 30 cargar
591 920 55 24 olra
658 925 46 19 vez
718 915 38 29 las
769 915 86 29 mulas
866 925 48 19 con
926 915 100 30 efeclos
1039 939 5 11 ,
1060 915 33 29 de

72 982 108 28 regreso
196 972 24 29 al
238 977 196 33 campamento.

113 1028 81 30 Lleno
207 1027 32 30 de
265 1028 122 39 angustia
404 1038 48 30 por
468 1027 24 30 lo
516 1038 53 30 que
581 1027 120 30 acababa
716 1027 33 31 de
763 1029 153 39 presenciar
940 1038 40 20 me
1006 1028 88 29 acosté

71 1085 77 41 aquel
162 1084 54 31 dia.
240 1086 37 28 No
293 1095 46 30 por
356 1090 57 24 esto
427 1084 84 30 senlia
528 1093 91 21 menos
632 1083 22 30 el
672 1083 81 31 deseo
769 1084 33 30 de
814 1085 73 29 verlo
910 1084 74 36 todo;
1000 1085 94 40 impa-

71 1142 84 29 ciente
168 1151 55 19 mas
245 1141 61 29 bien
329 1152 47 29 por
397 1151 33 19 no
443 1140 83 41 poder
544 1141 91 29 visitar
648 1141 22 29 el
688 1147 183 34 campamento
887 1141 74 30 hasta
978 1141 47 29 dos
1036 1141 58 30 dias

71 1198 124 39 después.
218 1198 37 29 No
279 1197 130 29 sabiendo
431 1208 48 29 por
492 1196 87 30 donde
599 1198 24 28 ir
633 1206 63 31 para
709 1207 33 19 no
755 1208 162 29 esponernos
933 1221 6 10 ,
952 1207 47 19 nos
1016 1197 78 29 habia

72 1253 145 41 prometido
230 1253 23 29 el
267 1253 107 41 capitán
390 1253 77 29 Mells
481 1252 96 40 (aquel
595 1263 52 29 que
660 1252 79 30 habia
753 1253 96 29 venido
862 1264 48 18 con
924 1258 120 24 nosotros
1056 1276 6 12 ,
1078 1264 16 29 y

72 1320 51 31 que
139 1320 27 21 se
183 1310 60 30 hizo
258 1321 15 30 y
288 1309 44 31 fué
349 1311 116 40 siempre
483 1320 63 27 muy
563 1310 87 40 amigo
663 1311 122 38 nuestro)
800 1309 157 31 mandarnos
973 1320 31 20 su
1021 1310 75 30 asis-

72 1373 69 25 tente
158 1377 63 30 para
235 1372 222 35 acompañarnos.

114 1424 30 30 El
165 1424 42 29 dia
232 1424 144 40 siguiente,
399 1423 185 41 paseándonos
602 1425 81 38 (pues
700 1424 51 39 hay
767 1434 51 30 que
834 1423 118 30 advertir
973 1433 52 31 que
1042 1424 58 29 casi

73 1481 115 39 siempre
203 1480 46 30 iba
262 1491 33 31 yo
309 1491 31 19 en
352 1481 139 39 compañía
504 1480 42 30 del
561 1480 104 40 capitán
679 1480 43 30 del
739 1489 82 31 vapor
832 1482 14 27 ó
861 1480 41 29 del
920 1485 55 24 otro
989 1490 111 30 segun-

72 1537 51 39 do)
139 1548 46 30 por
200 1537 25 30 el
237 1537 108 41 pueblo,
366 1536 170 42 pasábamos,
557 1537 40 29 sin
611 1535 80 31 hacer
707 1546 73 26 caso,
799 1547 64 30 muy
884 1546 76 21 cerca
977 1536 32 31 de
1026 1546 72 22 cua-

75 1599 37 25 tro
128 1593 124 30 soldados
264 1604 62 30 que,
346 1593 135 36 sentados,
498 1602 28 21 se
539 1593 104 30 comían
661 1602 52 21 una
727 1593 87 30 buena
831 1593 114 30 tortilla:
965 1594 134 30 hablando

72 1656 121 25 nosotros
205 1661 31 19 en
249 1651 51 29 alta
317 1661 47 19 voz
376 1661 28 20 se
420 1651 123 29 levantan
557 1649 254 41 apresuradamente
823 1650 122 40 aquellos
958 1650 137 34 soldados,

72 1719 17 31 y
104 1718 48 21 con
170 1708 24 30 la
219 1717 55 21 mas
296 1708 50 30 lata
373 1709 101 40 alegría
496 1707 107 41 pintada
628 1717 31 20 en
673 1717 50 20 sus.
735 1706 163 32 semblantes
910 1718 29 20 se
950 1707 144 42 dirigieron

73 1766 73 29 hacia
164 1771 132 29 nosotros,
311 1777 15 29 y
340 1776 31 20 en
389 1766 97 39 lengua
500 1764 144 31 castellana
662 1764 183 41 pidiéronnos,
862 1764 39 30 les
913 1767 185 29 escusárainos

74 1823 24 31 la
114 1823 113 31 libertad
240 1823 32 31 de
284 1824 123 30 venirnos
420 1824 14 29 á
448 1823 182 39 interrumpir,
647 1833 67 29 pues
726 1822 97 31 viendo
845 1833 47 29 por
912 1828 107 26 nuestra
1044 1824 55 30 ha-

985 1881 10 17 7
