<?xml version="1.0" encoding="UTF-8"?>
<alto xmlns:xsi="http://www.w3.org/2001/XMLSchema-instance" xsi:noNamespaceSchemaLocation="http://www.bl.uk/schemas/alto/alto-1-4.xsd" xmlns:xlink="http://www.w3.org/1999/xlink">
	<Description>
		<MeasurementUnit>mm10</MeasurementUnit>
		<sourceImageInformation>
			<fileName>//head1/IN/2008-26/A0011736599/009083.jp2</fileName>
		</sourceImageInformation>
		<OCRProcessing ID="OCRPROCESSING_1">
			<preProcessingStep>
				<processingSoftware>
					<softwareCreator>CCS Content Conversion Specialists GmbH, Germany</softwareCreator>
					<softwareName>CCS docWORKS</softwareName>
					<softwareVersion>6.1-0.67</softwareVersion>
				</processingSoftware>
			</preProcessingStep>
			<ocrProcessingStep>
				<processingSoftware>
					<softwareCreator>ABBYY (BIT Software), Russia</softwareCreator>
					<softwareName>Finereader</softwareName>
				</processingSoftware>
			</ocrProcessingStep>
		</OCRProcessing>
	</Description>
	<Styles>
		<TextStyle ID="TXT_0" FONTSIZE="10" FONTFAMILY="Courier New"/>
		<TextStyle ID="TXT_1" FONTSIZE="9" FONTFAMILY="Courier New"/>
		<ParagraphStyle ID="PAR_CENTER" ALIGN="Center"/>
		<ParagraphStyle ID="PAR_LEFT" ALIGN="Left"/>
	</Styles>
	<Layout>
		<Page ID="P31" PHYSICAL_IMG_NR="31" HEIGHT="2180" WIDTH="1241" PRINTED_IMG_NR="23" POSITION="Right" ACCURACY="74.55">
			<TopMargin ID="P31_TM00001" HPOS="0" VPOS="0" WIDTH="1241" HEIGHT="161">
				<TextBlock ID="P31_TB00001" HPOS="544" VPOS="132" WIDTH="159" HEIGHT="28" STYLEREFS="TXT_0 PAR_CENTER">
					<TextLine ID="P31_TL00001" HPOS="544" VPOS="132" WIDTH="159" HEIGHT="28">
						<String ID="P31_ST00001" HPOS="544" VPOS="132" WIDTH="159" HEIGHT="28" CONTENT="23" WC="1.00" CC="00"/>
					</TextLine>
				</TextBlock>
			</TopMargin>
			<LeftMargin ID="P31_LM00001" HPOS="0" VPOS="161" WIDTH="84" HEIGHT="1777"/>
			<RightMargin ID="P31_RM00001" HPOS="1126" VPOS="161" WIDTH="115" HEIGHT="1777"/>
			<BottomMargin ID="P31_BM00001" HPOS="0" VPOS="1938" WIDTH="1241" HEIGHT="242"/>
			<PrintSpace ID="P31_PS00001" HPOS="84" VPOS="161" WIDTH="1044" HEIGHT="1777">
				<TextBlock ID="P31_TB00002" HPOS="102" VPOS="189" WIDTH="1026" HEIGHT="157" STYLEREFS="TXT_1 PAR_LEFT">
					<TextLine ID="P31_TL00002" HPOS="102" VPOS="190" WIDTH="1022" HEIGHT="47">
						<String ID="P31_ST00002" HPOS="102" VPOS="190" WIDTH="67" HEIGHT="31" CONTENT="ellos" WC="1.00" CC="00000"/>
						<SP ID="P31_SP00001" HPOS="169" VPOS="221" WIDTH="16"/>
						<String ID="P31_ST00003" HPOS="185" VPOS="190" WIDTH="147" HEIGHT="32" CONTENT="conducían" WC="0.53" CC="043086576"/>
						<SP ID="P31_SP00002" HPOS="332" VPOS="222" WIDTH="13"/>
						<String ID="P31_ST00004" HPOS="345" VPOS="193" WIDTH="98" HEIGHT="30" CONTENT="carbón" WC="0.68" CC="054053"/>
						<SP ID="P31_SP00003" HPOS="443" VPOS="223" WIDTH="18"/>
						<String ID="P31_ST00005" HPOS="461" VPOS="194" WIDTH="33" HEIGHT="30" CONTENT="de" WC="0.67" CC="06"/>
						<SP ID="P31_SP00004" HPOS="494" VPOS="224" WIDTH="17"/>
						<String ID="P31_ST00006" HPOS="511" VPOS="195" WIDTH="101" HEIGHT="40" CONTENT="piedra," WC="0.73" CC="0200590"/>
						<SP ID="P31_SP00005" HPOS="612" VPOS="235" WIDTH="17"/>
						<String ID="P31_ST00007" HPOS="629" VPOS="206" WIDTH="65" HEIGHT="31" CONTENT="pues" WC="0.59" CC="0716"/>
						<SP ID="P31_SP00006" HPOS="694" VPOS="237" WIDTH="11"/>
						<String ID="P31_ST00008" HPOS="705" VPOS="206" WIDTH="44" HEIGHT="20" CONTENT="era" WC="0.74" CC="025"/>
						<SP ID="P31_SP00007" HPOS="749" VPOS="237" WIDTH="12"/>
						<String ID="P31_ST00009" HPOS="761" VPOS="197" WIDTH="177" HEIGHT="31" CONTENT="ecsorbitante" WC="0.56" CC="046537576051"/>
						<SP ID="P31_SP00008" HPOS="938" VPOS="237" WIDTH="16"/>
						<String ID="P31_ST00010" HPOS="954" VPOS="198" WIDTH="23" HEIGHT="30" CONTENT="el" WC="0.64" CC="60"/>
						<SP ID="P31_SP00009" HPOS="977" VPOS="237" WIDTH="18"/>
						<String ID="P31_ST00011" HPOS="995" VPOS="209" WIDTH="129" HEIGHT="19" CONTENT="consumo" WC="0.55" CC="0207749"/>
					</TextLine>
					<TextLine ID="P31_TL00003" HPOS="102" VPOS="249" WIDTH="1026" HEIGHT="48">
						<String ID="P31_ST00012" HPOS="102" VPOS="259" WIDTH="53" HEIGHT="30" CONTENT="que" WC="0.61" CC="380"/>
						<SP ID="P31_SP00010" HPOS="155" VPOS="289" WIDTH="15"/>
						<String ID="P31_ST00013" HPOS="170" VPOS="249" WIDTH="80" HEIGHT="30" CONTENT="habia" WC="0.53" CC="67116"/>
						<SP ID="P31_SP00011" HPOS="250" VPOS="289" WIDTH="15"/>
						<String ID="P31_ST00014" HPOS="265" VPOS="249" WIDTH="33" HEIGHT="31" CONTENT="de" WC="0.95" CC="00"/>
						<SP ID="P31_SP00012" HPOS="298" VPOS="289" WIDTH="12"/>
						<String ID="P31_ST00015" HPOS="310" VPOS="255" WIDTH="56" HEIGHT="25" CONTENT="esle" WC="0.63" CC="6080"/>
						<SP ID="P31_SP00013" HPOS="366" VPOS="289" WIDTH="12"/>
						<String ID="P31_ST00016" HPOS="378" VPOS="250" WIDTH="189" HEIGHT="38" CONTENT="combustible," WC="0.69" CC="060455306022"/>
						<SP ID="P31_SP00014" HPOS="567" VPOS="289" WIDTH="19"/>
						<String ID="P31_ST00017" HPOS="586" VPOS="263" WIDTH="49" HEIGHT="20" CONTENT="con" WC="0.63" CC="730"/>
						<SP ID="P31_SP00015" HPOS="635" VPOS="289" WIDTH="14"/>
						<String ID="P31_ST00018" HPOS="649" VPOS="258" WIDTH="85" HEIGHT="26" CONTENT="laníos" WC="0.72" CC="610034"/>
						<SP ID="P31_SP00016" HPOS="734" VPOS="289" WIDTH="25"/>
						<String ID="P31_ST00019" HPOS="759" VPOS="263" WIDTH="111" HEIGHT="32" CONTENT="vapores" WC="0.72" CC="3004604"/>
						<SP ID="P31_SP00017" HPOS="870" VPOS="295" WIDTH="28"/>
						<String ID="P31_ST00020" HPOS="898" VPOS="266" WIDTH="74" HEIGHT="20" CONTENT="como" WC="0.52" CC="7541"/>
						<SP ID="P31_SP00018" HPOS="972" VPOS="295" WIDTH="17"/>
						<String ID="P31_ST00021" HPOS="989" VPOS="266" WIDTH="28" HEIGHT="20" CONTENT="se" WC="1.00" CC="00"/>
						<SP ID="P31_SP00019" HPOS="1017" VPOS="295" WIDTH="13"/>
						<String ID="P31_ST00022" HPOS="1030" VPOS="256" WIDTH="98" HEIGHT="41" CONTENT="junta" SUBS_TYPE="HypPart1" SUBS_CONTENT="juntaban" WC="0.76" CC="320061"/>
						<HYP CONTENT="-"/>
					</TextLine>
					<TextLine ID="P31_TL00004" HPOS="102" VPOS="305" WIDTH="526" HEIGHT="41">
						<String ID="P31_ST00023" HPOS="102" VPOS="305" WIDTH="52" HEIGHT="31" CONTENT="ban" SUBS_TYPE="HypPart2" SUBS_CONTENT="juntaban" WC="0.61" CC="055"/>
						<SP ID="P31_SP00020" HPOS="154" VPOS="336" WIDTH="15"/>
						<String ID="P31_ST00024" HPOS="169" VPOS="307" WIDTH="38" HEIGHT="29" CONTENT="así" WC="0.71" CC="511"/>
						<SP ID="P31_SP00021" HPOS="207" VPOS="336" WIDTH="17"/>
						<String ID="P31_ST00025" HPOS="224" VPOS="305" WIDTH="32" HEIGHT="31" CONTENT="de" WC="0.97" CC="00"/>
						<SP ID="P31_SP00022" HPOS="256" VPOS="336" WIDTH="14"/>
						<String ID="P31_ST00026" HPOS="270" VPOS="316" WIDTH="96" HEIGHT="30" CONTENT="guerra" WC="0.64" CC="980003"/>
						<SP ID="P31_SP00023" HPOS="366" VPOS="346" WIDTH="13"/>
						<String ID="P31_ST00027" HPOS="379" VPOS="317" WIDTH="76" HEIGHT="21" CONTENT="como" WC="0.40" CC="3658"/>
						<SP ID="P31_SP00024" HPOS="455" VPOS="346" WIDTH="13"/>
						<String ID="P31_ST00028" HPOS="468" VPOS="314" WIDTH="160" HEIGHT="25" CONTENT="mercantes." WC="0.60" CC="8664127001"/>
					</TextLine>
				</TextBlock>
				<TextBlock ID="P31_TB00003" HPOS="92" VPOS="363" WIDTH="1035" HEIGHT="1064" STYLEREFS="TXT_1 PAR_LEFT">
					<TextLine ID="P31_TL00005" HPOS="145" VPOS="364" WIDTH="982" HEIGHT="45">
						<String ID="P31_ST00029" HPOS="145" VPOS="364" WIDTH="49" HEIGHT="29" CONTENT="Por" WC="0.75" CC="150"/>
						<SP ID="P31_SP00025" HPOS="194" VPOS="393" WIDTH="15"/>
						<String ID="P31_ST00030" HPOS="209" VPOS="364" WIDTH="34" HEIGHT="28" CONTENT="fin" WC="0.86" CC="004"/>
						<SP ID="P31_SP00026" HPOS="243" VPOS="393" WIDTH="14"/>
						<String ID="P31_ST00031" HPOS="257" VPOS="364" WIDTH="136" HEIGHT="29" CONTENT="amaneció" WC="0.50" CC="77774005"/>
						<SP ID="P31_SP00027" HPOS="393" VPOS="393" WIDTH="16"/>
						<String ID="P31_ST00032" HPOS="409" VPOS="364" WIDTH="23" HEIGHT="29" CONTENT="el" WC="0.93" CC="10"/>
						<SP ID="P31_SP00028" HPOS="432" VPOS="393" WIDTH="19"/>
						<String ID="P31_ST00033" HPOS="451" VPOS="366" WIDTH="16" HEIGHT="28" CONTENT="9" WC="1.00" CC="0"/>
						<SP ID="P31_SP00029" HPOS="467" VPOS="394" WIDTH="14"/>
						<String ID="P31_ST00034" HPOS="481" VPOS="364" WIDTH="33" HEIGHT="30" CONTENT="de" WC="0.94" CC="01"/>
						<SP ID="P31_SP00030" HPOS="514" VPOS="394" WIDTH="12"/>
						<String ID="P31_ST00035" HPOS="526" VPOS="365" WIDTH="154" HEIGHT="30" CONTENT="noviembre" WC="0.64" CC="620066730"/>
						<SP ID="P31_SP00031" HPOS="680" VPOS="395" WIDTH="18"/>
						<String ID="P31_ST00036" HPOS="698" VPOS="366" WIDTH="110" HEIGHT="42" CONTENT="límpido" WC="0.65" CC="5060506"/>
						<SP ID="P31_SP00032" HPOS="808" VPOS="408" WIDTH="17"/>
						<String ID="P31_ST00037" HPOS="825" VPOS="379" WIDTH="17" HEIGHT="30" CONTENT="y" WC="1.00" CC="0"/>
						<SP ID="P31_SP00033" HPOS="842" VPOS="409" WIDTH="16"/>
						<String ID="P31_ST00038" HPOS="858" VPOS="379" WIDTH="105" HEIGHT="25" CONTENT="sereno," WC="0.62" CC="6052660"/>
						<SP ID="P31_SP00034" HPOS="963" VPOS="409" WIDTH="19"/>
						<String ID="P31_ST00039" HPOS="982" VPOS="370" WIDTH="145" HEIGHT="30" CONTENT="contribu-" WC="0.71" CC="056700014"/>
					</TextLine>
					<TextLine ID="P31_TL00006" HPOS="102" VPOS="419" WIDTH="1025" HEIGHT="47">
						<String ID="P31_ST00040" HPOS="102" VPOS="419" WIDTH="88" HEIGHT="41" CONTENT="yendo" WC="0.87" CC="00600"/>
						<SP ID="P31_SP00035" HPOS="190" VPOS="460" WIDTH="13"/>
						<String ID="P31_ST00041" HPOS="203" VPOS="421" WIDTH="15" HEIGHT="28" CONTENT="á" WC="1.00" CC="0"/>
						<SP ID="P31_SP00036" HPOS="218" VPOS="460" WIDTH="16"/>
						<String ID="P31_ST00042" HPOS="234" VPOS="420" WIDTH="100" HEIGHT="30" CONTENT="realzar" WC="0.69" CC="0777000"/>
						<SP ID="P31_SP00037" HPOS="334" VPOS="460" WIDTH="12"/>
						<String ID="P31_ST00043" HPOS="346" VPOS="421" WIDTH="23" HEIGHT="30" CONTENT="el" WC="0.85" CC="20"/>
						<SP ID="P31_SP00038" HPOS="369" VPOS="460" WIDTH="17"/>
						<String ID="P31_ST00044" HPOS="386" VPOS="427" WIDTH="122" HEIGHT="25" CONTENT="contento" WC="0.60" CC="04651236"/>
						<SP ID="P31_SP00039" HPOS="508" VPOS="460" WIDTH="16"/>
						<String ID="P31_ST00045" HPOS="524" VPOS="433" WIDTH="52" HEIGHT="31" CONTENT="que" WC="0.58" CC="084"/>
						<SP ID="P31_SP00040" HPOS="576" VPOS="464" WIDTH="13"/>
						<String ID="P31_ST00046" HPOS="589" VPOS="424" WIDTH="126" HEIGHT="30" CONTENT="sentimos" WC="0.51" CC="76360436"/>
						<SP ID="P31_SP00041" HPOS="715" VPOS="464" WIDTH="17"/>
						<String ID="P31_ST00047" HPOS="732" VPOS="424" WIDTH="24" HEIGHT="30" CONTENT="al" WC="0.79" CC="40"/>
						<SP ID="P31_SP00042" HPOS="756" VPOS="464" WIDTH="15"/>
						<String ID="P31_ST00048" HPOS="771" VPOS="435" WIDTH="77" HEIGHT="20" CONTENT="verse" WC="0.75" CC="60230"/>
						<SP ID="P31_SP00043" HPOS="848" VPOS="464" WIDTH="16"/>
						<String ID="P31_ST00049" HPOS="864" VPOS="426" WIDTH="143" HEIGHT="40" CONTENT="desplegar" WC="0.64" CC="976011013"/>
						<SP ID="P31_SP00044" HPOS="1007" VPOS="466" WIDTH="15"/>
						<String ID="P31_ST00050" HPOS="1022" VPOS="426" WIDTH="105" HEIGHT="32" CONTENT="delante" WC="0.88" CC="0007000"/>
					</TextLine>
					<TextLine ID="P31_TL00007" HPOS="102" VPOS="477" WIDTH="1022" HEIGHT="48">
						<String ID="P31_ST00051" HPOS="102" VPOS="482" WIDTH="121" HEIGHT="25" CONTENT="nosotros" WC="0.35" CC="75756549"/>
						<SP ID="P31_SP00045" HPOS="223" VPOS="507" WIDTH="11"/>
						<String ID="P31_ST00052" HPOS="234" VPOS="477" WIDTH="24" HEIGHT="30" CONTENT="la" WC="0.44" CC="55"/>
						<SP ID="P31_SP00046" HPOS="258" VPOS="507" WIDTH="14"/>
						<String ID="P31_ST00053" HPOS="272" VPOS="477" WIDTH="141" HEIGHT="41" CONTENT="grandiosa" WC="0.46" CC="909505564"/>
						<SP ID="P31_SP00047" HPOS="413" VPOS="518" WIDTH="12"/>
						<String ID="P31_ST00054" HPOS="425" VPOS="480" WIDTH="167" HEIGHT="40" CONTENT="perspectiva" WC="0.66" CC="07560408003"/>
						<SP ID="P31_SP00048" HPOS="592" VPOS="520" WIDTH="13"/>
						<String ID="P31_ST00055" HPOS="605" VPOS="480" WIDTH="33" HEIGHT="30" CONTENT="de" WC="1.00" CC="00"/>
						<SP ID="P31_SP00049" HPOS="638" VPOS="520" WIDTH="14"/>
						<String ID="P31_ST00056" HPOS="652" VPOS="480" WIDTH="24" HEIGHT="30" CONTENT="la" WC="1.00" CC="00"/>
						<SP ID="P31_SP00050" HPOS="676" VPOS="520" WIDTH="14"/>
						<String ID="P31_ST00057" HPOS="690" VPOS="481" WIDTH="177" HEIGHT="31" CONTENT="renombrada" WC="0.73" CC="6142400402"/>
						<SP ID="P31_SP00051" HPOS="867" VPOS="520" WIDTH="27"/>
						<String ID="P31_ST00058" HPOS="894" VPOS="482" WIDTH="230" HEIGHT="43" CONTENT="Constantinopla." WC="0.63" CC="047773360060060"/>
					</TextLine>
					<TextLine ID="P31_TL00008" HPOS="102" VPOS="534" WIDTH="1025" HEIGHT="44">
						<String ID="P31_ST00059" HPOS="102" VPOS="535" WIDTH="34" HEIGHT="29" CONTENT="Es" WC="0.70" CC="06"/>
						<SP ID="P31_SP00052" HPOS="136" VPOS="564" WIDTH="24"/>
						<String ID="P31_ST00060" HPOS="160" VPOS="534" WIDTH="141" HEIGHT="41" CONTENT="imposible" WC="0.62" CC="059560042"/>
						<SP ID="P31_SP00053" HPOS="301" VPOS="575" WIDTH="17"/>
						<String ID="P31_ST00061" HPOS="318" VPOS="545" WIDTH="46" HEIGHT="20" CONTENT="ver" WC="0.97" CC="000"/>
						<SP ID="P31_SP00054" HPOS="364" VPOS="575" WIDTH="23"/>
						<String ID="P31_ST00062" HPOS="387" VPOS="546" WIDTH="47" HEIGHT="30" CONTENT="por" WC="0.66" CC="054"/>
						<SP ID="P31_SP00055" HPOS="434" VPOS="576" WIDTH="26"/>
						<String ID="P31_ST00063" HPOS="460" VPOS="536" WIDTH="114" HEIGHT="41" CONTENT="primera" WC="0.88" CC="0003040"/>
						<SP ID="P31_SP00056" HPOS="574" VPOS="577" WIDTH="23"/>
						<String ID="P31_ST00064" HPOS="597" VPOS="547" WIDTH="47" HEIGHT="20" CONTENT="vez" WC="0.64" CC="054"/>
						<SP ID="P31_SP00057" HPOS="644" VPOS="577" WIDTH="12"/>
						<String ID="P31_ST00065" HPOS="656" VPOS="537" WIDTH="78" HEIGHT="41" CONTENT="aquel" WC="0.67" CC="50604"/>
						<SP ID="P31_SP00058" HPOS="734" VPOS="578" WIDTH="19"/>
						<String ID="P31_ST00066" HPOS="753" VPOS="548" WIDTH="140" HEIGHT="30" CONTENT="panorama" WC="0.62" CC="04565060"/>
						<SP ID="P31_SP00059" HPOS="893" VPOS="578" WIDTH="17"/>
						<String ID="P31_ST00067" HPOS="910" VPOS="539" WIDTH="40" HEIGHT="30" CONTENT="sin" WC="0.51" CC="526"/>
						<SP ID="P31_SP00060" HPOS="950" VPOS="578" WIDTH="18"/>
						<String ID="P31_ST00068" HPOS="968" VPOS="540" WIDTH="83" HEIGHT="30" CONTENT="sentir" WC="0.62" CC="554070"/>
						<SP ID="P31_SP00061" HPOS="1051" VPOS="578" WIDTH="24"/>
						<String ID="P31_ST00069" HPOS="1075" VPOS="549" WIDTH="52" HEIGHT="21" CONTENT="una" WC="0.73" CC="250"/>
					</TextLine>
					<TextLine ID="P31_TL00009" HPOS="102" VPOS="590" WIDTH="1024" HEIGHT="46">
						<String ID="P31_ST00070" HPOS="102" VPOS="590" WIDTH="131" HEIGHT="41" CONTENT="profunda" WC="0.68" CC="02640505"/>
						<SP ID="P31_SP00062" HPOS="233" VPOS="631" WIDTH="10"/>
						<String ID="P31_ST00071" HPOS="243" VPOS="592" WIDTH="148" HEIGHT="30" CONTENT="sensación." WC="0.71" CC="0066600160"/>
						<SP ID="P31_SP00063" HPOS="391" VPOS="631" WIDTH="31"/>
						<String ID="P31_ST00072" HPOS="422" VPOS="592" WIDTH="217" HEIGHT="39" CONTENT="Efectivamente," WC="0.74" CC="02067000427500"/>
						<SP ID="P31_SP00064" HPOS="639" VPOS="631" WIDTH="20"/>
						<String ID="P31_ST00073" HPOS="659" VPOS="595" WIDTH="106" HEIGHT="41" CONTENT="aquella" WC="0.69" CC="0067520"/>
						<SP ID="P31_SP00065" HPOS="765" VPOS="636" WIDTH="26"/>
						<String ID="P31_ST00074" HPOS="791" VPOS="596" WIDTH="130" HEIGHT="40" CONTENT="populosa" WC="0.77" CC="03030064"/>
						<SP ID="P31_SP00066" HPOS="921" VPOS="636" WIDTH="26"/>
						<String ID="P31_ST00075" HPOS="947" VPOS="597" WIDTH="110" HEIGHT="36" CONTENT="ciudad," WC="0.83" CC="3070001"/>
						<SP ID="P31_SP00067" HPOS="1057" VPOS="636" WIDTH="18"/>
						<String ID="P31_ST00076" HPOS="1075" VPOS="607" WIDTH="51" HEIGHT="20" CONTENT="con" WC="0.78" CC="006"/>
					</TextLine>
					<TextLine ID="P31_TL00010" HPOS="102" VPOS="648" WIDTH="1022" HEIGHT="46">
						<String ID="P31_ST00077" HPOS="102" VPOS="658" WIDTH="45" HEIGHT="20" CONTENT="sus" WC="0.46" CC="276"/>
						<SP ID="P31_SP00068" HPOS="147" VPOS="678" WIDTH="11"/>
						<String ID="P31_ST00078" HPOS="158" VPOS="648" WIDTH="110" HEIGHT="31" CONTENT="muchos" WC="0.55" CC="705444"/>
						<SP ID="P31_SP00069" HPOS="268" VPOS="679" WIDTH="13"/>
						<String ID="P31_ST00079" HPOS="281" VPOS="649" WIDTH="136" HEIGHT="31" CONTENT="arrabales" WC="0.75" CC="600405006"/>
						<SP ID="P31_SP00070" HPOS="417" VPOS="680" WIDTH="12"/>
						<String ID="P31_ST00080" HPOS="429" VPOS="661" WIDTH="15" HEIGHT="30" CONTENT="y" WC="1.00" CC="0"/>
						<SP ID="P31_SP00071" HPOS="444" VPOS="691" WIDTH="12"/>
						<String ID="P31_ST00081" HPOS="456" VPOS="651" WIDTH="148" HEIGHT="30" CONTENT="soberbios'" WC="0.75" CC="5500004207"/>
						<SP ID="P31_SP00072" HPOS="604" VPOS="691" WIDTH="17"/>
						<String ID="P31_ST00082" HPOS="621" VPOS="652" WIDTH="130" HEIGHT="40" CONTENT="palacios," WC="0.59" CC="045664304"/>
						<SP ID="P31_SP00073" HPOS="751" VPOS="692" WIDTH="30"/>
						<String ID="P31_ST00083" HPOS="781" VPOS="653" WIDTH="129" HEIGHT="30" CONTENT="elevando" WC="0.77" CC="06005006"/>
						<SP ID="P31_SP00074" HPOS="910" VPOS="692" WIDTH="17"/>
						<String ID="P31_ST00084" HPOS="927" VPOS="664" WIDTH="48" HEIGHT="30" CONTENT="por" WC="0.81" CC="050"/>
						<SP ID="P31_SP00075" HPOS="975" VPOS="694" WIDTH="16"/>
						<String ID="P31_ST00085" HPOS="991" VPOS="654" WIDTH="38" HEIGHT="30" CONTENT="los" WC="0.94" CC="001"/>
						<SP ID="P31_SP00076" HPOS="1029" VPOS="694" WIDTH="26"/>
						<String ID="P31_ST00086" HPOS="1055" VPOS="655" WIDTH="69" HEIGHT="30" CONTENT="aires" WC="0.65" CC="67200"/>
					</TextLine>
					<TextLine ID="P31_TL00011" HPOS="101" VPOS="705" WIDTH="1020" HEIGHT="47">
						<String ID="P31_ST00087" HPOS="101" VPOS="705" WIDTH="39" HEIGHT="31" CONTENT="los" WC="0.61" CC="514"/>
						<SP ID="P31_SP00077" HPOS="140" VPOS="736" WIDTH="15"/>
						<String ID="P31_ST00088" HPOS="155" VPOS="707" WIDTH="178" HEIGHT="40" CONTENT="puntiagudos" WC="0.70" CC="08080306033"/>
						<SP ID="P31_SP00078" HPOS="333" VPOS="747" WIDTH="16"/>
						<String ID="P31_ST00089" HPOS="349" VPOS="718" WIDTH="17" HEIGHT="29" CONTENT="y" WC="1.00" CC="0"/>
						<SP ID="P31_SP00079" HPOS="366" VPOS="747" WIDTH="16"/>
						<String ID="P31_ST00090" HPOS="382" VPOS="708" WIDTH="135" HEIGHT="39" CONTENT="graciosos" WC="0.43" CC="955046657"/>
						<SP ID="P31_SP00080" HPOS="517" VPOS="747" WIDTH="16"/>
						<String ID="P31_ST00091" HPOS="533" VPOS="708" WIDTH="142" HEIGHT="31" CONTENT="minaretes" WC="0.74" CC="700410260"/>
						<SP ID="P31_SP00081" HPOS="675" VPOS="747" WIDTH="15"/>
						<String ID="P31_ST00092" HPOS="690" VPOS="709" WIDTH="33" HEIGHT="30" CONTENT="de" WC="0.50" CC="90"/>
						<SP ID="P31_SP00082" HPOS="723" VPOS="747" WIDTH="19"/>
						<String ID="P31_ST00093" HPOS="742" VPOS="709" WIDTH="199" HEIGHT="32" CONTENT="innumerables" WC="0.66" CC="406350056007"/>
						<SP ID="P31_SP00083" HPOS="941" VPOS="747" WIDTH="23"/>
						<String ID="P31_ST00094" HPOS="964" VPOS="712" WIDTH="157" HEIGHT="40" CONTENT="mezquitas," WC="0.72" CC="7050523300"/>
					</TextLine>
					<TextLine ID="P31_TL00012" HPOS="100" VPOS="762" WIDTH="1024" HEIGHT="45">
						<String ID="P31_ST00095" HPOS="100" VPOS="762" WIDTH="182" HEIGHT="30" CONTENT="entrelazados" WC="0.55" CC="087001655936"/>
						<SP ID="P31_SP00084" HPOS="282" VPOS="792" WIDTH="28"/>
						<String ID="P31_ST00096" HPOS="310" VPOS="763" WIDTH="136" HEIGHT="30" CONTENT="formando" WC="0.64" CC="24376400"/>
						<SP ID="P31_SP00085" HPOS="446" VPOS="793" WIDTH="26"/>
						<String ID="P31_ST00097" HPOS="472" VPOS="764" WIDTH="82" HEIGHT="30" CONTENT="cierta" WC="0.77" CC="600700"/>
						<SP ID="P31_SP00086" HPOS="554" VPOS="794" WIDTH="26"/>
						<String ID="P31_ST00098" HPOS="580" VPOS="767" WIDTH="162" HEIGHT="38" CONTENT="coquetería'" WC="0.67" CC="40860300091"/>
						<SP ID="P31_SP00087" HPOS="742" VPOS="805" WIDTH="17"/>
						<String ID="P31_ST00099" HPOS="759" VPOS="776" WIDTH="47" HEIGHT="20" CONTENT="con" WC="0.59" CC="056"/>
						<SP ID="P31_SP00088" HPOS="806" VPOS="805" WIDTH="19"/>
						<String ID="P31_ST00100" HPOS="825" VPOS="766" WIDTH="67" HEIGHT="30" CONTENT="ahos" WC="0.46" CC="1766"/>
						<SP ID="P31_SP00089" HPOS="892" VPOS="805" WIDTH="16"/>
						<String ID="P31_ST00101" HPOS="908" VPOS="777" WIDTH="16" HEIGHT="30" CONTENT="y" WC="1.00" CC="0"/>
						<SP ID="P31_SP00090" HPOS="924" VPOS="807" WIDTH="17"/>
						<String ID="P31_ST00102" HPOS="941" VPOS="772" WIDTH="183" HEIGHT="35" CONTENT="magestuosos" WC="0.65" CC="70004360356"/>
					</TextLine>
					<TextLine ID="P31_TL00013" HPOS="99" VPOS="819" WIDTH="1025" HEIGHT="45">
						<String ID="P31_ST00103" HPOS="99" VPOS="819" WIDTH="103" HEIGHT="40" CONTENT="ciprés;" WC="0.68" CC="0406640"/>
						<SP ID="P31_SP00091" HPOS="202" VPOS="859" WIDTH="18"/>
						<String ID="P31_ST00104" HPOS="220" VPOS="819" WIDTH="106" HEIGHT="41" CONTENT="aquella" WC="0.81" CC="0000363"/>
						<SP ID="P31_SP00092" HPOS="326" VPOS="860" WIDTH="14"/>
						<String ID="P31_ST00105" HPOS="340" VPOS="819" WIDTH="127" HEIGHT="31" CONTENT="variedad" WC="0.80" CC="07003050"/>
						<SP ID="P31_SP00093" HPOS="467" VPOS="860" WIDTH="12"/>
						<String ID="P31_ST00106" HPOS="479" VPOS="819" WIDTH="33" HEIGHT="31" CONTENT="de" WC="0.96" CC="00"/>
						<SP ID="P31_SP00094" HPOS="512" VPOS="860" WIDTH="16"/>
						<String ID="P31_ST00107" HPOS="528" VPOS="822" WIDTH="184" HEIGHT="30" CONTENT="construcción" WC="0.87" CC="010510700000"/>
						<SP ID="P31_SP00095" HPOS="712" VPOS="860" WIDTH="14"/>
						<String ID="P31_ST00108" HPOS="726" VPOS="833" WIDTH="17" HEIGHT="29" CONTENT="y" WC="1.00" CC="0"/>
						<SP ID="P31_SP00096" HPOS="743" VPOS="862" WIDTH="12"/>
						<String ID="P31_ST00109" HPOS="755" VPOS="821" WIDTH="33" HEIGHT="31" CONTENT="de" WC="0.81" CC="03"/>
						<SP ID="P31_SP00097" HPOS="788" VPOS="862" WIDTH="16"/>
						<String ID="P31_ST00110" HPOS="804" VPOS="822" WIDTH="103" HEIGHT="30" CONTENT="colores" WC="0.78" CC="0134005"/>
						<SP ID="P31_SP00098" HPOS="907" VPOS="862" WIDTH="12"/>
						<String ID="P31_ST00111" HPOS="919" VPOS="823" WIDTH="32" HEIGHT="29" CONTENT="de" WC="1.00" CC="00"/>
						<SP ID="P31_SP00099" HPOS="951" VPOS="862" WIDTH="13"/>
						<String ID="P31_ST00112" HPOS="964" VPOS="834" WIDTH="45" HEIGHT="19" CONTENT="sus" WC="0.43" CC="556"/>
						<SP ID="P31_SP00100" HPOS="1009" VPOS="862" WIDTH="12"/>
						<String ID="P31_ST00113" HPOS="1021" VPOS="824" WIDTH="103" HEIGHT="40" CONTENT="apiña-" WC="0.70" CC="700640"/>
					</TextLine>
					<TextLine ID="P31_TL00014" HPOS="99" VPOS="875" WIDTH="1025" HEIGHT="44">
						<String ID="P31_ST00114" HPOS="99" VPOS="875" WIDTH="48" HEIGHT="31" CONTENT="das" WC="0.56" CC="066"/>
						<SP ID="P31_SP00101" HPOS="147" VPOS="906" WIDTH="16"/>
						<String ID="P31_ST00115" HPOS="163" VPOS="885" WIDTH="76" HEIGHT="21" CONTENT="casas" WC="0.57" CC="27550"/>
						<SP ID="P31_SP00102" HPOS="239" VPOS="906" WIDTH="15"/>
						<String ID="P31_ST00116" HPOS="254" VPOS="876" WIDTH="207" HEIGHT="41" CONTENT="interrumpidas" WC="0.63" CC="7544001805036"/>
						<SP ID="P31_SP00103" HPOS="461" VPOS="917" WIDTH="16"/>
						<String ID="P31_ST00117" HPOS="477" VPOS="877" WIDTH="45" HEIGHT="30" CONTENT="acá" WC="0.91" CC="200"/>
						<SP ID="P31_SP00104" HPOS="522" VPOS="917" WIDTH="17"/>
						<String ID="P31_ST00118" HPOS="539" VPOS="888" WIDTH="16" HEIGHT="30" CONTENT="y" WC="1.00" CC="0"/>
						<SP ID="P31_SP00105" HPOS="555" VPOS="918" WIDTH="16"/>
						<String ID="P31_ST00119" HPOS="571" VPOS="877" WIDTH="52" HEIGHT="30" CONTENT="allá" WC="1.00" CC="0000"/>
						<SP ID="P31_SP00106" HPOS="623" VPOS="918" WIDTH="24"/>
						<String ID="P31_ST00120" HPOS="647" VPOS="887" WIDTH="45" HEIGHT="20" CONTENT="ora" WC="0.73" CC="133"/>
						<SP ID="P31_SP00107" HPOS="692" VPOS="918" WIDTH="16"/>
						<String ID="P31_ST00121" HPOS="708" VPOS="889" WIDTH="48" HEIGHT="29" CONTENT="por" WC="0.85" CC="040"/>
						<SP ID="P31_SP00108" HPOS="756" VPOS="918" WIDTH="15"/>
						<String ID="P31_ST00122" HPOS="771" VPOS="879" WIDTH="138" HEIGHT="40" CONTENT="elegantes" WC="0.79" CC="000030707"/>
						<SP ID="P31_SP00109" HPOS="909" VPOS="919" WIDTH="10"/>
						<String ID="P31_ST00123" HPOS="919" VPOS="879" WIDTH="133" HEIGHT="40" CONTENT="jardines," WC="0.70" CC="064036050"/>
						<SP ID="P31_SP00110" HPOS="1052" VPOS="919" WIDTH="26"/>
						<String ID="P31_ST00124" HPOS="1078" VPOS="890" WIDTH="46" HEIGHT="20" CONTENT="ora" WC="0.52" CC="355"/>
					</TextLine>
					<TextLine ID="P31_TL00015" HPOS="99" VPOS="932" WIDTH="1019" HEIGHT="41">
						<String ID="P31_ST00125" HPOS="99" VPOS="942" WIDTH="49" HEIGHT="31" CONTENT="por" WC="0.79" CC="041"/>
						<SP ID="P31_SP00111" HPOS="148" VPOS="973" WIDTH="13"/>
						<String ID="P31_ST00126" HPOS="161" VPOS="932" WIDTH="156" HEIGHT="30" CONTENT="arruinados" WC="0.55" CC="3098064063"/>
						<SP ID="P31_SP00112" HPOS="317" VPOS="973" WIDTH="17"/>
						<String ID="P31_ST00127" HPOS="334" VPOS="938" WIDTH="116" HEIGHT="24" CONTENT="terrenos" WC="0.73" CC="00054055"/>
						<String ID="P31_ST00128" HPOS="461" VPOS="957" WIDTH="6" HEIGHT="11" CONTENT="," WC="1.00" CC="0"/>
						<SP ID="P31_SP00113" HPOS="467" VPOS="973" WIDTH="19"/>
						<String ID="P31_ST00129" HPOS="486" VPOS="934" WIDTH="69" HEIGHT="30" CONTENT="tiene" WC="0.68" CC="73040"/>
						<SP ID="P31_SP00114" HPOS="555" VPOS="973" WIDTH="12"/>
						<String ID="P31_ST00130" HPOS="567" VPOS="938" WIDTH="15" HEIGHT="27" CONTENT="á" WC="0.09" CC="9"/>
						<SP ID="P31_SP00115" HPOS="582" VPOS="973" WIDTH="13"/>
						<String ID="P31_ST00131" HPOS="595" VPOS="945" WIDTH="33" HEIGHT="19" CONTENT="no" WC="0.52" CC="62"/>
						<SP ID="P31_SP00116" HPOS="628" VPOS="973" WIDTH="16"/>
						<String ID="P31_ST00132" HPOS="644" VPOS="934" WIDTH="113" HEIGHT="30" CONTENT="dudarlo" WC="0.82" CC="0405020"/>
						<SP ID="P31_SP00117" HPOS="757" VPOS="973" WIDTH="26"/>
						<String ID="P31_ST00133" HPOS="783" VPOS="946" WIDTH="35" HEIGHT="19" CONTENT="un" WC="0.71" CC="50"/>
						<SP ID="P31_SP00118" HPOS="818" VPOS="973" WIDTH="26"/>
						<String ID="P31_ST00134" HPOS="844" VPOS="935" WIDTH="120" HEIGHT="31" CONTENT="inmenso" WC="0.69" CC="3260530"/>
						<SP ID="P31_SP00119" HPOS="964" VPOS="973" WIDTH="15"/>
						<String ID="P31_ST00135" HPOS="979" VPOS="937" WIDTH="139" HEIGHT="30" CONTENT="atractivo." WC="0.72" CC="1801036060"/>
					</TextLine>
					<TextLine ID="P31_TL00016" HPOS="99" VPOS="988" WIDTH="1022" HEIGHT="43">
						<String ID="P31_ST00136" HPOS="99" VPOS="988" WIDTH="166" HEIGHT="30" CONTENT="Avancemos" WC="0.68" CC="003600755"/>
						<SP ID="P31_SP00120" HPOS="265" VPOS="1018" WIDTH="12"/>
						<String ID="P31_ST00137" HPOS="277" VPOS="998" WIDTH="51" HEIGHT="20" CONTENT="aun" WC="0.37" CC="647"/>
						<SP ID="P31_SP00121" HPOS="328" VPOS="1018" WIDTH="17"/>
						<String ID="P31_ST00138" HPOS="345" VPOS="989" WIDTH="72" HEIGHT="29" CONTENT="hasta" WC="0.57" CC="64604"/>
						<SP ID="P31_SP00122" HPOS="417" VPOS="1018" WIDTH="16"/>
						<String ID="P31_ST00139" HPOS="433" VPOS="990" WIDTH="23" HEIGHT="28" CONTENT="la" WC="0.81" CC="12"/>
						<SP ID="P31_SP00123" HPOS="456" VPOS="1018" WIDTH="13"/>
						<String ID="P31_ST00140" HPOS="469" VPOS="995" WIDTH="81" HEIGHT="34" CONTENT="punta" WC="0.40" CC="85762"/>
						<SP ID="P31_SP00124" HPOS="550" VPOS="1029" WIDTH="11"/>
						<String ID="P31_ST00141" HPOS="561" VPOS="990" WIDTH="42" HEIGHT="30" CONTENT="del" WC="0.93" CC="010"/>
						<SP ID="P31_SP00125" HPOS="603" VPOS="1029" WIDTH="18"/>
						<String ID="P31_ST00142" HPOS="621" VPOS="990" WIDTH="115" HEIGHT="30" CONTENT="Serrallo" WC="0.83" CC="63000003"/>
						<SP ID="P31_SP00126" HPOS="736" VPOS="1029" WIDTH="13"/>
						<String ID="P31_ST00143" HPOS="749" VPOS="1001" WIDTH="62" HEIGHT="30" CONTENT="para" WC="0.79" CC="0503"/>
						<SP ID="P31_SP00127" HPOS="811" VPOS="1031" WIDTH="14"/>
						<String ID="P31_ST00144" HPOS="825" VPOS="991" WIDTH="139" HEIGHT="30" CONTENT="descubrir" WC="0.69" CC="024446310"/>
						<SP ID="P31_SP00128" HPOS="964" VPOS="1031" WIDTH="16"/>
						<String ID="P31_ST00145" HPOS="980" VPOS="992" WIDTH="24" HEIGHT="30" CONTENT="el" WC="0.77" CC="04"/>
						<SP ID="P31_SP00129" HPOS="1004" VPOS="1031" WIDTH="14"/>
						<String ID="P31_ST00146" HPOS="1018" VPOS="993" WIDTH="103" HEIGHT="30" CONTENT="Cuerno" WC="0.49" CC="227474"/>
					</TextLine>
					<TextLine ID="P31_TL00017" HPOS="98" VPOS="1045" WIDTH="1021" HEIGHT="44">
						<String ID="P31_ST00147" HPOS="98" VPOS="1045" WIDTH="33" HEIGHT="30" CONTENT="de" WC="1.00" CC="00"/>
						<SP ID="P31_SP00130" HPOS="131" VPOS="1075" WIDTH="25"/>
						<String ID="P31_ST00148" HPOS="156" VPOS="1056" WIDTH="56" HEIGHT="24" CONTENT="oro," WC="0.82" CC="7000"/>
						<SP ID="P31_SP00131" HPOS="212" VPOS="1080" WIDTH="29"/>
						<String ID="P31_ST00149" HPOS="241" VPOS="1045" WIDTH="174" HEIGHT="40" CONTENT="inmejorable" WC="0.62" CC="77664060002"/>
						<SP ID="P31_SP00132" HPOS="415" VPOS="1085" WIDTH="16"/>
						<String ID="P31_ST00150" HPOS="431" VPOS="1045" WIDTH="112" HEIGHT="31" CONTENT="dársena" WC="0.98" CC="0000100"/>
						<SP ID="P31_SP00133" HPOS="543" VPOS="1085" WIDTH="22"/>
						<String ID="P31_ST00151" HPOS="565" VPOS="1045" WIDTH="33" HEIGHT="31" CONTENT="de" WC="1.00" CC="00"/>
						<SP ID="P31_SP00134" HPOS="598" VPOS="1085" WIDTH="24"/>
						<String ID="P31_ST00152" HPOS="622" VPOS="1046" WIDTH="24" HEIGHT="30" CONTENT="la" WC="0.75" CC="05"/>
						<SP ID="P31_SP00135" HPOS="646" VPOS="1085" WIDTH="26"/>
						<String ID="P31_ST00153" HPOS="672" VPOS="1047" WIDTH="151" HEIGHT="30" CONTENT="naturaleza" WC="0.66" CC="6061540062"/>
						<String ID="P31_ST00154" HPOS="833" VPOS="1059" WIDTH="5" HEIGHT="18" CONTENT=":" WC="0.74" CC="2"/>
						<SP ID="P31_SP00136" HPOS="838" VPOS="1085" WIDTH="19"/>
						<String ID="P31_ST00155" HPOS="857" VPOS="1048" WIDTH="24" HEIGHT="30" CONTENT="al" WC="1.00" CC="00"/>
						<SP ID="P31_SP00137" HPOS="881" VPOS="1085" WIDTH="17"/>
						<String ID="P31_ST00156" HPOS="898" VPOS="1048" WIDTH="95" HEIGHT="30" CONTENT="mismo" WC="0.46" CC="70567"/>
						<SP ID="P31_SP00138" HPOS="993" VPOS="1085" WIDTH="30"/>
						<String ID="P31_ST00157" HPOS="1023" VPOS="1049" WIDTH="96" HEIGHT="40" CONTENT="tiempo" WC="0.69" CC="600406"/>
					</TextLine>
					<TextLine ID="P31_TL00018" HPOS="97" VPOS="1102" WIDTH="1020" HEIGHT="43">
						<String ID="P31_ST00158" HPOS="97" VPOS="1111" WIDTH="64" HEIGHT="31" CONTENT="para" WC="0.93" CC="0002"/>
						<SP ID="P31_SP00139" HPOS="161" VPOS="1142" WIDTH="14"/>
						<String ID="P31_ST00159" HPOS="175" VPOS="1112" WIDTH="46" HEIGHT="20" CONTENT="ver" WC="0.83" CC="050"/>
						<SP ID="P31_SP00140" HPOS="221" VPOS="1142" WIDTH="12"/>
						<String ID="P31_ST00160" HPOS="233" VPOS="1107" WIDTH="154" HEIGHT="36" CONTENT="serpentear" WC="0.77" CC="5230001170"/>
						<SP ID="P31_SP00141" HPOS="387" VPOS="1143" WIDTH="15"/>
						<String ID="P31_ST00161" HPOS="402" VPOS="1112" WIDTH="48" HEIGHT="20" CONTENT="con" WC="0.35" CC="656"/>
						<SP ID="P31_SP00142" HPOS="450" VPOS="1143" WIDTH="14"/>
						<String ID="P31_ST00162" HPOS="464" VPOS="1102" WIDTH="92" HEIGHT="41" CONTENT="rápida" WC="1.00" CC="000000"/>
						<SP ID="P31_SP00143" HPOS="556" VPOS="1143" WIDTH="16"/>
						<String ID="P31_ST00163" HPOS="572" VPOS="1104" WIDTH="131" HEIGHT="29" CONTENT="corriente" WC="0.62" CC="040363572"/>
						<SP ID="P31_SP00144" HPOS="703" VPOS="1143" WIDTH="12"/>
						<String ID="P31_ST00164" HPOS="715" VPOS="1114" WIDTH="44" HEIGHT="19" CONTENT="ese" WC="0.70" CC="440"/>
						<SP ID="P31_SP00145" HPOS="759" VPOS="1143" WIDTH="17"/>
						<String ID="P31_ST00165" HPOS="776" VPOS="1105" WIDTH="197" HEIGHT="40" CONTENT="incomparable" WC="0.67" CC="140660624400"/>
						<SP ID="P31_SP00146" HPOS="973" VPOS="1145" WIDTH="24"/>
						<String ID="P31_ST00166" HPOS="997" VPOS="1105" WIDTH="120" HEIGHT="37" CONTENT="Bósforo," WC="0.65" CC="55900050"/>
					</TextLine>
					<TextLine ID="P31_TL00019" HPOS="95" VPOS="1158" WIDTH="1025" HEIGHT="45">
						<String ID="P31_ST00167" HPOS="95" VPOS="1158" WIDTH="153" HEIGHT="36" CONTENT="sembrado," WC="0.80" CC="007024030"/>
						<SP ID="P31_SP00147" HPOS="248" VPOS="1194" WIDTH="19"/>
						<String ID="P31_ST00168" HPOS="267" VPOS="1158" WIDTH="149" HEIGHT="41" CONTENT="digámoslo" WC="0.80" CC="070050400"/>
						<SP ID="P31_SP00148" HPOS="416" VPOS="1199" WIDTH="11"/>
						<String ID="P31_ST00169" HPOS="427" VPOS="1160" WIDTH="49" HEIGHT="34" CONTENT="así," WC="0.81" CC="3400"/>
						<SP ID="P31_SP00149" HPOS="476" VPOS="1199" WIDTH="16"/>
						<String ID="P31_ST00170" HPOS="492" VPOS="1159" WIDTH="33" HEIGHT="29" CONTENT="de" WC="0.97" CC="00"/>
						<SP ID="P31_SP00150" HPOS="525" VPOS="1199" WIDTH="10"/>
						<String ID="P31_ST00171" HPOS="535" VPOS="1160" WIDTH="117" HEIGHT="29" CONTENT="millares" WC="0.69" CC="60055600"/>
						<SP ID="P31_SP00151" HPOS="652" VPOS="1199" WIDTH="17"/>
						<String ID="P31_ST00172" HPOS="669" VPOS="1160" WIDTH="33" HEIGHT="30" CONTENT="de" WC="1.00" CC="00"/>
						<SP ID="P31_SP00152" HPOS="702" VPOS="1199" WIDTH="13"/>
						<String ID="P31_ST00173" HPOS="715" VPOS="1160" WIDTH="127" HEIGHT="40" CONTENT="góndolas" WC="0.63" CC="96005006"/>
						<SP ID="P31_SP00153" HPOS="842" VPOS="1200" WIDTH="15"/>
						<String ID="P31_ST00174" HPOS="857" VPOS="1161" WIDTH="97" HEIGHT="39" CONTENT="ligeras" WC="0.65" CC="4404217"/>
						<SP ID="P31_SP00154" HPOS="954" VPOS="1200" WIDTH="14"/>
						<String ID="P31_ST00175" HPOS="968" VPOS="1172" WIDTH="17" HEIGHT="30" CONTENT="y" WC="1.00" CC="0"/>
						<SP ID="P31_SP00155" HPOS="985" VPOS="1202" WIDTH="23"/>
						<String ID="P31_ST00176" HPOS="1008" VPOS="1163" WIDTH="112" HEIGHT="40" CONTENT="gracio-" WC="0.98" CC="0000000"/>
					</TextLine>
					<TextLine ID="P31_TL00020" HPOS="95" VPOS="1215" WIDTH="1025" HEIGHT="43">
						<String ID="P31_ST00177" HPOS="95" VPOS="1224" WIDTH="43" HEIGHT="21" CONTENT="sas" WC="0.84" CC="030"/>
						<SP ID="P31_SP00156" HPOS="138" VPOS="1245" WIDTH="16"/>
						<String ID="P31_ST00178" HPOS="154" VPOS="1215" WIDTH="59" HEIGHT="30" CONTENT="cual" WC="0.69" CC="0633"/>
						<SP ID="P31_SP00157" HPOS="213" VPOS="1245" WIDTH="14"/>
						<String ID="P31_ST00179" HPOS="227" VPOS="1216" WIDTH="102" HEIGHT="29" CONTENT="cisnes:" WC="0.89" CC="0050010"/>
						<SP ID="P31_SP00158" HPOS="329" VPOS="1245" WIDTH="19"/>
						<String ID="P31_ST00180" HPOS="348" VPOS="1216" WIDTH="22" HEIGHT="29" CONTENT="si" WC="0.73" CC="04"/>
						<SP ID="P31_SP00159" HPOS="370" VPOS="1245" WIDTH="16"/>
						<String ID="P31_ST00181" HPOS="386" VPOS="1216" WIDTH="137" HEIGHT="29" CONTENT="añadimos" WC="0.63" CC="43507620"/>
						<SP ID="P31_SP00160" HPOS="523" VPOS="1245" WIDTH="16"/>
						<String ID="P31_ST00182" HPOS="539" VPOS="1217" WIDTH="14" HEIGHT="29" CONTENT="á" WC="1.00" CC="0"/>
						<SP ID="P31_SP00161" HPOS="553" VPOS="1246" WIDTH="19"/>
						<String ID="P31_ST00183" HPOS="572" VPOS="1216" WIDTH="58" HEIGHT="30" CONTENT="todo" WC="0.55" CC="5606"/>
						<SP ID="P31_SP00162" HPOS="630" VPOS="1246" WIDTH="19"/>
						<String ID="P31_ST00184" HPOS="649" VPOS="1222" WIDTH="55" HEIGHT="24" CONTENT="esto" WC="0.65" CC="0705"/>
						<SP ID="P31_SP00163" HPOS="704" VPOS="1246" WIDTH="15"/>
						<String ID="P31_ST00185" HPOS="719" VPOS="1217" WIDTH="22" HEIGHT="29" CONTENT="la" WC="0.93" CC="01"/>
						<SP ID="P31_SP00164" HPOS="741" VPOS="1246" WIDTH="22"/>
						<String ID="P31_ST00186" HPOS="763" VPOS="1218" WIDTH="139" HEIGHT="29" CONTENT="refleccion" WC="0.80" CC="3022000065"/>
						<SP ID="P31_SP00165" HPOS="902" VPOS="1247" WIDTH="24"/>
						<String ID="P31_ST00187" HPOS="926" VPOS="1228" WIDTH="52" HEIGHT="30" CONTENT="que" WC="0.73" CC="061"/>
						<SP ID="P31_SP00166" HPOS="978" VPOS="1258" WIDTH="23"/>
						<String ID="P31_ST00188" HPOS="1001" VPOS="1219" WIDTH="119" HEIGHT="30" CONTENT="encierra" WC="0.85" CC="05000230"/>
					</TextLine>
					<TextLine ID="P31_TL00021" HPOS="93" VPOS="1270" WIDTH="1025" HEIGHT="45">
						<String ID="P31_ST00189" HPOS="93" VPOS="1270" WIDTH="26" HEIGHT="31" CONTENT="la" WC="0.62" CC="43"/>
						<SP ID="P31_SP00167" HPOS="119" VPOS="1301" WIDTH="11"/>
						<String ID="P31_ST00190" HPOS="130" VPOS="1271" WIDTH="66" HEIGHT="30" CONTENT="vista" WC="0.85" CC="00070"/>
						<SP ID="P31_SP00168" HPOS="196" VPOS="1301" WIDTH="14"/>
						<String ID="P31_ST00191" HPOS="210" VPOS="1271" WIDTH="32" HEIGHT="30" CONTENT="de" WC="1.00" CC="00"/>
						<SP ID="P31_SP00169" HPOS="242" VPOS="1301" WIDTH="11"/>
						<String ID="P31_ST00192" HPOS="253" VPOS="1282" WIDTH="44" HEIGHT="19" CONTENT="ese" WC="0.77" CC="150"/>
						<SP ID="P31_SP00170" HPOS="297" VPOS="1301" WIDTH="18"/>
						<String ID="P31_ST00193" HPOS="315" VPOS="1271" WIDTH="131" HEIGHT="37" CONTENT="Stambul," WC="0.75" CC="06052003"/>
						<SP ID="P31_SP00171" HPOS="446" VPOS="1308" WIDTH="15"/>
						<String ID="P31_ST00194" HPOS="461" VPOS="1282" WIDTH="51" HEIGHT="31" CONTENT="que" WC="0.99" CC="000"/>
						<SP ID="P31_SP00172" HPOS="512" VPOS="1313" WIDTH="16"/>
						<String ID="P31_ST00195" HPOS="528" VPOS="1277" WIDTH="40" HEIGHT="25" CONTENT="lan" WC="0.62" CC="650"/>
						<SP ID="P31_SP00173" HPOS="568" VPOS="1313" WIDTH="20"/>
						<String ID="P31_ST00196" HPOS="588" VPOS="1282" WIDTH="65" HEIGHT="31" CONTENT="gran" WC="0.67" CC="0606"/>
						<SP ID="P31_SP00174" HPOS="653" VPOS="1313" WIDTH="21"/>
						<String ID="P31_ST00197" HPOS="674" VPOS="1273" WIDTH="78" HEIGHT="41" CONTENT="papel" WC="0.83" CC="06010"/>
						<SP ID="P31_SP00175" HPOS="752" VPOS="1314" WIDTH="24"/>
						<String ID="P31_ST00198" HPOS="776" VPOS="1279" WIDTH="153" HEIGHT="36" CONTENT="représenla" WC="0.76" CC="0000064660"/>
						<SP ID="P31_SP00176" HPOS="929" VPOS="1315" WIDTH="13"/>
						<String ID="P31_ST00199" HPOS="942" VPOS="1285" WIDTH="32" HEIGHT="19" CONTENT="en" WC="0.90" CC="10"/>
						<SP ID="P31_SP00177" HPOS="974" VPOS="1315" WIDTH="17"/>
						<String ID="P31_ST00200" HPOS="991" VPOS="1275" WIDTH="24" HEIGHT="29" CONTENT="la" WC="0.91" CC="01"/>
						<SP ID="P31_SP00178" HPOS="1015" VPOS="1315" WIDTH="13"/>
						<String ID="P31_ST00201" HPOS="1028" VPOS="1275" WIDTH="90" HEIGHT="30" CONTENT="histo" SUBS_TYPE="HypPart1" SUBS_CONTENT="historia;" WC="0.50" CC="732663"/>
						<HYP CONTENT="-"/>
					</TextLine>
					<TextLine ID="P31_TL00022" HPOS="92" VPOS="1328" WIDTH="1026" HEIGHT="45">
						<String ID="P31_ST00202" HPOS="92" VPOS="1328" WIDTH="54" HEIGHT="36" CONTENT="ria;" SUBS_TYPE="HypPart2" SUBS_CONTENT="historia;" WC="0.87" CC="0500"/>
						<SP ID="P31_SP00179" HPOS="146" VPOS="1364" WIDTH="19"/>
						<String ID="P31_ST00203" HPOS="165" VPOS="1328" WIDTH="106" HEIGHT="41" CONTENT="dígame" WC="0.77" CC="000570"/>
						<SP ID="P31_SP00180" HPOS="271" VPOS="1369" WIDTH="13"/>
						<String ID="P31_ST00204" HPOS="284" VPOS="1329" WIDTH="23" HEIGHT="30" CONTENT="el" WC="0.83" CC="03"/>
						<SP ID="P31_SP00181" HPOS="307" VPOS="1369" WIDTH="14"/>
						<String ID="P31_ST00205" HPOS="321" VPOS="1339" WIDTH="56" HEIGHT="20" CONTENT="mas" WC="0.66" CC="630"/>
						<SP ID="P31_SP00182" HPOS="377" VPOS="1369" WIDTH="13"/>
						<String ID="P31_ST00206" HPOS="390" VPOS="1330" WIDTH="132" HEIGHT="40" CONTENT="escéptico" WC="0.62" CC="700607426"/>
						<SP ID="P31_SP00183" HPOS="522" VPOS="1370" WIDTH="17"/>
						<String ID="P31_ST00207" HPOS="539" VPOS="1330" WIDTH="105" HEIGHT="36" CONTENT="mortal," WC="0.56" CC="7657400"/>
						<SP ID="P31_SP00184" HPOS="644" VPOS="1370" WIDTH="18"/>
						<String ID="P31_ST00208" HPOS="662" VPOS="1330" WIDTH="20" HEIGHT="30" CONTENT="si" WC="0.96" CC="00"/>
						<SP ID="P31_SP00185" HPOS="682" VPOS="1370" WIDTH="13"/>
						<String ID="P31_ST00209" HPOS="695" VPOS="1341" WIDTH="33" HEIGHT="19" CONTENT="no" WC="0.49" CC="36"/>
						<SP ID="P31_SP00186" HPOS="728" VPOS="1370" WIDTH="15"/>
						<String ID="P31_ST00210" HPOS="743" VPOS="1331" WIDTH="34" HEIGHT="29" CONTENT="ha" WC="0.51" CC="62"/>
						<SP ID="P31_SP00187" HPOS="777" VPOS="1370" WIDTH="16"/>
						<String ID="P31_ST00211" HPOS="793" VPOS="1330" WIDTH="33" HEIGHT="30" CONTENT="de" WC="1.00" CC="00"/>
						<SP ID="P31_SP00188" HPOS="826" VPOS="1370" WIDTH="17"/>
						<String ID="P31_ST00212" HPOS="843" VPOS="1332" WIDTH="112" HEIGHT="29" CONTENT="sentirse" WC="0.79" CC="50170010"/>
						<SP ID="P31_SP00189" HPOS="955" VPOS="1370" WIDTH="27"/>
						<String ID="P31_ST00213" HPOS="982" VPOS="1342" WIDTH="52" HEIGHT="20" CONTENT="uno" WC="0.74" CC="105"/>
						<SP ID="P31_SP00190" HPOS="1034" VPOS="1370" WIDTH="27"/>
						<String ID="P31_ST00214" HPOS="1061" VPOS="1343" WIDTH="57" HEIGHT="30" CONTENT="po" SUBS_TYPE="HypPart1" SUBS_CONTENT="poseído" WC="1.00" CC="000"/>
						<HYP CONTENT="-"/>
					</TextLine>
					<TextLine ID="P31_TL00023" HPOS="93" VPOS="1385" WIDTH="662" HEIGHT="42">
						<String ID="P31_ST00215" HPOS="93" VPOS="1385" WIDTH="73" HEIGHT="30" CONTENT="seído" SUBS_TYPE="HypPart2" SUBS_CONTENT="poseído" WC="0.78" CC="60300"/>
						<SP ID="P31_SP00191" HPOS="166" VPOS="1415" WIDTH="13"/>
						<String ID="P31_ST00216" HPOS="179" VPOS="1385" WIDTH="43" HEIGHT="30" CONTENT="del" WC="1.00" CC="000"/>
						<SP ID="P31_SP00192" HPOS="222" VPOS="1415" WIDTH="14"/>
						<String ID="P31_ST00217" HPOS="236" VPOS="1387" WIDTH="63" HEIGHT="29" CONTENT="tinte" WC="0.67" CC="40570"/>
						<SP ID="P31_SP00193" HPOS="299" VPOS="1416" WIDTH="11"/>
						<String ID="P31_ST00218" HPOS="310" VPOS="1387" WIDTH="235" HEIGHT="40" CONTENT="poético-orienlal" WC="0.71" CC="0635306200305730"/>
						<SP ID="P31_SP00194" HPOS="545" VPOS="1427" WIDTH="17"/>
						<String ID="P31_ST00219" HPOS="562" VPOS="1398" WIDTH="52" HEIGHT="29" CONTENT="que" WC="0.84" CC="040"/>
						<SP ID="P31_SP00195" HPOS="614" VPOS="1427" WIDTH="13"/>
						<String ID="P31_ST00220" HPOS="627" VPOS="1387" WIDTH="23" HEIGHT="30" CONTENT="le" WC="1.00" CC="00"/>
						<SP ID="P31_SP00196" HPOS="650" VPOS="1427" WIDTH="15"/>
						<String ID="P31_ST00221" HPOS="665" VPOS="1387" WIDTH="90" HEIGHT="30" CONTENT="rodea." WC="0.87" CC="000052"/>
					</TextLine>
				</TextBlock>
				<TextBlock ID="P31_TB00004" HPOS="85" VPOS="1442" WIDTH="1031" HEIGHT="324" STYLEREFS="TXT_1 PAR_LEFT">
					<TextLine ID="P31_TL00024" HPOS="133" VPOS="1442" WIDTH="983" HEIGHT="42">
						<String ID="P31_ST00222" HPOS="133" VPOS="1443" WIDTH="65" HEIGHT="29" CONTENT="Pero" WC="0.91" CC="3000"/>
						<SP ID="P31_SP00197" HPOS="198" VPOS="1472" WIDTH="11"/>
						<String ID="P31_ST00223" HPOS="209" VPOS="1442" WIDTH="52" HEIGHT="31" CONTENT="alto" WC="0.84" CC="3002"/>
						<SP ID="P31_SP00198" HPOS="261" VPOS="1473" WIDTH="13"/>
						<String ID="P31_ST00224" HPOS="274" VPOS="1442" WIDTH="52" HEIGHT="31" CONTENT="ahí." WC="0.58" CC="2660"/>
						<SP ID="P31_SP00199" HPOS="326" VPOS="1473" WIDTH="22"/>
						<String ID="P31_ST00225" HPOS="348" VPOS="1445" WIDTH="96" HEIGHT="29" CONTENT="Demos" WC="0.65" CC="60550"/>
						<SP ID="P31_SP00200" HPOS="444" VPOS="1474" WIDTH="17"/>
						<String ID="P31_ST00226" HPOS="461" VPOS="1443" WIDTH="76" HEIGHT="41" CONTENT="lugar" WC="0.74" CC="06023"/>
						<SP ID="P31_SP00201" HPOS="537" VPOS="1484" WIDTH="16"/>
						<String ID="P31_ST00227" HPOS="553" VPOS="1445" WIDTH="13" HEIGHT="29" CONTENT="á" WC="1.00" CC="0"/>
						<SP ID="P31_SP00202" HPOS="566" VPOS="1484" WIDTH="13"/>
						<String ID="P31_ST00228" HPOS="579" VPOS="1443" WIDTH="76" HEIGHT="41" CONTENT="dejar" WC="0.73" CC="00462"/>
						<SP ID="P31_SP00203" HPOS="655" VPOS="1484" WIDTH="11"/>
						<String ID="P31_ST00229" HPOS="666" VPOS="1454" WIDTH="61" HEIGHT="20" CONTENT="caer" WC="0.81" CC="0123"/>
						<SP ID="P31_SP00204" HPOS="727" VPOS="1484" WIDTH="16"/>
						<String ID="P31_ST00230" HPOS="743" VPOS="1444" WIDTH="24" HEIGHT="30" CONTENT="el" WC="1.00" CC="00"/>
						<SP ID="P31_SP00205" HPOS="767" VPOS="1484" WIDTH="20"/>
						<String ID="P31_ST00231" HPOS="787" VPOS="1445" WIDTH="88" HEIGHT="35" CONTENT="ancla," WC="0.80" CC="060050"/>
						<SP ID="P31_SP00206" HPOS="875" VPOS="1484" WIDTH="28"/>
						<String ID="P31_ST00232" HPOS="903" VPOS="1450" WIDTH="83" HEIGHT="25" CONTENT="lomar" WC="0.66" CC="70260"/>
						<SP ID="P31_SP00207" HPOS="986" VPOS="1484" WIDTH="23"/>
						<String ID="P31_ST00233" HPOS="1009" VPOS="1456" WIDTH="52" HEIGHT="20" CONTENT="uno" WC="0.55" CC="705"/>
						<SP ID="P31_SP00208" HPOS="1061" VPOS="1484" WIDTH="24"/>
						<String ID="P31_ST00234" HPOS="1085" VPOS="1445" WIDTH="31" HEIGHT="31" CONTENT="de" WC="0.93" CC="01"/>
					</TextLine>
					<TextLine ID="P31_TL00025" HPOS="91" VPOS="1499" WIDTH="1025" HEIGHT="43">
						<String ID="P31_ST00235" HPOS="91" VPOS="1509" WIDTH="60" HEIGHT="20" CONTENT="esos" WC="0.58" CC="3444"/>
						<SP ID="P31_SP00209" HPOS="151" VPOS="1529" WIDTH="15"/>
						<String ID="P31_ST00236" HPOS="166" VPOS="1509" WIDTH="151" HEIGHT="31" CONTENT="«cayucos»" WC="0.79" CC="000030463"/>
						<SP ID="P31_SP00210" HPOS="317" VPOS="1540" WIDTH="15"/>
						<String ID="P31_ST00237" HPOS="332" VPOS="1509" WIDTH="63" HEIGHT="32" CONTENT="para" WC="0.75" CC="0702"/>
						<SP ID="P31_SP00211" HPOS="395" VPOS="1541" WIDTH="13"/>
						<String ID="P31_ST00238" HPOS="408" VPOS="1510" WIDTH="51" HEIGHT="31" CONTENT="que" WC="0.80" CC="060"/>
						<SP ID="P31_SP00212" HPOS="459" VPOS="1541" WIDTH="13"/>
						<String ID="P31_ST00239" HPOS="472" VPOS="1508" WIDTH="48" HEIGHT="22" CONTENT="nos" WC="0.41" CC="096"/>
						<SP ID="P31_SP00213" HPOS="520" VPOS="1541" WIDTH="10"/>
						<String ID="P31_ST00240" HPOS="530" VPOS="1499" WIDTH="133" HEIGHT="32" CONTENT="conduzca" WC="0.85" CC="05000600"/>
						<SP ID="P31_SP00214" HPOS="663" VPOS="1541" WIDTH="11"/>
						<String ID="P31_ST00241" HPOS="674" VPOS="1501" WIDTH="14" HEIGHT="30" CONTENT="á" WC="1.00" CC="0"/>
						<SP ID="P31_SP00215" HPOS="688" VPOS="1541" WIDTH="17"/>
						<String ID="P31_ST00242" HPOS="705" VPOS="1501" WIDTH="90" HEIGHT="35" CONTENT="tierra," WC="0.78" CC="4402020"/>
						<SP ID="P31_SP00216" HPOS="795" VPOS="1541" WIDTH="16"/>
						<String ID="P31_ST00243" HPOS="811" VPOS="1511" WIDTH="54" HEIGHT="31" CONTENT="y..." WC="1.00" CC="0000"/>
						<SP ID="P31_SP00217" HPOS="865" VPOS="1542" WIDTH="21"/>
						<String ID="P31_ST00244" HPOS="886" VPOS="1501" WIDTH="105" HEIGHT="39" CONTENT="¿dónde" WC="0.68" CC="006290"/>
						<SP ID="P31_SP00218" HPOS="991" VPOS="1542" WIDTH="22"/>
						<String ID="P31_ST00245" HPOS="1013" VPOS="1502" WIDTH="103" HEIGHT="30" CONTENT="desem" SUBS_TYPE="HypPart1" SUBS_CONTENT="desembarcaremos?" WC="0.82" CC="004050"/>
						<HYP CONTENT="-"/>
					</TextLine>
					<TextLine ID="P31_TL00026" HPOS="90" VPOS="1554" WIDTH="1026" HEIGHT="45">
						<String ID="P31_ST00246" HPOS="90" VPOS="1554" WIDTH="189" HEIGHT="32" CONTENT="barcaremos?" SUBS_TYPE="HypPart2" SUBS_CONTENT="desembarcaremos?" WC="0.60" CC="66606007406"/>
						<SP ID="P31_SP00219" HPOS="279" VPOS="1586" WIDTH="16"/>
						<String ID="P31_ST00247" HPOS="295" VPOS="1556" WIDTH="68" HEIGHT="41" CONTENT="¡Ay!" WC="0.95" CC="0001"/>
						<SP ID="P31_SP00220" HPOS="363" VPOS="1597" WIDTH="17"/>
						<String ID="P31_ST00248" HPOS="380" VPOS="1562" WIDTH="108" HEIGHT="24" CONTENT="nuestra" WC="0.66" CC="0602806"/>
						<SP ID="P31_SP00221" HPOS="488" VPOS="1597" WIDTH="16"/>
						<String ID="P31_ST00249" HPOS="504" VPOS="1556" WIDTH="98" HEIGHT="30" CONTENT="ilusión" WC="0.60" CC="0037367"/>
						<SP ID="P31_SP00222" HPOS="602" VPOS="1597" WIDTH="13"/>
						<String ID="P31_ST00250" HPOS="615" VPOS="1566" WIDTH="32" HEIGHT="20" CONTENT="va" WC="0.83" CC="30"/>
						<SP ID="P31_SP00223" HPOS="647" VPOS="1597" WIDTH="17"/>
						<String ID="P31_ST00251" HPOS="664" VPOS="1556" WIDTH="131" HEIGHT="30" CONTENT="sintiendo" WC="0.68" CC="066030506"/>
						<SP ID="P31_SP00224" HPOS="795" VPOS="1597" WIDTH="16"/>
						<String ID="P31_ST00252" HPOS="811" VPOS="1567" WIDTH="52" HEIGHT="19" CONTENT="una" WC="0.73" CC="241"/>
						<SP ID="P31_SP00225" HPOS="863" VPOS="1597" WIDTH="19"/>
						<String ID="P31_ST00253" HPOS="882" VPOS="1558" WIDTH="120" HEIGHT="29" CONTENT="reacción" WC="0.89" CC="20000140"/>
						<SP ID="P31_SP00226" HPOS="1002" VPOS="1597" WIDTH="16"/>
						<String ID="P31_ST00254" HPOS="1018" VPOS="1569" WIDTH="51" HEIGHT="30" CONTENT="que" WC="0.73" CC="052"/>
						<SP ID="P31_SP00227" HPOS="1069" VPOS="1599" WIDTH="13"/>
						<String ID="P31_ST00255" HPOS="1082" VPOS="1569" WIDTH="34" HEIGHT="20" CONTENT="en" WC="0.65" CC="07"/>
					</TextLine>
					<TextLine ID="P31_TL00027" HPOS="89" VPOS="1612" WIDTH="1027" HEIGHT="42">
						<String ID="P31_ST00256" HPOS="89" VPOS="1622" WIDTH="69" HEIGHT="20" CONTENT="vano" WC="0.73" CC="0306"/>
						<SP ID="P31_SP00228" HPOS="158" VPOS="1642" WIDTH="11"/>
						<String ID="P31_ST00257" HPOS="169" VPOS="1622" WIDTH="170" HEIGHT="30" CONTENT="procuramos" WC="0.71" CC="0000507654"/>
						<SP ID="P31_SP00229" HPOS="339" VPOS="1652" WIDTH="16"/>
						<String ID="P31_ST00258" HPOS="355" VPOS="1612" WIDTH="140" HEIGHT="36" CONTENT="desechar," WC="0.90" CC="000006100"/>
						<SP ID="P31_SP00230" HPOS="495" VPOS="1652" WIDTH="27"/>
						<String ID="P31_ST00259" HPOS="522" VPOS="1623" WIDTH="66" HEIGHT="30" CONTENT="pues" WC="0.71" CC="0603"/>
						<SP ID="P31_SP00231" HPOS="588" VPOS="1653" WIDTH="21"/>
						<String ID="P31_ST00260" HPOS="609" VPOS="1613" WIDTH="57" HEIGHT="30" CONTENT="solo" WC="0.62" CC="0626"/>
						<SP ID="P31_SP00232" HPOS="666" VPOS="1653" WIDTH="21"/>
						<String ID="P31_ST00261" HPOS="687" VPOS="1623" WIDTH="91" HEIGHT="20" CONTENT="vemos" WC="0.75" CC="00650"/>
						<SP ID="P31_SP00233" HPOS="778" VPOS="1653" WIDTH="18"/>
						<String ID="P31_ST00262" HPOS="796" VPOS="1614" WIDTH="89" HEIGHT="29" CONTENT="sucios" WC="0.79" CC="532002"/>
						<SP ID="P31_SP00234" HPOS="885" VPOS="1653" WIDTH="14"/>
						<String ID="P31_ST00263" HPOS="899" VPOS="1625" WIDTH="15" HEIGHT="29" CONTENT="y" WC="1.00" CC="0"/>
						<SP ID="P31_SP00235" HPOS="914" VPOS="1654" WIDTH="28"/>
						<String ID="P31_ST00264" HPOS="942" VPOS="1619" WIDTH="87" HEIGHT="25" CONTENT="toscos" WC="0.77" CC="304031"/>
						<SP ID="P31_SP00236" HPOS="1029" VPOS="1654" WIDTH="16"/>
						<String ID="P31_ST00265" HPOS="1045" VPOS="1614" WIDTH="71" HEIGHT="32" CONTENT="des" SUBS_TYPE="HypPart1" SUBS_CONTENT="desembarcaderos" WC="1.00" CC="0000"/>
						<HYP CONTENT="-"/>
					</TextLine>
					<TextLine ID="P31_TL00028" HPOS="86" VPOS="1669" WIDTH="1028" HEIGHT="34">
						<String ID="P31_ST00266" HPOS="86" VPOS="1669" WIDTH="203" HEIGHT="31" CONTENT="embarcaderos" SUBS_TYPE="HypPart2" SUBS_CONTENT="desembarcaderos" WC="0.73" CC="060200402555"/>
						<SP ID="P31_SP00237" HPOS="289" VPOS="1700" WIDTH="12"/>
						<String ID="P31_ST00267" HPOS="301" VPOS="1681" WIDTH="5" HEIGHT="18" CONTENT=":" WC="0.91" CC="0"/>
						<SP ID="P31_SP00238" HPOS="306" VPOS="1700" WIDTH="30"/>
						<String ID="P31_ST00268" HPOS="336" VPOS="1680" WIDTH="35" HEIGHT="19" CONTENT="un" WC="0.63" CC="07"/>
						<SP ID="P31_SP00239" HPOS="371" VPOS="1700" WIDTH="30"/>
						<String ID="P31_ST00269" HPOS="401" VPOS="1669" WIDTH="121" HEIGHT="31" CONTENT="esfuerzo" WC="0.70" CC="45060024"/>
						<SP ID="P31_SP00240" HPOS="522" VPOS="1700" WIDTH="16"/>
						<String ID="P31_ST00270" HPOS="538" VPOS="1669" WIDTH="33" HEIGHT="31" CONTENT="de" WC="0.63" CC="07"/>
						<SP ID="P31_SP00241" HPOS="571" VPOS="1700" WIDTH="12"/>
						<String ID="P31_ST00271" HPOS="583" VPOS="1670" WIDTH="149" HEIGHT="30" CONTENT="animación" WC="0.70" CC="403600434"/>
						<SP ID="P31_SP00242" HPOS="732" VPOS="1700" WIDTH="16"/>
						<String ID="P31_ST00272" HPOS="748" VPOS="1680" WIDTH="48" HEIGHT="20" CONTENT="nos" WC="0.83" CC="023"/>
						<SP ID="P31_SP00243" HPOS="796" VPOS="1700" WIDTH="27"/>
						<String ID="P31_ST00273" HPOS="823" VPOS="1669" WIDTH="64" HEIGHT="31" CONTENT="hace" WC="0.77" CC="6200"/>
						<SP ID="P31_SP00244" HPOS="887" VPOS="1700" WIDTH="28"/>
						<String ID="P31_ST00274" HPOS="915" VPOS="1680" WIDTH="51" HEIGHT="21" CONTENT="aun" WC="0.71" CC="530"/>
						<SP ID="P31_SP00245" HPOS="966" VPOS="1701" WIDTH="27"/>
						<String ID="P31_ST00275" HPOS="993" VPOS="1671" WIDTH="83" HEIGHT="31" CONTENT="sallar" WC="0.88" CC="020500"/>
						<SP ID="P31_SP00246" HPOS="1076" VPOS="1702" WIDTH="23"/>
						<String ID="P31_ST00276" HPOS="1099" VPOS="1673" WIDTH="15" HEIGHT="30" CONTENT="á" WC="0.23" CC="7"/>
					</TextLine>
					<TextLine ID="P31_TL00029" HPOS="86" VPOS="1725" WIDTH="951" HEIGHT="41">
						<String ID="P31_ST00277" HPOS="86" VPOS="1726" WIDTH="91" HEIGHT="36" CONTENT="tierra," WC="0.75" CC="5500600"/>
						<SP ID="P31_SP00247" HPOS="177" VPOS="1762" WIDTH="16"/>
						<String ID="P31_ST00278" HPOS="193" VPOS="1736" WIDTH="64" HEIGHT="30" CONTENT="pero" WC="0.78" CC="0071"/>
						<SP ID="P31_SP00248" HPOS="257" VPOS="1766" WIDTH="12"/>
						<String ID="P31_ST00279" HPOS="269" VPOS="1736" WIDTH="83" HEIGHT="30" CONTENT="¿para" WC="0.86" CC="06000"/>
						<SP ID="P31_SP00249" HPOS="352" VPOS="1766" WIDTH="11"/>
						<String ID="P31_ST00280" HPOS="363" VPOS="1727" WIDTH="72" HEIGHT="39" CONTENT="qué?" WC="0.81" CC="0430"/>
						<SP ID="P31_SP00250" HPOS="435" VPOS="1766" WIDTH="14"/>
						<String ID="P31_ST00281" HPOS="449" VPOS="1736" WIDTH="62" HEIGHT="30" CONTENT="para" WC="0.82" CC="0015"/>
						<SP ID="P31_SP00251" HPOS="511" VPOS="1766" WIDTH="13"/>
						<String ID="P31_ST00282" HPOS="524" VPOS="1725" WIDTH="81" HEIGHT="32" CONTENT="sufrir" WC="0.67" CC="644040"/>
						<SP ID="P31_SP00252" HPOS="605" VPOS="1766" WIDTH="15"/>
						<String ID="P31_ST00283" HPOS="620" VPOS="1726" WIDTH="24" HEIGHT="31" CONTENT="el" WC="0.69" CC="06"/>
						<SP ID="P31_SP00253" HPOS="644" VPOS="1766" WIDTH="16"/>
						<String ID="P31_ST00284" HPOS="660" VPOS="1726" WIDTH="155" HEIGHT="40" CONTENT="desengaño" WC="0.68" CC="006060465"/>
						<SP ID="P31_SP00254" HPOS="815" VPOS="1766" WIDTH="18"/>
						<String ID="P31_ST00285" HPOS="833" VPOS="1737" WIDTH="48" HEIGHT="29" CONTENT="por" WC="0.92" CC="020"/>
						<SP ID="P31_SP00255" HPOS="881" VPOS="1766" WIDTH="12"/>
						<String ID="P31_ST00286" HPOS="893" VPOS="1727" WIDTH="144" HEIGHT="39" CONTENT="completo." WC="0.73" CC="054030331"/>
					</TextLine>
				</TextBlock>
				<TextBlock ID="P31_TB00005" HPOS="84" VPOS="1783" WIDTH="1026" HEIGHT="155" STYLEREFS="TXT_1 PAR_LEFT">
					<TextLine ID="P31_TL00030" HPOS="127" VPOS="1783" WIDTH="983" HEIGHT="41">
						<String ID="P31_ST00287" HPOS="127" VPOS="1785" WIDTH="51" HEIGHT="28" CONTENT="Las" WC="0.62" CC="560"/>
						<SP ID="P31_SP00256" HPOS="178" VPOS="1813" WIDTH="16"/>
						<String ID="P31_ST00288" HPOS="194" VPOS="1783" WIDTH="81" HEIGHT="31" CONTENT="calles" WC="0.92" CC="010001"/>
						<SP ID="P31_SP00257" HPOS="275" VPOS="1814" WIDTH="21"/>
						<String ID="P31_ST00289" HPOS="296" VPOS="1794" WIDTH="28" HEIGHT="19" CONTENT="se" WC="1.00" CC="00"/>
						<SP ID="P31_SP00258" HPOS="324" VPOS="1814" WIDTH="15"/>
						<String ID="P31_ST00290" HPOS="339" VPOS="1794" WIDTH="48" HEIGHT="19" CONTENT="nos" WC="0.49" CC="752"/>
						<SP ID="P31_SP00259" HPOS="387" VPOS="1814" WIDTH="25"/>
						<String ID="P31_ST00291" HPOS="412" VPOS="1789" WIDTH="141" HEIGHT="35" CONTENT="presentan" WC="0.72" CC="000443606"/>
						<SP ID="P31_SP00260" HPOS="553" VPOS="1824" WIDTH="25"/>
						<String ID="P31_ST00292" HPOS="578" VPOS="1784" WIDTH="147" HEIGHT="35" CONTENT="estrechas," WC="0.69" CC="0251007653"/>
						<SP ID="P31_SP00261" HPOS="725" VPOS="1824" WIDTH="20"/>
						<String ID="P31_ST00293" HPOS="745" VPOS="1784" WIDTH="136" HEIGHT="35" CONTENT="sinuosas," WC="0.76" CC="030033530"/>
						<SP ID="P31_SP00262" HPOS="881" VPOS="1824" WIDTH="29"/>
						<String ID="P31_ST00294" HPOS="910" VPOS="1784" WIDTH="200" HEIGHT="39" CONTENT="desniveladas," WC="0.84" CC="0057000100024"/>
					</TextLine>
					<TextLine ID="P31_TL00031" HPOS="86" VPOS="1840" WIDTH="1024" HEIGHT="41">
						<String ID="P31_ST00295" HPOS="86" VPOS="1843" WIDTH="88" HEIGHT="27" CONTENT="sucias" WC="0.79" CC="340202"/>
						<SP ID="P31_SP00263" HPOS="174" VPOS="1870" WIDTH="11"/>
						<String ID="P31_ST00296" HPOS="185" VPOS="1851" WIDTH="17" HEIGHT="30" CONTENT="y" WC="1.00" CC="0"/>
						<SP ID="P31_SP00264" HPOS="202" VPOS="1881" WIDTH="14"/>
						<String ID="P31_ST00297" HPOS="216" VPOS="1840" WIDTH="52" HEIGHT="30" CONTENT="mal" WC="0.77" CC="600"/>
						<SP ID="P31_SP00265" HPOS="268" VPOS="1881" WIDTH="17"/>
						<String ID="P31_ST00298" HPOS="285" VPOS="1840" WIDTH="191" HEIGHT="41" CONTENT="empedradas:" WC="0.76" CC="06000640017"/>
						<SP ID="P31_SP00266" HPOS="476" VPOS="1881" WIDTH="16"/>
						<String ID="P31_ST00299" HPOS="492" VPOS="1846" WIDTH="122" HEIGHT="24" CONTENT="nuestros" WC="0.79" CC="70004041"/>
						<SP ID="P31_SP00267" HPOS="614" VPOS="1881" WIDTH="16"/>
						<String ID="P31_ST00300" HPOS="630" VPOS="1840" WIDTH="57" HEIGHT="41" CONTENT="ojos" WC="0.66" CC="4045"/>
						<SP ID="P31_SP00268" HPOS="687" VPOS="1881" WIDTH="17"/>
						<String ID="P31_ST00301" HPOS="704" VPOS="1840" WIDTH="112" HEIGHT="36" CONTENT="buscan," WC="0.69" CC="2520064"/>
						<SP ID="P31_SP00269" HPOS="816" VPOS="1881" WIDTH="31"/>
						<String ID="P31_ST00302" HPOS="847" VPOS="1851" WIDTH="63" HEIGHT="30" CONTENT="pero" WC="1.00" CC="0000"/>
						<SP ID="P31_SP00270" HPOS="910" VPOS="1881" WIDTH="21"/>
						<String ID="P31_ST00303" HPOS="931" VPOS="1851" WIDTH="31" HEIGHT="20" CONTENT="en" WC="0.83" CC="03"/>
						<SP ID="P31_SP00271" HPOS="962" VPOS="1881" WIDTH="18"/>
						<String ID="P31_ST00304" HPOS="980" VPOS="1851" WIDTH="79" HEIGHT="28" CONTENT="vano," WC="0.83" CC="00043"/>
						<SP ID="P31_SP00272" HPOS="1059" VPOS="1881" WIDTH="16"/>
						<String ID="P31_ST00305" HPOS="1075" VPOS="1852" WIDTH="35" HEIGHT="21" CONTENT="un" WC="0.82" CC="30"/>
					</TextLine>
					<TextLine ID="P31_TL00032" HPOS="85" VPOS="1895" WIDTH="1025" HEIGHT="43">
						<String ID="P31_ST00306" HPOS="85" VPOS="1895" WIDTH="88" HEIGHT="43" CONTENT="objeto" WC="0.61" CC="570045"/>
						<SP ID="P31_SP00273" HPOS="173" VPOS="1938" WIDTH="16"/>
						<String ID="P31_ST00307" HPOS="189" VPOS="1897" WIDTH="33" HEIGHT="31" CONTENT="de" WC="1.00" CC="00"/>
						<SP ID="P31_SP00274" HPOS="222" VPOS="1938" WIDTH="12"/>
						<String ID="P31_ST00308" HPOS="234" VPOS="1898" WIDTH="215" HEIGHT="40" CONTENT="compensación." WC="0.70" CC="0660060300671"/>
						<SP ID="P31_SP00275" HPOS="449" VPOS="1938" WIDTH="17"/>
						<String ID="P31_ST00309" HPOS="466" VPOS="1897" WIDTH="73" HEIGHT="31" CONTENT="Todo" WC="0.67" CC="0570"/>
						<SP ID="P31_SP00276" HPOS="539" VPOS="1938" WIDTH="11"/>
						<String ID="P31_ST00310" HPOS="550" VPOS="1908" WIDTH="28" HEIGHT="20" CONTENT="es" WC="1.00" CC="00"/>
						<SP ID="P31_SP00277" HPOS="578" VPOS="1938" WIDTH="11"/>
						<String ID="P31_ST00311" HPOS="589" VPOS="1897" WIDTH="96" HEIGHT="31" CONTENT="frívolo" WC="0.72" CC="2522005"/>
						<SP ID="P31_SP00278" HPOS="685" VPOS="1938" WIDTH="18"/>
						<String ID="P31_ST00312" HPOS="703" VPOS="1908" WIDTH="15" HEIGHT="30" CONTENT="y" WC="1.00" CC="0"/>
						<SP ID="P31_SP00279" HPOS="718" VPOS="1938" WIDTH="13"/>
						<String ID="P31_ST00313" HPOS="731" VPOS="1907" WIDTH="51" HEIGHT="21" CONTENT="aun" WC="0.66" CC="144"/>
						<SP ID="P31_SP00280" HPOS="782" VPOS="1938" WIDTH="16"/>
						<String ID="P31_ST00314" HPOS="798" VPOS="1898" WIDTH="153" HEIGHT="31" CONTENT="miserable." WC="0.84" CC="6030131000"/>
						<SP ID="P31_SP00281" HPOS="951" VPOS="1938" WIDTH="21"/>
						<String ID="P31_ST00315" HPOS="972" VPOS="1901" WIDTH="65" HEIGHT="28" CONTENT="Esos" WC="0.79" CC="0250"/>
						<SP ID="P31_SP00282" HPOS="1037" VPOS="1938" WIDTH="17"/>
						<String ID="P31_ST00316" HPOS="1054" VPOS="1899" WIDTH="56" HEIGHT="30" CONTENT="ba-" WC="0.79" CC="600"/>
					</TextLine>
				</TextBlock>
			</PrintSpace>
		</Page>
	</Layout>
</alto>
