1241 2180
535 124 180 27 140

118 203 28 21 se
177 192 143 41 suspendía
347 191 23 30 el
401 195 113 26 eslremo
531 189 110 31 interior
654 187 32 31 de
703 187 24 30 la
745 187 89 35 labia,
853 198 15 29 y
883 186 138 40 cayendo,
1040 195 106 20 sumer-

115 251 69 40 jíase
200 248 181 42 rápidamente
397 247 127 41 impelido
541 258 47 29 por
603 247 26 29 la
644 245 90 30 fuerza
750 244 33 31 de
810 243 137 42 gravedad
963 253 53 31 que
1042 242 24 31 le
1092 253 53 20 co-

119 306 140 31 municaba
277 306 22 30 el
317 315 64 29 peso
393 315 53 29 que
463 304 68 30 tenia
547 304 94 40 sujeto.

161 365 33 28 La
212 363 66 30 mira
294 362 33 30 de
354 361 142 41 arrojarlos
510 372 48 30 por
575 361 23 30 la
616 369 80 33 popa,
717 369 42 21 era
776 368 63 32 para
859 358 85 30 evitar
960 368 67 30 que,
1052 357 21 30 si
1101 367 47 30 por

119 419 153 33 casualidad
300 430 29 19 se
355 418 24 30 le
396 419 98 29 soltase
510 418 23 29 el
563 415 174 32 mencionado
753 425 65 32 peso
835 426 15 30 y
875 413 119 42 quedase
1025 416 121 34 flotante,

118 486 48 21 con
182 476 22 29 la
221 474 92 42 rápida
328 474 106 30 marcha
453 473 41 30 del
513 473 90 40 buque
620 483 33 19 no
670 472 136 30 estuviese
823 475 127 36 espueslo
966 471 14 29 á
998 480 43 20 ser
1054 468 94 42 cogido

119 544 50 30 por
184 533 23 30 el
226 532 101 35 hélice,
347 531 25 30 lo
385 541 52 31 que
455 529 92 42 podría
563 529 112 30 suceder
689 529 21 29 si
738 539 28 18 se
784 528 90 29 bolara
888 526 84 31 desde
988 526 24 31 el
1028 525 118 32 costado.

119 592 52 29 Por
187 596 69 24 oíros
272 595 142 34 conceptos
443 587 127 36 lambien,
604 597 47 20 nos
668 586 135 31 incumbía
820 595 129 31 procurar
966 585 23 30 la
1015 595 96 30 segura
1133 595 15 30 y

121 652 92 36 pronta
230 645 148 31 sumersión
397 644 42 30 del
457 643 113 30 cadáver
586 653 32 20 en
636 643 23 30 la
677 642 178 42 profundidad
872 642 42 30 del
933 640 150 32 bendecido
1098 650 50 22 re-

121 703 139 39 ceptáculo
276 702 33 30 de
326 701 38 30 las
378 711 94 31 aguas.

163 759 141 40 Llegamos
329 759 12 28 á
359 756 216 41 Constantinopla
592 766 48 31 por
657 756 22 30 la
694 760 112 25 mañana
823 755 42 30 del
893 757 49 28 28.
960 757 82 28 Tanla
1057 766 43 19 era
1125 755 23 30 la

121 825 127 32 espesura
265 815 33 29 de
314 814 105 41 buques
435 812 146 32 fondeados
595 823 30 20 en
650 818 106 36 puerlo.
774 813 54 30 casi
842 812 74 31 todos
930 823 28 20 se
983 813 86 41 puede
1082 823 67 21 ase-

121 883 81 31 gurar
219 883 46 31 por
281 871 83 30 efecto
376 871 32 30 de
425 871 23 30 la
463 880 106 30 guerra,
589 881 51 30 que
657 871 56 29 solo
731 871 23 28 el
773 880 127 20 consumo
917 882 53 29 que
988 882 28 18 se
1029 871 75 30 hacia
1116 870 32 32 de

121 928 99 31 carbón
237 927 32 30 de
287 927 90 41 piedra
395 937 63 30 para
475 926 22 30 la
515 926 136 41 provisión
668 926 32 30 de
718 926 38 30 los
774 936 114 31 vapores
905 951 6 11 ,
931 926 115 31 llamaba
1061 937 32 31 ya
1110 927 39 30 los

122 990 184 35 cargamenlos
330 985 14 29 á
360 989 170 29 centenares,
550 993 52 31 que
617 993 33 20 no
667 983 123 41 pudimos
810 984 133 30 remediar
957 1009 5 10 ,
982 986 14 29 á
1018 994 81 21 causa
1115 984 33 31 de

124 1042 40 30 los
180 1042 110 29 muchos
306 1051 108 19 reveses
431 1040 33 30 de
485 1041 133 29 corriente
634 1051 51 30 que
702 1041 44 29 allí
772 1041 117 30 suceden
906 1042 40 29 sin
969 1042 181 41 interrupción

124 1109 98 31 apenas
236 1123 6 10 ,
260 1098 23 30 el
301 1098 96 30 chocar
413 1108 47 19 con
491 1098 24 29 la
533 1108 62 29 proa
616 1098 12 29 á
646 1109 33 18 un
696 1098 141 39 bergantín
858 1098 87 41 inglés
960 1125 6 8 ,
990 1098 160 31 causándole

124 1166 53 20 una
199 1164 66 32 poca
289 1156 88 29 averia
394 1167 6 21 ;
426 1164 48 19 nos
498 1153 139 41 obligaron
655 1155 13 29 á
690 1153 174 32 satisfacerla.
885 1157 61 29 Este
963 1156 95 30 mismo
1081 1155 69 31 ber-

124 1212 89 40 ganlin
236 1210 91 31 estaba
344 1212 14 28 á
375 1210 23 30 la
415 1219 77 21 sazón
506 1209 180 42 reparándose
702 1209 33 31 de
751 1215 55 26 olra
823 1211 148 30 embestida
983 1212 100 30 sufrida
1097 1223 45 30 por

124 1274 56 24 otro
199 1277 91 29 vapor.

165 1326 37 28 En
219 1324 121 41 aquellos
356 1333 87 20 mares
472 1333 63 20 eran
562 1324 201 30 innumerables
790 1324 39 30 los
842 1324 119 42 choques
978 1337 16 30 y
1008 1326 142 41 abordajes

125 1392 52 31 que
193 1391 28 21 se
245 1381 75 30 veian
337 1392 5 18 :
365 1390 33 19 no
414 1379 78 30 habia
521 1390 83 30 vapor
619 1380 88 40 inglés
723 1391 52 30 que
793 1392 32 19 no
839 1381 146 31 anduviera
1010 1383 138 30 señalado.

126 1440 51 28 Son
195 1443 41 25 tan
252 1437 151 30 lemerarios
415 1447 16 30 y
444 1436 145 30 flemáticos
606 1436 39 31 los
662 1437 67 40 hijos
746 1437 33 30 de
795 1437 98 31 Aibion
909 1464 5 10 ,
945 1450 52 30 que
1014 1451 33 19 no
1064 1451 29 19 es
1104 1451 50 19 es-

125 1499 74 25 traño
213 1495 38 28 les
267 1493 116 30 sucedan
397 1498 84 25 laníos
498 1493 148 30 siniestros.

166 1552 87 31 Citaré
269 1561 34 20 un
320 1550 116 41 ejemplo
448 1561 66 30 que,
534 1550 182 37 cabalmente,
736 1555 64 37 pasó
813 1562 49 21 con
887 1560 123 25 nosotros
1025 1556 127 34 mismos,

126 1608 23 31 el
166 1608 43 30 dia
226 1608 132 39 siguiente
374 1606 41 30 del
430 1606 32 30 de
475 1611 110 25 nueslro
602 1606 89 32 arribo
708 1618 32 20 en
753 1612 56 26 este
822 1609 78 39 viaje.

166 1664 83 40 Llegó
268 1674 34 20 un
317 1673 87 31 vapor
417 1665 32 28 de
462 1663 23 30 la
502 1663 94 30 nación
611 1674 52 31 que
679 1675 29 19 se
723 1665 83 29 acaba
819 1665 33 30 de
869 1666 101 37 aludir,
986 1669 13 30 á
1017 1669 139 31 Constan-

127 1720 99 40 tinopla
241 1744 6 11 ,
266 1731 15 29 y
298 1731 28 18 se
344 1719 94 30 sondeó
454 1725 74 24 enlre
541 1726 121 24 nosolros
674 1732 16 29 y
707 1732 34 18 un
766 1732 84 30 vapor
860 1725 150 35 austríaco,
1027 1736 69 30 cuyo
1110 1737 46 19 es-

127 1777 76 40 pacio
220 1786 44 20 era
276 1776 121 30 estrecho
414 1787 31 19 en
462 1776 128 30 demasía.
607 1777 62 30 Bien
687 1788 28 19 se
729 1778 100 30 echaba
844 1778 33 31 de
894 1791 57 24 ver,
971 1793 52 30 que
1040 1782 24 30 la
1080 1793 77 31 pose-

127 1832 58 31 sión
202 1843 52 31 que
271 1832 77 31 habia
367 1832 104 31 tomado
497 1843 43 21 era
552 1860 5 9 ,
585 1834 244 31 facultativamente
841 1860 5 11 ,
876 1837 127 32 indebida
1018 1864 6 12 ,
1055 1849 102 32 porque

126 1899 49 21 con
186 1889 39 30 los
241 1899 108 21 reveses
375 1889 33 31 de
425 1891 130 29 corriente
569 1901 47 19 nos
644 1891 137 31 habíamos
804 1903 47 29 por
867 1895 134 37 precisión
1018 1896 34 30 de
1068 1907 89 20 enre-
