<?xml version="1.0" encoding="UTF-8"?>
<alto xmlns:xsi="http://www.w3.org/2001/XMLSchema-instance" xsi:noNamespaceSchemaLocation="http://www.bl.uk/schemas/alto/alto-1-4.xsd" xmlns:xlink="http://www.w3.org/1999/xlink">
	<Description>
		<MeasurementUnit>mm10</MeasurementUnit>
		<sourceImageInformation>
			<fileName>//head1/IN/2008-26/A0011736599/009078.jp2</fileName>
		</sourceImageInformation>
		<OCRProcessing ID="OCRPROCESSING_1">
			<preProcessingStep>
				<processingSoftware>
					<softwareCreator>CCS Content Conversion Specialists GmbH, Germany</softwareCreator>
					<softwareName>CCS docWORKS</softwareName>
					<softwareVersion>6.1-0.67</softwareVersion>
				</processingSoftware>
			</preProcessingStep>
			<ocrProcessingStep>
				<processingSoftware>
					<softwareCreator>ABBYY (BIT Software), Russia</softwareCreator>
					<softwareName>Finereader</softwareName>
				</processingSoftware>
			</ocrProcessingStep>
		</OCRProcessing>
	</Description>
	<Styles>
		<TextStyle ID="TXT_0" FONTSIZE="10" FONTFAMILY="Courier New"/>
		<TextStyle ID="TXT_1" FONTSIZE="9" FONTFAMILY="Courier New"/>
		<ParagraphStyle ID="PAR_RIGHT" ALIGN="Right"/>
		<ParagraphStyle ID="PAR_LEFT" ALIGN="Left"/>
	</Styles>
	<Layout>
		<Page ID="P26" PHYSICAL_IMG_NR="26" HEIGHT="2180" WIDTH="1241" PRINTED_IMG_NR="18" POSITION="Left" ACCURACY="75.01">
			<TopMargin ID="P26_TM00001" HPOS="0" VPOS="0" WIDTH="1241" HEIGHT="177">
				<TextBlock ID="P26_TB00001" HPOS="583" VPOS="149" WIDTH="160" HEIGHT="27" STYLEREFS="TXT_0 PAR_RIGHT">
					<TextLine ID="P26_TL00001" HPOS="583" VPOS="149" WIDTH="160" HEIGHT="27">
						<String ID="P26_ST00001" HPOS="583" VPOS="149" WIDTH="160" HEIGHT="27" CONTENT="18" WC="1.00" CC="00"/>
					</TextLine>
				</TextBlock>
			</TopMargin>
			<LeftMargin ID="P26_LM00001" HPOS="0" VPOS="177" WIDTH="138" HEIGHT="1652"/>
			<RightMargin ID="P26_RM00001" HPOS="1180" VPOS="177" WIDTH="61" HEIGHT="1652"/>
			<BottomMargin ID="P26_BM00001" HPOS="0" VPOS="1829" WIDTH="1241" HEIGHT="351"/>
			<PrintSpace ID="P26_PS00001" HPOS="138" VPOS="177" WIDTH="1042" HEIGHT="1652">
				<TextBlock ID="P26_TB00002" HPOS="149" VPOS="205" WIDTH="1030" HEIGHT="102" STYLEREFS="TXT_1 PAR_LEFT">
					<TextLine ID="P26_TL00002" HPOS="150" VPOS="205" WIDTH="1029" HEIGHT="46">
						<String ID="P26_ST00002" HPOS="150" VPOS="212" WIDTH="94" HEIGHT="31" CONTENT="bierno" WC="0.67" CC="750070"/>
						<SP ID="P26_SP00001" HPOS="244" VPOS="243" WIDTH="23"/>
						<String ID="P26_ST00003" HPOS="267" VPOS="211" WIDTH="95" HEIGHT="40" CONTENT="inglés." WC="0.67" CC="0607530"/>
						<SP ID="P26_SP00002" HPOS="362" VPOS="251" WIDTH="21"/>
						<String ID="P26_ST00004" HPOS="383" VPOS="211" WIDTH="37" HEIGHT="29" CONTENT="En" WC="0.58" CC="34"/>
						<SP ID="P26_SP00003" HPOS="420" VPOS="251" WIDTH="13"/>
						<String ID="P26_ST00005" HPOS="433" VPOS="210" WIDTH="25" HEIGHT="29" CONTENT="él" WC="0.72" CC="04"/>
						<SP ID="P26_SP00004" HPOS="458" VPOS="251" WIDTH="15"/>
						<String ID="P26_ST00006" HPOS="473" VPOS="209" WIDTH="43" HEIGHT="30" CONTENT="iba" WC="0.67" CC="630"/>
						<SP ID="P26_SP00005" HPOS="516" VPOS="251" WIDTH="23"/>
						<String ID="P26_ST00007" HPOS="539" VPOS="220" WIDTH="32" HEIGHT="18" CONTENT="su" WC="0.41" CC="64"/>
						<SP ID="P26_SP00006" HPOS="571" VPOS="251" WIDTH="16"/>
						<String ID="P26_ST00008" HPOS="587" VPOS="209" WIDTH="88" HEIGHT="30" CONTENT="futuro" WC="0.73" CC="050406"/>
						<SP ID="P26_SP00007" HPOS="675" VPOS="251" WIDTH="15"/>
						<String ID="P26_ST00009" HPOS="690" VPOS="210" WIDTH="105" HEIGHT="40" CONTENT="capitán" WC="0.90" CC="0000700"/>
						<SP ID="P26_SP00008" HPOS="795" VPOS="251" WIDTH="17"/>
						<String ID="P26_ST00010" HPOS="812" VPOS="209" WIDTH="111" HEIGHT="41" CONTENT="español" WC="0.82" CC="0600050"/>
						<SP ID="P26_SP00009" HPOS="923" VPOS="251" WIDTH="23"/>
						<String ID="P26_ST00011" HPOS="946" VPOS="212" WIDTH="81" HEIGHT="26" CONTENT="señor" WC="0.77" CC="50050"/>
						<SP ID="P26_SP00010" HPOS="1027" VPOS="251" WIDTH="26"/>
						<String ID="P26_ST00012" HPOS="1053" VPOS="205" WIDTH="126" HEIGHT="38" CONTENT="Castellá," WC="0.76" CC="050700051"/>
					</TextLine>
					<TextLine ID="P26_TL00003" HPOS="151" VPOS="269" WIDTH="219" HEIGHT="38">
						<String ID="P26_ST00013" HPOS="151" VPOS="269" WIDTH="88" HEIGHT="38" CONTENT="amigo" WC="0.75" CC="07004"/>
						<SP ID="P26_SP00011" HPOS="239" VPOS="307" WIDTH="13"/>
						<String ID="P26_ST00014" HPOS="252" VPOS="272" WIDTH="118" HEIGHT="26" CONTENT="nuestro." WC="0.75" CC="25003052"/>
					</TextLine>
				</TextBlock>
				<TextBlock ID="P26_TB00003" HPOS="149" VPOS="318" WIDTH="1031" HEIGHT="272" STYLEREFS="TXT_1 PAR_LEFT">
					<TextLine ID="P26_TL00004" HPOS="191" VPOS="318" WIDTH="989" HEIGHT="45">
						<String ID="P26_ST00015" HPOS="191" VPOS="318" WIDTH="57" HEIGHT="36" CONTENT="Ala" WC="0.91" CC="002"/>
						<SP ID="P26_SP00012" HPOS="248" VPOS="354" WIDTH="12"/>
						<String ID="P26_ST00016" HPOS="260" VPOS="323" WIDTH="64" HEIGHT="30" CONTENT="hora" WC="0.41" CC="6564"/>
						<SP ID="P26_SP00013" HPOS="324" VPOS="354" WIDTH="11"/>
						<String ID="P26_ST00017" HPOS="335" VPOS="323" WIDTH="31" HEIGHT="30" CONTENT="de" WC="1.00" CC="00"/>
						<SP ID="P26_SP00014" HPOS="366" VPOS="354" WIDTH="12"/>
						<String ID="P26_ST00018" HPOS="378" VPOS="323" WIDTH="170" HEIGHT="30" CONTENT="marcharnos" WC="0.57" CC="7300743563"/>
						<SP ID="P26_SP00015" HPOS="548" VPOS="354" WIDTH="14"/>
						<String ID="P26_ST00019" HPOS="562" VPOS="332" WIDTH="28" HEIGHT="20" CONTENT="se" WC="0.69" CC="51"/>
						<SP ID="P26_SP00016" HPOS="590" VPOS="354" WIDTH="17"/>
						<String ID="P26_ST00020" HPOS="607" VPOS="324" WIDTH="64" HEIGHT="39" CONTENT="pasó" WC="0.68" CC="0066"/>
						<SP ID="P26_SP00017" HPOS="671" VPOS="363" WIDTH="14"/>
						<String ID="P26_ST00021" HPOS="685" VPOS="321" WIDTH="98" HEIGHT="31" CONTENT="revista" WC="0.72" CC="5100262"/>
						<SP ID="P26_SP00018" HPOS="783" VPOS="363" WIDTH="15"/>
						<String ID="P26_ST00022" HPOS="798" VPOS="323" WIDTH="15" HEIGHT="29" CONTENT="á" WC="1.00" CC="0"/>
						<SP ID="P26_SP00019" HPOS="813" VPOS="363" WIDTH="16"/>
						<String ID="P26_ST00023" HPOS="829" VPOS="321" WIDTH="24" HEIGHT="30" CONTENT="la" WC="0.94" CC="01"/>
						<SP ID="P26_SP00020" HPOS="853" VPOS="363" WIDTH="17"/>
						<String ID="P26_ST00024" HPOS="870" VPOS="327" WIDTH="87" HEIGHT="35" CONTENT="tropa," WC="0.78" CC="310070"/>
						<SP ID="P26_SP00021" HPOS="957" VPOS="363" WIDTH="19"/>
						<String ID="P26_ST00025" HPOS="976" VPOS="332" WIDTH="16" HEIGHT="30" CONTENT="y" WC="1.00" CC="0"/>
						<SP ID="P26_SP00022" HPOS="992" VPOS="363" WIDTH="17"/>
						<String ID="P26_ST00026" HPOS="1009" VPOS="319" WIDTH="100" HEIGHT="31" CONTENT="viendo" WC="0.75" CC="040603"/>
						<SP ID="P26_SP00023" HPOS="1109" VPOS="363" WIDTH="20"/>
						<String ID="P26_ST00027" HPOS="1129" VPOS="330" WIDTH="51" HEIGHT="30" CONTENT="que" WC="0.47" CC="555"/>
					</TextLine>
					<TextLine ID="P26_TL00005" HPOS="150" VPOS="376" WIDTH="1030" HEIGHT="44">
						<String ID="P26_ST00028" HPOS="150" VPOS="380" WIDTH="115" HEIGHT="30" CONTENT="fallaban" WC="0.83" CC="53001003"/>
						<SP ID="P26_SP00024" HPOS="265" VPOS="410" WIDTH="12"/>
						<String ID="P26_ST00029" HPOS="277" VPOS="380" WIDTH="111" HEIGHT="40" CONTENT="algunos" WC="0.69" CC="4005244"/>
						<SP ID="P26_SP00025" HPOS="388" VPOS="420" WIDTH="13"/>
						<String ID="P26_ST00030" HPOS="401" VPOS="378" WIDTH="164" HEIGHT="36" CONTENT="individuos," WC="0.75" CC="00067004620"/>
						<SP ID="P26_SP00026" HPOS="565" VPOS="420" WIDTH="20"/>
						<String ID="P26_ST00031" HPOS="585" VPOS="377" WIDTH="96" HEIGHT="31" CONTENT="mandó" WC="0.62" CC="40706"/>
						<SP ID="P26_SP00027" HPOS="681" VPOS="420" WIDTH="16"/>
						<String ID="P26_ST00032" HPOS="697" VPOS="378" WIDTH="23" HEIGHT="30" CONTENT="el" WC="0.79" CC="04"/>
						<SP ID="P26_SP00028" HPOS="720" VPOS="420" WIDTH="16"/>
						<String ID="P26_ST00033" HPOS="736" VPOS="377" WIDTH="176" HEIGHT="31" CONTENT="comandante" WC="0.62" CC="0475700642"/>
						<SP ID="P26_SP00029" HPOS="912" VPOS="420" WIDTH="16"/>
						<String ID="P26_ST00034" HPOS="928" VPOS="378" WIDTH="14" HEIGHT="30" CONTENT="á" WC="1.00" CC="0"/>
						<SP ID="P26_SP00030" HPOS="942" VPOS="420" WIDTH="17"/>
						<String ID="P26_ST00035" HPOS="959" VPOS="377" WIDTH="81" HEIGHT="30" CONTENT="tierra" WC="0.84" CC="200204"/>
						<SP ID="P26_SP00031" HPOS="1040" VPOS="420" WIDTH="16"/>
						<String ID="P26_ST00036" HPOS="1056" VPOS="376" WIDTH="40" HEIGHT="31" CONTENT="los" WC="0.91" CC="020"/>
						<SP ID="P26_SP00032" HPOS="1096" VPOS="420" WIDTH="15"/>
						<String ID="P26_ST00037" HPOS="1111" VPOS="381" WIDTH="69" HEIGHT="26" CONTENT="tam" SUBS_TYPE="HypPart1" SUBS_CONTENT="tambores" WC="0.56" CC="1375"/>
						<HYP CONTENT="-"/>
					</TextLine>
					<TextLine ID="P26_TL00006" HPOS="150" VPOS="432" WIDTH="1027" HEIGHT="44">
						<String ID="P26_ST00038" HPOS="150" VPOS="437" WIDTH="78" HEIGHT="30" CONTENT="bores" SUBS_TYPE="HypPart2" SUBS_CONTENT="tambores" WC="0.77" CC="20305"/>
						<SP ID="P26_SP00033" HPOS="228" VPOS="467" WIDTH="13"/>
						<String ID="P26_ST00039" HPOS="241" VPOS="437" WIDTH="14" HEIGHT="29" CONTENT="á" WC="1.00" CC="0"/>
						<SP ID="P26_SP00034" HPOS="255" VPOS="467" WIDTH="18"/>
						<String ID="P26_ST00040" HPOS="273" VPOS="442" WIDTH="70" HEIGHT="25" CONTENT="tocar" WC="0.71" CC="53040"/>
						<SP ID="P26_SP00035" HPOS="343" VPOS="467" WIDTH="12"/>
						<String ID="P26_ST00041" HPOS="355" VPOS="436" WIDTH="124" HEIGHT="33" CONTENT="llamada," WC="0.72" CC="04145050"/>
						<SP ID="P26_SP00036" HPOS="479" VPOS="469" WIDTH="15"/>
						<String ID="P26_ST00042" HPOS="494" VPOS="446" WIDTH="16" HEIGHT="30" CONTENT="y" WC="1.00" CC="0"/>
						<SP ID="P26_SP00037" HPOS="510" VPOS="476" WIDTH="16"/>
						<String ID="P26_ST00043" HPOS="526" VPOS="434" WIDTH="215" HEIGHT="42" CONTENT="comparecieron" WC="0.79" CC="0500440030071"/>
						<SP ID="P26_SP00038" HPOS="741" VPOS="476" WIDTH="17"/>
						<String ID="P26_ST00044" HPOS="758" VPOS="433" WIDTH="75" HEIGHT="31" CONTENT="todos" WC="0.64" CC="26052"/>
						<SP ID="P26_SP00039" HPOS="833" VPOS="476" WIDTH="16"/>
						<String ID="P26_ST00045" HPOS="849" VPOS="439" WIDTH="108" HEIGHT="36" CONTENT="esceplo" WC="0.92" CC="0500000"/>
						<SP ID="P26_SP00040" HPOS="957" VPOS="476" WIDTH="17"/>
						<String ID="P26_ST00046" HPOS="974" VPOS="444" WIDTH="34" HEIGHT="20" CONTENT="un" WC="0.48" CC="63"/>
						<SP ID="P26_SP00041" HPOS="1008" VPOS="476" WIDTH="18"/>
						<String ID="P26_ST00047" HPOS="1026" VPOS="432" WIDTH="69" HEIGHT="32" CONTENT="cabo" WC="0.75" CC="0306"/>
						<SP ID="P26_SP00042" HPOS="1095" VPOS="476" WIDTH="13"/>
						<String ID="P26_ST00048" HPOS="1108" VPOS="443" WIDTH="69" HEIGHT="32" CONTENT="que," WC="1.00" CC="0000"/>
					</TextLine>
					<TextLine ID="P26_TL00007" HPOS="150" VPOS="490" WIDTH="1028" HEIGHT="43">
						<String ID="P26_ST00049" HPOS="150" VPOS="504" WIDTH="33" HEIGHT="20" CONTENT="en" WC="0.53" CC="17"/>
						<SP ID="P26_SP00043" HPOS="183" VPOS="524" WIDTH="17"/>
						<String ID="P26_ST00050" HPOS="200" VPOS="494" WIDTH="23" HEIGHT="30" CONTENT="la" WC="0.40" CC="56"/>
						<SP ID="P26_SP00044" HPOS="223" VPOS="524" WIDTH="15"/>
						<String ID="P26_ST00051" HPOS="238" VPOS="493" WIDTH="66" HEIGHT="31" CONTENT="mala" WC="0.63" CC="5440"/>
						<SP ID="P26_SP00045" HPOS="304" VPOS="524" WIDTH="13"/>
						<String ID="P26_ST00052" HPOS="317" VPOS="493" WIDTH="170" HEIGHT="40" CONTENT="inteligencia" WC="0.85" CC="260000017000"/>
						<SP ID="P26_SP00046" HPOS="487" VPOS="533" WIDTH="22"/>
						<String ID="P26_ST00053" HPOS="509" VPOS="492" WIDTH="32" HEIGHT="30" CONTENT="de" WC="1.00" CC="00"/>
						<SP ID="P26_SP00047" HPOS="541" VPOS="533" WIDTH="16"/>
						<String ID="P26_ST00054" HPOS="557" VPOS="502" WIDTH="52" HEIGHT="31" CONTENT="que" WC="0.86" CC="040"/>
						<SP ID="P26_SP00048" HPOS="609" VPOS="533" WIDTH="16"/>
						<String ID="P26_ST00055" HPOS="625" VPOS="502" WIDTH="33" HEIGHT="19" CONTENT="no" WC="0.34" CC="75"/>
						<SP ID="P26_SP00049" HPOS="658" VPOS="533" WIDTH="13"/>
						<String ID="P26_ST00056" HPOS="671" VPOS="491" WIDTH="125" HEIGHT="30" CONTENT="salíamos" WC="0.67" CC="45002740"/>
						<SP ID="P26_SP00050" HPOS="796" VPOS="533" WIDTH="12"/>
						<String ID="P26_ST00057" HPOS="808" VPOS="501" WIDTH="52" HEIGHT="20" CONTENT="aun" WC="0.48" CC="284"/>
						<SP ID="P26_SP00051" HPOS="860" VPOS="533" WIDTH="21"/>
						<String ID="P26_ST00058" HPOS="881" VPOS="491" WIDTH="80" HEIGHT="40" CONTENT="aquel" WC="0.91" CC="00300"/>
						<SP ID="P26_SP00052" HPOS="961" VPOS="533" WIDTH="13"/>
						<String ID="P26_ST00059" HPOS="974" VPOS="491" WIDTH="57" HEIGHT="36" CONTENT="dia," WC="0.52" CC="9072"/>
						<SP ID="P26_SP00053" HPOS="1031" VPOS="533" WIDTH="22"/>
						<String ID="P26_ST00060" HPOS="1053" VPOS="502" WIDTH="29" HEIGHT="19" CONTENT="se" WC="1.00" CC="00"/>
						<SP ID="P26_SP00054" HPOS="1082" VPOS="533" WIDTH="16"/>
						<String ID="P26_ST00061" HPOS="1098" VPOS="490" WIDTH="80" HEIGHT="31" CONTENT="habia" WC="0.66" CC="63060"/>
					</TextLine>
					<TextLine ID="P26_TL00008" HPOS="150" VPOS="548" WIDTH="496" HEIGHT="42">
						<String ID="P26_ST00062" HPOS="150" VPOS="550" WIDTH="137" HEIGHT="31" CONTENT="internado" WC="0.79" CC="031003603"/>
						<SP ID="P26_SP00055" HPOS="287" VPOS="581" WIDTH="17"/>
						<String ID="P26_ST00063" HPOS="304" VPOS="561" WIDTH="15" HEIGHT="29" CONTENT="y" WC="1.00" CC="0"/>
						<SP ID="P26_SP00056" HPOS="319" VPOS="590" WIDTH="18"/>
						<String ID="P26_ST00064" HPOS="337" VPOS="550" WIDTH="113" HEIGHT="30" CONTENT="tuvimos" WC="0.61" CC="4500853"/>
						<SP ID="P26_SP00057" HPOS="450" VPOS="590" WIDTH="17"/>
						<String ID="P26_ST00065" HPOS="467" VPOS="560" WIDTH="52" HEIGHT="30" CONTENT="que" WC="0.73" CC="017"/>
						<SP ID="P26_SP00058" HPOS="519" VPOS="590" WIDTH="16"/>
						<String ID="P26_ST00066" HPOS="535" VPOS="548" WIDTH="111" HEIGHT="42" CONTENT="dejarle." WC="0.98" CC="00010000"/>
					</TextLine>
				</TextBlock>
				<TextBlock ID="P26_TB00004" HPOS="148" VPOS="605" WIDTH="1029" HEIGHT="268" STYLEREFS="TXT_1 PAR_LEFT">
					<TextLine ID="P26_TL00009" HPOS="190" VPOS="605" WIDTH="987" HEIGHT="42">
						<String ID="P26_ST00067" HPOS="190" VPOS="609" WIDTH="51" HEIGHT="28" CONTENT="Por" WC="0.64" CC="234"/>
						<SP ID="P26_SP00059" HPOS="241" VPOS="637" WIDTH="15"/>
						<String ID="P26_ST00068" HPOS="256" VPOS="609" WIDTH="33" HEIGHT="27" CONTENT="fin" WC="0.79" CC="113"/>
						<SP ID="P26_SP00060" HPOS="289" VPOS="637" WIDTH="13"/>
						<String ID="P26_ST00069" HPOS="302" VPOS="618" WIDTH="48" HEIGHT="19" CONTENT="nos" WC="0.72" CC="601"/>
						<SP ID="P26_SP00061" HPOS="350" VPOS="637" WIDTH="16"/>
						<String ID="P26_ST00070" HPOS="366" VPOS="606" WIDTH="170" HEIGHT="41" CONTENT="despedimos" WC="0.82" CC="0030000552"/>
						<SP ID="P26_SP00062" HPOS="536" VPOS="647" WIDTH="16"/>
						<String ID="P26_ST00071" HPOS="552" VPOS="606" WIDTH="32" HEIGHT="30" CONTENT="de" WC="0.65" CC="06"/>
						<SP ID="P26_SP00063" HPOS="584" VPOS="647" WIDTH="16"/>
						<String ID="P26_ST00072" HPOS="600" VPOS="607" WIDTH="38" HEIGHT="29" CONTENT="las" WC="0.88" CC="003"/>
						<SP ID="P26_SP00064" HPOS="638" VPOS="647" WIDTH="20"/>
						<String ID="P26_ST00073" HPOS="658" VPOS="606" WIDTH="103" HEIGHT="30" CONTENT="buenas" WC="0.71" CC="430701"/>
						<SP ID="P26_SP00065" HPOS="761" VPOS="647" WIDTH="25"/>
						<String ID="P26_ST00074" HPOS="786" VPOS="615" WIDTH="128" HEIGHT="32" CONTENT="personas" WC="0.67" CC="00454064"/>
						<SP ID="P26_SP00066" HPOS="914" VPOS="647" WIDTH="26"/>
						<String ID="P26_ST00075" HPOS="940" VPOS="615" WIDTH="53" HEIGHT="32" CONTENT="que" WC="0.76" CC="070"/>
						<SP ID="P26_SP00067" HPOS="993" VPOS="647" WIDTH="25"/>
						<String ID="P26_ST00076" HPOS="1018" VPOS="605" WIDTH="122" HEIGHT="31" CONTENT="tuvieron" WC="0.67" CC="75020306"/>
						<SP ID="P26_SP00068" HPOS="1140" VPOS="647" WIDTH="13"/>
						<String ID="P26_ST00077" HPOS="1153" VPOS="605" WIDTH="24" HEIGHT="31" CONTENT="la" WC="0.67" CC="60"/>
					</TextLine>
					<TextLine ID="P26_TL00010" HPOS="149" VPOS="662" WIDTH="1028" HEIGHT="42">
						<String ID="P26_ST00078" HPOS="149" VPOS="663" WIDTH="161" HEIGHT="31" CONTENT="amabilidad" WC="0.83" CC="0523000050"/>
						<SP ID="P26_SP00069" HPOS="310" VPOS="694" WIDTH="16"/>
						<String ID="P26_ST00079" HPOS="326" VPOS="663" WIDTH="32" HEIGHT="30" CONTENT="de" WC="1.00" CC="00"/>
						<SP ID="P26_SP00070" HPOS="358" VPOS="694" WIDTH="13"/>
						<String ID="P26_ST00080" HPOS="371" VPOS="668" WIDTH="207" HEIGHT="36" CONTENT="acompañarnos" WC="0.64" CC="400105564616"/>
						<SP ID="P26_SP00071" HPOS="578" VPOS="704" WIDTH="22"/>
						<String ID="P26_ST00081" HPOS="600" VPOS="673" WIDTH="48" HEIGHT="30" CONTENT="por" WC="0.80" CC="050"/>
						<SP ID="P26_SP00072" HPOS="648" VPOS="704" WIDTH="13"/>
						<String ID="P26_ST00082" HPOS="661" VPOS="662" WIDTH="74" HEIGHT="30" CONTENT="todas" WC="0.92" CC="04000"/>
						<SP ID="P26_SP00073" HPOS="735" VPOS="704" WIDTH="16"/>
						<String ID="P26_ST00083" HPOS="751" VPOS="668" WIDTH="100" HEIGHT="35" CONTENT="partes," WC="0.88" CC="0106000"/>
						<SP ID="P26_SP00074" HPOS="851" VPOS="704" WIDTH="13"/>
						<String ID="P26_ST00084" HPOS="864" VPOS="673" WIDTH="17" HEIGHT="30" CONTENT="y" WC="1.00" CC="0"/>
						<SP ID="P26_SP00075" HPOS="881" VPOS="704" WIDTH="16"/>
						<String ID="P26_ST00085" HPOS="897" VPOS="672" WIDTH="49" HEIGHT="20" CONTENT="con" WC="0.59" CC="056"/>
						<SP ID="P26_SP00076" HPOS="946" VPOS="704" WIDTH="28"/>
						<String ID="P26_ST00086" HPOS="974" VPOS="662" WIDTH="25" HEIGHT="29" CONTENT="la" WC="0.86" CC="02"/>
						<SP ID="P26_SP00077" HPOS="999" VPOS="704" WIDTH="24"/>
						<String ID="P26_ST00087" HPOS="1023" VPOS="663" WIDTH="105" HEIGHT="29" CONTENT="música" WC="0.69" CC="645200"/>
						<SP ID="P26_SP00078" HPOS="1128" VPOS="704" WIDTH="16"/>
						<String ID="P26_ST00088" HPOS="1144" VPOS="673" WIDTH="33" HEIGHT="20" CONTENT="en" WC="0.70" CC="05"/>
					</TextLine>
					<TextLine ID="P26_TL00011" HPOS="148" VPOS="719" WIDTH="1029" HEIGHT="41">
						<String ID="P26_ST00089" HPOS="148" VPOS="731" WIDTH="35" HEIGHT="20" CONTENT="un" WC="0.29" CC="76"/>
						<SP ID="P26_SP00079" HPOS="183" VPOS="751" WIDTH="23"/>
						<String ID="P26_ST00090" HPOS="206" VPOS="720" WIDTH="72" HEIGHT="36" CONTENT="bote," WC="0.70" CC="23702"/>
						<SP ID="P26_SP00080" HPOS="278" VPOS="756" WIDTH="24"/>
						<String ID="P26_ST00091" HPOS="302" VPOS="730" WIDTH="75" HEIGHT="20" CONTENT="como" WC="0.82" CC="0700"/>
						<SP ID="P26_SP00081" HPOS="377" VPOS="756" WIDTH="17"/>
						<String ID="P26_ST00092" HPOS="394" VPOS="730" WIDTH="27" HEIGHT="20" CONTENT="se" WC="0.74" CC="50"/>
						<SP ID="P26_SP00082" HPOS="421" VPOS="756" WIDTH="16"/>
						<String ID="P26_ST00093" HPOS="437" VPOS="719" WIDTH="170" HEIGHT="31" CONTENT="acostumbra" WC="0.71" CC="0056057040"/>
						<SP ID="P26_SP00083" HPOS="607" VPOS="756" WIDTH="23"/>
						<String ID="P26_ST00094" HPOS="630" VPOS="719" WIDTH="62" HEIGHT="35" CONTENT="allá," WC="0.80" CC="70200"/>
						<SP ID="P26_SP00084" HPOS="692" VPOS="756" WIDTH="16"/>
						<String ID="P26_ST00095" HPOS="708" VPOS="719" WIDTH="130" HEIGHT="30" CONTENT="haciendo" WC="0.80" CC="70000205"/>
						<SP ID="P26_SP00085" HPOS="838" VPOS="756" WIDTH="18"/>
						<String ID="P26_ST00096" HPOS="856" VPOS="729" WIDTH="109" HEIGHT="21" CONTENT="resonar" WC="0.74" CC="0065050"/>
						<SP ID="P26_SP00086" HPOS="965" VPOS="756" WIDTH="20"/>
						<String ID="P26_ST00097" HPOS="985" VPOS="730" WIDTH="50" HEIGHT="30" CONTENT="por" WC="0.71" CC="052"/>
						<SP ID="P26_SP00087" HPOS="1035" VPOS="760" WIDTH="16"/>
						<String ID="P26_ST00098" HPOS="1051" VPOS="719" WIDTH="40" HEIGHT="31" CONTENT="los" WC="0.84" CC="040"/>
						<SP ID="P26_SP00088" HPOS="1091" VPOS="760" WIDTH="15"/>
						<String ID="P26_ST00099" HPOS="1106" VPOS="719" WIDTH="71" HEIGHT="31" CONTENT="aires" WC="0.97" CC="00100"/>
					</TextLine>
					<TextLine ID="P26_TL00012" HPOS="148" VPOS="775" WIDTH="1026" HEIGHT="43">
						<String ID="P26_ST00100" HPOS="148" VPOS="777" WIDTH="104" HEIGHT="41" CONTENT="alegres" WC="0.86" CC="0500004"/>
						<SP ID="P26_SP00089" HPOS="252" VPOS="818" WIDTH="15"/>
						<String ID="P26_ST00101" HPOS="267" VPOS="782" WIDTH="107" HEIGHT="30" CONTENT="tócalas," WC="0.74" CC="34050240"/>
						<SP ID="P26_SP00090" HPOS="374" VPOS="818" WIDTH="20"/>
						<String ID="P26_ST00102" HPOS="394" VPOS="777" WIDTH="131" HEIGHT="40" CONTENT="principió" WC="0.79" CC="030610006"/>
						<SP ID="P26_SP00091" HPOS="525" VPOS="818" WIDTH="12"/>
						<String ID="P26_ST00103" HPOS="537" VPOS="776" WIDTH="22" HEIGHT="30" CONTENT="la" WC="0.59" CC="26"/>
						<SP ID="P26_SP00092" HPOS="559" VPOS="818" WIDTH="17"/>
						<String ID="P26_ST00104" HPOS="576" VPOS="776" WIDTH="125" HEIGHT="41" CONTENT="máquina" WC="0.54" CC="7046435"/>
						<SP ID="P26_SP00093" HPOS="701" VPOS="818" WIDTH="16"/>
						<String ID="P26_ST00105" HPOS="717" VPOS="777" WIDTH="14" HEIGHT="28" CONTENT="á" WC="1.00" CC="0"/>
						<SP ID="P26_SP00094" HPOS="731" VPOS="818" WIDTH="14"/>
						<String ID="P26_ST00106" HPOS="745" VPOS="775" WIDTH="138" HEIGHT="31" CONTENT="funcionar" WC="0.81" CC="045002103"/>
						<String ID="P26_ST00107" HPOS="896" VPOS="788" WIDTH="6" HEIGHT="24" CONTENT=";" WC="1.00" CC="0"/>
						<SP ID="P26_SP00095" HPOS="902" VPOS="818" WIDTH="19"/>
						<String ID="P26_ST00108" HPOS="921" VPOS="786" WIDTH="18" HEIGHT="31" CONTENT="y" WC="1.00" CC="0"/>
						<SP ID="P26_SP00096" HPOS="939" VPOS="818" WIDTH="16"/>
						<String ID="P26_ST00109" HPOS="955" VPOS="775" WIDTH="158" HEIGHT="32" CONTENT="saludamos" WC="0.67" CC="454000743"/>
						<SP ID="P26_SP00097" HPOS="1113" VPOS="818" WIDTH="12"/>
						<String ID="P26_ST00110" HPOS="1125" VPOS="787" WIDTH="49" HEIGHT="20" CONTENT="con" WC="0.60" CC="056"/>
					</TextLine>
					<TextLine ID="P26_TL00013" HPOS="148" VPOS="832" WIDTH="1024" HEIGHT="41">
						<String ID="P26_ST00111" HPOS="148" VPOS="839" WIDTH="121" HEIGHT="25" CONTENT="nuestras" WC="0.54" CC="35754134"/>
						<SP ID="P26_SP00098" HPOS="269" VPOS="864" WIDTH="16"/>
						<String ID="P26_ST00112" HPOS="285" VPOS="833" WIDTH="131" HEIGHT="30" CONTENT="banderas" WC="0.78" CC="00600226"/>
						<SP ID="P26_SP00099" HPOS="416" VPOS="864" WIDTH="13"/>
						<String ID="P26_ST00113" HPOS="429" VPOS="844" WIDTH="15" HEIGHT="29" CONTENT="y" WC="1.00" CC="0"/>
						<SP ID="P26_SP00100" HPOS="444" VPOS="873" WIDTH="16"/>
						<String ID="P26_ST00114" HPOS="460" VPOS="843" WIDTH="49" HEIGHT="20" CONTENT="con" WC="0.75" CC="024"/>
						<SP ID="P26_SP00101" HPOS="509" VPOS="873" WIDTH="21"/>
						<String ID="P26_ST00115" HPOS="530" VPOS="838" WIDTH="52" HEIGHT="24" CONTENT="tres" WC="0.82" CC="6000"/>
						<SP ID="P26_SP00102" HPOS="582" VPOS="873" WIDTH="16"/>
						<String ID="P26_ST00116" HPOS="598" VPOS="832" WIDTH="94" HEIGHT="30" CONTENT="burras" WC="0.50" CC="661445"/>
						<SP ID="P26_SP00103" HPOS="692" VPOS="873" WIDTH="17"/>
						<String ID="P26_ST00117" HPOS="709" VPOS="833" WIDTH="32" HEIGHT="29" CONTENT="de" WC="0.40" CC="92"/>
						<SP ID="P26_SP00104" HPOS="741" VPOS="873" WIDTH="16"/>
						<String ID="P26_ST00118" HPOS="757" VPOS="832" WIDTH="24" HEIGHT="30" CONTENT="la" WC="0.96" CC="00"/>
						<SP ID="P26_SP00105" HPOS="781" VPOS="873" WIDTH="21"/>
						<String ID="P26_ST00119" HPOS="802" VPOS="837" WIDTH="85" HEIGHT="36" CONTENT="tropa," WC="0.60" CC="654060"/>
						<SP ID="P26_SP00106" HPOS="887" VPOS="873" WIDTH="20"/>
						<String ID="P26_ST00120" HPOS="907" VPOS="833" WIDTH="103" HEIGHT="40" CONTENT="amigos" WC="0.70" CC="163060"/>
						<SP ID="P26_SP00107" HPOS="1010" VPOS="873" WIDTH="17"/>
						<String ID="P26_ST00121" HPOS="1027" VPOS="844" WIDTH="16" HEIGHT="29" CONTENT="y" WC="1.00" CC="0"/>
						<SP ID="P26_SP00108" HPOS="1043" VPOS="873" WIDTH="17"/>
						<String ID="P26_ST00122" HPOS="1060" VPOS="833" WIDTH="112" HEIGHT="31" CONTENT="aliados." WC="0.79" CC="04620200"/>
					</TextLine>
				</TextBlock>
				<TextBlock ID="P26_TB00005" HPOS="143" VPOS="888" WIDTH="1030" HEIGHT="604" STYLEREFS="TXT_1 PAR_LEFT">
					<TextLine ID="P26_TL00014" HPOS="190" VPOS="888" WIDTH="982" HEIGHT="41">
						<String ID="P26_ST00123" HPOS="190" VPOS="891" WIDTH="51" HEIGHT="29" CONTENT="Los" WC="0.63" CC="550"/>
						<SP ID="P26_SP00109" HPOS="241" VPOS="920" WIDTH="11"/>
						<String ID="P26_ST00124" HPOS="252" VPOS="890" WIDTH="115" HEIGHT="30" CONTENT="oficiales" WC="0.88" CC="500001004"/>
						<SP ID="P26_SP00110" HPOS="367" VPOS="920" WIDTH="14"/>
						<String ID="P26_ST00125" HPOS="381" VPOS="900" WIDTH="52" HEIGHT="29" CONTENT="que" WC="0.67" CC="054"/>
						<SP ID="P26_SP00111" HPOS="433" VPOS="929" WIDTH="22"/>
						<String ID="P26_ST00126" HPOS="455" VPOS="889" WIDTH="175" HEIGHT="36" CONTENT="llevábamos," WC="0.78" CC="00000435432"/>
						<SP ID="P26_SP00112" HPOS="630" VPOS="929" WIDTH="18"/>
						<String ID="P26_ST00127" HPOS="648" VPOS="888" WIDTH="97" HEIGHT="30" CONTENT="habían" WC="0.58" CC="656060"/>
						<SP ID="P26_SP00113" HPOS="745" VPOS="929" WIDTH="13"/>
						<String ID="P26_ST00128" HPOS="758" VPOS="888" WIDTH="120" HEIGHT="30" CONTENT="invitado" WC="0.87" CC="03004001"/>
						<SP ID="P26_SP00114" HPOS="878" VPOS="929" WIDTH="24"/>
						<String ID="P26_ST00129" HPOS="902" VPOS="889" WIDTH="23" HEIGHT="29" CONTENT="el" WC="0.67" CC="42"/>
						<SP ID="P26_SP00115" HPOS="925" VPOS="929" WIDTH="24"/>
						<String ID="P26_ST00130" HPOS="949" VPOS="889" WIDTH="44" HEIGHT="30" CONTENT="dia" WC="1.00" CC="000"/>
						<SP ID="P26_SP00116" HPOS="993" VPOS="929" WIDTH="23"/>
						<String ID="P26_ST00131" HPOS="1016" VPOS="890" WIDTH="117" HEIGHT="30" CONTENT="anterior" WC="0.66" CC="05504532"/>
						<SP ID="P26_SP00117" HPOS="1133" VPOS="929" WIDTH="15"/>
						<String ID="P26_ST00132" HPOS="1148" VPOS="890" WIDTH="24" HEIGHT="30" CONTENT="al" WC="0.54" CC="53"/>
					</TextLine>
					<TextLine ID="P26_TL00015" HPOS="147" VPOS="945" WIDTH="1026" HEIGHT="43">
						<String ID="P26_ST00133" HPOS="147" VPOS="948" WIDTH="104" HEIGHT="40" CONTENT="capitán" WC="0.65" CC="0500747"/>
						<SP ID="P26_SP00118" HPOS="251" VPOS="988" WIDTH="24"/>
						<String ID="P26_ST00134" HPOS="275" VPOS="945" WIDTH="131" HEIGHT="31" CONTENT="Mercadal" WC="0.84" CC="04300031"/>
						<SP ID="P26_SP00119" HPOS="406" VPOS="988" WIDTH="24"/>
						<String ID="P26_ST00135" HPOS="430" VPOS="946" WIDTH="13" HEIGHT="30" CONTENT="á" WC="1.00" CC="0"/>
						<SP ID="P26_SP00120" HPOS="443" VPOS="988" WIDTH="20"/>
						<String ID="P26_ST00136" HPOS="463" VPOS="955" WIDTH="52" HEIGHT="20" CONTENT="una" WC="0.40" CC="853"/>
						<SP ID="P26_SP00121" HPOS="515" VPOS="988" WIDTH="12"/>
						<String ID="P26_ST00137" HPOS="527" VPOS="945" WIDTH="157" HEIGHT="40" CONTENT="espléndida" WC="0.71" CC="0600270505"/>
						<SP ID="P26_SP00122" HPOS="684" VPOS="988" WIDTH="23"/>
						<String ID="P26_ST00138" HPOS="707" VPOS="945" WIDTH="103" HEIGHT="30" CONTENT="comida" WC="0.73" CC="056103"/>
						<SP ID="P26_SP00123" HPOS="810" VPOS="988" WIDTH="17"/>
						<String ID="P26_ST00139" HPOS="827" VPOS="956" WIDTH="32" HEIGHT="19" CONTENT="en" WC="0.65" CC="07"/>
						<SP ID="P26_SP00124" HPOS="859" VPOS="988" WIDTH="19"/>
						<String ID="P26_ST00140" HPOS="878" VPOS="945" WIDTH="22" HEIGHT="30" CONTENT="el" WC="0.59" CC="34"/>
						<SP ID="P26_SP00125" HPOS="900" VPOS="988" WIDTH="28"/>
						<String ID="P26_ST00141" HPOS="928" VPOS="945" WIDTH="89" HEIGHT="31" CONTENT="Hotel." WC="0.46" CC="646552"/>
						<SP ID="P26_SP00126" HPOS="1017" VPOS="988" WIDTH="16"/>
						<String ID="P26_ST00142" HPOS="1033" VPOS="945" WIDTH="140" HEIGHT="33" CONTENT="Habiendo" WC="0.52" CC="65050776"/>
					</TextLine>
					<TextLine ID="P26_TL00016" HPOS="146" VPOS="1001" WIDTH="1026" HEIGHT="43">
						<String ID="P26_ST00143" HPOS="146" VPOS="1003" WIDTH="106" HEIGHT="30" CONTENT="hallado" WC="0.52" CC="7346505"/>
						<SP ID="P26_SP00127" HPOS="252" VPOS="1033" WIDTH="13"/>
						<String ID="P26_ST00144" HPOS="265" VPOS="1003" WIDTH="24" HEIGHT="30" CONTENT="la" WC="0.86" CC="02"/>
						<SP ID="P26_SP00128" HPOS="289" VPOS="1033" WIDTH="13"/>
						<String ID="P26_ST00145" HPOS="302" VPOS="1004" WIDTH="137" HEIGHT="40" CONTENT="compañía" WC="0.73" CC="01602704"/>
						<SP ID="P26_SP00129" HPOS="439" VPOS="1044" WIDTH="13"/>
						<String ID="P26_ST00146" HPOS="452" VPOS="1001" WIDTH="33" HEIGHT="31" CONTENT="de" WC="0.95" CC="01"/>
						<SP ID="P26_SP00130" HPOS="485" VPOS="1044" WIDTH="11"/>
						<String ID="P26_ST00147" HPOS="496" VPOS="1001" WIDTH="48" HEIGHT="31" CONTENT="dos" WC="0.65" CC="036"/>
						<SP ID="P26_SP00131" HPOS="544" VPOS="1044" WIDTH="12"/>
						<String ID="P26_ST00148" HPOS="556" VPOS="1001" WIDTH="117" HEIGHT="31" CONTENT="oficiales" WC="0.88" CC="500005000"/>
						<SP ID="P26_SP00132" HPOS="673" VPOS="1044" WIDTH="23"/>
						<String ID="P26_ST00149" HPOS="696" VPOS="1001" WIDTH="117" HEIGHT="41" CONTENT="ingleses" WC="0.79" CC="26040300"/>
						<SP ID="P26_SP00133" HPOS="813" VPOS="1044" WIDTH="17"/>
						<String ID="P26_ST00150" HPOS="830" VPOS="1012" WIDTH="51" HEIGHT="30" CONTENT="que" WC="0.90" CC="030"/>
						<SP ID="P26_SP00134" HPOS="881" VPOS="1044" WIDTH="26"/>
						<String ID="P26_ST00151" HPOS="907" VPOS="1002" WIDTH="135" HEIGHT="31" CONTENT="hablaban" WC="0.77" CC="20060044"/>
						<SP ID="P26_SP00135" HPOS="1042" VPOS="1044" WIDTH="14"/>
						<String ID="P26_ST00152" HPOS="1056" VPOS="1002" WIDTH="116" HEIGHT="37" CONTENT="francés," WC="0.76" CC="07070030"/>
					</TextLine>
					<TextLine ID="P26_TL00017" HPOS="145" VPOS="1059" WIDTH="1028" HEIGHT="42">
						<String ID="P26_ST00153" HPOS="145" VPOS="1061" WIDTH="124" HEIGHT="30" CONTENT="trabaron" WC="0.67" CC="03107443"/>
						<SP ID="P26_SP00136" HPOS="269" VPOS="1091" WIDTH="14"/>
						<String ID="P26_ST00154" HPOS="283" VPOS="1060" WIDTH="111" HEIGHT="30" CONTENT="amistad" WC="0.61" CC="0607840"/>
						<SP ID="P26_SP00137" HPOS="394" VPOS="1091" WIDTH="14"/>
						<String ID="P26_ST00155" HPOS="408" VPOS="1070" WIDTH="48" HEIGHT="20" CONTENT="con" WC="1.00" CC="000"/>
						<SP ID="P26_SP00138" HPOS="456" VPOS="1091" WIDTH="13"/>
						<String ID="P26_ST00156" HPOS="469" VPOS="1060" WIDTH="77" HEIGHT="35" CONTENT="ellos," WC="0.79" CC="050060"/>
						<SP ID="P26_SP00139" HPOS="546" VPOS="1095" WIDTH="14"/>
						<String ID="P26_ST00157" HPOS="560" VPOS="1070" WIDTH="16" HEIGHT="30" CONTENT="y" WC="1.00" CC="0"/>
						<SP ID="P26_SP00140" HPOS="576" VPOS="1100" WIDTH="17"/>
						<String ID="P26_ST00158" HPOS="593" VPOS="1059" WIDTH="39" HEIGHT="30" CONTENT="los" WC="0.66" CC="324"/>
						<SP ID="P26_SP00141" HPOS="632" VPOS="1100" WIDTH="14"/>
						<String ID="P26_ST00159" HPOS="646" VPOS="1064" WIDTH="195" HEIGHT="36" CONTENT="acompañaron" WC="0.61" CC="60460044626"/>
						<SP ID="P26_SP00142" HPOS="841" VPOS="1100" WIDTH="14"/>
						<String ID="P26_ST00160" HPOS="855" VPOS="1061" WIDTH="14" HEIGHT="28" CONTENT="á" WC="1.00" CC="0"/>
						<SP ID="P26_SP00143" HPOS="869" VPOS="1100" WIDTH="14"/>
						<String ID="P26_ST00161" HPOS="883" VPOS="1070" WIDTH="122" HEIGHT="20" CONTENT="recorrer" WC="0.70" CC="00052527"/>
						<SP ID="P26_SP00144" HPOS="1005" VPOS="1100" WIDTH="15"/>
						<String ID="P26_ST00162" HPOS="1020" VPOS="1072" WIDTH="48" HEIGHT="29" CONTENT="por" WC="0.81" CC="050"/>
						<SP ID="P26_SP00145" HPOS="1068" VPOS="1101" WIDTH="14"/>
						<String ID="P26_ST00163" HPOS="1082" VPOS="1062" WIDTH="91" HEIGHT="30" CONTENT="curio" SUBS_TYPE="HypPart1" SUBS_CONTENT="curiosidad" WC="0.70" CC="041442"/>
						<HYP CONTENT="-"/>
					</TextLine>
					<TextLine ID="P26_TL00018" HPOS="148" VPOS="1114" WIDTH="1025" HEIGHT="43">
						<String ID="P26_ST00164" HPOS="148" VPOS="1116" WIDTH="75" HEIGHT="31" CONTENT="sidad" SUBS_TYPE="HypPart2" SUBS_CONTENT="curiosidad" WC="0.91" CC="00040"/>
						<SP ID="P26_SP00146" HPOS="223" VPOS="1147" WIDTH="16"/>
						<String ID="P26_ST00165" HPOS="239" VPOS="1116" WIDTH="39" HEIGHT="29" CONTENT="los" WC="0.69" CC="036"/>
						<SP ID="P26_SP00147" HPOS="278" VPOS="1147" WIDTH="24"/>
						<String ID="P26_ST00166" HPOS="302" VPOS="1115" WIDTH="130" HEIGHT="30" CONTENT="cuarteles" WC="0.74" CC="063060023"/>
						<SP ID="P26_SP00148" HPOS="432" VPOS="1147" WIDTH="14"/>
						<String ID="P26_ST00167" HPOS="446" VPOS="1126" WIDTH="15" HEIGHT="29" CONTENT="y" WC="1.00" CC="0"/>
						<SP ID="P26_SP00149" HPOS="461" VPOS="1155" WIDTH="23"/>
						<String ID="P26_ST00168" HPOS="484" VPOS="1115" WIDTH="92" HEIGHT="29" CONTENT="demás" WC="0.86" CC="00700"/>
						<SP ID="P26_SP00150" HPOS="576" VPOS="1155" WIDTH="22"/>
						<String ID="P26_ST00169" HPOS="598" VPOS="1114" WIDTH="118" HEIGHT="31" CONTENT="edificios" WC="0.90" CC="003000030"/>
						<SP ID="P26_SP00151" HPOS="716" VPOS="1155" WIDTH="27"/>
						<String ID="P26_ST00170" HPOS="743" VPOS="1115" WIDTH="142" HEIGHT="37" CONTENT="militares," WC="0.66" CC="7016620052"/>
						<SP ID="P26_SP00152" HPOS="885" VPOS="1155" WIDTH="26"/>
						<String ID="P26_ST00171" HPOS="911" VPOS="1116" WIDTH="165" HEIGHT="41" CONTENT="regresando" WC="0.92" CC="3100200000"/>
						<SP ID="P26_SP00153" HPOS="1076" VPOS="1157" WIDTH="23"/>
						<String ID="P26_ST00172" HPOS="1099" VPOS="1118" WIDTH="74" HEIGHT="31" CONTENT="todos" WC="0.65" CC="64060"/>
					</TextLine>
					<TextLine ID="P26_TL00019" HPOS="144" VPOS="1171" WIDTH="1027" HEIGHT="44">
						<String ID="P26_ST00173" HPOS="144" VPOS="1173" WIDTH="90" HEIGHT="41" CONTENT="juntos" WC="0.51" CC="026765"/>
						<SP ID="P26_SP00154" HPOS="234" VPOS="1214" WIDTH="19"/>
						<String ID="P26_ST00174" HPOS="253" VPOS="1173" WIDTH="14" HEIGHT="28" CONTENT="á" WC="1.00" CC="0"/>
						<SP ID="P26_SP00155" HPOS="267" VPOS="1214" WIDTH="15"/>
						<String ID="P26_ST00175" HPOS="282" VPOS="1171" WIDTH="84" HEIGHT="31" CONTENT="bordo" WC="0.76" CC="70004"/>
						<SP ID="P26_SP00156" HPOS="366" VPOS="1214" WIDTH="22"/>
						<String ID="P26_ST00176" HPOS="388" VPOS="1172" WIDTH="13" HEIGHT="29" CONTENT="á" WC="0.69" CC="3"/>
						<SP ID="P26_SP00157" HPOS="401" VPOS="1214" WIDTH="23"/>
						<String ID="P26_ST00177" HPOS="424" VPOS="1171" WIDTH="87" HEIGHT="30" CONTENT="media" WC="0.83" CC="12004"/>
						<SP ID="P26_SP00158" HPOS="511" VPOS="1214" WIDTH="22"/>
						<String ID="P26_ST00178" HPOS="533" VPOS="1171" WIDTH="94" HEIGHT="30" CONTENT="noche." WC="0.63" CC="660602"/>
						<SP ID="P26_SP00159" HPOS="627" VPOS="1214" WIDTH="21"/>
						<String ID="P26_ST00179" HPOS="648" VPOS="1171" WIDTH="51" HEIGHT="29" CONTENT="Allí" WC="0.79" CC="0530"/>
						<SP ID="P26_SP00160" HPOS="699" VPOS="1214" WIDTH="26"/>
						<String ID="P26_ST00180" HPOS="725" VPOS="1177" WIDTH="126" HEIGHT="25" CONTENT="entonces" WC="0.76" CC="06506000"/>
						<SP ID="P26_SP00161" HPOS="851" VPOS="1214" WIDTH="13"/>
						<String ID="P26_ST00181" HPOS="864" VPOS="1182" WIDTH="137" HEIGHT="27" CONTENT="cenamos," WC="0.71" CC="00756300"/>
						<SP ID="P26_SP00162" HPOS="1001" VPOS="1214" WIDTH="16"/>
						<String ID="P26_ST00182" HPOS="1017" VPOS="1175" WIDTH="154" HEIGHT="40" CONTENT="españoles," WC="0.70" CC="0404560052"/>
					</TextLine>
					<TextLine ID="P26_TL00020" HPOS="145" VPOS="1227" WIDTH="1028" HEIGHT="44">
						<String ID="P26_ST00183" HPOS="145" VPOS="1228" WIDTH="134" HEIGHT="31" CONTENT="franceses" WC="0.79" CC="060700500"/>
						<SP ID="P26_SP00163" HPOS="279" VPOS="1259" WIDTH="12"/>
						<String ID="P26_ST00184" HPOS="291" VPOS="1230" WIDTH="13" HEIGHT="29" CONTENT="é" WC="0.61" CC="3"/>
						<SP ID="P26_SP00164" HPOS="304" VPOS="1259" WIDTH="13"/>
						<String ID="P26_ST00185" HPOS="317" VPOS="1228" WIDTH="116" HEIGHT="41" CONTENT="ingleses" WC="0.68" CC="03904006"/>
						<SP ID="P26_SP00165" HPOS="433" VPOS="1269" WIDTH="17"/>
						<String ID="P26_ST00186" HPOS="450" VPOS="1227" WIDTH="97" HEIGHT="31" CONTENT="unidos" WC="0.85" CC="400040"/>
						<SP ID="P26_SP00166" HPOS="547" VPOS="1269" WIDTH="15"/>
						<String ID="P26_ST00187" HPOS="562" VPOS="1238" WIDTH="48" HEIGHT="20" CONTENT="con" WC="1.00" CC="000"/>
						<SP ID="P26_SP00167" HPOS="610" VPOS="1269" WIDTH="17"/>
						<String ID="P26_ST00188" HPOS="627" VPOS="1227" WIDTH="173" HEIGHT="38" CONTENT="fraternidad," WC="0.86" CC="201700320000"/>
						<SP ID="P26_SP00168" HPOS="800" VPOS="1269" WIDTH="19"/>
						<String ID="P26_ST00189" HPOS="819" VPOS="1240" WIDTH="18" HEIGHT="31" CONTENT="y" WC="1.00" CC="0"/>
						<SP ID="P26_SP00169" HPOS="837" VPOS="1271" WIDTH="15"/>
						<String ID="P26_ST00190" HPOS="852" VPOS="1229" WIDTH="121" HEIGHT="31" CONTENT="echando" WC="0.72" CC="3060504"/>
						<SP ID="P26_SP00170" HPOS="973" VPOS="1271" WIDTH="16"/>
						<String ID="P26_ST00191" HPOS="989" VPOS="1231" WIDTH="105" HEIGHT="31" CONTENT="buenos" WC="0.79" CC="740000"/>
						<SP ID="P26_SP00171" HPOS="1094" VPOS="1271" WIDTH="12"/>
						<String ID="P26_ST00192" HPOS="1106" VPOS="1243" WIDTH="67" HEIGHT="20" CONTENT="sor" SUBS_TYPE="HypPart1" SUBS_CONTENT="sorbos" WC="0.72" CC="3150"/>
						<HYP CONTENT="-"/>
					</TextLine>
					<TextLine ID="P26_TL00021" HPOS="145" VPOS="1284" WIDTH="1025" HEIGHT="43">
						<String ID="P26_ST00193" HPOS="145" VPOS="1285" WIDTH="49" HEIGHT="30" CONTENT="bos" SUBS_TYPE="HypPart2" SUBS_CONTENT="sorbos" WC="0.66" CC="630"/>
						<SP ID="P26_SP00172" HPOS="194" VPOS="1315" WIDTH="15"/>
						<String ID="P26_ST00194" HPOS="209" VPOS="1284" WIDTH="33" HEIGHT="31" CONTENT="de" WC="1.00" CC="00"/>
						<SP ID="P26_SP00173" HPOS="242" VPOS="1315" WIDTH="16"/>
						<String ID="P26_ST00195" HPOS="258" VPOS="1285" WIDTH="162" HEIGHT="41" CONTENT="Champaña," WC="0.60" CC="460790060"/>
						<SP ID="P26_SP00174" HPOS="420" VPOS="1326" WIDTH="17"/>
						<String ID="P26_ST00196" HPOS="437" VPOS="1284" WIDTH="146" HEIGHT="31" CONTENT="brindando" WC="0.80" CC="740600000"/>
						<SP ID="P26_SP00175" HPOS="583" VPOS="1326" WIDTH="17"/>
						<String ID="P26_ST00197" HPOS="600" VPOS="1295" WIDTH="48" HEIGHT="30" CONTENT="por" WC="0.90" CC="020"/>
						<SP ID="P26_SP00176" HPOS="648" VPOS="1326" WIDTH="15"/>
						<String ID="P26_ST00198" HPOS="663" VPOS="1285" WIDTH="24" HEIGHT="30" CONTENT="la" WC="0.96" CC="00"/>
						<SP ID="P26_SP00177" HPOS="687" VPOS="1326" WIDTH="22"/>
						<String ID="P26_ST00199" HPOS="709" VPOS="1286" WIDTH="81" HEIGHT="29" CONTENT="unión" WC="0.54" CC="77043"/>
						<SP ID="P26_SP00178" HPOS="790" VPOS="1326" WIDTH="12"/>
						<String ID="P26_ST00200" HPOS="802" VPOS="1285" WIDTH="33" HEIGHT="30" CONTENT="de" WC="1.00" CC="00"/>
						<SP ID="P26_SP00179" HPOS="835" VPOS="1326" WIDTH="19"/>
						<String ID="P26_ST00201" HPOS="854" VPOS="1286" WIDTH="41" HEIGHT="30" CONTENT="los" WC="0.81" CC="320"/>
						<SP ID="P26_SP00180" HPOS="895" VPOS="1326" WIDTH="16"/>
						<String ID="P26_ST00202" HPOS="911" VPOS="1287" WIDTH="123" HEIGHT="40" CONTENT="ejércitos" WC="0.74" CC="037005500"/>
						<SP ID="P26_SP00181" HPOS="1034" VPOS="1327" WIDTH="22"/>
						<String ID="P26_ST00203" HPOS="1056" VPOS="1288" WIDTH="114" HEIGHT="38" CONTENT="aliados," WC="0.83" CC="03050400"/>
					</TextLine>
					<TextLine ID="P26_TL00022" HPOS="145" VPOS="1340" WIDTH="1027" HEIGHT="42">
						<String ID="P26_ST00204" HPOS="145" VPOS="1352" WIDTH="48" HEIGHT="30" CONTENT="por" WC="0.69" CC="026"/>
						<SP ID="P26_SP00182" HPOS="193" VPOS="1382" WIDTH="13"/>
						<String ID="P26_ST00205" HPOS="206" VPOS="1341" WIDTH="22" HEIGHT="30" CONTENT="la" WC="0.46" CC="46"/>
						<SP ID="P26_SP00183" HPOS="228" VPOS="1382" WIDTH="22"/>
						<String ID="P26_ST00206" HPOS="250" VPOS="1347" WIDTH="92" HEIGHT="34" CONTENT="pronta" WC="0.77" CC="004071"/>
						<SP ID="P26_SP00184" HPOS="342" VPOS="1382" WIDTH="24"/>
						<String ID="P26_ST00207" HPOS="366" VPOS="1340" WIDTH="136" HEIGHT="30" CONTENT="rendición" WC="0.85" CC="402000051"/>
						<SP ID="P26_SP00185" HPOS="502" VPOS="1382" WIDTH="20"/>
						<String ID="P26_ST00208" HPOS="522" VPOS="1340" WIDTH="33" HEIGHT="30" CONTENT="de" WC="1.00" CC="00"/>
						<SP ID="P26_SP00186" HPOS="555" VPOS="1382" WIDTH="21"/>
						<String ID="P26_ST00209" HPOS="576" VPOS="1341" WIDTH="170" HEIGHT="41" CONTENT="Sebastopol," WC="0.73" CC="00506550050"/>
						<SP ID="P26_SP00187" HPOS="746" VPOS="1382" WIDTH="26"/>
						<String ID="P26_ST00210" HPOS="772" VPOS="1353" WIDTH="17" HEIGHT="29" CONTENT="y" WC="1.00" CC="0"/>
						<SP ID="P26_SP00188" HPOS="789" VPOS="1382" WIDTH="16"/>
						<String ID="P26_ST00211" HPOS="805" VPOS="1352" WIDTH="49" HEIGHT="30" CONTENT="por" WC="0.86" CC="030"/>
						<SP ID="P26_SP00189" HPOS="854" VPOS="1382" WIDTH="20"/>
						<String ID="P26_ST00212" HPOS="874" VPOS="1343" WIDTH="24" HEIGHT="30" CONTENT="el" WC="0.78" CC="04"/>
						<SP ID="P26_SP00190" HPOS="898" VPOS="1382" WIDTH="16"/>
						<String ID="P26_ST00213" HPOS="914" VPOS="1343" WIDTH="72" HEIGHT="31" CONTENT="buen" WC="0.82" CC="7000"/>
						<SP ID="P26_SP00191" HPOS="986" VPOS="1382" WIDTH="17"/>
						<String ID="P26_ST00214" HPOS="1003" VPOS="1345" WIDTH="82" HEIGHT="30" CONTENT="écsito" WC="0.68" CC="012652"/>
						<SP ID="P26_SP00192" HPOS="1085" VPOS="1382" WIDTH="14"/>
						<String ID="P26_ST00215" HPOS="1099" VPOS="1345" WIDTH="33" HEIGHT="31" CONTENT="de" WC="0.89" CC="02"/>
						<SP ID="P26_SP00193" HPOS="1132" VPOS="1382" WIDTH="16"/>
						<String ID="P26_ST00216" HPOS="1148" VPOS="1345" WIDTH="24" HEIGHT="31" CONTENT="la" WC="0.66" CC="06"/>
					</TextLine>
					<TextLine ID="P26_TL00023" HPOS="145" VPOS="1397" WIDTH="1027" HEIGHT="45">
						<String ID="P26_ST00217" HPOS="145" VPOS="1407" WIDTH="105" HEIGHT="30" CONTENT="guerra." WC="0.76" CC="0610350"/>
						<SP ID="P26_SP00194" HPOS="250" VPOS="1437" WIDTH="20"/>
						<String ID="P26_ST00218" HPOS="270" VPOS="1397" WIDTH="115" HEIGHT="30" CONTENT="Estando" WC="0.75" CC="0654100"/>
						<SP ID="P26_SP00195" HPOS="385" VPOS="1437" WIDTH="16"/>
						<String ID="P26_ST00219" HPOS="401" VPOS="1407" WIDTH="34" HEIGHT="20" CONTENT="un" WC="0.39" CC="56"/>
						<SP ID="P26_SP00196" HPOS="435" VPOS="1437" WIDTH="15"/>
						<String ID="P26_ST00220" HPOS="450" VPOS="1398" WIDTH="21" HEIGHT="28" CONTENT="sí" WC="0.70" CC="50"/>
						<SP ID="P26_SP00197" HPOS="471" VPOS="1437" WIDTH="14"/>
						<String ID="P26_ST00221" HPOS="485" VPOS="1407" WIDTH="29" HEIGHT="20" CONTENT="es" WC="1.00" CC="00"/>
						<SP ID="P26_SP00198" HPOS="514" VPOS="1437" WIDTH="12"/>
						<String ID="P26_ST00222" HPOS="526" VPOS="1408" WIDTH="33" HEIGHT="19" CONTENT="no" WC="0.64" CC="70"/>
						<SP ID="P26_SP00199" HPOS="559" VPOS="1437" WIDTH="17"/>
						<String ID="P26_ST00223" HPOS="576" VPOS="1408" WIDTH="28" HEIGHT="19" CONTENT="es" WC="0.53" CC="53"/>
						<SP ID="P26_SP00200" HPOS="604" VPOS="1437" WIDTH="16"/>
						<String ID="P26_ST00224" HPOS="620" VPOS="1398" WIDTH="115" HEIGHT="40" CONTENT="alegres," WC="0.75" CC="65004020"/>
						<SP ID="P26_SP00201" HPOS="735" VPOS="1438" WIDTH="19"/>
						<String ID="P26_ST00225" HPOS="754" VPOS="1399" WIDTH="15" HEIGHT="29" CONTENT="á" WC="0.47" CC="5"/>
						<SP ID="P26_SP00202" HPOS="769" VPOS="1438" WIDTH="12"/>
						<String ID="P26_ST00226" HPOS="781" VPOS="1398" WIDTH="39" HEIGHT="30" CONTENT="las" WC="0.54" CC="633"/>
						<SP ID="P26_SP00203" HPOS="820" VPOS="1438" WIDTH="16"/>
						<String ID="P26_ST00227" HPOS="836" VPOS="1401" WIDTH="15" HEIGHT="28" CONTENT="3" WC="0.41" CC="5"/>
						<SP ID="P26_SP00204" HPOS="851" VPOS="1438" WIDTH="25"/>
						<String ID="P26_ST00228" HPOS="876" VPOS="1399" WIDTH="33" HEIGHT="30" CONTENT="de" WC="1.00" CC="00"/>
						<SP ID="P26_SP00205" HPOS="909" VPOS="1438" WIDTH="13"/>
						<String ID="P26_ST00229" HPOS="922" VPOS="1399" WIDTH="26" HEIGHT="31" CONTENT="la" WC="0.70" CC="23"/>
						<SP ID="P26_SP00206" HPOS="948" VPOS="1438" WIDTH="15"/>
						<String ID="P26_ST00230" HPOS="963" VPOS="1400" WIDTH="167" HEIGHT="42" CONTENT="madrugada" WC="0.68" CC="759050000"/>
						<SP ID="P26_SP00207" HPOS="1130" VPOS="1442" WIDTH="14"/>
						<String ID="P26_ST00231" HPOS="1144" VPOS="1412" WIDTH="28" HEIGHT="20" CONTENT="se" WC="0.84" CC="30"/>
					</TextLine>
					<TextLine ID="P26_TL00024" HPOS="143" VPOS="1453" WIDTH="498" HEIGHT="39">
						<String ID="P26_ST00232" HPOS="143" VPOS="1453" WIDTH="80" HEIGHT="30" CONTENT="retiró" WC="0.71" CC="005065"/>
						<SP ID="P26_SP00208" HPOS="223" VPOS="1483" WIDTH="13"/>
						<String ID="P26_ST00233" HPOS="236" VPOS="1453" WIDTH="64" HEIGHT="30" CONTENT="cada" WC="0.70" CC="0605"/>
						<SP ID="P26_SP00209" HPOS="300" VPOS="1483" WIDTH="11"/>
						<String ID="P26_ST00234" HPOS="311" VPOS="1453" WIDTH="59" HEIGHT="30" CONTENT="cual" WC="0.60" CC="0563"/>
						<SP ID="P26_SP00210" HPOS="370" VPOS="1483" WIDTH="13"/>
						<String ID="P26_ST00235" HPOS="383" VPOS="1453" WIDTH="14" HEIGHT="29" CONTENT="á" WC="1.00" CC="0"/>
						<SP ID="P26_SP00211" HPOS="397" VPOS="1483" WIDTH="16"/>
						<String ID="P26_ST00236" HPOS="413" VPOS="1463" WIDTH="29" HEIGHT="19" CONTENT="su" WC="0.55" CC="53"/>
						<SP ID="P26_SP00212" HPOS="442" VPOS="1483" WIDTH="18"/>
						<String ID="P26_ST00237" HPOS="460" VPOS="1453" WIDTH="181" HEIGHT="39" CONTENT="alojamiento." WC="0.72" CC="321007400642"/>
					</TextLine>
				</TextBlock>
				<TextBlock ID="P26_TB00006" HPOS="138" VPOS="1508" WIDTH="1032" HEIGHT="321" STYLEREFS="TXT_1 PAR_LEFT">
					<TextLine ID="P26_TL00025" HPOS="185" VPOS="1509" WIDTH="985" HEIGHT="41">
						<String ID="P26_ST00238" HPOS="185" VPOS="1510" WIDTH="106" HEIGHT="34" CONTENT="Pronto," WC="0.72" CC="0017450"/>
						<SP ID="P26_SP00213" HPOS="291" VPOS="1544" WIDTH="12"/>
						<String ID="P26_ST00239" HPOS="303" VPOS="1519" WIDTH="65" HEIGHT="30" CONTENT="muy" WC="0.73" CC="610"/>
						<SP ID="P26_SP00214" HPOS="368" VPOS="1549" WIDTH="10"/>
						<String ID="P26_ST00240" HPOS="378" VPOS="1514" WIDTH="94" HEIGHT="36" CONTENT="pronto" WC="0.84" CC="004050"/>
						<SP ID="P26_SP00215" HPOS="472" VPOS="1550" WIDTH="11"/>
						<String ID="P26_ST00241" HPOS="483" VPOS="1519" WIDTH="28" HEIGHT="20" CONTENT="se" WC="0.62" CC="70"/>
						<SP ID="P26_SP00216" HPOS="511" VPOS="1550" WIDTH="14"/>
						<String ID="P26_ST00242" HPOS="525" VPOS="1519" WIDTH="46" HEIGHT="20" CONTENT="nos" WC="0.58" CC="056"/>
						<SP ID="P26_SP00217" HPOS="571" VPOS="1550" WIDTH="13"/>
						<String ID="P26_ST00243" HPOS="584" VPOS="1509" WIDTH="44" HEIGHT="30" CONTENT="fué" WC="0.65" CC="064"/>
						<SP ID="P26_SP00218" HPOS="628" VPOS="1550" WIDTH="13"/>
						<String ID="P26_ST00244" HPOS="641" VPOS="1509" WIDTH="198" HEIGHT="32" CONTENT="confundiendo" WC="0.72" CC="051287000106"/>
						<SP ID="P26_SP00219" HPOS="839" VPOS="1550" WIDTH="13"/>
						<String ID="P26_ST00245" HPOS="852" VPOS="1511" WIDTH="22" HEIGHT="30" CONTENT="la" WC="0.67" CC="06"/>
						<SP ID="P26_SP00220" HPOS="874" VPOS="1550" WIDTH="19"/>
						<String ID="P26_ST00246" HPOS="893" VPOS="1513" WIDTH="49" HEIGHT="29" CONTENT="isla" WC="0.55" CC="1645"/>
						<SP ID="P26_SP00221" HPOS="942" VPOS="1550" WIDTH="14"/>
						<String ID="P26_ST00247" HPOS="956" VPOS="1513" WIDTH="34" HEIGHT="30" CONTENT="de" WC="0.98" CC="00"/>
						<SP ID="P26_SP00222" HPOS="990" VPOS="1550" WIDTH="15"/>
						<String ID="P26_ST00248" HPOS="1005" VPOS="1514" WIDTH="79" HEIGHT="31" CONTENT="Malta" WC="0.74" CC="00470"/>
						<SP ID="P26_SP00223" HPOS="1084" VPOS="1550" WIDTH="13"/>
						<String ID="P26_ST00249" HPOS="1097" VPOS="1519" WIDTH="73" HEIGHT="27" CONTENT="enlre" WC="0.77" CC="04700"/>
					</TextLine>
					<TextLine ID="P26_TL00026" HPOS="141" VPOS="1563" WIDTH="1029" HEIGHT="46">
						<String ID="P26_ST00250" HPOS="141" VPOS="1564" WIDTH="41" HEIGHT="31" CONTENT="los" WC="0.70" CC="052"/>
						<SP ID="P26_SP00224" HPOS="182" VPOS="1595" WIDTH="10"/>
						<String ID="P26_ST00251" HPOS="192" VPOS="1574" WIDTH="112" HEIGHT="31" CONTENT="vapores" WC="0.87" CC="0000404"/>
						<SP ID="P26_SP00225" HPOS="304" VPOS="1605" WIDTH="18"/>
						<String ID="P26_ST00252" HPOS="322" VPOS="1563" WIDTH="44" HEIGHT="31" CONTENT="del" WC="0.90" CC="002"/>
						<SP ID="P26_SP00226" HPOS="366" VPOS="1605" WIDTH="22"/>
						<String ID="P26_ST00253" HPOS="388" VPOS="1564" WIDTH="87" HEIGHT="41" CONTENT="lejano" WC="0.71" CC="300165"/>
						<SP ID="P26_SP00227" HPOS="475" VPOS="1605" WIDTH="16"/>
						<String ID="P26_ST00254" HPOS="491" VPOS="1575" WIDTH="17" HEIGHT="30" CONTENT="y" WC="1.00" CC="0"/>
						<SP ID="P26_SP00228" HPOS="508" VPOS="1605" WIDTH="15"/>
						<String ID="P26_ST00255" HPOS="523" VPOS="1565" WIDTH="152" HEIGHT="41" CONTENT="vespertino" WC="0.77" CC="7030004025"/>
						<SP ID="P26_SP00229" HPOS="675" VPOS="1606" WIDTH="17"/>
						<String ID="P26_ST00256" HPOS="692" VPOS="1566" WIDTH="147" HEIGHT="37" CONTENT="horizonte," WC="0.60" CC="5305637700"/>
						<SP ID="P26_SP00230" HPOS="839" VPOS="1606" WIDTH="15"/>
						<String ID="P26_ST00257" HPOS="854" VPOS="1568" WIDTH="115" HEIGHT="41" CONTENT="dejando" WC="0.86" CC="0001700"/>
						<SP ID="P26_SP00231" HPOS="969" VPOS="1609" WIDTH="17"/>
						<String ID="P26_ST00258" HPOS="986" VPOS="1580" WIDTH="32" HEIGHT="21" CONTENT="en" WC="0.76" CC="04"/>
						<SP ID="P26_SP00232" HPOS="1018" VPOS="1609" WIDTH="15"/>
						<String ID="P26_ST00259" HPOS="1033" VPOS="1572" WIDTH="35" HEIGHT="30" CONTENT="mi" WC="0.42" CC="55"/>
						<SP ID="P26_SP00233" HPOS="1068" VPOS="1609" WIDTH="17"/>
						<String ID="P26_ST00260" HPOS="1085" VPOS="1581" WIDTH="85" HEIGHT="21" CONTENT="cora" SUBS_TYPE="HypPart1" SUBS_CONTENT="corazón" WC="0.85" CC="04200"/>
						<HYP CONTENT="-"/>
					</TextLine>
					<TextLine ID="P26_TL00027" HPOS="142" VPOS="1620" WIDTH="1025" HEIGHT="47">
						<String ID="P26_ST00261" HPOS="142" VPOS="1630" WIDTH="46" HEIGHT="20" CONTENT="zón" SUBS_TYPE="HypPart2" SUBS_CONTENT="corazón" WC="0.52" CC="526"/>
						<SP ID="P26_SP00234" HPOS="188" VPOS="1650" WIDTH="13"/>
						<String ID="P26_ST00262" HPOS="201" VPOS="1620" WIDTH="106" HEIGHT="41" CONTENT="aquella" WC="0.87" CC="0050030"/>
						<SP ID="P26_SP00235" HPOS="307" VPOS="1661" WIDTH="13"/>
						<String ID="P26_ST00263" HPOS="320" VPOS="1625" WIDTH="72" HEIGHT="26" CONTENT="corta" WC="0.80" CC="04130"/>
						<SP ID="P26_SP00236" HPOS="392" VPOS="1661" WIDTH="15"/>
						<String ID="P26_ST00264" HPOS="407" VPOS="1621" WIDTH="117" HEIGHT="30" CONTENT="estancia" WC="0.90" CC="07000001"/>
						<SP ID="P26_SP00237" HPOS="524" VPOS="1661" WIDTH="13"/>
						<String ID="P26_ST00265" HPOS="537" VPOS="1620" WIDTH="51" HEIGHT="31" CONTENT="allá" WC="0.70" CC="4510"/>
						<SP ID="P26_SP00238" HPOS="588" VPOS="1661" WIDTH="13"/>
						<String ID="P26_ST00266" HPOS="601" VPOS="1631" WIDTH="35" HEIGHT="20" CONTENT="un" WC="0.41" CC="46"/>
						<SP ID="P26_SP00239" HPOS="636" VPOS="1661" WIDTH="16"/>
						<String ID="P26_ST00267" HPOS="652" VPOS="1627" WIDTH="74" HEIGHT="35" CONTENT="grato" WC="0.63" CC="04076"/>
						<SP ID="P26_SP00240" HPOS="726" VPOS="1662" WIDTH="14"/>
						<String ID="P26_ST00268" HPOS="740" VPOS="1623" WIDTH="99" HEIGHT="40" CONTENT="placer." WC="0.94" CC="0000030"/>
						<SP ID="P26_SP00241" HPOS="839" VPOS="1663" WIDTH="27"/>
						<String ID="P26_ST00269" HPOS="866" VPOS="1624" WIDTH="123" HEIGHT="43" CONTENT="Siempre" WC="0.84" CC="0006040"/>
						<SP ID="P26_SP00242" HPOS="989" VPOS="1667" WIDTH="18"/>
						<String ID="P26_ST00270" HPOS="1007" VPOS="1631" WIDTH="160" HEIGHT="29" CONTENT="conservaré" WC="0.71" CC="0972004210"/>
					</TextLine>
					<TextLine ID="P26_TL00028" HPOS="140" VPOS="1677" WIDTH="1020" HEIGHT="47">
						<String ID="P26_ST00271" HPOS="140" VPOS="1687" WIDTH="32" HEIGHT="20" CONTENT="en" WC="0.79" CC="04"/>
						<SP ID="P26_SP00243" HPOS="172" VPOS="1707" WIDTH="17"/>
						<String ID="P26_ST00272" HPOS="189" VPOS="1677" WIDTH="23" HEIGHT="30" CONTENT="la" WC="0.54" CC="62"/>
						<SP ID="P26_SP00244" HPOS="212" VPOS="1707" WIDTH="16"/>
						<String ID="P26_ST00273" HPOS="228" VPOS="1678" WIDTH="127" HEIGHT="29" CONTENT="memoria" WC="0.75" CC="6070002"/>
						<SP ID="P26_SP00245" HPOS="355" VPOS="1707" WIDTH="16"/>
						<String ID="P26_ST00274" HPOS="371" VPOS="1677" WIDTH="23" HEIGHT="30" CONTENT="la" WC="1.00" CC="00"/>
						<SP ID="P26_SP00246" HPOS="394" VPOS="1707" WIDTH="16"/>
						<String ID="P26_ST00275" HPOS="410" VPOS="1677" WIDTH="87" HEIGHT="30" CONTENT="buena" WC="0.61" CC="55053"/>
						<SP ID="P26_SP00247" HPOS="497" VPOS="1707" WIDTH="22"/>
						<String ID="P26_ST00276" HPOS="519" VPOS="1677" WIDTH="103" HEIGHT="41" CONTENT="acojida" WC="0.90" CC="1040000"/>
						<SP ID="P26_SP00248" HPOS="622" VPOS="1718" WIDTH="26"/>
						<String ID="P26_ST00277" HPOS="648" VPOS="1688" WIDTH="52" HEIGHT="30" CONTENT="que" WC="0.90" CC="020"/>
						<SP ID="P26_SP00249" HPOS="700" VPOS="1718" WIDTH="16"/>
						<String ID="P26_ST00278" HPOS="716" VPOS="1689" WIDTH="48" HEIGHT="20" CONTENT="nos" WC="0.69" CC="036"/>
						<SP ID="P26_SP00250" HPOS="764" VPOS="1718" WIDTH="16"/>
						<String ID="P26_ST00279" HPOS="780" VPOS="1679" WIDTH="127" HEIGHT="42" CONTENT="dispensó" WC="0.68" CC="04605206"/>
						<SP ID="P26_SP00251" HPOS="907" VPOS="1721" WIDTH="17"/>
						<String ID="P26_ST00280" HPOS="924" VPOS="1684" WIDTH="107" HEIGHT="40" CONTENT="aquella" WC="0.68" CC="6012056"/>
						<SP ID="P26_SP00252" HPOS="1031" VPOS="1724" WIDTH="16"/>
						<String ID="P26_ST00281" HPOS="1047" VPOS="1685" WIDTH="113" HEIGHT="38" CONTENT="familia," WC="0.76" CC="00605430"/>
					</TextLine>
					<TextLine ID="P26_TL00029" HPOS="139" VPOS="1733" WIDTH="1025" HEIGHT="44">
						<String ID="P26_ST00282" HPOS="139" VPOS="1733" WIDTH="125" HEIGHT="41" CONTENT="española" WC="0.80" CC="05007300"/>
						<SP ID="P26_SP00253" HPOS="264" VPOS="1774" WIDTH="15"/>
						<String ID="P26_ST00283" HPOS="279" VPOS="1733" WIDTH="34" HEIGHT="30" CONTENT="de" WC="0.93" CC="01"/>
						<SP ID="P26_SP00254" HPOS="313" VPOS="1774" WIDTH="15"/>
						<String ID="P26_ST00284" HPOS="328" VPOS="1735" WIDTH="102" HEIGHT="38" CONTENT="origen." WC="0.84" CC="0300330"/>
						<SP ID="P26_SP00255" HPOS="430" VPOS="1774" WIDTH="19"/>
						<String ID="P26_ST00285" HPOS="449" VPOS="1735" WIDTH="55" HEIGHT="28" CONTENT="Mas" WC="0.73" CC="043"/>
						<SP ID="P26_SP00256" HPOS="504" VPOS="1774" WIDTH="15"/>
						<String ID="P26_ST00286" HPOS="519" VPOS="1733" WIDTH="123" HEIGHT="31" CONTENT="adelante" WC="0.57" CC="60425653"/>
						<SP ID="P26_SP00257" HPOS="642" VPOS="1774" WIDTH="11"/>
						<String ID="P26_ST00287" HPOS="653" VPOS="1735" WIDTH="122" HEIGHT="40" CONTENT="pudimos" WC="0.70" CC="0500644"/>
						<SP ID="P26_SP00258" HPOS="775" VPOS="1775" WIDTH="16"/>
						<String ID="P26_ST00288" HPOS="791" VPOS="1738" WIDTH="122" HEIGHT="39" CONTENT="apreciar" WC="0.80" CC="30020404"/>
						<SP ID="P26_SP00259" HPOS="913" VPOS="1777" WIDTH="16"/>
						<String ID="P26_ST00289" HPOS="929" VPOS="1751" WIDTH="31" HEIGHT="19" CONTENT="su" WC="0.55" CC="17"/>
						<SP ID="P26_SP00260" HPOS="960" VPOS="1777" WIDTH="15"/>
						<String ID="P26_ST00290" HPOS="975" VPOS="1740" WIDTH="91" HEIGHT="33" CONTENT="franca" WC="0.72" CC="260700"/>
						<SP ID="P26_SP00261" HPOS="1066" VPOS="1777" WIDTH="17"/>
						<String ID="P26_ST00291" HPOS="1083" VPOS="1743" WIDTH="81" HEIGHT="31" CONTENT="amis" SUBS_TYPE="HypPart1" SUBS_CONTENT="amistad" WC="0.55" CC="55324"/>
						<HYP CONTENT="-"/>
					</TextLine>
					<TextLine ID="P26_TL00030" HPOS="142" VPOS="1790" WIDTH="268" HEIGHT="39">
						<String ID="P26_ST00292" HPOS="142" VPOS="1790" WIDTH="42" HEIGHT="30" CONTENT="tad" SUBS_TYPE="HypPart2" SUBS_CONTENT="amistad" WC="0.75" CC="700"/>
						<SP ID="P26_SP00262" HPOS="184" VPOS="1820" WIDTH="14"/>
						<String ID="P26_ST00293" HPOS="198" VPOS="1801" WIDTH="15" HEIGHT="28" CONTENT="y" WC="1.00" CC="0"/>
						<SP ID="P26_SP00263" HPOS="213" VPOS="1829" WIDTH="19"/>
						<String ID="P26_ST00294" HPOS="232" VPOS="1795" WIDTH="64" HEIGHT="25" CONTENT="trato" WC="0.73" CC="50223"/>
						<SP ID="P26_SP00264" HPOS="296" VPOS="1829" WIDTH="16"/>
						<String ID="P26_ST00295" HPOS="312" VPOS="1790" WIDTH="98" HEIGHT="30" CONTENT="afable." WC="0.79" CC="0326100"/>
					</TextLine>
				</TextBlock>
			</PrintSpace>
		</Page>
	</Layout>
</alto>
