1241 2180
506 126 158 26 55

76 196 49 20 con
142 191 116 25 ostentar
281 188 197 40 impunemente
506 199 46 19 sus
572 188 155 41 pabellones
743 199 32 20 en
799 190 120 30 escarnio
934 190 33 31 de
993 191 39 30 los
1047 191 49 30 in-

76 243 99 40 gleses.

120 301 21 29 A
153 299 151 31 doscientos
320 306 98 25 metros
431 300 42 31 del
490 301 248 30 atrincheramiento
754 302 32 29 de
804 302 38 30 los
859 314 76 19 rusos
948 328 6 10 ,
982 314 27 20 se
1025 304 73 30 aba-

77 356 107 30 lanzaba
196 357 22 29 el
235 356 33 30 de
282 357 38 29 los
338 357 144 29 franceses.

117 413 52 29 Allí
186 423 27 19 se
228 413 38 29 les
283 414 69 34 veía,
371 414 185 40 agachándose
573 425 48 30 por
633 419 81 25 temor
729 414 32 31 de
777 425 51 20 una
845 414 61 31 bala
922 415 32 31 de
971 416 124 31 carabina

76 472 14 29 á
106 470 24 30 la
146 470 89 30 Minié
248 480 51 30 que
314 480 86 20 nunca
417 470 97 31 fallaba
530 471 22 30 el
572 471 49 30 tiro
633 496 6 9 ,
666 470 133 42 cargando
813 482 46 20 sus
876 478 128 24 morteros
1019 497 6 11 ,
1043 483 52 30 que

77 526 158 41 disparaban
251 525 32 31 de
299 527 98 40 tiempo
413 537 32 20 en
459 527 97 40 tiempo
569 527 56 30 solo
639 537 61 30 para
715 527 47 30 dar
775 528 105 30 señales
893 528 32 30 de
938 529 72 29 vida.

120 584 34 29 La
170 582 141 30 hostilidad
328 593 31 20 en
372 583 106 40 aquella
489 585 82 38 época
587 584 13 29 á
617 594 52 30 que
685 594 42 19 me
743 585 93 28 refiero
850 608 7 11 ,
876 590 42 24 tan
935 585 56 29 solo
1009 596 28 19 se
1050 585 46 30 ci-

78 638 71 30 fraba
163 640 13 28 á
191 644 102 24 coarlar
308 649 35 19 un
361 644 68 24 lanío
445 639 24 29 el
485 640 240 29 acrecentamiento
738 640 33 29 de
786 640 38 30 las
840 640 205 30 fortificaciones
1065 651 31 19 en

76 695 85 29 donde
179 697 121 28 lomaban
317 705 56 20 mas
389 696 125 40 impulso.
534 698 61 27 Esto
611 696 139 31 dimanaba
768 697 33 30 de
826 697 23 30 la
874 698 112 40 penuria
1002 697 33 30 de
1057 697 39 30 los

75 751 100 30 aliados
191 762 62 30 para
269 751 82 31 librar
368 752 23 30 el
407 753 83 30 asalto
504 766 7 21 ;
539 753 133 30 habiendo
687 754 117 29 resuello
824 764 47 31 por
893 760 70 24 lanto
985 760 111 24 mante-

75 819 77 20 nerse
167 810 14 29 á
198 809 25 30 la
235 810 150 40 defensiva
401 810 94 29 Ínterin
520 810 167 30 estendieran
700 821 45 18 sus
760 811 77 29 obras
854 811 33 29 de
904 817 94 34 ataque
1012 822 15 29 y
1040 822 56 19 en-

75 874 126 31 grosaran
218 876 44 18 sus
279 867 121 38 ejércitos
412 876 49 19 con
472 876 100 19 nuevos
589 866 134 30 refuerzos
739 879 6 22 ;
765 877 67 29 cuyo
851 867 75 40 logro
941 867 152 30 necesitaba

75 921 120 30 bástanle
212 922 96 39 tiempo
323 947 5 10 ,
346 922 165 30 forzándoles
527 923 14 29 á
557 923 127 30 invernar
698 922 61 30 allá.

115 977 172 36 Menchikoff,
306 988 51 31 que
369 978 130 31 mandaba
515 989 31 19 en
558 984 56 25 este
624 979 97 40 tiempo
737 988 74 21 como
822 979 107 40 general
946 989 30 20 en
991 979 54 39 jefe
1061 979 33 30 de

75 1034 24 30 la
111 1035 102 30 Crimea
230 1045 17 30 y
267 1045 74 20 como
357 1035 167 40 gobernador
539 1045 31 20 en
588 1035 155 40 Sebastopol
759 1060 5 11 ,
788 1045 32 20 no
836 1035 145 41 queriendo
998 1035 96 30 inten-

74 1096 38 25 tar
124 1096 55 25 otra
192 1091 98 30 batalla
305 1092 101 40 campa!
420 1092 139 29 escamado
572 1102 49 19 con
635 1092 24 29 el
677 1101 98 31 ensayo
791 1091 32 30 de
839 1093 142 28 Inkerman
997 1116 6 10 ,
1023 1102 28 19 se
1065 1092 30 29 li-

71 1147 98 29 mitaba
185 1172 5 9 ,
209 1158 33 19 no
258 1148 40 29 sin
312 1158 73 19 sacar
399 1148 81 40 algún
496 1148 132 40 provecho
647 1158 48 20 con
713 1148 64 35 ello,
799 1149 14 28 á
829 1148 119 39 hostigar
964 1147 73 30 todas
1055 1148 39 29 las

71 1204 100 29 noches
188 1204 38 29 los
242 1204 109 30 obreros
374 1204 133 40 ocupados
524 1215 31 18 en
577 1204 39 29 las
633 1204 146 30 trincheras
795 1229 5 10 ,
829 1215 14 29 y
867 1204 151 30 mandando
1035 1204 60 30 fre-

71 1265 109 25 cuentes
196 1260 98 29 salidas
310 1260 130 40 parciales
462 1259 110 30 durante
585 1260 38 30 las
636 1261 108 29 mismas
759 1274 6 22 ;
786 1270 52 30 que
852 1285 6 10 ,
877 1260 22 30 si
924 1260 61 30 bien
1008 1265 87 26 mate-

70 1316 138 30 rialmente
224 1326 32 20 no
269 1315 139 42 reportaba
423 1316 105 39 venlaja
542 1326 47 20 con
600 1316 66 30 ellas
680 1341 6 11 ,
707 1316 24 30 la
743 1316 108 30 obtenía
868 1316 174 30 moralmente
1056 1317 38 30 fa-

71 1372 107 41 tigando
194 1373 25 29 el
231 1373 108 40 ejército
355 1372 110 30 sitiador
480 1397 6 10 ,
505 1383 51 30 que
572 1381 32 32 ya
620 1373 68 29 tenia
710 1372 33 30 de
760 1374 21 28 sí
799 1382 52 31 que
868 1372 166 30 sobrellevar
1051 1378 41 24 tan

70 1440 114 30 penosos
201 1430 114 39 trabajos
329 1440 74 19 como
417 1438 108 21 acarrea
537 1439 34 19 un
588 1429 60 29 sitio
664 1434 41 24 tan
718 1428 153 41 prodigioso
887 1453 6 10 ,
912 1429 179 30 añadiéndose

70 1486 107 30 además
190 1492 123 25 entonces
331 1487 23 30 la
370 1485 128 32 crueldad
515 1485 32 30 de
563 1485 24 30 la
600 1485 128 30 estación.

112 1544 54 30 Con
181 1544 54 30 casi
259 1544 101 40 ningún
378 1545 111 29 síntoma
513 1543 33 30 de
563 1541 235 31 desmoralización
820 1544 115 38 aguantó
951 1542 140 40 resignado

70 1601 77 40 aquel
161 1601 108 39 ejército
286 1607 68 23 lauto
373 1600 176 30 sufrimiento.

113 1657 45 30 Del
175 1657 107 41 ejército
292 1657 87 41 inglés
395 1668 32 19 en
443 1656 144 42 particular
598 1659 14 27 ó
623 1666 55 20 mas
691 1656 62 30 bien
769 1656 34 30 de
814 1667 30 19 su
861 1656 227 38 administración,

70 1725 12 28 ¿
96 1716 51 39 qué
163 1714 116 30 diremos
291 1715 12 28 ?

109 1771 121 40 Ninguna
245 1781 62 20 cosa
323 1781 52 30 que
389 1781 33 19 no
439 1770 99 41 eclipse
554 1780 30 20 en
602 1775 74 35 parte
690 1780 30 19 su
734 1769 91 31 honra.

111 1828 50 28 Sus
177 1832 42 24 tan
230 1826 159 30 cacareados
404 1830 116 26 cañones
535 1825 167 30 Lancaster
716 1824 34 31 de
764 1826 57 29 104
838 1824 97 36 libras,
953 1835 28 20 se
997 1825 90 30 vieron

70 1883 137 31 sofocados
223 1894 47 30 por
283 1883 40 31 los
334 1883 34 31 de
382 1885 58 28 120
456 1883 33 30 de
506 1883 39 30 los
562 1893 88 20 rusos.
