1241 2180
513 121 160 28 57

79 178 109 31 ahorrar
203 179 96 41 tiempo
315 205 6 10 ,
345 181 40 29 sin
413 190 77 31 parar
503 182 22 29 la
540 191 55 20 mas
607 183 107 29 mínima
731 184 120 29 atención
866 184 13 29 á
902 184 38 30 las
958 184 110 30 bombas
1086 195 14 31 y

78 235 76 30 balas
167 246 52 31 que
229 236 75 30 caían
319 247 5 19 :
350 236 74 30 hasla
442 237 120 40 llegaron
578 239 13 28 á
619 238 118 29 estudiar
753 239 24 28 el
794 238 77 30 modo
893 239 32 30 de
945 240 94 36 evitar,
1066 250 33 21 en

78 293 97 29 ciertos
191 302 86 25 casos,
300 303 43 19 ser
355 294 110 39 cogidos
482 304 48 30 por
546 300 71 24 estos
628 294 172 40 proyectiles.

120 349 107 29 Cuando
243 348 199 31 abandonamos
456 350 77 39 aquel
548 355 82 35 punto
642 349 33 31 de
686 350 186 37 observación,
888 361 47 21 nos
951 353 122 30 metimos
1090 355 14 28 á

80 415 119 20 recorrer
209 415 34 20 un
260 415 67 31 poco
344 406 22 30 el
382 412 195 35 campamento,
594 417 15 30 y
625 406 124 32 combinó
763 418 51 31 que
827 408 133 30 viésemos
982 410 23 28 al
1019 420 85 29 gene-

81 461 36 31 ral
134 463 85 39 Forey
235 462 119 40 pasando
365 463 97 30 revista
477 464 13 29 á
508 474 29 19 su
554 463 126 30 división.

121 519 39 29 Ya
172 528 44 20 era
230 518 60 40 algo
306 518 73 30 larde
390 519 103 29 cuando
510 529 168 29 regresamos
688 520 117 30 abordo.

122 576 22 28 A
156 576 187 30 continuación
360 576 132 40 esplicaré
506 581 69 25 otros
587 587 109 20 sucesos
707 576 33 31 de
756 578 119 30 carácter
890 587 56 21 mas
964 578 142 42 particular

81 634 13 28 ó
109 642 44 20 sea
164 631 33 31 de
212 642 76 20 como
305 632 157 40 pasábamos
479 638 123 24 nosotros
619 634 25 28 el
658 633 112 41 tiempo.
788 633 140 31 Advertiré
945 645 52 30 que
1010 634 23 30 la
1045 634 60 30 des-

81 698 79 30 carga
174 689 92 39 seguía
280 699 48 20 con
343 699 74 20 suma
430 688 112 31 lentitud
556 689 13 30 á
582 688 62 31 falla
658 689 33 30 de
707 689 154 30 lanchones.

122 747 110 28 Nuestra
253 755 91 31 mayor
359 745 161 30 distracción
532 746 126 29 consistía
670 756 32 20 en
718 747 23 28 ir
756 747 14 29 á
785 747 77 29 tierra
878 757 48 30 por
946 747 38 29 los
1000 747 107 31 alrede-

82 802 78 29 dores
176 801 42 30 del
232 807 107 36 puerto,
359 812 65 30 para
442 813 45 19 ver
500 813 16 30 y
530 802 39 30 oír
585 808 96 24 cuanlo
697 813 48 30 por
757 802 45 30 allí
819 813 28 19 se
863 802 98 41 pasaba
975 816 6 24 ;
1001 806 15 28 ó
1031 803 73 36 bien,

83 869 50 20 nos
147 861 205 28 entreteníamos
375 859 115 30 cazando
503 870 49 30 por
564 860 22 29 la
605 865 74 36 parle
702 864 110 37 opuesta
828 860 25 30 al
865 860 59 30 sitio
940 873 6 23 ;
959 869 107 32 aunque
1082 861 24 30 la

83 925 60 21 caza
155 926 44 20 era
211 927 61 30 muy
288 926 69 26 rara,
390 922 69 24 tanlo
474 927 47 30 por
535 917 23 29 lo
576 927 65 30 muy
667 917 161 40 perseguida
850 927 74 20 como
945 928 48 29 por
1020 918 86 30 varias

83 982 95 20 causas
194 983 51 30 que
260 973 24 29 la
299 973 195 40 ahuyentaban.
515 974 46 28 Así
578 984 28 19 es
636 984 52 30 que
705 984 48 30 yo,
772 983 56 20 mas
851 973 61 30 bien
936 984 42 19 me
1001 973 105 31 llevaba

83 1039 51 19 una
150 1029 123 30 carabina
288 1039 16 30 y
319 1029 108 40 gastaba
441 1029 23 30 la
490 1029 110 41 pólvora
623 1029 102 31 tirando
737 1029 24 30 al
782 1029 106 31 blanco.
907 1030 51 29 Nos
973 1028 133 31 sabíamos

81 1085 189 39 proporcionar
291 1090 112 25 cuantos
426 1086 139 29 cartuchos
575 1086 224 30 necesilábamos.

121 1142 50 30 Las
183 1141 144 31 escuadras
349 1153 28 19 se
397 1143 165 40 preparaban
575 1149 69 24 estos
664 1143 59 29 dias
737 1144 13 28 á
774 1143 124 29 invernar
911 1142 194 30 conveniente-

80 1203 97 23 mente.

123 1256 36 29 La
172 1265 93 30 mayor
276 1260 72 36 parte
361 1255 45 30 fué
420 1255 23 30 al
460 1255 121 30 Bósforo.
600 1258 37 27 En
651 1255 23 31 el
689 1261 94 36 puerto
798 1255 185 31 deKamiesch
996 1266 27 19 se
1036 1255 68 31 abri-

83 1322 81 31 garon
181 1312 75 30 hasta
269 1313 76 30 cinco
362 1314 93 29 navios
470 1312 149 31 franceses:
635 1313 112 40 algunos
763 1312 118 41 ingleses
894 1312 24 30 lo
939 1312 116 31 hicieron
1073 1322 31 20 en

78 1369 154 29 Balaklava.

124 1426 61 29 Solo
199 1426 137 40 quedaron
359 1425 83 30 frente
457 1425 157 40 Sebastopol
628 1425 46 29 dos
688 1425 33 29 de
733 1425 86 29 hélice
834 1436 6 18 :
856 1434 53 20 uno
933 1423 103 31 francés
1050 1433 16 30 y
1082 1423 23 31 el

83 1487 56 25 otro
155 1482 85 40 inglés
255 1496 5 22 ;
288 1492 49 21 con
353 1482 113 42 algunas
482 1481 115 41 fragatas
610 1481 33 31 de
658 1492 80 30 vapor
754 1481 114 30 también
890 1480 33 30 de
935 1480 38 30 las
986 1480 48 30 dos
1055 1489 50 21 na-

79 1538 103 30 ciones.

122 1596 50 29 Los
188 1595 49 30 dos
254 1597 150 39 vaporcilos
431 1607 52 30 que
500 1595 136 41 vigilaban
667 1595 24 30 el
717 1600 113 25 eslremo
855 1593 42 31 del
924 1599 180 35 campamento

78 1651 83 31 desde
177 1652 24 30 el
219 1658 92 35 puerto
321 1652 144 31 inmediato
481 1654 15 30 á
509 1653 36 35 él,
558 1652 109 31 estaban
682 1652 114 40 siempre
814 1651 79 30 sobre
906 1661 82 30 vapor
999 1656 105 35 prontos

79 1709 15 29 á
108 1708 80 36 salir,
207 1719 102 31 porque
327 1720 30 19 su
371 1710 119 40 posición
507 1719 45 21 era
566 1719 64 30 muy
647 1708 165 40 arriesgada.

119 1765 52 30 Los
188 1765 112 30 barriles
316 1765 32 31 de
361 1766 109 41 pólvora
485 1776 52 30 que
553 1764 270 31 desembarcábamos
845 1774 28 20 se
895 1763 209 31 reembarcaban

79 1830 32 21 en
124 1831 52 20 uno
192 1822 33 29 de
242 1822 38 29 los
293 1822 106 40 buques
412 1833 52 29 que
481 1823 92 29 hacian
587 1821 33 30 de
636 1821 131 41 depósito.
788 1823 75 28 Parte
882 1820 43 31 del
942 1830 104 30 convoy
1061 1830 43 20 su-

78 1876 54 41 plía
149 1877 23 30 la
185 1879 119 30 carencia
320 1879 34 30 de
377 1879 150 30 almacenes
544 1888 62 31 para
627 1877 161 41 resguardar
804 1878 226 29 necesariamente
1062 1877 37 29 los

988 1926 10 19 8
