1241 2180
568 115 162 28 96

139 192 51 30 que
207 181 56 30 solo
287 180 96 30 debían
400 190 43 20 ser
457 179 67 31 doce
539 179 79 30 horas
635 179 23 30 el
683 178 92 40 seguir
791 177 33 31 de
842 178 33 29 tal
891 176 185 31 conformidad
1090 202 6 11 ,
1111 188 52 20 su-

138 244 94 35 puesto
245 248 52 31 que
310 238 115 39 después
449 237 128 29 teníamos
593 246 51 31 que
660 234 141 35 arribarle,
821 245 17 30 y
854 244 49 31 por
918 234 186 41 consiguiente
1120 239 42 26 to-

138 305 56 20 mar
210 304 50 20 una
278 294 117 39 posición
411 302 55 20 mas
483 292 145 30 llevadera.

179 350 53 31 Con
249 360 51 20 uno
317 349 32 30 de
367 349 38 30 los
420 349 100 30 fuertes
537 349 125 29 balances
676 372 5 11 ,
709 358 29 19 se
754 349 66 39 cayó
835 348 23 29 el
876 348 100 40 primer
1000 348 160 39 maquinista

137 406 77 40 abajo
230 406 22 30 el
268 406 60 29 sitio
349 405 32 30 de
398 406 24 30 la
443 405 124 41 máquina
584 405 24 29 al
623 409 79 25 tratar
717 404 33 30 de
763 404 75 40 bajar
853 404 22 29 la
891 404 118 30 escalera
1027 414 52 30 que
1090 414 70 19 con-

137 463 77 29 ducía
228 462 50 30 allá
293 487 5 10 ,
317 462 24 30 lo
357 473 53 30 que
420 473 47 19 nos
479 462 44 30 dio
539 472 33 20 un
595 460 100 42 grande
719 466 89 30 susto;
827 470 75 31 pero,
921 459 164 37 felizmente,
1103 460 56 31 solo

137 531 28 18 se
181 519 58 29 hizo
256 529 49 19 una
328 523 121 36 pequeña
463 518 91 30 herida
570 528 31 20 en
619 518 24 30 la
659 518 96 30 cabeza
768 542 6 11 ,
790 528 52 31 que
858 528 34 20 no
905 517 25 31 le
946 517 122 41 impidió,
1088 517 69 31 des-

138 587 64 29 pués
218 576 33 30 de
263 575 121 41 aplicado
400 575 82 31 cierto
498 575 128 34 remedio,
645 575 183 30 continuaren
845 586 46 19 sus
903 574 151 31 funciones.

179 634 62 37 ¡Las
252 632 124 30 zozobras
389 642 52 30 que
453 641 121 31 pasamos
587 632 78 40 aquel
676 631 44 31 dia
733 632 57 29 solo
803 632 63 30 Dios
881 632 38 30 las
935 632 77 30 sabe!

176 689 108 30 Cuando
299 689 135 30 amaneció
453 689 24 30 el
499 691 36 28 26
554 699 31 31 ya
602 689 95 30 habían
715 689 140 30 concluido
872 695 124 24 nuestros
1013 690 141 37 cuidados,

136 757 49 29 por
199 746 82 30 haber
294 746 122 30 arribado
427 756 32 19 en
474 756 68 30 popa
558 757 75 19 como
645 746 129 30 convenia
788 771 5 10 ,
810 757 16 30 y
839 757 43 20 ser
895 746 24 31 el
932 747 88 30 viento
1036 746 33 32 de
1086 749 21 28 sí
1125 757 30 32 ya

136 813 56 20 mas
208 802 162 41 soportable.

176 859 22 28 A
212 858 37 30 las
262 860 37 28 10
312 858 33 30 de
367 858 24 30 la
412 862 110 26 mañana
536 858 143 31 avistamos
696 858 22 30 el
737 864 88 26 monte
841 861 104 29 «Etna»
963 859 33 31 de
1014 860 25 30 la
1053 861 103 36 Sicilia,

138 925 15 29 y
170 915 24 29 la
207 919 71 26 costa
295 914 32 30 de
344 914 23 30 la
383 914 134 30 Calabria.

176 970 159 30 Orientados
350 980 49 20 con
416 981 59 19 esos
491 976 97 35 puntos
603 995 6 11 ,
634 981 52 30 que
701 971 156 40 dejábamos
868 973 14 29 á
899 973 25 29 la
936 973 115 31 derecha
1065 998 6 11 ,
1087 984 71 20 con-

138 1028 128 30 tinuamos
289 1033 108 24 nuestro
424 1028 106 34 rumbo,
562 1028 130 40 soplando
719 1039 31 30 ya
775 1029 23 30 el
815 1029 89 31 viento
920 1040 49 31 por
985 1031 25 29 la
1032 1041 69 31 popa
1115 1044 7 23 ;
1140 1043 17 29 y

135 1095 76 21 como
226 1084 58 30 dice
300 1084 23 30 el
340 1084 96 40 adagio
455 1086 106 28 «viento
577 1095 31 20 en
625 1095 68 31 popa
716 1096 29 20 es
762 1086 87 30 medio
866 1094 127 33 puerto,»
1012 1090 39 28 así
1073 1100 85 19 noso-

135 1147 64 28 tros,
225 1151 48 20 con
291 1140 59 30 toda
367 1140 179 41 tranquilidad
558 1141 33 30 de
607 1142 111 40 espíritu
733 1167 6 10 ,
760 1148 124 25 tratamos
900 1144 33 30 de
960 1146 197 40 reintegrarnos

135 1196 42 31 del
194 1206 87 32 ayuno
297 1196 42 30 del
355 1196 42 30 dia
410 1197 126 35 anterior,
550 1198 58 29 sino
621 1208 49 19 con
687 1208 51 20 una
753 1201 109 39 opípara
878 1211 73 21 mesa
965 1226 7 12 ,
987 1203 15 29 á
1016 1203 24 29 lo
1053 1214 102 24 menos,

135 1263 47 19 con
199 1253 24 29 el
237 1252 32 30 de
286 1262 49 20 una
352 1252 60 30 bien
427 1253 202 30 condimentada
648 1254 107 30 vianda.

176 1309 156 30 Resarcidos
345 1319 32 30 ya
390 1334 6 9 ,
415 1321 34 18 un
472 1315 81 30 tanto,
571 1310 33 30 de
621 1311 23 30 la
662 1311 79 41 fatiga
759 1314 97 39 pasada
872 1314 114 32 durante
1001 1322 84 26 tantos
1098 1317 56 31 dias

135 1365 39 29 sin
190 1365 54 29 casi
256 1365 181 40 interrupción
450 1390 5 10 ,
471 1376 28 19 se
514 1365 111 37 deslizó,
641 1377 62 30 para
719 1375 121 25 nosotros
853 1395 5 10 ,
878 1372 24 29 el
915 1371 43 31 dia
972 1373 165 32 velozmente
1149 1388 5 23 ;

134 1431 47 21 con
209 1422 23 29 la
259 1431 141 31 esperanza
416 1423 15 29 á
447 1432 56 21 mas
516 1448 5 10 ,
541 1423 33 30 de
600 1425 140 30 reunimos
762 1426 23 30 el
803 1427 143 40 siguiente,
965 1441 49 19 con
1031 1438 123 25 nuestros

134 1478 104 39 alegres
254 1478 101 39 amigos
367 1478 33 30 de
412 1479 79 29 Malta
501 1504 4 4 .

174 1535 36 29 La
227 1534 83 30 noche
326 1545 27 19 se
370 1536 63 39 pasó
450 1536 39 29 sin
512 1536 122 30 novedad
649 1562 5 11 ,
680 1540 169 40 navegando,
869 1548 74 33 parte
959 1544 34 31 de
1021 1547 51 29 ella
1087 1572 5 11 ,
1125 1558 30 20 en

135 1591 66 29 vista
217 1590 32 30 de
263 1590 24 30 la
299 1590 80 30 farola
393 1590 33 30 de
440 1591 67 30 cabo
523 1593 109 36 Pásaro,
647 1604 76 20 cerca
741 1597 124 30 Siracusa
878 1623 6 10 ,
900 1610 32 20 en
949 1600 23 30 la
991 1602 102 31 Sicilia.

173 1647 122 29 Bastante
309 1652 134 35 temprano
457 1658 48 30 por
520 1648 23 31 la
554 1654 110 26 mañana
676 1651 42 30 del
737 1653 37 30 27
789 1653 168 33 alcanzamos
974 1658 22 29 el
1014 1664 43 25 tan
1072 1685 6 10 ,
1095 1670 60 32 para

135 1707 121 24 nosotros
268 1726 6 11 ,
289 1702 115 30 deseado
421 1710 102 33 puerto.

175 1758 81 39 Aquí,
276 1757 72 31 fuera
361 1761 163 29 ceremonias
538 1761 32 30 de
588 1762 92 31 visitas
695 1763 33 31 de
742 1766 132 31 Sanidad:
895 1769 57 31 solo
968 1782 34 19 un
1023 1773 138 40 ayudante

135 1814 33 30 de
182 1820 91 35 puerlo
289 1815 61 29 vino
365 1817 15 28 á
397 1821 82 25 tomar
492 1818 38 29 las
545 1818 205 34 informaciones
765 1823 24 29 ai
809 1834 74 28 caso,
899 1837 62 30 para
989 1829 129 43 disponer
1134 1832 27 30 lo

135 1881 52 30 que
203 1870 73 30 fuese
289 1871 32 29 de
334 1873 145 30 necesidad
495 1874 23 29 al
536 1874 100 43 buque.
