1241 2180
583 134 160 27 66

156 211 46 20 eco
213 210 48 30 por
277 200 38 30 los
327 199 132 41 espacios,
475 208 34 20 un
534 197 146 31 redoblado
703 197 127 40 estrépito
855 195 59 30 cual
934 200 92 25 trueno
1047 194 43 30 del
1108 194 76 31 cielo.

197 256 100 31 Cesado
313 256 22 29 el
349 259 118 26 cañoneo
484 254 72 31 tardó
572 263 51 21 aun
640 253 113 41 algunos
770 252 116 30 minutos
903 252 12 29 á
935 251 136 40 disiparse
1088 251 24 30 el
1133 262 54 20 en-

155 312 129 42 capotado
299 313 146 34 horizonte,
465 321 17 30 y
497 315 126 25 entonces
637 319 32 31 ya
682 308 68 31 nada
771 318 27 20 se
820 307 151 31 vislumbró
989 317 53 31 que
1068 307 119 32 indicase

155 379 75 21 como
246 379 28 20 se
290 368 78 30 habia
384 367 143 31 verificado
542 367 80 40 aquel
642 366 227 30 acometimiento.

199 426 73 30 Todo
288 426 90 30 estaba
390 425 142 41 tranquilo,
549 425 13 30 á
578 423 143 41 escepcion
738 423 33 30 de
787 423 39 29 los
849 422 49 30 dos
914 423 94 28 navios
1034 423 14 28 á
1068 421 85 31 hélice
1169 433 17 31 y

156 483 79 40 algún
246 493 83 30 vapor
344 483 33 29 de
392 482 97 30 ruedas
506 492 51 30 que
573 480 165 42 desfogaban
755 490 48 31 por
826 480 39 30 las
881 479 124 31 válvulas
1022 478 34 31 de
1072 479 113 41 seguri-

154 539 52 31 dad
222 540 23 30 el
261 539 174 42 comprimido
446 549 82 30 vapor
541 539 32 29 de
588 549 45 19 sus
645 537 131 35 calderas,
804 536 142 31 moviendo
973 547 35 20 un
1036 536 143 31 estruendo

154 607 80 30 capaz
250 597 32 30 de
294 596 159 31 ensordecer
466 597 12 29 á
495 595 165 41 cualquiera.

196 655 61 28 Eslo
271 664 46 19 nos
330 654 58 28 hizo
403 653 141 40 imaginar,
562 653 21 29 si
601 651 92 30 habria
709 650 99 31 habido
820 661 35 19 un
868 656 97 36 ataque
982 649 135 32 simulado
1135 662 45 30 por

153 710 121 40 aquellos
286 710 104 40 buques
406 715 89 25 contra
512 709 38 29 los
564 708 99 30 fuertes
677 709 142 29 esteriores
842 707 43 30 del
910 713 107 36 puerto,
1037 717 64 32 para
1118 708 62 40 eje-

153 772 74 25 cutar
242 776 34 20 un
293 766 169 30 movimiento
475 765 120 30 atrevido
610 775 47 29 por
671 765 22 28 la
712 770 72 34 parle
798 764 32 30 de
848 765 77 29 tierra
936 776 6 23 ;
970 775 65 29 pero
1049 765 33 38 ¿á
1100 765 79 40 quién

154 832 33 20 no
199 823 119 30 causaría
332 827 108 34 estupor
456 832 47 19 ver
518 832 52 29 que
588 821 38 30 los
636 821 134 30 atrevidos
782 821 97 30 habían
897 821 57 30 sido
973 821 39 30 los
1029 823 101 28 rusos?

195 879 29 29 El
241 888 60 21 caso
315 877 42 31 fué
373 878 24 30 el
414 878 142 39 siguiente:

193 935 102 30 Viendo
307 935 23 29 el
342 935 145 29 Almirante
503 945 62 19 ruso
578 944 51 31 que
645 935 15 29 á
673 934 24 30 la
714 934 68 30 vista
798 934 43 30 del
858 939 94 36 puerto
969 934 141 41 quedaban
1124 945 50 30 po-

151 1001 45 20 cos
211 991 105 40 buques
339 991 33 29 de
394 991 38 29 los
447 991 113 33 aliados,
587 1002 15 28 y
618 1001 53 30 que
696 991 93 29 dentro
815 991 42 30 del
879 991 125 30 indicado
1029 992 148 40 puertecito

151 1047 142 30 inmediato
309 1048 14 29 á
340 1047 155 39 Sebastopol
506 1047 112 29 existían
633 1047 39 29 los
688 1047 48 29 dos
748 1057 113 31 vapores
878 1047 136 31 franceses
1028 1058 52 31 que
1097 1058 80 30 guar-

150 1102 86 30 daban
252 1103 24 30 el
293 1108 113 25 eslremo
417 1102 42 30 del
475 1108 194 35 campamenlo,
686 1113 84 30 segun
783 1103 33 30 de
832 1104 53 30 ello
898 1114 28 20 se
942 1104 33 30 ha
993 1104 86 31 hecho
1096 1115 81 20 men-

150 1160 74 34 ción,
244 1161 80 39 pensó
340 1158 130 30 atacarlos
482 1158 33 30 de
530 1159 157 40 improviso,
703 1170 18 30 y
733 1159 23 30 al
771 1159 84 31 efecto
872 1160 98 30 mandó
986 1161 65 29 salir
1066 1161 47 30 dos
1132 1171 45 20 va-

149 1225 79 29 pores
243 1214 32 30 de
286 1225 30 19 su
329 1214 106 31 armada
451 1214 60 40 algo
528 1224 121 30 mayores
666 1225 52 29 que
734 1216 132 38 aquellos.

191 1271 105 40 Apenas
312 1280 136 20 asomaron
466 1281 47 30 por
530 1270 22 30 la
568 1270 66 31 boca
650 1271 43 30 del
721 1278 94 34 puerto
842 1272 105 30 cuando
975 1273 39 30 los
1031 1273 144 41 vigilantes

150 1325 143 37 franceses,
312 1326 141 41 apostados
463 1336 62 31 para
539 1332 54 24 esta
606 1327 186 34 observación,
806 1328 92 30 dieron
917 1329 24 29 la
958 1330 72 30 señal
1045 1330 34 31 de
1097 1330 78 31 alar-

148 1392 58 21 ma:
221 1383 103 29 sueltan
341 1383 38 29 los
395 1392 112 30 vapores
524 1393 45 19 sus
582 1393 128 26 amarras,
726 1395 17 29 y
758 1395 50 19 con
826 1384 61 30 toda
904 1385 24 30 la
947 1386 108 41 rapidez
1072 1398 53 30 que
1140 1388 37 29 les

148 1439 98 41 podian
262 1439 151 30 comunicar
432 1450 45 18 sus
489 1439 150 31 esforzadas
655 1441 151 40 máquinas,
822 1442 114 30 salieron
951 1453 63 30 para
1032 1445 94 30 evadir
1140 1456 34 19 un

148 1495 120 30 combate
275 1494 137 41 desigual;
428 1505 56 20 mas
495 1500 73 25 antes
579 1506 51 30 que
649 1496 127 40 pudiesen
790 1499 144 39 conseguir
948 1510 77 20 verse
1045 1501 129 36 librados,

149 1552 119 30 tuvieron
285 1561 51 31 que
349 1552 151 40 resignarse
511 1552 15 30 á
538 1562 42 20 ser
596 1552 154 41 hostigados
764 1564 48 30 por
830 1554 40 29 los
887 1566 89 26 rusos,
996 1567 64 30 pero
1079 1568 29 20 se
1123 1557 54 31 de-

148 1608 136 28 fendieron
297 1617 32 19 en
346 1607 122 29 retirada.

190 1665 50 28 Los
254 1674 87 24 rusos,
357 1664 56 29 solo
429 1670 122 24 atacaron
569 1665 75 30 hasta
660 1665 87 31 donde
773 1666 25 31 la
826 1667 147 41 prudencia
999 1671 175 41 aconsejaba,

147 1730 65 30 pues
224 1729 31 30 ya
273 1720 38 29 los
323 1720 48 30 dos
387 1722 91 29 navios
491 1722 120 30 atizando
627 1722 34 31 de
677 1733 35 20 un
727 1723 78 31 modo
819 1724 159 32 desmedido
993 1737 46 20 sus
1061 1727 112 37 hornos,

146 1786 52 30 que
214 1777 148 29 mantenían
374 1777 114 41 siempre
505 1778 87 31 medio
605 1780 162 30 encendidos
793 1791 63 30 para
884 1782 112 32 obtener
1012 1794 84 31 vapor
1115 1786 15 29 á
1152 1785 24 30 la

146 1841 90 30 mayor
252 1831 146 36 brevedad,
417 1832 62 31 iban
491 1835 14 29 á
522 1844 61 20 caer
600 1835 77 30 sobre
693 1837 78 29 ellos.

186 1888 113 40 Aunque
315 1887 24 30 el
351 1889 131 36 combate,
496 1897 154 32 puramente
663 1893 141 36 marítimo,
820 1904 33 20 no
865 1894 115 32 hubiese
996 1896 69 31 dado
1079 1898 94 31 resul-
