<?xml version="1.0" encoding="UTF-8"?>
<alto xmlns:xsi="http://www.w3.org/2001/XMLSchema-instance" xsi:noNamespaceSchemaLocation="http://www.bl.uk/schemas/alto/alto-1-4.xsd" xmlns:xlink="http://www.w3.org/1999/xlink">
	<Description>
		<MeasurementUnit>mm10</MeasurementUnit>
		<sourceImageInformation>
			<fileName>//head1/IN/2008-26/A0011736599/009096.jp2</fileName>
		</sourceImageInformation>
		<OCRProcessing ID="OCRPROCESSING_1">
			<preProcessingStep>
				<processingSoftware>
					<softwareCreator>CCS Content Conversion Specialists GmbH, Germany</softwareCreator>
					<softwareName>CCS docWORKS</softwareName>
					<softwareVersion>6.1-0.67</softwareVersion>
				</processingSoftware>
			</preProcessingStep>
			<ocrProcessingStep>
				<processingSoftware>
					<softwareCreator>ABBYY (BIT Software), Russia</softwareCreator>
					<softwareName>Finereader</softwareName>
				</processingSoftware>
			</ocrProcessingStep>
		</OCRProcessing>
	</Description>
	<Styles>
		<TextStyle ID="TXT_0" FONTSIZE="10" FONTFAMILY="Courier New"/>
		<TextStyle ID="TXT_1" FONTSIZE="9" FONTFAMILY="Courier New"/>
		<ParagraphStyle ID="PAR_RIGHT" ALIGN="Right"/>
		<ParagraphStyle ID="PAR_LEFT" ALIGN="Left"/>
	</Styles>
	<Layout>
		<Page ID="P44" PHYSICAL_IMG_NR="44" HEIGHT="2180" WIDTH="1241" PRINTED_IMG_NR="36" POSITION="Left" ACCURACY="74.50">
			<TopMargin ID="P44_TM00001" HPOS="0" VPOS="0" WIDTH="1241" HEIGHT="155">
				<TextBlock ID="P44_TB00001" HPOS="566" VPOS="127" WIDTH="162" HEIGHT="27" STYLEREFS="TXT_0 PAR_RIGHT">
					<TextLine ID="P44_TL00001" HPOS="566" VPOS="127" WIDTH="162" HEIGHT="27">
						<String ID="P44_ST00001" HPOS="566" VPOS="127" WIDTH="162" HEIGHT="27" CONTENT="36" WC="1.00" CC="00"/>
					</TextLine>
				</TextBlock>
			</TopMargin>
			<LeftMargin ID="P44_LM00001" HPOS="0" VPOS="155" WIDTH="130" HEIGHT="1758"/>
			<RightMargin ID="P44_RM00001" HPOS="1161" VPOS="155" WIDTH="80" HEIGHT="1758"/>
			<BottomMargin ID="P44_BM00001" HPOS="0" VPOS="1913" WIDTH="1241" HEIGHT="267"/>
			<PrintSpace ID="P44_PS00001" HPOS="130" VPOS="155" WIDTH="1031" HEIGHT="1758">
				<TextBlock ID="P44_TB00002" HPOS="132" VPOS="182" WIDTH="1029" HEIGHT="274" STYLEREFS="TXT_1 PAR_LEFT">
					<TextLine ID="P44_TL00002" HPOS="134" VPOS="183" WIDTH="1027" HEIGHT="47">
						<String ID="P44_ST00002" HPOS="134" VPOS="193" WIDTH="144" HEIGHT="30" CONTENT="hacíanlos" WC="0.78" CC="710005130"/>
						<SP ID="P44_SP00001" HPOS="278" VPOS="223" WIDTH="15"/>
						<String ID="P44_ST00003" HPOS="293" VPOS="190" WIDTH="122" HEIGHT="32" CONTENT="costados" WC="0.74" CC="04460050"/>
						<SP ID="P44_SP00002" HPOS="415" VPOS="223" WIDTH="12"/>
						<String ID="P44_ST00004" HPOS="427" VPOS="191" WIDTH="33" HEIGHT="29" CONTENT="de" WC="1.00" CC="00"/>
						<SP ID="P44_SP00003" HPOS="460" VPOS="223" WIDTH="12"/>
						<String ID="P44_ST00005" HPOS="472" VPOS="189" WIDTH="38" HEIGHT="30" CONTENT="los" WC="0.70" CC="035"/>
						<SP ID="P44_SP00004" HPOS="510" VPOS="223" WIDTH="16"/>
						<String ID="P44_ST00006" HPOS="526" VPOS="189" WIDTH="115" HEIGHT="41" CONTENT="buques." WC="0.84" CC="0303130"/>
						<SP ID="P44_SP00005" HPOS="641" VPOS="230" WIDTH="28"/>
						<String ID="P44_ST00007" HPOS="669" VPOS="188" WIDTH="90" HEIGHT="35" CONTENT="Otros," WC="0.62" CC="550460"/>
						<SP ID="P44_SP00006" HPOS="759" VPOS="230" WIDTH="19"/>
						<String ID="P44_ST00008" HPOS="778" VPOS="185" WIDTH="187" HEIGHT="31" CONTENT="enredándose" WC="0.79" CC="05300040260"/>
						<SP ID="P44_SP00007" HPOS="965" VPOS="230" WIDTH="21"/>
						<String ID="P44_ST00009" HPOS="986" VPOS="194" WIDTH="46" HEIGHT="20" CONTENT="sus" WC="0.76" CC="007"/>
						<SP ID="P44_SP00008" HPOS="1032" VPOS="230" WIDTH="16"/>
						<String ID="P44_ST00010" HPOS="1048" VPOS="183" WIDTH="113" HEIGHT="31" CONTENT="arbola" SUBS_TYPE="HypPart1" SUBS_CONTENT="arboladuras," WC="0.83" CC="2070100"/>
						<HYP CONTENT="-"/>
					</TextLine>
					<TextLine ID="P44_TL00003" HPOS="136" VPOS="240" WIDTH="1025" HEIGHT="48">
						<String ID="P44_ST00011" HPOS="136" VPOS="249" WIDTH="91" HEIGHT="35" CONTENT="duras," SUBS_TYPE="HypPart2" SUBS_CONTENT="arboladuras," WC="0.86" CC="020023"/>
						<SP ID="P44_SP00009" HPOS="227" VPOS="284" WIDTH="19"/>
						<String ID="P44_ST00012" HPOS="246" VPOS="246" WIDTH="204" HEIGHT="32" CONTENT="destrozándose" WC="0.72" CC="0038066050401"/>
						<SP ID="P44_SP00010" HPOS="450" VPOS="284" WIDTH="17"/>
						<String ID="P44_ST00013" HPOS="467" VPOS="246" WIDTH="75" HEIGHT="42" CONTENT="palos" WC="0.80" CC="00054"/>
						<SP ID="P44_SP00011" HPOS="542" VPOS="288" WIDTH="15"/>
						<String ID="P44_ST00014" HPOS="557" VPOS="256" WIDTH="18" HEIGHT="31" CONTENT="y" WC="0.39" CC="6"/>
						<SP ID="P44_SP00012" HPOS="575" VPOS="288" WIDTH="16"/>
						<String ID="P44_ST00015" HPOS="591" VPOS="255" WIDTH="107" HEIGHT="31" CONTENT="vergas," WC="0.77" CC="0009500"/>
						<SP ID="P44_SP00013" HPOS="698" VPOS="288" WIDTH="16"/>
						<String ID="P44_ST00016" HPOS="714" VPOS="244" WIDTH="78" HEIGHT="30" CONTENT="venia" WC="0.83" CC="60001"/>
						<SP ID="P44_SP00014" HPOS="792" VPOS="288" WIDTH="23"/>
						<String ID="P44_ST00017" HPOS="815" VPOS="243" WIDTH="60" HEIGHT="30" CONTENT="todo" WC="0.85" CC="3002"/>
						<SP ID="P44_SP00015" HPOS="875" VPOS="288" WIDTH="16"/>
						<String ID="P44_ST00018" HPOS="891" VPOS="242" WIDTH="78" HEIGHT="40" CONTENT="abajo" WC="0.69" CC="50323"/>
						<SP ID="P44_SP00016" HPOS="969" VPOS="288" WIDTH="16"/>
						<String ID="P44_ST00019" HPOS="985" VPOS="251" WIDTH="32" HEIGHT="20" CONTENT="en" WC="0.74" CC="05"/>
						<SP ID="P44_SP00017" HPOS="1017" VPOS="288" WIDTH="34"/>
						<String ID="P44_ST00020" HPOS="1051" VPOS="240" WIDTH="110" HEIGHT="31" CONTENT="confuso" WC="0.67" CC="0450443"/>
					</TextLine>
					<TextLine ID="P44_TL00004" HPOS="134" VPOS="296" WIDTH="1027" HEIGHT="49">
						<String ID="P44_ST00021" HPOS="134" VPOS="304" WIDTH="94" HEIGHT="41" CONTENT="tropel." WC="0.70" CC="5440023"/>
						<SP ID="P44_SP00018" HPOS="228" VPOS="345" WIDTH="20"/>
						<String ID="P44_ST00022" HPOS="248" VPOS="304" WIDTH="29" HEIGHT="29" CONTENT="El" WC="0.81" CC="03"/>
						<SP ID="P44_SP00019" HPOS="277" VPOS="345" WIDTH="16"/>
						<String ID="P44_ST00023" HPOS="293" VPOS="303" WIDTH="97" HEIGHT="30" CONTENT="silbido" WC="0.89" CC="3000003"/>
						<SP ID="P44_SP00020" HPOS="390" VPOS="345" WIDTH="13"/>
						<String ID="P44_ST00024" HPOS="403" VPOS="303" WIDTH="44" HEIGHT="29" CONTENT="del" WC="1.00" CC="000"/>
						<SP ID="P44_SP00021" HPOS="447" VPOS="345" WIDTH="16"/>
						<String ID="P44_ST00025" HPOS="463" VPOS="302" WIDTH="100" HEIGHT="30" CONTENT="furioso" WC="0.78" CC="0324040"/>
						<SP ID="P44_SP00022" HPOS="563" VPOS="345" WIDTH="15"/>
						<String ID="P44_ST00026" HPOS="578" VPOS="302" WIDTH="89" HEIGHT="30" CONTENT="viento" WC="0.68" CC="600065"/>
						<SP ID="P44_SP00023" HPOS="667" VPOS="345" WIDTH="17"/>
						<String ID="P44_ST00027" HPOS="684" VPOS="299" WIDTH="149" HEIGHT="32" CONTENT="zumbando" WC="0.69" CC="45006204"/>
						<SP ID="P44_SP00024" HPOS="833" VPOS="345" WIDTH="17"/>
						<String ID="P44_ST00028" HPOS="850" VPOS="299" WIDTH="38" HEIGHT="30" CONTENT="los" WC="0.63" CC="055"/>
						<SP ID="P44_SP00025" HPOS="888" VPOS="345" WIDTH="22"/>
						<String ID="P44_ST00029" HPOS="910" VPOS="298" WIDTH="74" HEIGHT="30" CONTENT="oídos" WC="0.87" CC="50000"/>
						<SP ID="P44_SP00026" HPOS="984" VPOS="345" WIDTH="16"/>
						<String ID="P44_ST00030" HPOS="1000" VPOS="297" WIDTH="26" HEIGHT="31" CONTENT="al" WC="1.00" CC="00"/>
						<SP ID="P44_SP00027" HPOS="1026" VPOS="345" WIDTH="28"/>
						<String ID="P44_ST00031" HPOS="1054" VPOS="296" WIDTH="107" HEIGHT="31" CONTENT="sacudir" WC="0.67" CC="6002065"/>
					</TextLine>
					<TextLine ID="P44_TL00005" HPOS="133" VPOS="354" WIDTH="1028" HEIGHT="46">
						<String ID="P44_ST00032" HPOS="133" VPOS="365" WIDTH="70" HEIGHT="26" CONTENT="tanto" WC="0.59" CC="01773"/>
						<SP ID="P44_SP00028" HPOS="203" VPOS="391" WIDTH="16"/>
						<String ID="P44_ST00033" HPOS="219" VPOS="360" WIDTH="117" HEIGHT="40" CONTENT="cordaje," WC="0.81" CC="06005200"/>
						<SP ID="P44_SP00029" HPOS="336" VPOS="400" WIDTH="28"/>
						<String ID="P44_ST00034" HPOS="364" VPOS="371" WIDTH="14" HEIGHT="29" CONTENT="y" WC="1.00" CC="0"/>
						<SP ID="P44_SP00030" HPOS="378" VPOS="400" WIDTH="13"/>
						<String ID="P44_ST00035" HPOS="391" VPOS="360" WIDTH="24" HEIGHT="29" CONTENT="la" WC="1.00" CC="00"/>
						<SP ID="P44_SP00031" HPOS="415" VPOS="400" WIDTH="17"/>
						<String ID="P44_ST00036" HPOS="432" VPOS="359" WIDTH="92" HEIGHT="41" CONTENT="piedra" WC="0.92" CC="004000"/>
						<SP ID="P44_SP00032" HPOS="524" VPOS="400" WIDTH="13"/>
						<String ID="P44_ST00037" HPOS="537" VPOS="358" WIDTH="114" HEIGHT="30" CONTENT="menuda" WC="0.88" CC="000006"/>
						<SP ID="P44_SP00033" HPOS="651" VPOS="400" WIDTH="14"/>
						<String ID="P44_ST00038" HPOS="665" VPOS="368" WIDTH="52" HEIGHT="30" CONTENT="que" WC="0.38" CC="863"/>
						<SP ID="P44_SP00034" HPOS="717" VPOS="400" WIDTH="16"/>
						<String ID="P44_ST00039" HPOS="733" VPOS="356" WIDTH="109" HEIGHT="31" CONTENT="azotaba" WC="0.46" CC="6626437"/>
						<SP ID="P44_SP00035" HPOS="842" VPOS="400" WIDTH="16"/>
						<String ID="P44_ST00040" HPOS="858" VPOS="356" WIDTH="40" HEIGHT="30" CONTENT="los" WC="0.95" CC="100"/>
						<SP ID="P44_SP00036" HPOS="898" VPOS="400" WIDTH="17"/>
						<String ID="P44_ST00041" HPOS="915" VPOS="354" WIDTH="176" HEIGHT="36" CONTENT="semblanles," WC="0.80" CC="40503340000"/>
						<SP ID="P44_SP00037" HPOS="1091" VPOS="400" WIDTH="18"/>
						<String ID="P44_ST00042" HPOS="1109" VPOS="364" WIDTH="52" HEIGHT="20" CONTENT="es" SUBS_TYPE="HypPart1" SUBS_CONTENT="estorbaba" WC="1.00" CC="000"/>
						<HYP CONTENT="-"/>
					</TextLine>
					<TextLine ID="P44_TL00006" HPOS="135" VPOS="414" WIDTH="708" HEIGHT="42">
						<String ID="P44_ST00043" HPOS="135" VPOS="416" WIDTH="109" HEIGHT="31" CONTENT="torbaba" SUBS_TYPE="HypPart2" SUBS_CONTENT="estorbaba" WC="0.52" CC="7651650"/>
						<SP ID="P44_SP00038" HPOS="244" VPOS="447" WIDTH="13"/>
						<String ID="P44_ST00044" HPOS="257" VPOS="427" WIDTH="31" HEIGHT="20" CONTENT="en" WC="0.95" CC="00"/>
						<SP ID="P44_SP00039" HPOS="288" VPOS="447" WIDTH="14"/>
						<String ID="P44_ST00045" HPOS="302" VPOS="426" WIDTH="63" HEIGHT="30" CONTENT="gran" WC="0.60" CC="0455"/>
						<SP ID="P44_SP00040" HPOS="365" VPOS="456" WIDTH="12"/>
						<String ID="P44_ST00046" HPOS="377" VPOS="425" WIDTH="106" HEIGHT="21" CONTENT="manera" WC="0.56" CC="755105"/>
						<SP ID="P44_SP00041" HPOS="483" VPOS="456" WIDTH="14"/>
						<String ID="P44_ST00047" HPOS="497" VPOS="415" WIDTH="38" HEIGHT="30" CONTENT="los" WC="0.63" CC="046"/>
						<SP ID="P44_SP00042" HPOS="535" VPOS="456" WIDTH="18"/>
						<String ID="P44_ST00048" HPOS="553" VPOS="415" WIDTH="115" HEIGHT="39" CONTENT="trabajos" WC="0.64" CC="56602070"/>
						<SP ID="P44_SP00043" HPOS="668" VPOS="456" WIDTH="16"/>
						<String ID="P44_ST00049" HPOS="684" VPOS="414" WIDTH="159" HEIGHT="30" CONTENT="marineros." WC="0.78" CC="5420200320"/>
					</TextLine>
				</TextBlock>
				<TextBlock ID="P44_TB00003" HPOS="130" VPOS="467" WIDTH="1029" HEIGHT="259" STYLEREFS="TXT_1 PAR_LEFT">
					<TextLine ID="P44_TL00007" HPOS="174" VPOS="467" WIDTH="985" HEIGHT="38">
						<String ID="P44_ST00050" HPOS="174" VPOS="473" WIDTH="22" HEIGHT="30" CONTENT="A" WC="1.00" CC="0"/>
						<SP ID="P44_SP00044" HPOS="196" VPOS="503" WIDTH="15"/>
						<String ID="P44_ST00051" HPOS="211" VPOS="478" WIDTH="120" HEIGHT="25" CONTENT="nosolros" WC="0.63" CC="53260046"/>
						<SP ID="P44_SP00045" HPOS="331" VPOS="503" WIDTH="23"/>
						<String ID="P44_ST00052" HPOS="354" VPOS="482" WIDTH="48" HEIGHT="21" CONTENT="nos" WC="0.91" CC="200"/>
						<SP ID="P44_SP00046" HPOS="402" VPOS="503" WIDTH="17"/>
						<String ID="P44_ST00053" HPOS="419" VPOS="474" WIDTH="56" HEIGHT="28" CONTENT="tocó" WC="0.45" CC="3575"/>
						<SP ID="P44_SP00047" HPOS="475" VPOS="503" WIDTH="24"/>
						<String ID="P44_ST00054" HPOS="499" VPOS="471" WIDTH="115" HEIGHT="31" CONTENT="lambien" WC="0.63" CC="6025055"/>
						<SP ID="P44_SP00048" HPOS="614" VPOS="503" WIDTH="26"/>
						<String ID="P44_ST00055" HPOS="640" VPOS="471" WIDTH="22" HEIGHT="30" CONTENT="ir" WC="0.68" CC="06"/>
						<SP ID="P44_SP00049" HPOS="662" VPOS="503" WIDTH="21"/>
						<String ID="P44_ST00056" HPOS="683" VPOS="471" WIDTH="23" HEIGHT="30" CONTENT="al" WC="0.65" CC="15"/>
						<SP ID="P44_SP00050" HPOS="706" VPOS="503" WIDTH="19"/>
						<String ID="P44_ST00057" HPOS="725" VPOS="471" WIDTH="89" HEIGHT="30" CONTENT="través" WC="0.65" CC="160912"/>
						<SP ID="P44_SP00051" HPOS="814" VPOS="503" WIDTH="15"/>
						<String ID="P44_ST00058" HPOS="829" VPOS="494" WIDTH="5" HEIGHT="11" CONTENT="," WC="0.91" CC="0"/>
						<SP ID="P44_SP00052" HPOS="834" VPOS="505" WIDTH="21"/>
						<String ID="P44_ST00059" HPOS="855" VPOS="468" WIDTH="133" HEIGHT="31" CONTENT="habiendo" WC="0.56" CC="66052705"/>
						<SP ID="P44_SP00053" HPOS="988" VPOS="505" WIDTH="17"/>
						<String ID="P44_ST00060" HPOS="1005" VPOS="467" WIDTH="60" HEIGHT="31" CONTENT="sido" WC="0.77" CC="1204"/>
						<SP ID="P44_SP00054" HPOS="1065" VPOS="505" WIDTH="13"/>
						<String ID="P44_ST00061" HPOS="1078" VPOS="477" WIDTH="81" HEIGHT="21" CONTENT="vanos" WC="0.46" CC="75750"/>
					</TextLine>
					<TextLine ID="P44_TL00008" HPOS="134" VPOS="525" WIDTH="1025" HEIGHT="43">
						<String ID="P44_ST00062" HPOS="134" VPOS="534" WIDTH="109" HEIGHT="25" CONTENT="cuantos" WC="0.75" CC="0244130"/>
						<SP ID="P44_SP00055" HPOS="243" VPOS="559" WIDTH="22"/>
						<String ID="P44_ST00063" HPOS="265" VPOS="528" WIDTH="134" HEIGHT="31" CONTENT="esfuerzos" WC="0.64" CC="034405526"/>
						<SP ID="P44_SP00056" HPOS="399" VPOS="559" WIDTH="25"/>
						<String ID="P44_ST00064" HPOS="424" VPOS="529" WIDTH="159" HEIGHT="29" CONTENT="tentáramos" WC="0.79" CC="3030007060"/>
						<SP ID="P44_SP00057" HPOS="583" VPOS="559" WIDTH="13"/>
						<String ID="P44_ST00065" HPOS="596" VPOS="536" WIDTH="65" HEIGHT="32" CONTENT="para" WC="0.74" CC="0504"/>
						<SP ID="P44_SP00058" HPOS="661" VPOS="568" WIDTH="16"/>
						<String ID="P44_ST00066" HPOS="677" VPOS="526" WIDTH="121" HEIGHT="31" CONTENT="evitarlo." WC="0.69" CC="205832060"/>
						<SP ID="P44_SP00059" HPOS="798" VPOS="568" WIDTH="21"/>
						<String ID="P44_ST00067" HPOS="819" VPOS="527" WIDTH="36" HEIGHT="29" CONTENT="De" WC="0.91" CC="01"/>
						<SP ID="P44_SP00060" HPOS="855" VPOS="568" WIDTH="17"/>
						<String ID="P44_ST00068" HPOS="872" VPOS="525" WIDTH="25" HEIGHT="30" CONTENT="la" WC="0.68" CC="50"/>
						<SP ID="P44_SP00061" HPOS="897" VPOS="568" WIDTH="16"/>
						<String ID="P44_ST00069" HPOS="913" VPOS="525" WIDTH="126" HEIGHT="41" CONTENT="máquina" WC="0.60" CC="6006355"/>
						<SP ID="P44_SP00062" HPOS="1039" VPOS="568" WIDTH="15"/>
						<String ID="P44_ST00070" HPOS="1054" VPOS="535" WIDTH="32" HEIGHT="19" CONTENT="no" WC="0.67" CC="32"/>
						<SP ID="P44_SP00063" HPOS="1086" VPOS="568" WIDTH="16"/>
						<String ID="P44_ST00071" HPOS="1102" VPOS="535" WIDTH="57" HEIGHT="30" CONTENT="pu" SUBS_TYPE="HypPart1" SUBS_CONTENT="pudimos" WC="0.83" CC="040"/>
						<HYP CONTENT="-"/>
					</TextLine>
					<TextLine ID="P44_TL00009" HPOS="131" VPOS="582" WIDTH="1028" HEIGHT="43">
						<String ID="P44_ST00072" HPOS="131" VPOS="585" WIDTH="85" HEIGHT="30" CONTENT="dimos" SUBS_TYPE="HypPart2" SUBS_CONTENT="pudimos" WC="0.44" CC="93545"/>
						<SP ID="P44_SP00064" HPOS="216" VPOS="615" WIDTH="14"/>
						<String ID="P44_ST00073" HPOS="230" VPOS="585" WIDTH="135" HEIGHT="30" CONTENT="servirnos" WC="0.82" CC="600000350"/>
						<SP ID="P44_SP00065" HPOS="365" VPOS="615" WIDTH="15"/>
						<String ID="P44_ST00074" HPOS="380" VPOS="609" WIDTH="6" HEIGHT="11" CONTENT="," WC="1.00" CC="0"/>
						<SP ID="P44_SP00066" HPOS="386" VPOS="620" WIDTH="19"/>
						<String ID="P44_ST00075" HPOS="405" VPOS="595" WIDTH="48" HEIGHT="30" CONTENT="por" WC="0.90" CC="002"/>
						<SP ID="P44_SP00067" HPOS="453" VPOS="625" WIDTH="16"/>
						<String ID="P44_ST00076" HPOS="469" VPOS="589" WIDTH="69" HEIGHT="25" CONTENT="estar" WC="0.74" CC="00506"/>
						<SP ID="P44_SP00068" HPOS="538" VPOS="625" WIDTH="13"/>
						<String ID="P44_ST00077" HPOS="551" VPOS="583" WIDTH="109" HEIGHT="31" CONTENT="sitiados" WC="0.84" CC="00004025"/>
						<SP ID="P44_SP00069" HPOS="660" VPOS="625" WIDTH="17"/>
						<String ID="P44_ST00078" HPOS="677" VPOS="582" WIDTH="212" HEIGHT="32" CONTENT="estrechamente" WC="0.76" CC="0441007030440"/>
						<SP ID="P44_SP00070" HPOS="889" VPOS="625" WIDTH="14"/>
						<String ID="P44_ST00079" HPOS="903" VPOS="592" WIDTH="49" HEIGHT="31" CONTENT="por" WC="0.46" CC="069"/>
						<SP ID="P44_SP00071" HPOS="952" VPOS="625" WIDTH="13"/>
						<String ID="P44_ST00080" HPOS="965" VPOS="586" WIDTH="70" HEIGHT="26" CONTENT="otros" WC="0.47" CC="65904"/>
						<SP ID="P44_SP00072" HPOS="1035" VPOS="625" WIDTH="12"/>
						<String ID="P44_ST00081" HPOS="1047" VPOS="591" WIDTH="112" HEIGHT="31" CONTENT="vapores" WC="0.68" CC="9600005"/>
					</TextLine>
					<TextLine ID="P44_TL00010" HPOS="132" VPOS="636" WIDTH="1027" HEIGHT="44">
						<String ID="P44_ST00082" HPOS="132" VPOS="651" WIDTH="31" HEIGHT="20" CONTENT="en" WC="1.00" CC="00"/>
						<SP ID="P44_SP00073" HPOS="163" VPOS="671" WIDTH="13"/>
						<String ID="P44_ST00083" HPOS="176" VPOS="641" WIDTH="72" HEIGHT="39" CONTENT="igual" WC="0.65" CC="70350"/>
						<SP ID="P44_SP00074" HPOS="248" VPOS="680" WIDTH="17"/>
						<String ID="P44_ST00084" HPOS="265" VPOS="640" WIDTH="139" HEIGHT="30" CONTENT="condición" WC="0.84" CC="023000350"/>
						<SP ID="P44_SP00075" HPOS="404" VPOS="680" WIDTH="17"/>
						<String ID="P44_ST00085" HPOS="421" VPOS="650" WIDTH="52" HEIGHT="30" CONTENT="que" WC="0.63" CC="082"/>
						<SP ID="P44_SP00076" HPOS="473" VPOS="680" WIDTH="24"/>
						<String ID="P44_ST00086" HPOS="497" VPOS="639" WIDTH="26" HEIGHT="30" CONTENT="la" WC="0.85" CC="02"/>
						<SP ID="P44_SP00077" HPOS="523" VPOS="680" WIDTH="12"/>
						<String ID="P44_ST00087" HPOS="535" VPOS="644" WIDTH="119" HEIGHT="25" CONTENT="nuestra." WC="0.67" CC="14516060"/>
						<SP ID="P44_SP00078" HPOS="654" VPOS="680" WIDTH="19"/>
						<String ID="P44_ST00088" HPOS="673" VPOS="640" WIDTH="37" HEIGHT="29" CONTENT="No" WC="0.95" CC="00"/>
						<SP ID="P44_SP00079" HPOS="710" VPOS="680" WIDTH="16"/>
						<String ID="P44_ST00089" HPOS="726" VPOS="637" WIDTH="72" HEIGHT="32" CONTENT="hubo" WC="0.75" CC="6003"/>
						<SP ID="P44_SP00080" HPOS="798" VPOS="680" WIDTH="17"/>
						<String ID="P44_ST00090" HPOS="815" VPOS="647" WIDTH="56" HEIGHT="21" CONTENT="mas" WC="0.80" CC="600"/>
						<SP ID="P44_SP00081" HPOS="871" VPOS="680" WIDTH="16"/>
						<String ID="P44_ST00091" HPOS="887" VPOS="636" WIDTH="118" HEIGHT="32" CONTENT="remedio" WC="0.79" CC="0080006"/>
						<SP ID="P44_SP00082" HPOS="1005" VPOS="680" WIDTH="16"/>
						<String ID="P44_ST00092" HPOS="1021" VPOS="649" WIDTH="4" HEIGHT="18" CONTENT=":" WC="0.53" CC="4"/>
						<SP ID="P44_SP00083" HPOS="1025" VPOS="680" WIDTH="26"/>
						<String ID="P44_ST00093" HPOS="1051" VPOS="636" WIDTH="108" HEIGHT="42" CONTENT="queda" SUBS_TYPE="HypPart1" SUBS_CONTENT="quedamos" WC="0.65" CC="040923"/>
						<HYP CONTENT="-"/>
					</TextLine>
					<TextLine ID="P44_TL00011" HPOS="132" VPOS="696" WIDTH="288" HEIGHT="30">
						<String ID="P44_ST00094" HPOS="132" VPOS="707" WIDTH="57" HEIGHT="19" CONTENT="mos" SUBS_TYPE="HypPart2" SUBS_CONTENT="quedamos" WC="0.94" CC="001"/>
						<SP ID="P44_SP00084" HPOS="189" VPOS="726" WIDTH="19"/>
						<String ID="P44_ST00095" HPOS="208" VPOS="696" WIDTH="73" HEIGHT="30" CONTENT="lodos" WC="0.73" CC="03045"/>
						<SP ID="P44_SP00085" HPOS="281" VPOS="726" WIDTH="17"/>
						<String ID="P44_ST00096" HPOS="298" VPOS="696" WIDTH="122" HEIGHT="30" CONTENT="varados." WC="0.84" CC="00230230"/>
					</TextLine>
				</TextBlock>
				<TextBlock ID="P44_TB00004" HPOS="132" VPOS="749" WIDTH="1027" HEIGHT="212" STYLEREFS="TXT_1 PAR_LEFT">
					<TextLine ID="P44_TL00012" HPOS="175" VPOS="749" WIDTH="984" HEIGHT="44">
						<String ID="P44_ST00097" HPOS="175" VPOS="753" WIDTH="36" HEIGHT="29" CONTENT="Lo" WC="1.00" CC="00"/>
						<SP ID="P44_SP00086" HPOS="211" VPOS="782" WIDTH="16"/>
						<String ID="P44_ST00098" HPOS="227" VPOS="763" WIDTH="52" HEIGHT="30" CONTENT="que" WC="0.88" CC="030"/>
						<SP ID="P44_SP00087" HPOS="279" VPOS="793" WIDTH="16"/>
						<String ID="P44_ST00099" HPOS="295" VPOS="752" WIDTH="188" HEIGHT="40" CONTENT="conseguimos" WC="0.74" CC="06051020640"/>
						<String ID="P44_ST00100" HPOS="496" VPOS="775" WIDTH="6" HEIGHT="11" CONTENT="," WC="1.00" CC="0"/>
						<SP ID="P44_SP00088" HPOS="502" VPOS="793" WIDTH="17"/>
						<String ID="P44_ST00101" HPOS="519" VPOS="761" WIDTH="120" HEIGHT="30" CONTENT="empero," WC="0.81" CC="0400540"/>
						<SP ID="P44_SP00089" HPOS="639" VPOS="793" WIDTH="18"/>
						<String ID="P44_ST00102" HPOS="657" VPOS="760" WIDTH="49" HEIGHT="31" CONTENT="por" WC="0.74" CC="042"/>
						<SP ID="P44_SP00090" HPOS="706" VPOS="793" WIDTH="13"/>
						<String ID="P44_ST00103" HPOS="719" VPOS="750" WIDTH="137" HEIGHT="30" CONTENT="acedadas" WC="0.73" CC="30071052"/>
						<SP ID="P44_SP00091" HPOS="856" VPOS="793" WIDTH="17"/>
						<String ID="P44_ST00104" HPOS="873" VPOS="750" WIDTH="196" HEIGHT="40" CONTENT="disposiciones" WC="0.76" CC="0050223005065"/>
						<SP ID="P44_SP00092" HPOS="1069" VPOS="793" WIDTH="15"/>
						<String ID="P44_ST00105" HPOS="1084" VPOS="774" WIDTH="5" HEIGHT="11" CONTENT="," WC="1.00" CC="0"/>
						<SP ID="P44_SP00093" HPOS="1089" VPOS="793" WIDTH="26"/>
						<String ID="P44_ST00106" HPOS="1115" VPOS="749" WIDTH="44" HEIGHT="31" CONTENT="fué" WC="0.82" CC="500"/>
					</TextLine>
					<TextLine ID="P44_TL00013" HPOS="137" VPOS="807" WIDTH="1022" HEIGHT="42">
						<String ID="P44_ST00107" HPOS="137" VPOS="819" WIDTH="33" HEIGHT="21" CONTENT="no" WC="0.88" CC="20"/>
						<SP ID="P44_SP00094" HPOS="170" VPOS="840" WIDTH="16"/>
						<String ID="P44_ST00108" HPOS="186" VPOS="809" WIDTH="47" HEIGHT="30" CONTENT="dar" WC="0.69" CC="044"/>
						<SP ID="P44_SP00095" HPOS="233" VPOS="840" WIDTH="26"/>
						<String ID="P44_ST00109" HPOS="259" VPOS="809" WIDTH="26" HEIGHT="30" CONTENT="ni" WC="0.38" CC="65"/>
						<SP ID="P44_SP00096" HPOS="285" VPOS="840" WIDTH="24"/>
						<String ID="P44_ST00110" HPOS="309" VPOS="808" WIDTH="98" HEIGHT="31" CONTENT="recibir" WC="1.00" CC="0000000"/>
						<SP ID="P44_SP00097" HPOS="407" VPOS="840" WIDTH="15"/>
						<String ID="P44_ST00111" HPOS="422" VPOS="808" WIDTH="102" HEIGHT="41" CONTENT="choque" WC="0.68" CC="065033"/>
						<SP ID="P44_SP00098" HPOS="524" VPOS="849" WIDTH="17"/>
						<String ID="P44_ST00112" HPOS="541" VPOS="808" WIDTH="109" HEIGHT="40" CONTENT="alguno," WC="0.65" CC="6705320"/>
						<SP ID="P44_SP00099" HPOS="650" VPOS="849" WIDTH="28"/>
						<String ID="P44_ST00113" HPOS="678" VPOS="818" WIDTH="17" HEIGHT="31" CONTENT="y" WC="1.00" CC="0"/>
						<SP ID="P44_SP00100" HPOS="695" VPOS="849" WIDTH="16"/>
						<String ID="P44_ST00114" HPOS="711" VPOS="817" WIDTH="78" HEIGHT="20" CONTENT="varar" WC="0.78" CC="02044"/>
						<SP ID="P44_SP00101" HPOS="789" VPOS="849" WIDTH="16"/>
						<String ID="P44_ST00115" HPOS="805" VPOS="817" WIDTH="49" HEIGHT="20" CONTENT="con" WC="0.71" CC="053"/>
						<SP ID="P44_SP00102" HPOS="854" VPOS="849" WIDTH="18"/>
						<String ID="P44_ST00116" HPOS="872" VPOS="807" WIDTH="130" HEIGHT="30" CONTENT="suavidad" WC="0.87" CC="44000010"/>
						<SP ID="P44_SP00103" HPOS="1002" VPOS="849" WIDTH="13"/>
						<String ID="P44_ST00117" HPOS="1015" VPOS="818" WIDTH="32" HEIGHT="19" CONTENT="en" WC="0.66" CC="06"/>
						<SP ID="P44_SP00104" HPOS="1047" VPOS="849" WIDTH="25"/>
						<String ID="P44_ST00118" HPOS="1072" VPOS="807" WIDTH="87" HEIGHT="30" CONTENT="buena" WC="0.86" CC="70000"/>
					</TextLine>
					<TextLine ID="P44_TL00014" HPOS="133" VPOS="864" WIDTH="1026" HEIGHT="42">
						<String ID="P44_ST00119" HPOS="133" VPOS="866" WIDTH="130" HEIGHT="40" CONTENT="posición." WC="0.82" CC="006000502"/>
						<SP ID="P44_SP00105" HPOS="263" VPOS="906" WIDTH="17"/>
						<String ID="P44_ST00120" HPOS="280" VPOS="866" WIDTH="22" HEIGHT="29" CONTENT="A" WC="1.00" CC="0"/>
						<SP ID="P44_SP00106" HPOS="302" VPOS="906" WIDTH="12"/>
						<String ID="P44_ST00121" HPOS="314" VPOS="870" WIDTH="107" HEIGHT="25" CONTENT="nuestro" WC="0.48" CC="5036756"/>
						<SP ID="P44_SP00107" HPOS="421" VPOS="906" WIDTH="16"/>
						<String ID="P44_ST00122" HPOS="437" VPOS="864" WIDTH="109" HEIGHT="31" CONTENT="costado" WC="0.61" CC="0347406"/>
						<SP ID="P44_SP00108" HPOS="546" VPOS="906" WIDTH="15"/>
						<String ID="P44_ST00123" HPOS="561" VPOS="865" WIDTH="163" HEIGHT="30" CONTENT="envistieron" WC="0.85" CC="00005300006"/>
						<SP ID="P44_SP00109" HPOS="724" VPOS="906" WIDTH="24"/>
						<String ID="P44_ST00124" HPOS="748" VPOS="865" WIDTH="39" HEIGHT="30" CONTENT="los" WC="0.64" CC="306"/>
						<SP ID="P44_SP00110" HPOS="787" VPOS="906" WIDTH="17"/>
						<String ID="P44_ST00125" HPOS="804" VPOS="874" WIDTH="112" HEIGHT="32" CONTENT="vapores" WC="0.89" CC="0006001"/>
						<SP ID="P44_SP00111" HPOS="916" VPOS="906" WIDTH="22"/>
						<String ID="P44_ST00126" HPOS="938" VPOS="864" WIDTH="137" HEIGHT="31" CONTENT="franceses" WC="0.77" CC="016000470"/>
						<SP ID="P44_SP00112" HPOS="1075" VPOS="906" WIDTH="15"/>
						<String ID="P44_ST00127" HPOS="1090" VPOS="864" WIDTH="69" HEIGHT="30" CONTENT="«Bi" SUBS_TYPE="HypPart1" SUBS_CONTENT="«Bizantin»" WC="0.95" CC="0010"/>
						<HYP CONTENT="-"/>
					</TextLine>
					<TextLine ID="P44_TL00015" HPOS="134" VPOS="922" WIDTH="335" HEIGHT="39">
						<String ID="P44_ST00128" HPOS="134" VPOS="923" WIDTH="105" HEIGHT="29" CONTENT="zantin»" SUBS_TYPE="HypPart2" SUBS_CONTENT="«Bizantin»" WC="0.74" CC="5004052"/>
						<SP ID="P44_SP00113" HPOS="239" VPOS="952" WIDTH="18"/>
						<String ID="P44_ST00129" HPOS="257" VPOS="932" WIDTH="18" HEIGHT="29" CONTENT="y" WC="0.71" CC="2"/>
						<SP ID="P44_SP00114" HPOS="275" VPOS="961" WIDTH="15"/>
						<String ID="P44_ST00130" HPOS="290" VPOS="922" WIDTH="179" HEIGHT="39" CONTENT="«Egipcien.»" WC="0.88" CC="20000001026"/>
					</TextLine>
				</TextBlock>
				<TextBlock ID="P44_TB00005" HPOS="131" VPOS="977" WIDTH="1027" HEIGHT="211" STYLEREFS="TXT_1 PAR_LEFT">
					<TextLine ID="P44_TL00016" HPOS="175" VPOS="977" WIDTH="983" HEIGHT="41">
						<String ID="P44_ST00131" HPOS="175" VPOS="978" WIDTH="99" HEIGHT="30" CONTENT="Siendo" WC="0.77" CC="000706"/>
						<SP ID="P44_SP00115" HPOS="274" VPOS="1008" WIDTH="25"/>
						<String ID="P44_ST00132" HPOS="299" VPOS="987" WIDTH="79" HEIGHT="20" CONTENT="arena" WC="0.68" CC="09600"/>
						<SP ID="P44_SP00116" HPOS="378" VPOS="1008" WIDTH="24"/>
						<String ID="P44_ST00133" HPOS="402" VPOS="978" WIDTH="24" HEIGHT="29" CONTENT="el" WC="0.52" CC="27"/>
						<SP ID="P44_SP00117" HPOS="426" VPOS="1008" WIDTH="16"/>
						<String ID="P44_ST00134" HPOS="442" VPOS="977" WIDTH="80" HEIGHT="30" CONTENT="fondo" WC="0.49" CC="35907"/>
						<SP ID="P44_SP00118" HPOS="522" VPOS="1008" WIDTH="13"/>
						<String ID="P44_ST00135" HPOS="535" VPOS="977" WIDTH="43" HEIGHT="29" CONTENT="del" WC="0.51" CC="077"/>
						<SP ID="P44_SP00119" HPOS="578" VPOS="1008" WIDTH="17"/>
						<String ID="P44_ST00136" HPOS="595" VPOS="982" WIDTH="104" HEIGHT="35" CONTENT="puerlo," WC="0.83" CC="0500060"/>
						<SP ID="P44_SP00120" HPOS="699" VPOS="1017" WIDTH="15"/>
						<String ID="P44_ST00137" HPOS="714" VPOS="988" WIDTH="33" HEIGHT="19" CONTENT="no" WC="0.79" CC="40"/>
						<SP ID="P44_SP00121" HPOS="747" VPOS="1017" WIDTH="18"/>
						<String ID="P44_ST00138" HPOS="765" VPOS="977" WIDTH="78" HEIGHT="30" CONTENT="habia" WC="0.58" CC="06471"/>
						<SP ID="P44_SP00122" HPOS="843" VPOS="1017" WIDTH="18"/>
						<String ID="P44_ST00139" HPOS="861" VPOS="988" WIDTH="52" HEIGHT="30" CONTENT="que" WC="0.87" CC="030"/>
						<SP ID="P44_SP00123" HPOS="913" VPOS="1018" WIDTH="18"/>
						<String ID="P44_ST00140" HPOS="931" VPOS="982" WIDTH="83" HEIGHT="25" CONTENT="temer" WC="0.59" CC="50545"/>
						<SP ID="P44_SP00124" HPOS="1014" VPOS="1018" WIDTH="15"/>
						<String ID="P44_ST00141" HPOS="1029" VPOS="987" WIDTH="59" HEIGHT="20" CONTENT="mas" WC="0.59" CC="704"/>
						<SP ID="P44_SP00125" HPOS="1088" VPOS="1018" WIDTH="14"/>
						<String ID="P44_ST00142" HPOS="1102" VPOS="978" WIDTH="56" HEIGHT="30" CONTENT="sino" WC="0.73" CC="3032"/>
					</TextLine>
					<TextLine ID="P44_TL00017" HPOS="132" VPOS="1033" WIDTH="1023" HEIGHT="42">
						<String ID="P44_ST00143" HPOS="132" VPOS="1044" WIDTH="52" HEIGHT="31" CONTENT="que" WC="0.80" CC="050"/>
						<SP ID="P44_SP00126" HPOS="184" VPOS="1075" WIDTH="24"/>
						<String ID="P44_ST00144" HPOS="208" VPOS="1044" WIDTH="47" HEIGHT="20" CONTENT="nos" WC="0.64" CC="351"/>
						<SP ID="P44_SP00127" HPOS="255" VPOS="1075" WIDTH="26"/>
						<String ID="P44_ST00145" HPOS="281" VPOS="1034" WIDTH="100" HEIGHT="29" CONTENT="viniera" WC="0.81" CC="0440003"/>
						<SP ID="P44_SP00128" HPOS="381" VPOS="1075" WIDTH="22"/>
						<String ID="P44_ST00146" HPOS="403" VPOS="1033" WIDTH="81" HEIGHT="40" CONTENT="algún" WC="0.67" CC="14027"/>
						<SP ID="P44_SP00129" HPOS="484" VPOS="1075" WIDTH="26"/>
						<String ID="P44_ST00147" HPOS="510" VPOS="1033" WIDTH="91" HEIGHT="40" CONTENT="buque" WC="0.89" CC="40000"/>
						<SP ID="P44_SP00130" HPOS="601" VPOS="1075" WIDTH="16"/>
						<String ID="P44_ST00148" HPOS="617" VPOS="1034" WIDTH="101" HEIGHT="29" CONTENT="encima" WC="0.70" CC="050560"/>
						<SP ID="P44_SP00131" HPOS="718" VPOS="1075" WIDTH="16"/>
						<String ID="P44_ST00149" HPOS="734" VPOS="1059" WIDTH="5" HEIGHT="11" CONTENT="," WC="0.99" CC="0"/>
						<SP ID="P44_SP00132" HPOS="739" VPOS="1075" WIDTH="28"/>
						<String ID="P44_ST00150" HPOS="767" VPOS="1036" WIDTH="15" HEIGHT="28" CONTENT="ó" WC="0.45" CC="5"/>
						<SP ID="P44_SP00133" HPOS="782" VPOS="1075" WIDTH="16"/>
						<String ID="P44_ST00151" HPOS="798" VPOS="1044" WIDTH="52" HEIGHT="31" CONTENT="que" WC="0.63" CC="064"/>
						<SP ID="P44_SP00134" HPOS="850" VPOS="1075" WIDTH="17"/>
						<String ID="P44_ST00152" HPOS="867" VPOS="1044" WIDTH="28" HEIGHT="20" CONTENT="se" WC="0.82" CC="30"/>
						<SP ID="P44_SP00135" HPOS="895" VPOS="1075" WIDTH="16"/>
						<String ID="P44_ST00153" HPOS="911" VPOS="1033" WIDTH="88" HEIGHT="32" CONTENT="rolara" WC="0.78" CC="330401"/>
						<SP ID="P44_SP00136" HPOS="999" VPOS="1075" WIDTH="27"/>
						<String ID="P44_ST00154" HPOS="1026" VPOS="1034" WIDTH="23" HEIGHT="30" CONTENT="el" WC="0.79" CC="04"/>
						<SP ID="P44_SP00137" HPOS="1049" VPOS="1075" WIDTH="18"/>
						<String ID="P44_ST00155" HPOS="1067" VPOS="1034" WIDTH="88" HEIGHT="30" CONTENT="viento" WC="0.64" CC="026462"/>
					</TextLine>
					<TextLine ID="P44_TL00018" HPOS="132" VPOS="1090" WIDTH="1024" HEIGHT="40">
						<String ID="P44_ST00156" HPOS="132" VPOS="1090" WIDTH="25" HEIGHT="30" CONTENT="al" WC="0.80" CC="04"/>
						<SP ID="P44_SP00138" HPOS="157" VPOS="1120" WIDTH="16"/>
						<String ID="P44_ST00157" HPOS="173" VPOS="1092" WIDTH="88" HEIGHT="34" CONTENT="Norle," WC="0.63" CC="053722"/>
						<SP ID="P44_SP00139" HPOS="261" VPOS="1126" WIDTH="19"/>
						<String ID="P44_ST00158" HPOS="280" VPOS="1100" WIDTH="66" HEIGHT="30" CONTENT="pues" WC="0.84" CC="0600"/>
						<SP ID="P44_SP00140" HPOS="346" VPOS="1130" WIDTH="25"/>
						<String ID="P44_ST00159" HPOS="371" VPOS="1095" WIDTH="125" HEIGHT="25" CONTENT="entonces" WC="0.67" CC="02061455"/>
						<SP ID="P44_SP00141" HPOS="496" VPOS="1130" WIDTH="27"/>
						<String ID="P44_ST00160" HPOS="523" VPOS="1090" WIDTH="23" HEIGHT="30" CONTENT="la" WC="0.70" CC="23"/>
						<SP ID="P44_SP00142" HPOS="546" VPOS="1130" WIDTH="25"/>
						<String ID="P44_ST00161" HPOS="571" VPOS="1090" WIDTH="135" HEIGHT="40" CONTENT="marejada" WC="0.81" CC="52160000"/>
						<SP ID="P44_SP00143" HPOS="706" VPOS="1130" WIDTH="16"/>
						<String ID="P44_ST00162" HPOS="722" VPOS="1101" WIDTH="47" HEIGHT="20" CONTENT="nos" WC="0.63" CC="604"/>
						<SP ID="P44_SP00144" HPOS="769" VPOS="1130" WIDTH="24"/>
						<String ID="P44_ST00163" HPOS="793" VPOS="1090" WIDTH="112" HEIGHT="31" CONTENT="hubiera" WC="0.68" CC="6520034"/>
						<SP ID="P44_SP00145" HPOS="905" VPOS="1130" WIDTH="17"/>
						<String ID="P44_ST00164" HPOS="922" VPOS="1091" WIDTH="234" HEIGHT="31" CONTENT="inmediatamente" WC="0.57" CC="07500466570762"/>
					</TextLine>
					<TextLine ID="P44_TL00019" HPOS="132" VPOS="1146" WIDTH="981" HEIGHT="42">
						<String ID="P44_ST00165" HPOS="132" VPOS="1146" WIDTH="164" HEIGHT="31" CONTENT="destrozado." WC="0.79" CC="00500471040"/>
						<SP ID="P44_SP00146" HPOS="296" VPOS="1177" WIDTH="21"/>
						<String ID="P44_ST00166" HPOS="317" VPOS="1147" WIDTH="107" HEIGHT="29" CONTENT="Gracias" WC="0.59" CC="4541057"/>
						<SP ID="P44_SP00147" HPOS="424" VPOS="1177" WIDTH="17"/>
						<String ID="P44_ST00167" HPOS="441" VPOS="1156" WIDTH="50" HEIGHT="31" CONTENT="que" WC="0.52" CC="085"/>
						<SP ID="P44_SP00148" HPOS="491" VPOS="1187" WIDTH="12"/>
						<String ID="P44_ST00168" HPOS="503" VPOS="1147" WIDTH="62" HEIGHT="29" CONTENT="Dios" WC="0.53" CC="5255"/>
						<SP ID="P44_SP00149" HPOS="565" VPOS="1187" WIDTH="17"/>
						<String ID="P44_ST00169" HPOS="582" VPOS="1156" WIDTH="33" HEIGHT="20" CONTENT="no" WC="0.44" CC="64"/>
						<SP ID="P44_SP00150" HPOS="615" VPOS="1187" WIDTH="16"/>
						<String ID="P44_ST00170" HPOS="631" VPOS="1147" WIDTH="70" HEIGHT="30" CONTENT="llevó" WC="0.87" CC="00006"/>
						<SP ID="P44_SP00151" HPOS="701" VPOS="1187" WIDTH="16"/>
						<String ID="P44_ST00171" HPOS="717" VPOS="1148" WIDTH="15" HEIGHT="29" CONTENT="á" WC="1.00" CC="0"/>
						<SP ID="P44_SP00152" HPOS="732" VPOS="1187" WIDTH="13"/>
						<String ID="P44_ST00172" HPOS="745" VPOS="1153" WIDTH="40" HEIGHT="24" CONTENT="lan" WC="0.66" CC="027"/>
						<SP ID="P44_SP00153" HPOS="785" VPOS="1187" WIDTH="15"/>
						<String ID="P44_ST00173" HPOS="800" VPOS="1148" WIDTH="53" HEIGHT="29" CONTENT="alto" WC="0.75" CC="4230"/>
						<SP ID="P44_SP00154" HPOS="853" VPOS="1187" WIDTH="13"/>
						<String ID="P44_ST00174" HPOS="866" VPOS="1148" WIDTH="83" HEIGHT="40" CONTENT="grado" WC="0.91" CC="01200"/>
						<SP ID="P44_SP00155" HPOS="949" VPOS="1188" WIDTH="15"/>
						<String ID="P44_ST00175" HPOS="964" VPOS="1149" WIDTH="24" HEIGHT="29" CONTENT="el" WC="0.76" CC="31"/>
						<SP ID="P44_SP00156" HPOS="988" VPOS="1188" WIDTH="13"/>
						<String ID="P44_ST00176" HPOS="1001" VPOS="1149" WIDTH="112" HEIGHT="39" CONTENT="castigo." WC="0.51" CC="26563921"/>
					</TextLine>
				</TextBlock>
				<TextBlock ID="P44_TB00006" HPOS="132" VPOS="1203" WIDTH="1022" HEIGHT="96" STYLEREFS="TXT_1 PAR_LEFT">
					<TextLine ID="P44_TL00020" HPOS="174" VPOS="1203" WIDTH="980" HEIGHT="40">
						<String ID="P44_ST00177" HPOS="174" VPOS="1203" WIDTH="124" HEIGHT="29" CONTENT="Mientras" WC="0.75" CC="00111455"/>
						<SP ID="P44_SP00157" HPOS="298" VPOS="1232" WIDTH="17"/>
						<String ID="P44_ST00178" HPOS="315" VPOS="1203" WIDTH="68" HEIGHT="29" CONTENT="tenia" WC="0.78" CC="20305"/>
						<SP ID="P44_SP00158" HPOS="383" VPOS="1232" WIDTH="25"/>
						<String ID="P44_ST00179" HPOS="408" VPOS="1203" WIDTH="77" HEIGHT="40" CONTENT="lugar" WC="0.62" CC="05930"/>
						<SP ID="P44_SP00159" HPOS="485" VPOS="1243" WIDTH="15"/>
						<String ID="P44_ST00180" HPOS="500" VPOS="1214" WIDTH="30" HEIGHT="19" CONTENT="en" WC="0.64" CC="15"/>
						<SP ID="P44_SP00160" HPOS="530" VPOS="1243" WIDTH="22"/>
						<String ID="P44_ST00181" HPOS="552" VPOS="1204" WIDTH="23" HEIGHT="28" CONTENT="el" WC="0.69" CC="06"/>
						<SP ID="P44_SP00161" HPOS="575" VPOS="1243" WIDTH="15"/>
						<String ID="P44_ST00182" HPOS="590" VPOS="1209" WIDTH="94" HEIGHT="34" CONTENT="puerto" WC="0.68" CC="000485"/>
						<SP ID="P44_SP00162" HPOS="684" VPOS="1243" WIDTH="13"/>
						<String ID="P44_ST00183" HPOS="697" VPOS="1214" WIDTH="97" HEIGHT="20" CONTENT="escena" WC="0.74" CC="170060"/>
						<SP ID="P44_SP00163" HPOS="794" VPOS="1243" WIDTH="17"/>
						<String ID="P44_ST00184" HPOS="811" VPOS="1210" WIDTH="41" HEIGHT="25" CONTENT="tan" WC="0.45" CC="455"/>
						<SP ID="P44_SP00164" HPOS="852" VPOS="1243" WIDTH="14"/>
						<String ID="P44_ST00185" HPOS="866" VPOS="1205" WIDTH="124" HEIGHT="30" CONTENT="dolorosa" WC="0.74" CC="00561600"/>
						<SP ID="P44_SP00165" HPOS="990" VPOS="1243" WIDTH="16"/>
						<String ID="P44_ST00186" HPOS="1006" VPOS="1231" WIDTH="5" HEIGHT="10" CONTENT="," WC="0.92" CC="0"/>
						<SP ID="P44_SP00166" HPOS="1011" VPOS="1243" WIDTH="20"/>
						<String ID="P44_ST00187" HPOS="1031" VPOS="1211" WIDTH="56" HEIGHT="25" CONTENT="otra" WC="0.70" CC="2603"/>
						<SP ID="P44_SP00167" HPOS="1087" VPOS="1243" WIDTH="14"/>
						<String ID="P44_ST00188" HPOS="1101" VPOS="1216" WIDTH="53" HEIGHT="21" CONTENT="mas" WC="0.63" CC="532"/>
					</TextLine>
					<TextLine ID="P44_TL00021" HPOS="133" VPOS="1260" WIDTH="535" HEIGHT="39">
						<String ID="P44_ST00189" HPOS="133" VPOS="1260" WIDTH="193" HEIGHT="39" CONTENT="desgarradora" WC="0.83" CC="004004030250"/>
						<SP ID="P44_SP00168" HPOS="326" VPOS="1299" WIDTH="18"/>
						<String ID="P44_ST00190" HPOS="344" VPOS="1270" WIDTH="27" HEIGHT="19" CONTENT="se" WC="0.79" CC="40"/>
						<SP ID="P44_SP00169" HPOS="371" VPOS="1299" WIDTH="16"/>
						<String ID="P44_ST00191" HPOS="387" VPOS="1260" WIDTH="99" HEIGHT="39" CONTENT="pasaba" WC="0.78" CC="017400"/>
						<SP ID="P44_SP00170" HPOS="486" VPOS="1299" WIDTH="15"/>
						<String ID="P44_ST00192" HPOS="501" VPOS="1260" WIDTH="73" HEIGHT="30" CONTENT="fuera" WC="0.85" CC="23001"/>
						<SP ID="P44_SP00171" HPOS="574" VPOS="1299" WIDTH="14"/>
						<String ID="P44_ST00193" HPOS="588" VPOS="1260" WIDTH="32" HEIGHT="30" CONTENT="de" WC="1.00" CC="00"/>
						<SP ID="P44_SP00172" HPOS="620" VPOS="1299" WIDTH="14"/>
						<String ID="P44_ST00194" HPOS="634" VPOS="1260" WIDTH="34" HEIGHT="30" CONTENT="él." WC="0.70" CC="620"/>
					</TextLine>
				</TextBlock>
				<TextBlock ID="P44_TB00007" HPOS="132" VPOS="1314" WIDTH="1026" HEIGHT="265" STYLEREFS="TXT_1 PAR_LEFT">
					<TextLine ID="P44_TL00022" HPOS="175" VPOS="1315" WIDTH="983" HEIGHT="43">
						<String ID="P44_ST00195" HPOS="175" VPOS="1315" WIDTH="29" HEIGHT="30" CONTENT="El" WC="1.00" CC="00"/>
						<SP ID="P44_SP00173" HPOS="204" VPOS="1345" WIDTH="11"/>
						<String ID="P44_ST00196" HPOS="215" VPOS="1315" WIDTH="148" HEIGHT="41" CONTENT="estampido" WC="0.68" CC="564530002"/>
						<SP ID="P44_SP00174" HPOS="363" VPOS="1356" WIDTH="16"/>
						<String ID="P44_ST00197" HPOS="379" VPOS="1315" WIDTH="43" HEIGHT="30" CONTENT="del" WC="0.60" CC="074"/>
						<SP ID="P44_SP00175" HPOS="422" VPOS="1356" WIDTH="13"/>
						<String ID="P44_ST00198" HPOS="435" VPOS="1320" WIDTH="82" HEIGHT="25" CONTENT="cañón" WC="0.43" CC="42946"/>
						<SP ID="P44_SP00176" HPOS="517" VPOS="1356" WIDTH="12"/>
						<String ID="P44_ST00199" HPOS="529" VPOS="1326" WIDTH="52" HEIGHT="30" CONTENT="que" WC="0.41" CC="970"/>
						<SP ID="P44_SP00177" HPOS="581" VPOS="1356" WIDTH="16"/>
						<String ID="P44_ST00200" HPOS="597" VPOS="1316" WIDTH="127" HEIGHT="40" CONTENT="pidiendo" WC="0.73" CC="00910305"/>
						<SP ID="P44_SP00178" HPOS="724" VPOS="1356" WIDTH="17"/>
						<String ID="P44_ST00201" HPOS="741" VPOS="1327" WIDTH="107" HEIGHT="20" CONTENT="socorro" WC="0.73" CC="2005450"/>
						<SP ID="P44_SP00179" HPOS="848" VPOS="1356" WIDTH="13"/>
						<String ID="P44_ST00202" HPOS="861" VPOS="1317" WIDTH="107" HEIGHT="41" CONTENT="llegaba" WC="0.53" CC="1049555"/>
						<SP ID="P44_SP00180" HPOS="968" VPOS="1358" WIDTH="17"/>
						<String ID="P44_ST00203" HPOS="985" VPOS="1320" WIDTH="14" HEIGHT="28" CONTENT="á" WC="1.00" CC="0"/>
						<SP ID="P44_SP00181" HPOS="999" VPOS="1358" WIDTH="14"/>
						<String ID="P44_ST00204" HPOS="1013" VPOS="1319" WIDTH="70" HEIGHT="30" CONTENT="oirse" WC="0.79" CC="50030"/>
						<SP ID="P44_SP00182" HPOS="1083" VPOS="1358" WIDTH="16"/>
						<String ID="P44_ST00205" HPOS="1099" VPOS="1319" WIDTH="59" HEIGHT="30" CONTENT="des" SUBS_TYPE="HypPart1" SUBS_CONTENT="desde" WC="0.67" CC="9120"/>
						<HYP CONTENT="-"/>
					</TextLine>
					<TextLine ID="P44_TL00023" HPOS="134" VPOS="1371" WIDTH="1024" HEIGHT="46">
						<String ID="P44_ST00206" HPOS="134" VPOS="1371" WIDTH="32" HEIGHT="31" CONTENT="de" SUBS_TYPE="HypPart2" SUBS_CONTENT="desde" WC="0.52" CC="90"/>
						<SP ID="P44_SP00183" HPOS="166" VPOS="1402" WIDTH="14"/>
						<String ID="P44_ST00207" HPOS="180" VPOS="1372" WIDTH="24" HEIGHT="30" CONTENT="el" WC="0.82" CC="30"/>
						<SP ID="P44_SP00184" HPOS="204" VPOS="1402" WIDTH="14"/>
						<String ID="P44_ST00208" HPOS="218" VPOS="1376" WIDTH="104" HEIGHT="37" CONTENT="puerto," WC="0.85" CC="0600030"/>
						<SP ID="P44_SP00185" HPOS="322" VPOS="1413" WIDTH="19"/>
						<String ID="P44_ST00209" HPOS="341" VPOS="1371" WIDTH="166" HEIGHT="31" CONTENT="demostraba" WC="0.80" CC="0040640030"/>
						<SP ID="P44_SP00186" HPOS="507" VPOS="1413" WIDTH="20"/>
						<String ID="P44_ST00210" HPOS="527" VPOS="1372" WIDTH="61" HEIGHT="31" CONTENT="bien" WC="0.61" CC="6026"/>
						<SP ID="P44_SP00187" HPOS="588" VPOS="1413" WIDTH="19"/>
						<String ID="P44_ST00211" HPOS="607" VPOS="1374" WIDTH="162" HEIGHT="30" CONTENT="tristemente" WC="0.74" CC="00046060360"/>
						<SP ID="P44_SP00188" HPOS="769" VPOS="1413" WIDTH="17"/>
						<String ID="P44_ST00212" HPOS="786" VPOS="1375" WIDTH="23" HEIGHT="29" CONTENT="el" WC="0.77" CC="04"/>
						<SP ID="P44_SP00189" HPOS="809" VPOS="1413" WIDTH="17"/>
						<String ID="P44_ST00213" HPOS="826" VPOS="1375" WIDTH="105" HEIGHT="40" CONTENT="peligro" WC="0.80" CC="0260040"/>
						<SP ID="P44_SP00190" HPOS="931" VPOS="1415" WIDTH="15"/>
						<String ID="P44_ST00214" HPOS="946" VPOS="1387" WIDTH="53" HEIGHT="30" CONTENT="que" WC="0.77" CC="060"/>
						<SP ID="P44_SP00191" HPOS="999" VPOS="1417" WIDTH="17"/>
						<String ID="P44_ST00215" HPOS="1016" VPOS="1376" WIDTH="115" HEIGHT="32" CONTENT="rodeaba" WC="0.90" CC="0501000"/>
						<SP ID="P44_SP00192" HPOS="1131" VPOS="1417" WIDTH="13"/>
						<String ID="P44_ST00216" HPOS="1144" VPOS="1378" WIDTH="14" HEIGHT="30" CONTENT="á" WC="1.00" CC="0"/>
					</TextLine>
					<TextLine ID="P44_TL00024" HPOS="133" VPOS="1428" WIDTH="1021" HEIGHT="46">
						<String ID="P44_ST00217" HPOS="133" VPOS="1429" WIDTH="39" HEIGHT="30" CONTENT="los" WC="0.50" CC="554"/>
						<SP ID="P44_SP00193" HPOS="172" VPOS="1459" WIDTH="13"/>
						<String ID="P44_ST00218" HPOS="185" VPOS="1428" WIDTH="96" HEIGHT="41" CONTENT="pobres" WC="0.73" CC="001661"/>
						<SP ID="P44_SP00194" HPOS="281" VPOS="1469" WIDTH="16"/>
						<String ID="P44_ST00219" HPOS="297" VPOS="1428" WIDTH="104" HEIGHT="41" CONTENT="buques" WC="0.75" CC="050603"/>
						<SP ID="P44_SP00195" HPOS="401" VPOS="1469" WIDTH="12"/>
						<String ID="P44_ST00220" HPOS="413" VPOS="1434" WIDTH="147" HEIGHT="25" CONTENT="mercantes" WC="0.59" CC="800034775"/>
						<SP ID="P44_SP00196" HPOS="560" VPOS="1469" WIDTH="17"/>
						<String ID="P44_ST00221" HPOS="577" VPOS="1429" WIDTH="144" HEIGHT="31" CONTENT="fondeados" WC="0.63" CC="543045071"/>
						<SP ID="P44_SP00197" HPOS="721" VPOS="1469" WIDTH="13"/>
						<String ID="P44_ST00222" HPOS="734" VPOS="1431" WIDTH="12" HEIGHT="29" CONTENT="á" WC="1.00" CC="0"/>
						<SP ID="P44_SP00198" HPOS="746" VPOS="1469" WIDTH="18"/>
						<String ID="P44_ST00223" HPOS="764" VPOS="1430" WIDTH="84" HEIGHT="31" CONTENT="fuera." WC="0.64" CC="360560"/>
						<SP ID="P44_SP00199" HPOS="848" VPOS="1469" WIDTH="26"/>
						<String ID="P44_ST00224" HPOS="874" VPOS="1433" WIDTH="51" HEIGHT="29" CONTENT="Los" WC="0.60" CC="055"/>
						<SP ID="P44_SP00200" HPOS="925" VPOS="1469" WIDTH="17"/>
						<String ID="P44_ST00225" HPOS="942" VPOS="1432" WIDTH="33" HEIGHT="31" CONTENT="de" WC="1.00" CC="00"/>
						<SP ID="P44_SP00201" HPOS="975" VPOS="1469" WIDTH="17"/>
						<String ID="P44_ST00226" HPOS="992" VPOS="1443" WIDTH="97" HEIGHT="31" CONTENT="guerra" WC="0.83" CC="040005"/>
						<SP ID="P44_SP00202" HPOS="1089" VPOS="1474" WIDTH="17"/>
						<String ID="P44_ST00227" HPOS="1106" VPOS="1444" WIDTH="48" HEIGHT="20" CONTENT="con" WC="0.77" CC="060"/>
					</TextLine>
					<TextLine ID="P44_TL00025" HPOS="133" VPOS="1483" WIDTH="1025" HEIGHT="47">
						<String ID="P44_ST00228" HPOS="133" VPOS="1485" WIDTH="112" HEIGHT="39" CONTENT="mejores" WC="0.73" CC="6000606"/>
						<SP ID="P44_SP00203" HPOS="245" VPOS="1524" WIDTH="14"/>
						<String ID="P44_ST00229" HPOS="259" VPOS="1483" WIDTH="168" HEIGHT="31" CONTENT="condiciones" WC="0.84" CC="00002007205"/>
						<SP ID="P44_SP00204" HPOS="427" VPOS="1524" WIDTH="17"/>
						<String ID="P44_ST00230" HPOS="444" VPOS="1493" WIDTH="63" HEIGHT="31" CONTENT="para" WC="0.74" CC="0450"/>
						<SP ID="P44_SP00205" HPOS="507" VPOS="1524" WIDTH="12"/>
						<String ID="P44_ST00231" HPOS="519" VPOS="1485" WIDTH="114" HEIGHT="35" CONTENT="resistir," WC="0.68" CC="205063603"/>
						<SP ID="P44_SP00206" HPOS="633" VPOS="1524" WIDTH="23"/>
						<String ID="P44_ST00232" HPOS="656" VPOS="1496" WIDTH="33" HEIGHT="18" CONTENT="no" WC="0.47" CC="64"/>
						<SP ID="P44_SP00207" HPOS="689" VPOS="1524" WIDTH="12"/>
						<String ID="P44_ST00233" HPOS="701" VPOS="1486" WIDTH="154" HEIGHT="40" CONTENT="inspiraban" WC="0.79" CC="6060100031"/>
						<SP ID="P44_SP00208" HPOS="855" VPOS="1526" WIDTH="16"/>
						<String ID="P44_ST00234" HPOS="871" VPOS="1512" WIDTH="6" HEIGHT="11" CONTENT="," WC="0.60" CC="3"/>
						<SP ID="P44_SP00209" HPOS="877" VPOS="1526" WIDTH="19"/>
						<String ID="P44_ST00235" HPOS="896" VPOS="1488" WIDTH="22" HEIGHT="30" CONTENT="si" WC="0.63" CC="70"/>
						<SP ID="P44_SP00210" HPOS="918" VPOS="1526" WIDTH="16"/>
						<String ID="P44_ST00236" HPOS="934" VPOS="1498" WIDTH="43" HEIGHT="21" CONTENT="me" WC="0.48" CC="63"/>
						<SP ID="P44_SP00211" HPOS="977" VPOS="1526" WIDTH="12"/>
						<String ID="P44_ST00237" HPOS="989" VPOS="1498" WIDTH="29" HEIGHT="21" CONTENT="es" WC="0.73" CC="22"/>
						<SP ID="P44_SP00212" HPOS="1018" VPOS="1526" WIDTH="17"/>
						<String ID="P44_ST00238" HPOS="1035" VPOS="1491" WIDTH="123" HEIGHT="39" CONTENT="permiti" SUBS_TYPE="HypPart1" SUBS_CONTENT="permitido" WC="0.67" CC="00460644"/>
						<HYP CONTENT="-"/>
					</TextLine>
					<TextLine ID="P44_TL00026" HPOS="134" VPOS="1540" WIDTH="540" HEIGHT="39">
						<String ID="P44_ST00239" HPOS="134" VPOS="1540" WIDTH="33" HEIGHT="29" CONTENT="do" SUBS_TYPE="HypPart2" SUBS_CONTENT="permitido" WC="0.75" CC="05"/>
						<SP ID="P44_SP00213" HPOS="167" VPOS="1569" WIDTH="16"/>
						<String ID="P44_ST00240" HPOS="183" VPOS="1540" WIDTH="149" HEIGHT="39" CONTENT="espresarlo" WC="0.73" CC="0480205004"/>
						<SP ID="P44_SP00214" HPOS="332" VPOS="1579" WIDTH="15"/>
						<String ID="P44_ST00241" HPOS="347" VPOS="1541" WIDTH="39" HEIGHT="28" CONTENT="así" WC="0.89" CC="120"/>
						<SP ID="P44_SP00215" HPOS="386" VPOS="1579" WIDTH="16"/>
						<String ID="P44_ST00242" HPOS="402" VPOS="1564" WIDTH="6" HEIGHT="11" CONTENT="," WC="1.00" CC="0"/>
						<SP ID="P44_SP00216" HPOS="408" VPOS="1579" WIDTH="20"/>
						<String ID="P44_ST00243" HPOS="428" VPOS="1544" WIDTH="68" HEIGHT="25" CONTENT="tanta" WC="0.76" CC="00622"/>
						<SP ID="P44_SP00217" HPOS="496" VPOS="1579" WIDTH="13"/>
						<String ID="P44_ST00244" HPOS="509" VPOS="1541" WIDTH="165" HEIGHT="38" CONTENT="compasión." WC="0.72" CC="0360630240"/>
					</TextLine>
				</TextBlock>
				<TextBlock ID="P44_TB00008" HPOS="132" VPOS="1595" WIDTH="1027" HEIGHT="318" STYLEREFS="TXT_1 PAR_LEFT">
					<TextLine ID="P44_TL00027" HPOS="175" VPOS="1595" WIDTH="984" HEIGHT="42">
						<String ID="P44_ST00245" HPOS="175" VPOS="1597" WIDTH="84" HEIGHT="28" CONTENT="Fuera" WC="0.93" CC="01000"/>
						<SP ID="P44_SP00218" HPOS="259" VPOS="1625" WIDTH="15"/>
						<String ID="P44_ST00246" HPOS="274" VPOS="1595" WIDTH="23" HEIGHT="29" CONTENT="el" WC="0.71" CC="05"/>
						<SP ID="P44_SP00219" HPOS="297" VPOS="1625" WIDTH="17"/>
						<String ID="P44_ST00247" HPOS="314" VPOS="1600" WIDTH="104" HEIGHT="35" CONTENT="puerto," WC="0.79" CC="0520501"/>
						<SP ID="P44_SP00220" HPOS="418" VPOS="1635" WIDTH="27"/>
						<String ID="P44_ST00248" HPOS="445" VPOS="1597" WIDTH="13" HEIGHT="27" CONTENT="á" WC="0.12" CC="8"/>
						<SP ID="P44_SP00221" HPOS="458" VPOS="1635" WIDTH="16"/>
						<String ID="P44_ST00249" HPOS="474" VPOS="1604" WIDTH="56" HEIGHT="21" CONTENT="mas" WC="0.43" CC="456"/>
						<SP ID="P44_SP00222" HPOS="530" VPOS="1635" WIDTH="16"/>
						<String ID="P44_ST00250" HPOS="546" VPOS="1595" WIDTH="33" HEIGHT="29" CONTENT="de" WC="0.63" CC="07"/>
						<SP ID="P44_SP00223" HPOS="579" VPOS="1635" WIDTH="15"/>
						<String ID="P44_ST00251" HPOS="594" VPOS="1596" WIDTH="24" HEIGHT="29" CONTENT="la" WC="1.00" CC="00"/>
						<SP ID="P44_SP00224" HPOS="618" VPOS="1635" WIDTH="22"/>
						<String ID="P44_ST00252" HPOS="640" VPOS="1597" WIDTH="195" HEIGHT="40" CONTENT="impetuosidad" WC="0.63" CC="068128650040"/>
						<SP ID="P44_SP00225" HPOS="835" VPOS="1637" WIDTH="14"/>
						<String ID="P44_ST00253" HPOS="849" VPOS="1597" WIDTH="42" HEIGHT="31" CONTENT="del" WC="0.85" CC="004"/>
						<SP ID="P44_SP00226" HPOS="891" VPOS="1637" WIDTH="19"/>
						<String ID="P44_ST00254" HPOS="910" VPOS="1599" WIDTH="89" HEIGHT="31" CONTENT="viento" WC="0.52" CC="900467"/>
						<SP ID="P44_SP00227" HPOS="999" VPOS="1637" WIDTH="18"/>
						<String ID="P44_ST00255" HPOS="1017" VPOS="1611" WIDTH="29" HEIGHT="20" CONTENT="se" WC="0.85" CC="20"/>
						<SP ID="P44_SP00228" HPOS="1046" VPOS="1637" WIDTH="17"/>
						<String ID="P44_ST00256" HPOS="1063" VPOS="1602" WIDTH="96" HEIGHT="31" CONTENT="anadia" WC="0.91" CC="040000"/>
					</TextLine>
					<TextLine ID="P44_TL00028" HPOS="132" VPOS="1651" WIDTH="1026" HEIGHT="47">
						<String ID="P44_ST00257" HPOS="132" VPOS="1656" WIDTH="75" HEIGHT="24" CONTENT="tener" WC="0.79" CC="00702"/>
						<SP ID="P44_SP00229" HPOS="207" VPOS="1680" WIDTH="15"/>
						<String ID="P44_ST00258" HPOS="222" VPOS="1661" WIDTH="52" HEIGHT="30" CONTENT="que" WC="0.82" CC="005"/>
						<SP ID="P44_SP00230" HPOS="274" VPOS="1691" WIDTH="12"/>
						<String ID="P44_ST00259" HPOS="286" VPOS="1651" WIDTH="93" HEIGHT="29" CONTENT="luchar" WC="0.61" CC="050565"/>
						<SP ID="P44_SP00231" HPOS="379" VPOS="1691" WIDTH="23"/>
						<String ID="P44_ST00260" HPOS="402" VPOS="1660" WIDTH="50" HEIGHT="20" CONTENT="con" WC="0.61" CC="046"/>
						<SP ID="P44_SP00232" HPOS="452" VPOS="1691" WIDTH="24"/>
						<String ID="P44_ST00261" HPOS="476" VPOS="1651" WIDTH="38" HEIGHT="29" CONTENT="las" WC="0.63" CC="406"/>
						<SP ID="P44_SP00233" HPOS="514" VPOS="1691" WIDTH="16"/>
						<String ID="P44_ST00262" HPOS="530" VPOS="1652" WIDTH="178" HEIGHT="40" CONTENT="encrespadas" WC="0.79" CC="00063606000"/>
						<SP ID="P44_SP00234" HPOS="708" VPOS="1692" WIDTH="20"/>
						<String ID="P44_ST00263" HPOS="728" VPOS="1652" WIDTH="55" HEIGHT="31" CONTENT="olas" WC="0.74" CC="5004"/>
						<String ID="P44_ST00264" HPOS="799" VPOS="1678" WIDTH="6" HEIGHT="12" CONTENT="," WC="1.00" CC="0"/>
						<SP ID="P44_SP00235" HPOS="805" VPOS="1692" WIDTH="19"/>
						<String ID="P44_ST00265" HPOS="824" VPOS="1663" WIDTH="81" HEIGHT="22" CONTENT="causa" WC="0.58" CC="00559"/>
						<SP ID="P44_SP00236" HPOS="905" VPOS="1692" WIDTH="13"/>
						<String ID="P44_ST00266" HPOS="918" VPOS="1656" WIDTH="131" HEIGHT="42" CONTENT="principal" WC="0.79" CC="004030055"/>
						<SP ID="P44_SP00237" HPOS="1049" VPOS="1698" WIDTH="19"/>
						<String ID="P44_ST00267" HPOS="1068" VPOS="1657" WIDTH="33" HEIGHT="31" CONTENT="de" WC="0.71" CC="05"/>
						<SP ID="P44_SP00238" HPOS="1101" VPOS="1698" WIDTH="17"/>
						<String ID="P44_ST00268" HPOS="1118" VPOS="1658" WIDTH="40" HEIGHT="31" CONTENT="los" WC="0.58" CC="515"/>
					</TextLine>
					<TextLine ID="P44_TL00029" HPOS="133" VPOS="1706" WIDTH="1022" HEIGHT="48">
						<String ID="P44_ST00269" HPOS="133" VPOS="1706" WIDTH="133" HEIGHT="30" CONTENT="desastres" WC="0.68" CC="009062404"/>
						<SP ID="P44_SP00239" HPOS="266" VPOS="1736" WIDTH="15"/>
						<String ID="P44_ST00270" HPOS="281" VPOS="1707" WIDTH="155" HEIGHT="29" CONTENT="marítimos." WC="0.58" CC="3054707850"/>
						<SP ID="P44_SP00240" HPOS="436" VPOS="1736" WIDTH="31"/>
						<String ID="P44_ST00271" HPOS="467" VPOS="1707" WIDTH="46" HEIGHT="30" CONTENT="Así" WC="0.88" CC="030"/>
						<SP ID="P44_SP00241" HPOS="513" VPOS="1737" WIDTH="22"/>
						<String ID="P44_ST00272" HPOS="535" VPOS="1718" WIDTH="29" HEIGHT="19" CONTENT="es" WC="0.89" CC="02"/>
						<SP ID="P44_SP00242" HPOS="564" VPOS="1737" WIDTH="24"/>
						<String ID="P44_ST00273" HPOS="588" VPOS="1718" WIDTH="52" HEIGHT="30" CONTENT="que" WC="0.76" CC="070"/>
						<SP ID="P44_SP00243" HPOS="640" VPOS="1748" WIDTH="27"/>
						<String ID="P44_ST00274" HPOS="667" VPOS="1719" WIDTH="52" HEIGHT="20" CONTENT="uno" WC="0.95" CC="010"/>
						<SP ID="P44_SP00244" HPOS="719" VPOS="1748" WIDTH="31"/>
						<String ID="P44_ST00275" HPOS="750" VPOS="1714" WIDTH="52" HEIGHT="26" CONTENT="Iras" WC="0.71" CC="0046"/>
						<SP ID="P44_SP00245" HPOS="802" VPOS="1748" WIDTH="27"/>
						<String ID="P44_ST00276" HPOS="829" VPOS="1715" WIDTH="68" HEIGHT="31" CONTENT="olro," WC="0.82" CC="30050"/>
						<SP ID="P44_SP00246" HPOS="897" VPOS="1748" WIDTH="30"/>
						<String ID="P44_ST00277" HPOS="927" VPOS="1711" WIDTH="77" HEIGHT="31" CONTENT="todos" WC="0.87" CC="00005"/>
						<SP ID="P44_SP00247" HPOS="1004" VPOS="1748" WIDTH="17"/>
						<String ID="P44_ST00278" HPOS="1021" VPOS="1714" WIDTH="134" HEIGHT="40" CONTENT="aquellos," WC="0.66" CC="707003550"/>
					</TextLine>
					<TextLine ID="P44_TL00030" HPOS="134" VPOS="1762" WIDTH="1025" HEIGHT="42">
						<String ID="P44_ST00279" HPOS="134" VPOS="1762" WIDTH="97" HEIGHT="30" CONTENT="vuelvo" WC="0.89" CC="001040"/>
						<SP ID="P44_SP00248" HPOS="231" VPOS="1792" WIDTH="12"/>
						<String ID="P44_ST00280" HPOS="243" VPOS="1763" WIDTH="15" HEIGHT="29" CONTENT="á" WC="0.71" CC="2"/>
						<SP ID="P44_SP00249" HPOS="258" VPOS="1792" WIDTH="15"/>
						<String ID="P44_ST00281" HPOS="273" VPOS="1763" WIDTH="107" HEIGHT="40" CONTENT="repetir," WC="0.89" CC="10006000"/>
						<SP ID="P44_SP00250" HPOS="380" VPOS="1803" WIDTH="28"/>
						<String ID="P44_ST00282" HPOS="408" VPOS="1762" WIDTH="97" HEIGHT="41" CONTENT="pobres" WC="0.55" CC="035907"/>
						<SP ID="P44_SP00251" HPOS="505" VPOS="1803" WIDTH="16"/>
						<String ID="P44_ST00283" HPOS="521" VPOS="1762" WIDTH="106" HEIGHT="42" CONTENT="buques" WC="0.80" CC="200206"/>
						<SP ID="P44_SP00252" HPOS="627" VPOS="1804" WIDTH="17"/>
						<String ID="P44_ST00284" HPOS="644" VPOS="1770" WIDTH="148" HEIGHT="25" CONTENT="mercantes" WC="0.65" CC="660040706"/>
						<String ID="P44_ST00285" HPOS="806" VPOS="1790" WIDTH="5" HEIGHT="11" CONTENT="," WC="1.00" CC="0"/>
						<SP ID="P44_SP00253" HPOS="811" VPOS="1804" WIDTH="26"/>
						<String ID="P44_ST00286" HPOS="837" VPOS="1767" WIDTH="120" HEIGHT="30" CONTENT="vinieron" WC="0.74" CC="05600043"/>
						<SP ID="P44_SP00254" HPOS="957" VPOS="1804" WIDTH="18"/>
						<String ID="P44_ST00287" HPOS="975" VPOS="1769" WIDTH="13" HEIGHT="29" CONTENT="á" WC="1.00" CC="0"/>
						<SP ID="P44_SP00255" HPOS="988" VPOS="1804" WIDTH="17"/>
						<String ID="P44_ST00288" HPOS="1005" VPOS="1770" WIDTH="154" HEIGHT="31" CONTENT="estrellarse" WC="0.68" CC="07720006451"/>
					</TextLine>
					<TextLine ID="P44_TL00031" HPOS="134" VPOS="1817" WIDTH="1025" HEIGHT="50">
						<String ID="P44_ST00289" HPOS="134" VPOS="1823" WIDTH="91" HEIGHT="25" CONTENT="conlra" WC="0.94" CC="030000"/>
						<SP ID="P44_SP00256" HPOS="225" VPOS="1848" WIDTH="15"/>
						<String ID="P44_ST00290" HPOS="240" VPOS="1817" WIDTH="39" HEIGHT="30" CONTENT="las" WC="1.00" CC="000"/>
						<SP ID="P44_SP00257" HPOS="279" VPOS="1848" WIDTH="26"/>
						<String ID="P44_ST00291" HPOS="305" VPOS="1828" WIDTH="75" HEIGHT="20" CONTENT="rocas" WC="0.84" CC="00060"/>
						<String ID="P44_ST00292" HPOS="392" VPOS="1843" WIDTH="6" HEIGHT="10" CONTENT="," WC="1.00" CC="0"/>
						<SP ID="P44_SP00258" HPOS="398" VPOS="1853" WIDTH="18"/>
						<String ID="P44_ST00293" HPOS="416" VPOS="1829" WIDTH="48" HEIGHT="20" CONTENT="con" WC="0.67" CC="045"/>
						<SP ID="P44_SP00259" HPOS="464" VPOS="1853" WIDTH="17"/>
						<String ID="P44_ST00294" HPOS="481" VPOS="1818" WIDTH="136" HEIGHT="41" CONTENT="episodios" WC="0.83" CC="004300024"/>
						<SP ID="P44_SP00260" HPOS="617" VPOS="1859" WIDTH="17"/>
						<String ID="P44_ST00295" HPOS="634" VPOS="1830" WIDTH="52" HEIGHT="31" CONTENT="que" WC="0.83" CC="004"/>
						<SP ID="P44_SP00261" HPOS="686" VPOS="1861" WIDTH="16"/>
						<String ID="P44_ST00296" HPOS="702" VPOS="1820" WIDTH="94" HEIGHT="31" CONTENT="hacian" WC="0.62" CC="750170"/>
						<SP ID="P44_SP00262" HPOS="796" VPOS="1861" WIDTH="17"/>
						<String ID="P44_ST00297" HPOS="813" VPOS="1824" WIDTH="159" HEIGHT="31" CONTENT="aterrorizar" WC="0.62" CC="07030106568"/>
						<SP ID="P44_SP00263" HPOS="972" VPOS="1861" WIDTH="16"/>
						<String ID="P44_ST00298" HPOS="988" VPOS="1826" WIDTH="13" HEIGHT="29" CONTENT="á" WC="1.00" CC="0"/>
						<SP ID="P44_SP00264" HPOS="1001" VPOS="1861" WIDTH="18"/>
						<String ID="P44_ST00299" HPOS="1019" VPOS="1827" WIDTH="82" HEIGHT="40" CONTENT="quien" WC="0.71" CC="02127"/>
						<SP ID="P44_SP00265" HPOS="1101" VPOS="1867" WIDTH="19"/>
						<String ID="P44_ST00300" HPOS="1120" VPOS="1827" WIDTH="39" HEIGHT="31" CONTENT="los" WC="1.00" CC="000"/>
					</TextLine>
					<TextLine ID="P44_TL00032" HPOS="135" VPOS="1873" WIDTH="184" HEIGHT="40">
						<String ID="P44_ST00301" HPOS="135" VPOS="1873" WIDTH="184" HEIGHT="40" CONTENT="presenciaba." WC="0.77" CC="000405506500"/>
					</TextLine>
				</TextBlock>
			</PrintSpace>
		</Page>
	</Layout>
</alto>
