1241 2180
585 114 162 26 94

152 177 84 42 poder
248 177 175 30 trasladarnos
439 177 52 30 allá
507 177 77 41 aquel
608 177 60 36 dia;
685 175 147 30 viéndonos
846 173 154 42 precisados
1017 184 48 31 por
1083 180 68 25 tanto
1163 177 13 28 á

153 245 108 29 esperar
277 234 74 31 hasta
367 235 23 30 el
408 235 142 39 siguiente.

192 293 80 30 Como
289 302 33 20 no
343 302 47 20 nos
411 292 93 30 dieron
525 292 119 35 entrada,
664 302 33 19 no
721 292 125 40 pudimos
859 291 92 30 visitar
973 290 24 30 la
1020 289 152 42 población.

153 348 61 30 Solo
230 359 48 19 nos
294 358 43 20 era
351 348 68 30 dado
432 348 164 41 contemplar
612 348 81 30 desde
711 348 23 30 el
753 353 105 36 puerlo,
877 347 25 30 la
918 347 107 30 risueña
1043 357 133 30 perspec-

152 406 53 30 tiva
222 415 52 29 que
288 405 176 39 presentaban
481 416 46 20 sus
543 405 181 31 alrededores.

192 461 30 30 El
237 463 49 34 23,
312 462 60 29 bien
395 462 33 29 de
445 467 121 30 mañana,
595 461 120 41 dejamos
743 461 24 30 la
783 460 154 31 envidiable
953 459 178 42 tranquilidad
1144 459 31 32 de

151 519 119 39 aquellas
286 528 93 30 aguas,
395 529 60 30 para
469 529 117 30 navegar
597 519 74 30 hacia
687 520 79 28 Zante
780 543 6 11 ,
805 529 32 19 en
850 518 88 30 donde
953 518 129 40 llegamos
1094 517 81 30 feliz-

150 580 87 23 mente
251 576 14 27 á
277 574 38 29 las
334 577 15 26 4
366 574 32 29 de
415 575 23 28 la
451 574 85 29 tarde.

192 632 67 30 Vino
273 633 39 29 sin
323 632 114 30 dilación
450 632 24 30 la
492 631 116 31 Sanidad
626 643 26 30 y,
671 632 193 41 esponiéndole
877 637 109 25 nuestro
1003 631 99 40 objeto,
1129 641 45 21 nos

151 688 53 41 dijo
218 700 28 18 su
265 689 164 40 presidente:
446 699 52 30 que
515 699 28 19 se
559 690 113 28 avisaría
686 689 23 30 al
726 690 92 29 cónsul
837 689 103 29 francés
957 698 63 31 para
1041 688 133 30 facilitar-

150 755 47 19 nos
211 745 22 29 el
247 745 109 36 carbón,
373 756 65 30 pues
461 756 51 29 que
534 745 182 42 quedábamos
743 745 218 32 incomunicados
975 756 49 30 por
1047 745 127 30 conducir

149 801 124 29 soldados
286 812 32 18 en
331 801 214 29 convalecencia.

189 860 61 28 Esta
266 857 117 36 medida,
401 867 55 21 mas
467 858 61 30 bien
543 868 52 31 que
609 858 33 30 de
658 859 172 40 precaución,
847 868 44 21 era
903 858 94 31 nacida
1014 858 33 31 de
1065 869 34 20 un
1113 869 58 20 sen-

150 915 115 29 timiento
293 914 33 30 de
351 923 134 31 venganza
511 914 25 30 al
561 915 115 29 servicio
703 925 51 30 que
766 915 185 40 prestábamos
975 916 14 29 á
1003 915 38 29 los
1057 915 113 36 aliados,

147 971 145 40 producido
306 976 65 29 este,
391 976 70 23 tanto
478 981 47 29 por
537 971 23 29 el
578 970 100 31 desdén
696 982 52 30 que
764 972 101 29 sienten
880 972 37 29 los
924 972 106 40 jónicos
1046 972 74 31 hacia
1135 973 36 31 los

146 1026 128 40 ingleses,
290 1037 45 19 sus
358 1026 197 36 dominadores,
574 1038 75 19 como
666 1038 49 30 por
740 1038 55 26 ser,
820 1029 23 29 al
861 1028 71 41 igual
951 1028 32 31 de
997 1029 39 30 los
1052 1030 118 40 griegos,

145 1082 98 31 afectos
259 1084 14 28 á
300 1082 23 30 la
342 1093 79 20 causa
445 1083 86 31 délos
555 1094 88 25 rusos,
663 1085 104 36 siendo,
795 1096 76 19 como
888 1097 59 25 son,
967 1087 67 29 ellos
1057 1088 114 30 también

145 1139 132 36 helenios,
296 1149 47 29 por
357 1139 111 39 religión
485 1151 17 27 y
517 1140 179 31 costumbres.

187 1198 67 28 Vino
270 1196 22 30 el
306 1197 92 29 cónsul
416 1196 102 30 francés
532 1198 23 29 al
572 1197 60 30 lado
646 1198 41 30 del
702 1198 102 41 buque,
821 1209 64 32 para
902 1211 113 31 ponerse
1028 1201 33 31 de
1077 1213 94 20 acuer-

144 1253 33 29 do
193 1264 48 18 con
258 1253 23 29 el
295 1253 116 39 capitán,
430 1253 78 30 sobre
530 1253 23 30 el
571 1253 146 42 embarque
740 1255 41 30 del
808 1256 111 37 carbón,
939 1269 27 29 y,
992 1269 77 20 como
1091 1270 28 20 es
1140 1259 31 31 de

143 1309 142 39 presumir,
304 1309 78 29 sobre
393 1309 23 29 el
430 1309 78 29 modo
524 1309 33 30 de
572 1310 193 32 reembolsarse
780 1312 23 30 el
821 1323 70 30 pago
908 1314 43 30 del
970 1316 106 30 mismo.
1096 1317 75 30 Con-

143 1365 109 30 venidos
268 1375 30 20 en
313 1365 71 36 todo,
400 1375 33 31 ya
445 1376 33 19 no
494 1376 173 31 procuramos
693 1377 55 20 mas
762 1379 52 30 que
837 1380 49 20 nos
910 1371 104 31 viniese
1032 1380 94 33 pronto
1148 1374 23 30 el

141 1421 188 37 combustible,
360 1432 61 31 para
454 1434 32 18 no
520 1423 105 41 alargar
655 1424 154 31 demasiado
840 1432 109 26 nuestro
976 1429 195 42 interrumpido

143 1477 78 38 viaje.

182 1535 91 33 Zante,
289 1545 28 19 es
334 1540 82 34 punto
432 1535 33 30 de
481 1535 99 40 alguna
602 1537 174 41 importancia
797 1541 154 30 comercial.
973 1544 35 28 Su
1025 1549 95 35 puerto
1144 1554 27 20 es

141 1589 34 30 de
192 1601 65 29 poca
269 1590 156 41 capacidad,
441 1602 63 31 pero
516 1593 70 30 tiene
600 1603 53 20 una
665 1595 61 29 rada
741 1606 68 30 cuyo
826 1596 71 31 buen
915 1597 163 33 fondeadero
1095 1601 76 41 suple

146 1646 22 30 el
185 1646 127 31 reducido
329 1649 105 39 espacio
447 1659 53 27 que
515 1650 67 29 tiene
599 1651 88 38 aquel.

181 1703 132 30 Mantiene
326 1704 120 30 bastante
459 1706 162 39 navegación
636 1706 33 32 de
682 1708 140 42 cabotage,
841 1721 15 29 y
873 1711 100 40 alguna
986 1713 33 31 de
1030 1715 73 41 larga
1115 1721 57 25 tra-

143 1759 81 29 vesía.
243 1760 99 35 Amas,
359 1771 28 19 es
404 1767 80 34 punto
500 1761 33 31 de
550 1763 101 37 escala,
666 1775 75 19 como
755 1775 32 30 ya
806 1777 28 19 se
845 1767 34 30 ha
897 1767 91 38 dicho,
1008 1770 33 31 de
1057 1772 25 30 la
1104 1772 68 31 línea

140 1814 33 30 de
186 1825 113 30 vapores
314 1819 147 29 austríacos
475 1829 52 29 que
540 1830 123 20 recorren
676 1822 23 28 el
710 1822 87 30 litoral
810 1822 33 31 de
856 1824 24 30 la
894 1826 107 31 Grecia.

180 1872 36 28 La
240 1872 138 40 población
404 1884 27 20 se
458 1882 121 33 presenta
606 1888 32 19 en
654 1879 149 37 anfiteatro,
830 1891 49 20 con
904 1882 121 34 bastante
1051 1888 113 36 caserío,
