1241 2180
665 165 54 2 XII

125 206 73 30 neral
210 215 32 21 en
259 204 59 42 gefe
328 204 33 31 de
372 204 39 30 los
429 210 98 30 turcos,
546 204 136 30 hostilizar
694 215 45 19 sus
750 204 149 40 enemigos.
915 204 46 30 Así
975 214 29 20 es
1017 214 52 31 que
1082 213 66 31 que-

123 264 81 30 daron
221 263 44 29 allí
287 261 122 31 corlados
425 261 39 31 los
480 261 99 31 hechos
592 260 32 31 de
638 261 24 30 la
676 270 108 31 guerra.

165 318 87 31 Todas
268 318 38 30 las
318 317 114 31 miradas
444 328 78 31 pues,
540 328 28 20 se
585 316 145 42 dirigieron
751 317 25 31 al
789 317 61 31 silio
870 316 33 32 de
925 316 171 43 Sebastopol,
1115 326 31 22 en

122 385 93 31 espera
229 375 33 30 de
278 385 31 19 su
322 380 91 35 pronta
428 374 151 35 rendición;
596 373 120 31 cifrando
728 384 31 20 en
776 374 24 30 el
817 374 74 40 logro
907 374 33 30 de
956 374 65 36 ello,
1040 374 24 30 el
1081 383 65 21 ano-

122 432 168 31 nadamiento
306 430 32 31 de
355 431 23 30 la
395 430 226 41 preponderancia
638 430 156 31 moscovita.

163 490 40 28 Hé
218 489 63 39 aquí
295 497 64 31 pues
371 486 38 30 los
424 486 124 30 términos
561 497 32 19 en
610 497 52 30 que
674 497 28 19 se
718 486 104 30 hallaba
836 486 24 30 la
874 496 97 31 guerra
987 486 33 30 de
1036 486 109 31 Oriente

121 556 31 20 en
176 546 24 29 la
216 545 75 30 fecha
305 554 51 31 que
369 543 160 31 embarcado
544 554 32 19 en
593 543 22 31 el
641 557 12 13 «
665 543 108 31 Tharsis
789 557 11 14 »
827 543 108 31 salimos
957 543 82 31 desde
1065 544 80 30 Mar-

120 601 64 31 sella
192 610 62 32 para
267 601 22 29 ir
302 601 14 29 á
329 600 163 29 mezclarnos
503 610 49 19 con
563 600 106 40 aquella
682 599 87 31 bélica
783 600 151 36 baraúnda,
948 611 18 30 y
977 600 83 31 desde
1073 610 69 31 cuya

121 657 74 32 fecha
212 666 50 21 van
276 657 14 30 á
303 656 47 30 dar
363 657 130 40 principio
509 657 50 30 mis
578 670 11 14 «
601 657 152 31 Recuerdos
767 657 32 30 de
816 657 50 30 mis
880 657 95 40 viajes.
990 671 11 13 »
