1241 2180
595 127 161 27 82

162 197 41 30 los
217 205 57 21 mas
289 193 197 32 atormentados
499 203 49 30 por
564 201 45 21 sus
625 189 122 35 dolores;
769 199 16 30 y
803 197 57 20 mas
876 197 63 23 aun,
960 195 63 32 para
1040 186 152 41 presenciar

161 252 24 30 el
199 258 89 24 trance
303 250 62 30 falal
380 249 33 30 de
430 249 25 30 la
484 253 102 25 muerte
602 247 33 30 de
657 246 113 41 algunos
792 244 34 30 de
857 244 39 29 los
921 254 53 30 que
990 243 94 40 yacían
1105 242 87 30 mori-

162 308 115 29 bundos.

203 366 37 28 En
256 364 78 34 vista,
350 372 78 32 pues,
446 361 33 31 de
493 361 24 30 la
533 358 202 43 imposibilidad
753 356 124 31 material
893 367 32 20 en
942 366 53 32 que
1012 365 29 21 se
1067 355 123 31 hallaban

160 420 41 31 los
217 420 162 31 enfermeros
392 419 33 29 de
441 418 89 31 asistir
545 419 14 29 á
571 428 46 20 sus
637 414 230 36 encomendados,
881 413 201 31 consideramos
1105 422 85 21 nece-

159 477 69 31 sario
245 476 143 40 prestarles
399 476 16 30 á
427 481 83 29 eslos,
524 481 108 23 nuestra
644 473 87 41 ayuda
746 483 16 30 y
775 470 141 32 consuelo.

201 534 87 30 Citaré
300 544 34 20 un
349 532 114 42 ejemplo
476 531 33 31 de
522 531 65 31 cada
598 540 51 20 una
664 530 32 29 de
709 529 93 30 ambas
815 526 135 36 virtudes,
966 536 63 32 para
1041 536 148 20 convencer

156 591 25 28 si
203 590 91 29 fueron
308 592 111 27 eficaces
432 593 122 26 nuestros
565 586 191 31 humanitarios
768 585 145 29 servicios.

200 648 39 28 Un
256 646 121 35 soldado,
392 656 51 30 que
455 645 69 29 tenia
535 642 157 32 atravesado
707 643 23 30 el
744 641 88 31 cuello
846 651 49 31 por
907 651 34 19 un
956 640 106 34 balazo,
1078 639 108 31 estando

157 702 136 36 mareado,
311 713 48 20 con
375 702 37 30 las
430 702 101 29 fuerzas
543 711 52 30 que
612 701 58 29 hizo
686 709 61 32 para
766 708 141 32 provocar,
924 708 27 19 se
974 697 24 30 le
1011 707 116 31 cayeron
1149 697 37 30 las

157 757 68 31 hilas
249 768 51 30 que
316 757 110 30 cubrían
443 768 30 18 su
490 756 92 30 herida
598 755 230 30 diametralmente
849 754 114 35 abierta,
981 764 16 30 y
1025 763 50 31 por
1090 753 93 31 ambos

157 820 128 24 estreñios
297 814 24 29 le
334 813 110 30 manaba
462 813 23 29 la
502 822 96 31 sangre
611 813 40 28 sin
662 811 183 40 interrupción
859 835 5 9 ,
883 821 17 30 y
913 810 22 30 el
949 809 179 37 desdichado,
1156 820 27 20 se

157 871 91 30 estaba
260 869 173 32 arrinconado
447 870 13 30 á
477 880 34 19 un
529 869 59 30 lado
604 868 43 30 del
664 869 90 40 buque
772 868 41 29 sin
830 868 100 29 clamar
954 878 50 29 por
1029 868 154 36 asistencia,

156 927 160 40 creyéndolo
333 926 86 30 inútil.
437 926 63 36 Allí,
515 925 112 31 hubiera
641 924 96 41 dejado
748 923 179 41 desangrarse
941 923 77 31 hasta
1025 923 158 31 desfallecer

156 995 17 29 y
189 984 111 40 espirar,
320 984 13 28 á
350 994 32 18 no
396 982 142 30 advertirlo
552 988 130 23 nosotros.
703 983 50 28 Era
769 991 34 19 un
821 979 112 31 hombre
946 979 33 31 de
994 990 61 21 esos
1078 991 54 31 que
1154 991 29 20 su

156 1041 92 30 misma
264 1039 106 31 bondad
383 1040 38 29 los
435 1039 64 30 hace
514 1050 42 19 ser
571 1038 158 39 resignados
743 1039 15 29 á
774 1038 71 30 todo.

196 1098 54 29 Con
268 1096 59 31 toda
344 1096 133 41 prontitud
493 1101 167 25 estancamos
681 1095 105 40 aquella
801 1094 105 32 efusión
928 1096 151 41 peligrosa,
1098 1095 85 31 dando

155 1164 48 20 con
220 1154 51 29 ello
288 1154 23 28 la
325 1154 59 28 vida
401 1155 14 27 á
432 1153 79 39 aquel
525 1153 102 29 infeliz.

195 1210 65 30 Olro
276 1210 77 29 habia
366 1220 52 29 que
435 1210 67 28 tenia
516 1219 51 19 una
584 1210 92 39 pierna
698 1208 162 35 fracturada,
874 1220 17 29 y
904 1220 49 19 con
969 1221 35 19 un
1016 1210 112 30 balance
1145 1210 42 31 del

155 1267 100 40 buque,
281 1265 176 42 queriéndose
473 1268 106 27 afirmar
599 1276 32 19 en
648 1265 24 30 el
694 1266 75 29 suelo
800 1276 47 30 por
863 1276 33 20 no
912 1268 159 36 escurrirse,
1090 1277 49 21 con
1163 1268 23 30 el

155 1332 65 31 poco
237 1321 169 31 movimiento
421 1332 50 29 que
485 1321 111 35 hiciera,
614 1332 27 19 se
659 1321 23 30 le
699 1322 88 29 movió
819 1321 24 30 la
861 1332 123 21 armazón
1012 1333 49 21 con
1093 1333 52 31 que
1161 1323 23 30 la

156 1380 67 29 tenia
239 1380 94 39 sujeta,
348 1390 17 30 y
377 1379 24 30 el
415 1378 173 36 desdichado,
608 1378 136 31 sufriendo
771 1385 103 24 atroces
902 1380 120 36 dolores,
1052 1381 69 30 daba
1147 1381 38 30 los

154 1446 54 19 mas
223 1442 166 34 penetrantes
405 1435 131 35 alaridos,
552 1436 159 39 suplicando
728 1446 48 19 con
791 1446 108 30 amargo
916 1443 107 30 acento,
1052 1448 36 20 un
1106 1438 79 30 alivio

152 1492 25 30 al
193 1493 116 29 martirio
325 1503 52 29 que
391 1492 24 29 le
429 1492 116 29 causaba
559 1492 23 28 el
596 1492 125 29 continuo
735 1493 173 30 movimiento
922 1493 42 30 del
984 1494 100 41 buque.

192 1549 53 30 Allí
261 1549 113 30 también
388 1548 147 34 acudimos,
550 1558 64 30 para
630 1549 138 30 colocarlo
780 1551 270 30 convenientemente
1063 1552 14 29 á
1090 1562 95 20 reme-

151 1605 57 30 diar
224 1615 34 20 un
277 1610 68 24 tanto
361 1614 30 20 su
409 1604 75 30 dolor
497 1616 5 18 :
518 1603 25 30 lo
555 1614 53 30 que
625 1614 28 20 es
669 1604 102 31 aviarle
783 1605 25 30 el
823 1606 63 35 mal,
906 1616 33 19 no
956 1607 91 30 estaba
1059 1608 15 30 á
1095 1619 90 19 nues-

153 1668 36 23 tro
202 1662 117 34 alcance,
341 1671 75 31 pero,
434 1661 25 29 lo
475 1671 52 31 que
542 1661 80 29 sobre
637 1661 59 30 todo
725 1662 127 40 pudimos
865 1663 143 40 prestarle,
1023 1664 44 31 fué
1084 1665 24 30 el
1125 1665 61 31 bál-

151 1729 72 20 samo
239 1718 157 30 consolador
410 1718 34 30 de
473 1719 24 29 la
524 1718 168 41 resignación
708 1733 6 23 ;
747 1719 158 32 haciéndole
923 1731 48 20 ver
995 1723 15 29 á
1039 1733 68 25 mas,
1134 1734 53 31 que

151 1781 91 35 pronlo
268 1775 169 40 llegaríamos
451 1776 132 29 ánueslro
595 1775 116 36 deslino,
730 1785 61 21 cosa
813 1786 52 31 que
881 1782 72 25 tanto
972 1779 24 29 le
1015 1781 130 30 convenia
1168 1790 16 31 y

151 1832 126 29 deseaba.

189 1889 109 29 Muchos
314 1898 16 30 y
348 1898 61 30 muy
425 1887 137 31 dolorosos
576 1899 47 19 son
640 1889 40 29 los
695 1889 112 30 detalles
819 1900 52 31 que
885 1901 28 21 se
927 1893 112 40 podrían
1056 1895 117 40 consig-
