1241 2180
583 110 182 28 104

206 177 170 29 Prometimos
393 180 136 26 contentar
541 175 14 29 á
571 173 73 31 todos
657 198 7 10 ,
681 172 93 30 siendo
791 180 62 21 cosa
870 176 41 24 lan
926 169 116 31 deseada
1057 178 15 31 y
1086 167 33 31 de
1134 167 55 31 nin-

165 244 53 32 gún
234 233 71 30 valor
320 233 155 34 intrínseco,
494 243 14 29 y
523 241 51 31 que
591 230 56 31 solo
664 240 48 20 nos
727 228 115 31 costaría
859 238 35 20 un
910 225 184 32 determinado
1110 235 79 31 paseo

165 301 47 30 por
230 291 36 29 las
280 289 145 32 trincheras
437 289 44 30 del
497 289 71 30 silio.

206 349 38 28 Ya
260 357 28 20 se
305 348 62 29 verá
380 356 56 21 mas
451 346 122 31 adelante
590 345 22 31 el
630 349 73 26 susto
720 354 52 31 que
789 343 142 30 recibimos
944 342 23 30 el
978 342 44 30 dia
1035 352 53 30 que
1105 340 24 31 lo
1143 341 46 30 in-

167 409 139 24 tentamos.

207 460 34 29 Mi
265 459 122 40 designio
409 459 77 29 habia
516 459 58 29 sido
598 457 231 30 desembarcarme
848 468 14 30 y
881 456 92 30 volver
995 457 15 29 á
1035 455 155 36 Barcelona,

166 528 66 31 pues
246 527 32 20 no
296 516 137 41 pretendía
452 517 91 39 seguir
569 515 158 41 navegaudo
750 526 31 19 en
807 525 93 30 vapor,
921 526 13 29 y
948 514 123 31 confiaba
1084 514 108 30 obtener

167 574 67 35 allá,
249 573 97 39 alguna
357 578 55 25 olía
426 572 150 31 colocación
594 581 55 20 mas
662 573 12 29 á
689 572 35 30 mi
740 577 88 35 guslo.

209 631 20 29 A
246 642 97 29 ruegos
369 631 43 29 del
428 631 104 40 capitán
547 654 5 10 ,
576 640 51 30 que
651 640 74 19 como
752 630 89 40 amigo
868 640 42 18 me
924 628 140 42 suplicaba
1079 653 6 10 ,
1105 639 16 31 y
1146 639 46 20 con

167 688 129 31 anuencia
309 687 33 30 de
354 687 48 29 mis
413 687 122 40 antiguos
545 686 123 30 navieros
679 686 33 30 de
725 686 142 30 Barcelona
882 711 6 11 ,
904 697 48 19 con
966 686 38 30 los
1017 686 92 30 cuales
1121 686 71 35 debí,

167 755 49 30 por
238 744 232 34 reconocimiento,
490 743 196 40 aconsejarme,
706 745 125 39 proseguí
846 742 160 31 embarcado
1024 752 62 32 para
1103 742 88 36 hacer,

171 808 40 25 tan
225 802 68 34 solo,
318 801 23 29 el
368 802 132 39 siguiente
518 802 78 39 vinje.
628 802 61 28 Esta
711 801 60 30 idea
787 801 44 34 de,
856 802 14 29 á
889 801 60 30 todo
964 807 99 29 trance,
1082 801 110 30 desem-

168 860 136 30 barcarme
329 858 42 30 del
391 868 80 31 vapor
486 858 141 30 dimanaba
641 858 33 30 de
687 859 35 29 mi
739 858 165 41 preferencia
920 859 14 29 á
957 868 119 31 navegar
1087 860 13 29 á
1112 859 80 30 Amé-

169 916 64 28 rica.

210 971 22 29 A
249 970 39 30 los
304 971 145 29 marineros
465 980 52 31 que
535 970 94 30 venían
652 970 173 31 embarcados
852 981 29 20 se
895 971 38 30 les
947 972 89 40 antojó
1050 982 32 20 no
1096 983 95 29 querer

169 1028 137 30 continuar
320 1037 32 19 en
365 1037 30 19 su
409 1027 190 40 compromiso,
618 1026 129 41 alegando
762 1038 51 29 que
827 1038 33 19 no
874 1028 87 30 tenían
974 1029 138 31 contraído
1129 1030 64 30 nin-

169 1094 71 29 guno
254 1093 48 19 con
319 1083 24 28 el
365 1083 103 39 capilan
482 1106 5 11 ,
512 1093 101 29 porque
635 1094 30 18 su
693 1089 64 24 (rato
773 1094 33 19 no
823 1095 28 19 se
868 1084 78 31 habia
962 1085 172 31 formalizado
1149 1097 44 31 por

170 1139 139 30 escritura.
326 1139 28 29 El
371 1139 104 39 capilan
492 1164 5 10 ,
512 1139 121 40 apoyado
647 1150 32 19 en
703 1150 53 30 que
769 1151 28 19 se
816 1141 95 31 habían
928 1143 150 30 convenido
1092 1143 32 30 de
1141 1154 53 30 pa-

171 1196 72 30 labra
258 1221 5 10 ,
290 1195 38 30 les
344 1198 68 38 negó
428 1205 30 21 su
475 1197 230 30 consentimiento.
734 1198 28 29 El
785 1199 92 29 cónsul
902 1201 109 39 español
1034 1200 117 41 después
1164 1201 31 30 de

171 1252 74 30 oidas
258 1252 38 30 las
310 1262 108 20 razones
434 1252 33 30 de
483 1253 91 30 ambas
596 1260 86 34 parles
696 1280 5 9 ,
721 1256 163 31 conociendo
897 1267 53 31 que
966 1258 23 30 el
1006 1260 188 39 compromiso,

171 1319 105 30 aunque
289 1308 69 30 dado
375 1308 32 30 de
425 1310 107 39 palabra
547 1334 5 10 ,
573 1310 79 30 debia
669 1321 43 19 ser
730 1310 98 38 válido,
854 1323 15 30 y
884 1313 198 32 descubriendo
1096 1327 47 29 por
1160 1316 37 30 las

171 1365 198 30 declaraciones
382 1365 33 30 de
430 1365 38 30 los
482 1365 109 30 mismos
603 1367 147 30 marineros
764 1393 5 7 ,
790 1379 51 30 que
858 1379 31 20 su
901 1371 181 31 retraimiento
1101 1383 96 30 prove-

172 1422 44 30 nia
231 1421 145 31 solamente
397 1421 24 31 le
442 1422 207 40 pusilanimidad
664 1448 6 10 ,
690 1423 99 31 ordenó
811 1436 64 29 que,
892 1426 40 30 los
948 1437 52 30 que
1014 1438 63 21 eran
1088 1429 110 41 jóvenes

173 1477 96 30 debian
287 1478 100 40 seguir,
418 1488 15 30 y
459 1488 53 31 que
536 1478 38 30 los
587 1478 33 31 de
637 1489 56 20 mas
709 1480 69 30 edad
803 1492 28 19 se
859 1483 117 31 lomaran
1002 1485 24 29 el
1050 1486 100 41 trabajo
1166 1486 32 30 de

174 1533 127 30 buscarse
318 1533 64 31 cada
406 1544 52 20 uno
486 1545 34 19 un
545 1535 125 29 sustituto
698 1547 52 30 que
775 1537 40 31 los
842 1540 180 41 reemplazara
1037 1567 6 11 ,
1062 1545 15 28 ó
1093 1543 62 31 bien
1179 1544 19 30 ir

174 1590 66 30 ellos
252 1591 118 29 mismos.

214 1647 79 30 Hubo
309 1647 59 36 dos,
381 1647 193 30 naturalmente
591 1648 38 30 los
641 1659 56 21 mas
712 1652 162 36 revoltosos,
893 1664 53 31 que
960 1662 148 26 mostraron
1121 1659 78 30 resis-

177 1703 83 31 tencia
274 1713 31 20 en
322 1709 144 25 someterse
482 1705 15 29 á
513 1710 56 25 esta
585 1704 132 39 decisión,
736 1719 15 29 y
768 1708 24 30 el
809 1710 105 36 cónsul,
942 1719 139 32 entonces,
1107 1715 93 31 viendo

175 1770 31 20 su
220 1759 156 41 pertinacia,
395 1759 97 31 ordenó
506 1762 168 35 arrestarlos,
693 1774 15 30 y
721 1763 25 30 el
757 1763 44 31 dia
818 1766 134 41 siguiente
980 1771 140 32 mandóles
1141 1774 59 40 bajo

176 1816 112 41 registro
304 1817 14 29 á
331 1817 142 29 Barcelona
483 1829 6 24 ;
503 1817 143 41 obligando
658 1818 33 31 de
704 1826 56 25 este
773 1822 78 30 modo
864 1824 23 29 al
900 1827 106 40 capitán
1022 1828 44 32 del
1086 1843 12 14 «
1109 1831 91 31 Thar-

178 1873 71 35 sis,»
268 1883 52 30 que
331 1872 112 31 buscase
460 1879 70 25 otros
547 1884 32 21 en
597 1885 31 20 su
646 1875 84 41 lugar.
