1241 2180
555 127 181 27 158

139 194 213 44 pores-corbelas
375 193 32 30 de
427 192 98 31 ruedas
540 193 14 29 á
571 190 140 43 Eupatoria
726 215 5 9 ,
747 199 62 32 para
827 188 102 41 ayudar
945 188 13 30 á
975 186 129 32 conducir
1118 186 36 30 las

140 260 87 32 Iropas
241 256 86 25 turcas
339 260 52 30 que
407 249 95 30 debían
520 257 78 32 pasar
609 248 13 29 á
640 245 151 31 Kamiesch.

180 310 30 29 Al
238 308 42 30 dia
301 307 131 41 siguiente
458 305 42 31 fué
525 304 123 41 llegando
670 308 55 25 este
747 302 108 41 ejército
869 327 5 10 ,
904 312 52 30 que
978 300 129 32 constaba
1128 300 33 31 de

141 368 112 33 30,000
271 365 141 30 hombres:
428 372 75 21 como
519 361 107 31 además
642 360 94 30 veuian
753 360 38 29 los
804 359 110 40 bagajes
929 369 17 29 y
962 357 92 31 demás
1071 356 90 31 adhe-

139 429 87 25 rentes
241 420 214 41 indispensables
468 444 5 10 ,
497 429 28 19 se
551 420 72 28 armó
647 417 32 31 tal
704 415 156 32 barahunda
882 426 31 20 en
937 415 24 30 el
987 420 94 36 puerto
1098 425 62 30 que,

140 478 188 41 contemplarlo
341 476 114 31 causaba
468 476 53 29 risa
535 475 23 29 al
571 475 93 28 mismo
678 474 97 39 tiempo
788 482 52 32 que
853 472 176 31 admiración.
1047 472 51 29 Los
1111 476 50 26 tur-

139 547 45 20 cos
199 546 34 19 no
249 534 80 30 saben
345 533 77 30 hacer
436 542 60 21 cosa
513 531 95 40 alguna
621 556 5 8 ,
646 536 179 35 mayormente
839 528 104 31 cuando
960 538 47 21 son
1022 528 110 30 muchos
1148 529 13 30 á

140 593 24 30 la
181 603 46 19 vez
241 617 5 9 ,
265 592 39 29 sin
318 590 112 30 mezclar
443 600 29 19 su
489 588 109 31 confusa
612 588 117 39 gritería.

180 647 122 33 Multitud
330 647 33 30 de
384 647 93 29 navios
502 645 32 30 de
560 646 66 28 línea
642 646 13 28 é
671 643 126 31 infinidad
826 643 32 31 de
884 643 105 41 buques
1006 642 33 31 de
1055 642 108 31 inferior

140 715 92 31 rango,
247 703 74 31 todos
333 704 15 29 á
361 713 92 29 vapor,
470 701 91 30 hacian
574 701 247 29 simultáneamente
835 700 23 30 el
872 700 186 35 desembarco;
1073 710 33 20 no
1117 710 45 31 pa-

140 760 122 32 reciendo
276 760 56 30 sino
345 769 52 30 que
411 783 5 10 ,
435 768 46 30 por
493 768 45 19 sus
556 757 165 40 portalones,
739 757 147 30 vomitasen
904 756 125 30 soldados
1045 762 86 24 turcos
1147 757 14 29 á

140 823 154 25 centenares
307 815 77 31 sobre
401 814 37 30 las
453 813 215 30 embarcaciones
681 824 121 19 menores
816 824 16 29 y
846 813 152 41 vaporcilos
1009 813 33 30 de
1056 818 104 36 puerto,

142 884 51 31 que
210 873 114 39 después
342 871 37 30 los
395 870 148 31 conducían
556 870 15 30 á
589 869 24 30 la
626 869 76 31 orilla
716 881 6 18 :
742 869 159 30 marchaban
916 870 13 29 á
944 869 129 31 formarse
1090 870 72 30 lodos

140 941 32 21 en
189 941 33 20 un
237 930 92 30 mismo
343 933 80 36 punto
439 928 24 28 al
480 928 79 29 sallar
573 928 13 28 á
604 927 91 29 tierra.
714 927 122 30 Añádase
852 928 14 29 á
881 932 67 30 esto,
964 927 92 35 ahora,
1073 928 22 29 el
1113 927 49 31 de-

141 987 157 41 sembarque
314 986 32 30 de
364 985 37 30 los
417 984 116 31 caballos
550 1009 5 10 ,
584 984 23 30 el
626 989 54 25 Iren
704 984 33 30 de
763 984 127 30 artillería
907 1009 5 9 ,
942 984 167 30 municiones
1130 984 33 30 de

140 1045 66 30 boca
218 1055 15 29 y
250 1053 94 30 guerra
357 1067 5 8 ,
383 1054 13 18 v
414 1041 138 30 utensilios
569 1040 33 30 de
618 1045 138 36 campaña,
775 1050 61 31 para
852 1040 126 31 formarse
991 1051 52 20 una
1056 1041 59 30 idea
1131 1041 32 30 de

140 1100 77 41 aquel
235 1102 156 37 importante
413 1098 62 40 alijo
492 1108 138 30 guerrero.
660 1099 38 28 Yo
711 1107 35 20 no
759 1097 60 40 dejé
842 1107 112 31 escapar
970 1098 24 29 la
1011 1098 106 29 ocasión
1131 1098 31 29 de

140 1157 22 30 ir
178 1157 13 29 á
213 1166 46 19 ver
280 1155 32 29 de
336 1164 75 20 cerca
430 1159 67 24 tanta
521 1159 72 35 tropa
621 1158 82 24 turca.
732 1153 109 29 Cuando
858 1153 79 29 habia
954 1163 51 19 una
1023 1153 110 41 brigada
1150 1155 12 28 á

142 1213 76 30 tierra
230 1237 5 10 ,
255 1222 28 20 se
303 1210 120 31 alineaba
438 1221 32 19 en
488 1210 110 40 seguida
615 1221 16 30 y
649 1210 142 30 marchaba
808 1211 12 29 á
840 1220 155 31 acamparse
1013 1211 14 29 á
1042 1210 121 41 espaldas

141 1269 32 29 de
190 1269 22 29 la
228 1268 61 30 villa
305 1267 33 31 de
350 1266 156 37 Kamiesch;
528 1276 14 30 y
555 1268 38 28 así
612 1276 49 20 una
681 1272 51 24 tras
749 1271 54 25 olra
821 1266 89 42 quedó
925 1266 165 32 establecido
1106 1267 57 30 todo

141 1326 24 29 el
179 1326 119 38 ejército.

182 1382 20 29 A
220 1381 34 30 mi
271 1391 91 20 escaso
379 1380 126 31 entender
521 1405 5 10 ,
545 1391 41 19 me
606 1381 106 40 pareció
726 1406 5 11 ,
747 1392 53 30 que
826 1381 40 30 los
892 1381 150 31 batallones
1056 1384 15 27 ó
1087 1382 79 41 regi-

140 1439 112 30 mientos
266 1438 117 40 egipcios
401 1438 176 40 presentaban
600 1448 35 19 un
652 1443 107 35 aspecto
782 1448 56 20 mas
855 1439 108 29 marcial
983 1450 51 30 que
1050 1439 39 31 los
1104 1445 61 25 tur-

140 1505 61 25 cos;
219 1495 39 30 sin
270 1495 136 40 embargo,
423 1495 21 29 si
458 1505 52 19 uno
523 1505 28 19 se
565 1494 98 41 paraba
676 1496 14 29 á
704 1495 180 30 examinarlos
897 1495 226 37 detenidamente,
1138 1508 28 19 se

141 1552 95 29 notaba
250 1562 52 30 que
318 1561 43 20 era
376 1561 49 19 una
442 1551 156 30 soldadesca
612 1557 154 34 compuesta
790 1552 33 29 de
841 1552 38 30 las
896 1563 56 19 mas
967 1559 199 36 estravaganles

142 1619 17 29 y
183 1608 135 29 burlescas
339 1607 140 30 caladuras
495 1618 52 29 que
563 1608 89 40 puede
669 1608 85 29 nutrir
775 1608 23 30 el
815 1608 87 30 África
918 1621 4 17 :
952 1619 57 21 uno
1025 1610 54 30 alto
1092 1622 74 19 como

143 1675 32 20 un
191 1665 107 40 gigante
313 1690 4 10 ,
344 1670 56 25 olro
416 1664 61 41 bajo
499 1675 75 20 como
594 1675 35 20 un
648 1666 120 40 pigmeo;
795 1676 52 20 uno
863 1667 71 40 viejo
947 1669 15 27 ó
975 1667 32 30 de
1022 1668 67 30 edad
1112 1679 54 20 mas

142 1732 52 30 que
208 1727 136 35 provecía,
370 1727 56 24 otro
438 1722 81 40 joven
532 1732 99 31 apenas
648 1723 107 40 llegado
772 1724 14 28 á
808 1724 22 28 la
846 1723 184 32 adolescencia
1042 1737 5 22 ;
1067 1736 52 20 uno
1135 1725 31 31 de

143 1778 147 30 semblante
304 1779 68 30 feroz
388 1789 49 20 con
450 1790 29 19 su
499 1784 37 25 tez
548 1779 163 37 bronceada,
730 1785 56 25 otro
799 1791 48 21 con
863 1791 50 21 una
924 1784 138 29 fisonomía
1074 1784 92 40 raquí-

143 1835 48 30 tica
208 1837 14 27 ó
236 1834 139 32 enfermiza
387 1849 6 22 ;
415 1835 32 31 de
461 1835 71 37 lodo,
550 1846 32 20 en
596 1838 46 34 fin,
658 1847 28 19 se
700 1836 58 31 veia
769 1842 73 25 enlre
856 1839 122 40 aquellas
991 1840 59 30 filas
1062 1840 33 30 de
1113 1845 53 25 tro-

141 1901 43 32 pa.
204 1894 35 28 No
256 1892 130 37 obstante,
405 1904 31 19 en
453 1893 84 30 honor
552 1893 33 31 de
598 1894 24 30 la
634 1894 101 30 verdad
751 1905 29 20 se
795 1895 68 30 debe
877 1896 134 37 confesar,
1028 1908 52 30 que
1095 1903 71 25 entre
