1241 2180
500 129 162 26 71

68 191 131 31 nuos'dad
215 192 33 30 de
261 192 23 29 la
298 197 72 25 costa
383 203 5 18 :
409 192 120 40 llegados
542 202 32 31 ya
590 193 24 29 al
637 193 146 40 puertecilo
800 192 85 31 donde
907 192 110 30 estaban
1039 197 56 25 otra

68 259 47 21 vez
131 249 40 31 los
186 248 48 32 dos
252 258 112 32 vapores
377 249 32 31 de
422 259 95 31 guerra
535 249 133 31 franceses
684 249 155 41 guardando
863 249 116 42 siempre
1002 249 24 31 el
1043 259 53 21 es-

70 312 82 25 tremo
168 306 42 30 del
227 312 183 35 campamento
426 330 5 11 ,
450 315 106 31 aunque
572 311 56 25 este
644 316 28 19 se
692 306 111 30 hubiese
830 306 116 29 retirado
964 316 33 19 un
1022 311 73 24 tanto

70 363 81 31 desde
165 363 23 30 la
205 363 153 30 ocurrencia
375 362 33 30 de
424 363 40 30 los
481 373 111 30 vapores
609 374 75 19 rusos
698 388 6 9 ,
724 363 85 30 vimos
827 363 52 29 allá
896 372 64 30 gran
983 363 111 29 número

71 419 33 31 de
120 419 124 31 soldados
258 432 6 24 ;
283 429 67 21 unos
367 419 113 31 lavando
503 430 29 20 su
549 429 63 31 ropa
626 444 5 9 ,
651 430 17 30 y
692 424 71 26 otros
789 420 114 30 sacando
917 429 69 31 agua
1003 419 32 30 de
1059 429 36 20 un

69 477 53 29 mal
140 487 66 29 pozo
219 487 51 29 que
286 476 80 30 habia
381 501 5 10 ,
405 486 62 30 para
484 477 106 29 cocinar
606 486 49 20 con
671 476 62 30 ella.

112 534 61 28 Este
189 538 94 35 puerto
296 557 6 10 ,
317 533 56 29 está
386 532 115 30 rodeado
516 532 33 30 de
565 532 88 30 áridas
665 533 100 30 colinas
778 543 52 30 que
842 537 173 25 suavemente
1026 530 66 31 des-

70 589 112 29 cienden
195 589 74 29 hasla
287 589 96 29 formar
397 589 24 29 la
437 589 76 29 orilla
526 589 33 29 de
576 589 35 29 él.

111 646 68 40 Algo
194 647 148 39 pintoresco
358 646 91 30 estaba
465 646 78 41 aquel
558 647 100 40 paisaje
677 657 6 18 :
709 646 25 30 la
750 646 67 30 vista
834 645 32 31 de
880 645 38 30 los
935 646 48 30 dos
1007 655 90 31 vapo-

71 712 42 21 res
127 727 6 10 ,
151 703 105 40 quietos
269 713 15 30 y
299 701 156 31 silenciosos
471 727 5 9 ,
495 701 149 31 arrimados
660 703 15 29 á
690 701 24 31 la
731 703 94 40 áspera
840 701 88 31 ribera
946 726 5 11 ,
970 712 15 30 y
999 701 24 30 el
1036 711 62 21 cen-

73 764 72 24 tenar
161 759 32 29 de
209 758 170 30 desaliñados
395 758 125 30 soldados
537 769 52 30 que
614 769 33 19 en
671 759 78 29 tierra
765 769 28 19 se
811 760 75 28 veían
910 758 122 30 afanosos
1047 767 49 21 con

75 826 45 19 sus
133 816 177 39 ocupaciones
327 840 6 8 ,
353 816 68 28 tenia
444 815 24 29 la
485 816 151 39 apariencia
656 815 32 30 de
705 826 52 19 una
780 816 152 40 espedicion
949 814 149 30 descubri-

73 872 66 31 dora
156 871 126 40 apollada
295 882 32 19 en
344 871 89 40 ignoto
449 873 121 38 páramo.

116 929 187 29 Atravesamos
319 928 78 40 aquel
413 928 78 40 lugar
503 953 6 10 ,
527 938 16 30 y
559 927 110 32 subidos
685 929 13 29 á
714 928 24 30 la
757 934 55 24 otra
824 928 85 30 colina
926 938 51 30 que
990 928 105 40 seguía,

75 995 28 20 se
119 995 48 19 nos
181 987 123 38 presentó
320 994 32 31 ya
369 987 13 27 á
395 990 109 24 nuestro
520 985 110 29 examen
651 985 22 29 la
691 990 73 35 parte
780 984 145 30 occidenial
942 984 33 30 de
993 984 105 30 Sebas-

74 1042 71 40 topol
160 1066 6 10 ,
185 1043 15 27 ó
216 1042 83 39 mejor
314 1041 79 29 dicho
406 1065 5 11 ,
431 1041 23 29 el
471 1041 110 29 interior
594 1041 42 29 del
653 1047 92 34 puerto
759 1066 5 10 ,
785 1041 23 30 el
824 1041 59 30 cual
897 1052 27 18 se
940 1040 77 41 podía
1034 1041 64 29 dis-

73 1098 100 40 tinguir
185 1108 48 20 con
246 1097 120 30 bastante
390 1097 161 41 perfección.
570 1099 66 29 Pero
653 1098 22 29 la
690 1097 152 31 curiosidad
860 1123 5 10 ,
885 1108 45 20 ese
947 1098 68 30 vicio
1031 1108 67 20 roe-

73 1155 48 30 dor
137 1180 5 9 ,
162 1165 27 20 es
207 1160 41 25 tan
261 1155 127 30 escilanle
404 1165 30 19 en
450 1159 108 26 nuestra
575 1156 109 29 materia
699 1154 32 31 de
745 1164 75 21 cosas
835 1159 166 36 portentosas
1018 1180 5 11 ,
1044 1164 51 32 que

73 1223 48 20 nos
133 1213 70 29 llevó
216 1212 73 29 hasla
304 1212 128 29 envolver
447 1217 122 24 nueslras
583 1211 75 30 vidas
674 1223 31 19 en
722 1222 81 29 grave
817 1211 112 40 peligro.

115 1269 81 30 Como
209 1268 24 30 el
248 1274 102 23 terreno
364 1278 31 19 en
410 1267 58 30 toda
484 1268 105 39 aquella
604 1274 72 34 parte
692 1268 33 29 de
741 1268 24 30 la
782 1268 103 30 Crimea
908 1278 44 20 era
979 1268 117 30 formado

72 1325 33 31 de
120 1325 101 31 colinas
237 1349 5 10 ,
263 1333 140 30 pensamos
418 1324 176 29 trasladarnos
611 1325 14 28 á
642 1324 23 30 la
679 1324 141 30 inmediata
839 1334 62 31 para
918 1324 81 30 sentir
1014 1325 83 40 mejor

73 1392 50 20 ann
139 1407 5 8 ,
163 1381 23 31 el
200 1381 84 30 efecto
300 1380 33 30 de
347 1380 77 39 aquel
443 1390 155 29 panorama.

113 1440 38 28 En
167 1438 23 29 el
206 1438 68 30 valle
288 1447 51 31 que
352 1436 99 31 dividía
470 1436 38 31 los
529 1436 47 30 dos
592 1437 194 40 promontorios
802 1462 6 11 ,
827 1437 23 30 el
867 1447 51 30 que
943 1436 151 42 pisábamos

73 1506 17 30 y
106 1495 23 29 el
147 1505 52 30 que
222 1494 159 29 tratábamos
396 1493 33 29 de
445 1493 120 30 alcanzar
581 1518 6 10 ,
605 1493 164 40 acampaban
789 1493 38 29 las
846 1493 83 30 líneas
951 1493 33 29 de
1010 1498 86 36 tropas

73 1550 158 31 avanzadas.
250 1551 65 28 Pero
337 1554 121 25 nosotros
474 1573 5 10 ,
504 1549 154 40 supusimos
675 1549 85 29 serian
782 1549 37 29 las
846 1548 43 30 del
912 1554 183 35 campamento

72 1606 106 42 general
194 1631 6 11 ,
216 1616 101 30 porque
330 1616 33 19 no
377 1605 138 30 habíamos
530 1605 68 30 visto
614 1605 14 30 á
644 1611 55 24 este
715 1615 51 20 aun
784 1618 6 22 ;
811 1616 15 29 y
853 1615 43 20 era
912 1630 5 10 ,
936 1615 52 30 que
1007 1615 27 20 se
1047 1615 48 20 nos

71 1664 79 30 habia
167 1662 122 31 ocultado
302 1673 47 31 por
362 1663 89 29 detrás
466 1662 33 30 de
513 1671 50 21 una
582 1666 121 37 pequeña
720 1661 85 31 colina
822 1661 95 41 dejada
933 1662 13 30 á
971 1662 23 29 la
1010 1661 86 31 dere-

71 1721 47 31 cha
136 1731 81 30 pocos
233 1726 145 24 momentos
394 1725 87 24 antes.

112 1777 140 32 Confiados
264 1802 7 11 ,
289 1787 66 31 pues
372 1801 5 10 ,
394 1787 31 20 en
439 1787 52 30 que
504 1776 44 29 allí
564 1775 90 30 estaba
671 1775 24 30 el
712 1781 113 24 eslremo
841 1775 43 30 del
897 1782 198 34 campamenlo,

71 1844 31 21 en
118 1844 70 30 cuyo
200 1833 91 42 paraje
304 1843 33 20 no
350 1832 132 31 sabíamos
499 1832 134 30 estuviese
650 1831 141 41 prohibido
808 1832 123 30 transitar
946 1857 6 11 ,
971 1843 47 19 nos
1044 1832 52 30 ba-

67 1892 89 39 jamos
168 1900 63 31 para
246 1895 137 26 atravesar
394 1889 120 42 aquellas
532 1895 87 36 tropas
635 1888 158 42 acampadas
808 1902 6 23 ;
832 1899 57 21 mas
905 1889 96 31 viendo
1023 1899 73 21 cen-
