1241 2180
506 115 175 28 157

83 175 22 30 si
119 185 29 20 es
165 185 51 31 que
230 185 29 20 es
271 175 88 30 bueno
375 201 6 11 ,
402 187 101 30 porque
520 188 114 20 conozco
650 178 22 30 el
694 178 61 31 vino
768 181 107 40 español
894 192 16 30 y
926 183 28 28 sé
970 192 52 30 que
1034 205 5 11 ,
1059 191 49 20 con

83 243 34 19 un
131 232 81 30 barril
230 232 33 30 de
277 233 45 34 él,
342 233 83 40 podré
442 233 80 31 hacer
536 259 5 11 ,
560 244 47 21 con
623 235 80 30 cierta
719 235 181 32 adulteración
913 238 32 30 de
961 249 81 30 agua,
1060 238 48 30 dos

82 301 52 31 que
150 301 81 31 pasen
248 301 48 31 por
312 301 42 20 ser
371 291 135 31 francés.»
532 294 65 28 Para
618 303 94 20 causar
736 295 83 39 mejor
845 296 83 31 efecto
944 306 28 21 se
988 297 27 30 le
1030 296 77 31 habia

83 348 141 30 advertido
238 373 5 10 ,
263 359 52 30 que
330 348 23 30 el
370 354 70 25 eslar
458 349 134 31 envasado
615 360 31 20 en
667 350 156 32 burdalesas
838 376 5 11 ,
867 363 43 19 era
928 364 46 30 por
1000 354 109 30 haberlo

84 404 144 42 trasegado
243 415 31 20 en
287 405 126 30 Marsella
427 431 6 10 ,
456 416 102 31 porque
572 406 38 31 las
624 407 76 41 pipas
712 408 133 30 catalanas
862 419 61 20 eran
939 420 91 20 cascos
1047 421 62 30 muy

84 462 116 41 grandes
224 472 63 31 para
305 463 147 40 manejarlo
468 488 6 11 ,
502 475 15 29 y
535 463 106 31 además
663 475 48 30 por
730 470 73 26 tener
818 476 56 20 mas
895 465 60 32 fácil
972 467 83 31 salida
1071 467 38 31 los

84 531 113 19 envases
210 520 152 30 reducidos.

124 578 69 30 Vino
210 579 12 29 á
239 577 99 37 bordo;
359 578 24 30 lo
404 578 82 41 probó
509 588 51 20 una
574 590 16 29 y
603 585 54 24 olra
675 590 61 25 vez;
762 581 58 29 hizo
845 581 73 30 todas
941 582 38 30 las
993 582 114 42 pruebas

83 634 183 31 conducentes
280 636 13 28 á
310 636 165 29 cerciorarse
490 660 7 10 ,
525 646 69 30 y....
620 647 28 19 se
665 639 73 38 tragó
751 636 24 31 la
791 636 113 42 pildora.
933 638 111 31 Confesó
1060 649 52 31 que

85 692 24 30 le
123 691 112 41 gustaba
249 716 6 8 ,
276 702 17 30 y
307 691 57 30 solo
381 694 108 38 regateó
505 702 32 20 en
554 692 23 30 el
596 693 88 40 precio
696 718 6 11 ,
718 693 130 41 alegando
864 705 53 30 que
932 719 5 10 ,
954 697 20 28 si
988 695 61 30 bien
1067 702 45 23 te-

85 750 42 29 nia
145 748 25 31 la
189 749 104 40 ventaja
311 748 33 30 de
359 749 116 40 poderse
497 755 138 24 aumentar
658 750 25 29 la
705 750 123 30 cantidad
848 762 48 19 con
913 752 23 29 el
954 752 103 30 bautizo
1071 752 43 30 del

85 817 69 31 agua
169 833 5 9 ,
199 813 55 25 esta
271 808 104 39 ventaja
390 818 28 19 se
434 807 130 30 atenuaba
580 818 48 19 con
642 807 24 31 la
680 810 111 28 carestía
814 808 33 31 de
860 819 44 20 ese
921 810 93 30 mismo
1030 810 82 41 líqui-

85 865 46 36 do,
149 875 53 30 que
215 864 67 31 cada
294 864 43 31 dia
349 875 28 20 se
389 864 76 31 hacia
479 875 55 20 mas
547 864 116 31 notable.
677 867 75 28 Estas
765 876 17 30 y
793 871 69 24 otras
878 876 110 19 razones
1005 871 40 24 tan
1058 866 56 30 solo

87 932 61 21 eran
162 922 160 29 relicencias
336 921 32 30 de
384 921 71 30 buen
472 921 173 41 comprador,
663 932 33 19 en
709 922 25 29 lo
751 932 50 30 que
814 933 34 18 no
864 933 28 19 se
908 923 24 29 le
948 923 70 40 pudo
1033 933 81 30 negar

86 978 137 32 habilidad
242 1003 6 10 ,
266 989 108 29 aunque
398 989 33 18 no
444 978 24 29 la
484 978 112 30 hubiese
622 978 87 30 tenido
725 988 75 20 como
812 978 149 31 conocedor
976 978 32 31 de
1025 980 87 35 vinos;

87 1047 75 31 pero,
178 1046 48 31 por
239 1036 105 35 último,
362 1034 73 31 hubo
451 1035 154 30 aveniencia
622 1044 48 31 por
685 1034 92 30 ambas
793 1041 103 34 parles,
919 1046 75 20 como
1008 1046 52 31 que
1077 1036 37 30 las

87 1093 48 29 dos
153 1093 87 29 tenian
258 1101 83 30 ganas
355 1090 32 31 de
405 1090 84 31 llevar
503 1092 14 29 á
534 1090 84 31 efecto
632 1091 23 29 la
669 1092 175 30 transacción.

129 1149 31 30 El
173 1149 121 41 fulano,
312 1159 49 29 por
375 1149 90 28 cierto
481 1158 52 30 que
547 1158 28 19 se
592 1148 71 29 llevó
679 1149 61 28 vino
753 1149 108 40 español
879 1151 16 28 ó
910 1149 114 34 catalán,
1042 1159 74 20 como

88 1207 25 30 le
126 1206 115 31 llamaba
257 1231 5 10 ,
287 1206 33 30 de
337 1206 84 30 buena
441 1216 81 19 raza.
552 1206 36 29 Lo
604 1215 56 20 mas
676 1205 145 41 particular
836 1216 52 20 aun
905 1217 28 19 es
949 1231 5 11 ,
985 1217 52 29 que
1053 1205 64 31 des-

88 1274 67 30 pués
172 1263 26 30 lo
223 1262 94 30 vendía
342 1262 23 30 él
395 1272 47 30 por
466 1262 63 30 vino
545 1272 67 31 puro
629 1262 43 30 del
694 1262 124 30 «Bhon.»
843 1263 62 29 Eslo
925 1262 109 35 último,
1053 1261 21 30 si
1091 1271 27 21 se

89 1322 93 41 quiere
197 1346 6 10 ,
221 1332 34 18 no
272 1321 102 29 carecía
387 1319 33 30 de
437 1318 193 31 verosimilitud
646 1344 6 10 ,
680 1321 15 28 ó
708 1319 103 30 cuando
823 1330 93 19 menos
932 1319 33 30 de
979 1319 139 40 semejan-

89 1388 28 21 za
131 1392 6 22 ;
155 1388 49 32 por
216 1381 97 27 cuanto
329 1401 6 11 ,
360 1386 52 20 una
431 1387 46 18 vez
493 1375 141 30 bautizado
650 1375 24 29 el
692 1381 72 24 lurco
779 1375 145 30 verdadero
939 1400 5 11 ,
965 1386 28 19 es
1010 1376 108 39 regular

90 1447 52 30 que
155 1441 105 34 optase,
279 1444 48 30 por
341 1435 22 29 sí
376 1434 106 34 mismo,
502 1442 62 31 para
580 1432 164 30 convertirse
760 1442 31 20 en
806 1432 124 30 cristiano
944 1431 102 31 francés
1057 1446 6 22 ;
1075 1442 45 20 su-

90 1499 95 36 puesto
201 1503 53 30 que
270 1503 49 30 por
331 1502 61 20 esos
409 1492 127 38 antiguos
561 1490 74 40 galos
652 1499 61 20 eran
738 1500 48 30 por
812 1490 78 40 quien
908 1489 39 30 los
972 1500 76 19 rusos
1065 1499 55 20 mas

90 1561 86 30 apego
191 1550 113 30 sentían.
324 1550 51 29 Sea
390 1558 76 21 como
479 1547 74 31 fuere
565 1573 6 10 ,
591 1547 24 30 el
631 1547 146 30 «Tharsis»
796 1557 28 19 se
838 1547 42 29 vio
896 1547 136 39 aligerado
1047 1570 6 12 ,
1071 1555 49 21 con

90 1608 121 30 bástanle
222 1607 104 39 ventaja
343 1631 5 11 ,
375 1606 33 29 de
422 1617 31 18 su
467 1610 75 25 antes
558 1604 192 41 desagraciado
763 1605 61 30 vino
838 1630 6 10 ,
863 1615 16 31 y
895 1604 40 30 los
952 1602 126 32 soldados
1093 1613 27 20 se

91 1665 93 31 dieron
202 1675 46 31 por
265 1674 63 31 muy
344 1663 157 30 satisfechos
528 1662 32 30 de
580 1662 83 41 poder
679 1662 83 29 beber
785 1662 60 29 vino
865 1661 90 30 barato
972 1685 5 11 ,
998 1660 73 31 fuera
1089 1659 31 31 de

91 1722 89 31 donde
193 1722 72 29 fuere
279 1732 52 29 que
346 1720 166 41 procediese.

132 1779 144 31 Volvamos
291 1779 14 30 á
321 1789 77 20 cosas
423 1778 33 30 de
472 1787 56 20 mas
548 1777 98 30 interés
659 1801 6 10 ,
690 1780 186 37 seguramente
891 1800 6 10 ,
929 1784 63 32 para
1008 1773 39 30 los
1064 1773 55 30 lec-

93 1841 79 25 tores.

133 1893 29 30 El
181 1895 15 28 6
210 1892 33 30 de
260 1892 67 30 abril
344 1902 28 20 se
388 1892 155 30 marcharon
556 1891 113 40 algunos
686 1891 92 29 navios
794 1890 14 29 á
823 1889 86 29 hélice
927 1899 15 30 y
959 1888 90 30 varios
1065 1895 55 22 va-
