1241 2180
511 118 180 28 183

136 178 36 30 En
201 189 45 19 ese
274 185 93 36 puerlo
388 181 109 30 estaban
526 182 115 31 también
655 183 77 40 a,quel
749 183 43 30 dia
805 183 113 41 algunos
931 193 111 32 vapores
1054 208 6 11 ,
1075 184 38 30 asi

95 242 149 25 mercantes
260 248 75 20 como
362 238 33 31 de
418 250 97 30 guerra
530 265 6 11 ,
567 241 186 30 conduciendo
780 247 74 35 parle
873 241 42 30 del
946 242 167 41 contingente

92 291 89 30 sardo.

135 348 56 30 Uno
208 348 33 31 de
257 349 94 31 dichos
368 351 104 41 buques
484 363 44 20 era
545 353 36 35 la,
596 358 125 25 entonces
738 363 96 24 nueva,
854 352 99 42 fragata
969 353 33 30 de
1018 363 94 30 guerra

94 403 78 32 sarda
189 407 109 29 «Víctor
311 408 139 36 Manuel,»
458 419 48 21 con
521 411 123 38 máquina
657 411 14 29 á
685 410 84 30 hélice
782 420 14 29 y
808 412 35 28 50
855 414 115 26 cañones
980 409 32 31 de
1027 415 84 34 porte.

137 462 82 30 Como
235 474 34 19 no
281 465 113 30 contaba
412 467 92 29 volver
527 477 48 20 con
592 467 23 29 el
648 467 146 30 «Tharsis»
823 468 14 28 á
863 477 86 20 nuevo
972 467 83 39 viaje,
1074 476 39 19 me

93 517 113 42 despedí
224 530 62 30 para
311 521 96 30 mucho
433 523 95 40 tiempo
556 524 10 38 (
583 534 13 29 y
622 523 92 40 quizás
730 533 43 19 sea
791 533 62 30 para
870 523 129 40 siempre)
1016 523 33 29 de
1075 523 38 29 los

94 577 111 30 muchos
221 578 103 42 amigos
340 590 52 31 que
408 580 172 31 contábamos
593 591 31 20 en
652 581 24 30 la
688 580 153 31 ex-ciudad
858 580 32 31 de
907 580 38 30 los
961 580 152 31 Caballeros

94 632 34 31 de
145 633 23 30 la
191 633 90 32 Orden
306 635 32 31 de
355 638 52 28 San
433 638 66 28 Juan
516 637 33 29 de
560 637 139 30 Jerusalén
713 650 6 22 ;
738 637 33 29 de
786 647 83 31 cuyos
885 637 101 41 amigos
1002 661 5 11 ,
1031 637 82 41 repito

95 700 49 31 por
157 691 91 31 última
262 702 45 20 vez
321 717 6 11 ,
345 703 129 21 conservo
490 694 23 30 el
528 704 55 20 mas
600 699 73 34 grato
686 693 138 30 recuerdo.

138 748 53 29 Sal.
196 748 48 30 dos
257 749 34 30 de
302 749 77 30 Malla
393 775 6 10 ,
418 761 34 20 un
471 751 96 41 tiempo
583 751 121 40 precioso
720 761 46 20 nos
790 752 144 39 acompañó
949 749 73 30 hasla
1037 751 78 28 Mar-

96 805 67 29 sella
179 831 4 9 ,
212 806 40 29 sin
278 817 52 29 que
344 817 47 20 nos
406 808 134 30 ocurriese
550 807 113 31 durante
677 813 55 24 esla
748 807 90 30 última
857 810 123 33 travesía,
994 816 60 21 cosa
1068 806 47 30 al-

97 872 70 31 guna
185 863 79 41 digna
278 864 33 30 de
327 865 171 39 consignarse
511 876 32 19 en
559 871 71 24 eslos
645 865 202 30 «Recuerdos.»

138 920 133 40 Llegados
288 932 47 30 por
348 923 33 28 fin
399 932 31 20 en
447 922 23 30 el
486 927 92 36 puerlo
592 921 33 30 de
638 921 133 34 Marsella,
787 921 118 40 supimos
917 932 52 30 que
982 920 132 30 efectiva-

95 983 89 25 mente
208 977 79 31 debia
302 978 23 31 el
357 979 146 30 «Tharsis»
519 979 73 30 hasla
605 978 116 41 cumplir
732 978 57 30 diez
806 988 86 20 meses
904 1002 6 12 ,
929 978 139 30 continuar
1082 987 32 20 en

97 1045 47 19 sus
161 1035 85 40 viajes
257 1035 34 29 de
309 1042 127 33 trasporte
449 1037 13 28 á
474 1036 161 39 disposición
647 1035 42 30 del
704 1035 141 30 Gobierno.

137 1093 49 33 Yo,
207 1092 134 30 habiendo
358 1092 84 30 hecho
460 1092 22 29 la
510 1092 167 30 irrevocable
692 1092 206 29 determinación
910 1091 32 29 de
954 1091 159 29 desembar-

95 1158 88 21 carme
198 1149 23 29 al
236 1150 97 29 leñera
347 1148 83 31 bordo
447 1149 80 40 quien
545 1159 41 20 me
607 1147 178 41 reemplazara
801 1172 6 12 ,
839 1147 59 30 hice
911 1147 39 30 los
963 1147 152 41 preparati-

95 1215 48 20 vos
160 1215 62 31 para
235 1215 152 31 separarme
401 1205 32 30 de
455 1216 39 19 na
511 1205 125 41 querido
655 1204 159 30 «Tharsis.»
832 1205 36 29 No
880 1204 40 29 sin
937 1204 94 30 mucho
1047 1213 68 20 sen-

95 1263 119 30 timiento
239 1274 42 18 me
307 1262 111 41 despedí
435 1261 33 30 de
483 1262 38 29 los
532 1262 90 29 demás
636 1262 117 29 oficiales
765 1272 52 29 que
833 1260 140 41 quedaban
989 1261 13 29 á
1019 1260 94 35 bordo,

94 1330 48 21 con
161 1319 182 42 especialidad
361 1319 42 30 del
421 1319 105 41 capíian
541 1343 6 10 ,
576 1329 48 19 con
649 1318 24 30 el
689 1318 59 29 cual
775 1329 40 18 me
837 1318 79 28 unian
934 1318 27 39 (y
988 1327 51 20 aun
1064 1317 51 40 hoy

97 1378 103 29 existen
214 1377 148 30 incólumes
374 1379 10 37 )
399 1377 38 29 las
451 1377 135 40 simpatías
602 1376 32 30 de
650 1375 121 31 amistad.
793 1376 28 29 Si
836 1399 7 11 ,
860 1374 32 30 de
906 1384 44 21 ese
976 1374 88 40 amigo
1083 1384 32 20 no

95 1435 79 41 podio
192 1445 91 20 menos
296 1445 53 30 que
363 1444 154 30 separarme
532 1444 48 19 con
597 1432 121 41 disgusto
732 1456 6 11 ,
761 1442 66 31 pues
844 1442 52 29 que
908 1431 32 30 de
953 1431 22 30 él
993 1442 32 19 no
1040 1431 75 31 habia

94 1492 132 35 recibido,
246 1502 32 20 en
303 1491 60 31 lodo
375 1491 23 31 el
413 1492 97 39 tiempo
523 1500 51 31 que
588 1490 90 40 juntos
694 1498 170 31 navegamos,
884 1498 55 20 mas
964 1499 52 29 que
1031 1499 84 31 prue-

97 1550 49 29 bas
174 1549 33 29 de
234 1549 95 30 mucha
346 1548 149 30 deferencia
525 1558 14 29 y
556 1546 33 30 de
600 1548 104 28 sincero
716 1545 94 30 afecto.
830 1544 85 31 Desde
931 1544 23 30 el
986 1550 129 24 momento

92 1616 53 31 que
158 1605 22 30 le
197 1606 138 39 espusiera
352 1605 23 29 la
390 1605 131 29 intención
535 1603 32 30 de
581 1602 242 34 desembarcarme,
843 1606 94 25 estuvo
963 1600 152 41 trabajando

96 1673 32 21 en
143 1663 34 30 mi
190 1663 88 30 ánimo
291 1672 62 31 para
368 1661 122 31 hacerme
502 1660 130 30 disuadir.
647 1659 118 30 Deseaba
777 1659 187 40 complacerle,
980 1669 62 30 pero
1053 1669 62 29 muy

92 1721 148 43 poderosas
253 1729 109 20 razones
379 1718 117 31 obraban
514 1728 31 19 en
559 1718 46 35 mí,
622 1727 61 31 para
698 1721 156 25 mostrarme
870 1716 78 29 sordo
960 1716 14 29 á
986 1726 45 19 sus
1047 1726 68 20 rue-

92 1789 50 31 gos
158 1790 5 18 :
184 1779 26 38 ¡á
227 1788 46 20 sus
290 1787 96 31 ruegos
407 1787 53 30 que
480 1775 61 30 iban
555 1773 166 31 autorizados
744 1783 47 31 por
804 1772 22 30 la
840 1771 79 31 dulce
936 1782 14 30 y
962 1772 153 40 persuasiva

92 1847 48 19 voz
156 1836 34 30 de
201 1836 23 29 la
241 1835 110 30 amistad
365 1837 5 28 !

134 1895 27 30 Si
179 1904 34 21 no
229 1892 74 31 basta
315 1892 13 29 á
344 1890 133 32 Mercadal
490 1895 55 25 esla
558 1888 135 32 confesión
717 1897 63 30 para
792 1887 173 40 perdonarme
977 1912 6 10 ,
1008 1887 24 30 le
1045 1891 70 26 aña-
