1241 2180
513 125 160 28 37

121 187 87 30 Citaré
226 192 41 25 tan
281 187 56 30 solo
350 187 24 30 el
397 186 32 31 de
442 197 35 20 un
494 187 90 41 buque
599 193 121 29 toscano,
737 199 83 30 cuyos
838 189 157 42 tripulantes
1007 189 97 30 salva-

80 243 48 31 dos
141 243 172 31 conducimos
330 248 121 25 nosotros
468 253 56 21 mas
538 243 122 31 adelante
676 245 15 29 á
704 245 134 29 Marsella.

124 301 61 30 Este
198 299 102 41 buque,
316 299 79 32 habia
410 300 105 41 llegado
529 300 24 30 el
569 300 43 30 dia
635 301 116 30 anterior
766 302 151 30 remolcado
932 313 49 29 por
1003 312 35 20 un
1055 311 50 21 va-

82 366 60 31 por,
158 367 51 30 que
223 356 25 30 lo
262 355 60 42 dejó
335 358 14 28 á
366 356 73 30 fuera
455 366 108 31 poruña
580 359 90 28 avería
683 357 100 31 sufrida
796 369 31 19 en
839 358 24 30 la
875 359 135 40 máquina.
1028 359 77 30 Traía

85 425 34 19 un
135 414 199 30 destacamento
350 414 33 29 de
405 415 35 28 25
457 414 113 29 húsares
587 424 48 19 con
648 425 45 19 sus
709 414 127 30 caballos.
853 416 35 29 No
901 414 133 32 habiendo
1050 425 55 31 po-

84 471 62 31 dido
163 476 88 26 entrar
267 481 32 20 en
315 471 24 30 el
356 476 107 36 puerlo,
481 470 163 31 conociendo
661 470 24 31 la
703 471 155 41 tripulación
873 497 6 11 ,
895 481 99 32 apenas
1010 477 95 25 entra-

82 527 33 31 da
131 528 25 30 la
173 527 146 41 tempestad
332 552 6 10 ,
357 527 26 30 lo
399 527 144 30 inminente
558 525 42 32 del
618 526 88 41 riesgo
722 537 53 30 que
797 528 103 30 corrían
914 552 6 11 ,
949 527 156 31 abandona-

82 596 46 20 ron
145 584 23 30 el
185 584 90 40 buque
293 583 156 30 llevándose
465 593 48 20 con
528 583 24 30 la
566 583 190 41 precipitación
773 583 32 30 de
823 584 129 35 salvarse,
972 589 41 24 tan
1027 584 78 30 sola-

82 646 87 27 mente
182 641 58 30 diez
251 640 33 30 de
295 640 39 30 los
349 640 124 30 soldados
489 651 53 28 que
555 640 88 30 tenían
657 641 14 29 á
684 640 94 30 bordo.

124 698 82 31 Como
218 697 39 30 las
273 696 56 31 olas
346 707 33 30 ya
393 696 120 41 rompían
526 701 91 26 contra
633 696 39 30 las
685 706 75 21 rocas
773 722 5 10 ,
798 696 25 31 el
834 696 175 41 desgraciado
1025 697 81 41 capi-

83 762 41 25 lan
137 780 6 11 ,
163 755 23 30 al
201 764 120 31 parecer,
341 764 48 31 por
411 753 84 31 llevar
511 753 82 40 algún
606 752 92 31 dinero
716 753 86 41 fajado
826 764 48 31 por
889 754 25 30 la
930 755 103 29 cintura
1046 778 6 11 ,
1071 763 34 21 no

81 812 72 42 pudo
168 812 80 30 saltar
275 811 14 29 á
306 811 78 29 tierra
409 820 48 19 con
474 810 25 29 la
515 810 136 29 necesaria
668 810 114 40 ligereza
798 834 5 11 ,
821 821 18 29 y
854 810 24 30 el
894 811 95 40 reflujo
1005 810 33 31 de
1052 820 54 21 una

83 868 83 29 oíase
184 867 24 30 lo
224 867 71 29 llevó
379 866 52 30 ala
447 865 147 31 eternidad.

125 923 79 39 ¿Qué
219 922 45 30 iba
277 923 14 29 á
307 932 43 19 ser
375 921 32 30 de
428 922 38 29 los
483 922 120 29 infelices
630 921 124 30 soldados
770 932 52 30 que
846 922 108 29 estaban
971 922 13 30 á
1001 922 105 30 bordo?

84 981 39 28 En
132 978 123 42 aquellos
272 983 146 25 momentos
434 977 78 30 nadie
526 977 123 40 prestaba
662 977 127 30 ansilios:
804 977 65 31 cada
882 977 59 30 cual
955 977 151 31 necesitaba

84 1045 64 30 para
162 1036 22 29 sí
196 1034 75 31 todos
284 1034 39 30 los
339 1032 101 31 medios
456 1032 33 30 de
505 1043 51 30 que
573 1032 135 41 disponía.

125 1093 38 28 En
180 1091 121 41 aquellos
317 1091 127 29 instantes
461 1089 24 30 la
503 1088 145 41 tempestad
665 1089 178 41 sobrepujaba
858 1114 6 11 ,
881 1099 49 31 por
942 1090 100 30 decirlo
1054 1092 50 34 así,

82 1148 40 31 los
138 1148 97 29 límites
252 1147 171 40 imaginarios
437 1158 5 18 :
462 1146 106 40 aquella
584 1145 72 30 débil
685 1155 79 26 nave,
783 1146 26 30 ni
826 1146 57 30 diez
907 1146 115 30 minutos
1035 1146 71 41 pudo

82 1204 103 31 resistir
215 1203 33 30 lal
277 1203 72 29 furor
365 1212 31 20 en
413 1202 39 29 los
469 1202 145 29 elemenlos
629 1213 5 18 :
667 1201 87 41 quedó
773 1201 137 30 encallada
930 1202 14 29 á
961 1212 35 19 un
1014 1201 92 36 tiro.de

82 1259 95 40 pistola
190 1259 33 30 de
239 1259 23 30 la
275 1264 71 24 costa
363 1257 143 30 inmediata
522 1258 15 28 á
553 1257 24 29 la
588 1257 66 29 boca
671 1256 43 30 del
732 1263 104 34 puerto.

124 1316 150 31 Acudieron
298 1316 13 29 á
328 1314 23 30 la
377 1314 76 30 orilla
484 1313 124 30 multitud
623 1313 33 29 de
685 1313 125 30 soldados
828 1324 15 30 y
856 1314 146 30 marineros
1018 1314 32 30 de
1067 1314 39 29 los

83 1384 52 31 que
147 1373 126 30 moraban
286 1373 14 29 á
317 1372 89 30 tierra.
422 1372 66 29 Pero
512 1370 45 39 ¡oh
571 1370 105 30 horror!
693 1372 49 28 Era
768 1369 43 30 del
827 1370 61 30 todo
904 1369 142 42 imposible
1059 1369 47 31 fa-

82 1441 110 20 vorecer
204 1440 32 19 en
250 1430 24 29 lo
287 1439 56 19 mas
356 1428 109 30 mínimo
478 1427 121 41 aquellos
616 1427 96 40 quince
725 1425 178 32 desdichados
918 1452 5 10 ,
942 1437 51 30 que
1006 1426 100 41 implo-

83 1486 81 32 raban
180 1496 49 20 con
244 1485 59 30 toda
319 1485 22 29 la
359 1484 172 30 vehemencia
547 1483 33 30 de
593 1484 24 29 la
634 1482 208 41 desesperación
855 1507 6 11 ,
880 1493 34 19 un
932 1492 106 21 socorro
1055 1492 51 31 que

83 1554 32 20 no
127 1552 44 22 era
185 1542 68 31 dado
268 1543 14 30 á
298 1541 77 31 nadie
392 1546 112 37 prestar.
533 1541 36 29 La
595 1540 129 29 distancia
745 1550 53 30 que
825 1540 39 29 los
887 1539 129 41 separaba
1032 1539 33 30 de
1081 1539 25 29 la

84 1600 79 29 tierra
179 1609 44 20 era
240 1609 34 20 un
290 1598 103 31 abismo
417 1596 173 42 insuperable
604 1607 5 19 :
629 1596 38 30 las
680 1596 168 40 gigantescas
864 1596 56 29 olas
936 1606 29 19 se
981 1595 125 30 estrella-

82 1656 51 31 ban
149 1661 91 25 contra
266 1655 39 29 las
324 1663 76 21 rocas
424 1652 138 32 formando
584 1656 157 36 espantosas
757 1656 129 25 calaralas
899 1661 53 30 que
978 1661 33 19 no
1027 1650 78 30 habia

83 1712 81 42 poder
185 1712 116 29 humano
323 1720 63 31 para
411 1709 149 31 vencerlas.
588 1708 30 30 El
640 1708 90 41 buque
753 1717 50 31 por
815 1712 146 25 momentos
974 1706 43 31 iba
1034 1707 13 30 á
1063 1717 43 20 ser

82 1768 166 30 destrozado.

122 1827 36 28 No
180 1824 141 42 quedando
344 1825 14 30 á
375 1823 39 31 los
430 1822 188 43 espectadores
631 1846 6 12 ,
655 1822 119 39 ninguna
791 1829 142 32 esperanza
956 1819 33 31 de
1016 1820 88 30 salvar

80 1882 120 40 aquellas
216 1882 96 40 pobres
326 1882 122 30 víctimas
460 1905 6 12 ,
482 1891 17 30 y
511 1890 32 20 no
555 1878 148 43 queriendo
716 1878 153 42 presenciar
885 1878 23 30 la
925 1877 175 41 desgarrado-
