1241 2180
603 122 165 27 74

163 201 34 20 no
211 201 27 18 es
255 189 93 41 propio
363 187 32 31 de
412 192 78 36 gente
506 186 138 31 civilizada
659 185 94 31 fusilar
764 185 39 30 sin
816 184 160 40 indagación
989 183 110 40 alguna,
1117 193 15 30 y
1146 193 46 30 por

163 257 66 31 poco
243 256 52 31 que
312 245 127 42 podamos
452 245 97 29 darnos
563 245 14 28 á
588 253 127 26 conocer,
731 253 28 20 es
770 242 33 31 de
817 252 75 21 creer
904 251 28 20 se
949 240 167 41 suspenderá
1135 240 56 30 lodo

164 303 51 30 mal
226 304 84 38 juicio
326 307 90 26 contra
433 307 133 25 nosotros.

204 359 100 40 Llegan
320 369 48 31 por
384 360 33 28 fin
433 358 38 30 los
487 357 135 35 soldados,
642 367 70 30 cuyo
729 361 134 25 momento
878 355 44 29 fué
940 364 63 31 para
1018 358 121 25 nosotros
1159 353 32 30 de

163 416 107 39 agonía,
289 416 22 28 si
327 425 29 20 es
371 415 79 29 dable
467 414 149 41 espresarlo
629 415 38 28 así
682 427 5 21 ;
704 422 56 21 mas
773 413 56 29 solo
843 411 98 31 mandó
957 411 23 30 el
994 411 119 35 coronel,
1133 421 57 18 mo-

163 473 117 31 derando
296 484 46 19 sus
358 472 136 31 arrebatos
505 472 83 30 desde
601 472 78 40 aquel
694 472 125 33 instante,
839 470 33 29 tal
891 480 46 19 vez
963 469 164 30 conociendo
1140 478 50 32 que

163 539 48 20 nos
228 529 110 41 oprimía
355 528 153 30 demasiado
521 538 47 21 con
586 528 24 30 el
624 527 85 31 abuso
721 527 33 30 de
766 538 29 19 su
808 527 133 41 posición,
958 536 53 30 que
1024 536 49 19 nos
1089 524 101 31 rodea-

163 596 47 19 sen
228 587 13 28 á
255 587 81 28 cierta
352 586 140 35 distancia,
510 596 65 30 pues
597 585 43 30 iba
665 586 13 29 á
706 585 198 40 interrogarnos
929 593 32 20 en
975 582 211 41 cumplimiento,

163 641 65 41 dijo,
246 641 33 30 de
293 641 38 30 las
348 640 187 31 formalidades
563 640 135 40 (llevadas
709 642 14 28 á
737 642 81 28 cierto
842 639 84 42 grado
940 638 32 31 de
987 648 194 32 prosopopeya,

163 698 61 40 digo
239 708 44 30 yo,
295 699 10 38 )
319 698 126 29 militares
461 708 32 20 en
512 698 96 40 tiempo
624 697 32 30 de
671 707 106 31 guerra.
792 698 54 29 Con
861 703 55 23 este
930 696 123 41 preludio
1067 697 120 40 respira-

165 764 58 20 mos
239 754 33 30 de
284 755 158 29 animación.

205 813 141 35 Entonces,
365 822 48 20 con
431 820 50 21 una
493 810 145 31 afectación
652 810 32 30 de
707 810 155 39 arrogancia
880 809 92 41 propia
987 809 43 30 del
1045 809 99 30 militar
1157 820 30 19 en

163 873 138 35 campaña,
320 879 16 29 y
349 868 140 30 concierta
505 867 98 30 bronca
616 876 48 20 voz
676 877 50 30 que
743 876 33 21 no
792 866 136 31 cuadraba
952 867 14 29 á
990 876 30 20 su
1048 866 138 36 carácter;

163 925 130 40 principió
309 924 24 30 el
360 924 132 40 siguiente
517 924 214 40 interrogatorio,
756 934 53 30 que
836 923 42 30 iba
906 924 24 29 el
951 923 67 30 cabo
1041 923 145 30 anotando:

163 981 122 36 Nombre,
302 981 82 40 patria
402 991 15 30 y
434 980 151 41 profesión;
616 991 15 29 y
647 980 166 36 contestado,
832 980 88 40 siguió
950 980 125 30 diciendo
1091 982 97 37 ¿cómo

163 1049 44 19 era
224 1049 52 30 que
292 1049 47 19 nos
352 1038 220 30 encontrábamos
588 1048 33 20 en
634 1038 23 29 el
676 1043 83 35 punto
775 1037 89 31 donde
877 1048 47 20 nos
941 1037 99 31 habían
1063 1037 126 31 hallado?

163 1096 181 30 Conleslamos
361 1095 23 29 la
406 1094 98 29 verdad
532 1094 33 30 de
588 1094 65 35 ello,
672 1105 85 29 segun
785 1105 29 18 se
831 1094 59 40 deja
919 1094 103 30 inferir.
1056 1096 132 39 Después,

163 1162 74 20 como
254 1151 144 41 penetrado
414 1161 32 30 ya
462 1151 33 30 de
512 1151 22 29 la
553 1151 140 30 veracidad
708 1151 32 30 de
758 1157 123 24 nuestras
897 1162 122 25 razones,
1036 1162 29 20 se
1082 1152 105 30 amoldó

163 1218 35 21 un
216 1213 69 25 tanto
306 1209 14 29 á
334 1208 22 29 la
371 1207 99 30 llaneza
487 1217 62 31 para
566 1207 122 31 decirnos
703 1219 6 19 :
728 1220 12 14 «
754 1209 102 34 Bueno,
875 1218 108 32 aunque
1000 1218 63 21 sean
1082 1209 107 30 ustedes

163 1265 38 29 las
213 1274 127 31 personas
350 1264 32 30 de
395 1274 56 20 mas
463 1264 101 30 crédito
581 1276 16 29 y
610 1271 105 34 respeto
732 1276 51 29 que
796 1265 105 40 puedan
914 1266 105 36 existir,
1035 1277 34 19 no
1081 1277 28 19 se
1122 1278 67 30 pue-

163 1322 33 30 de
210 1322 147 39 prescindir
373 1321 32 30 de
417 1333 44 18 ser
476 1322 163 30 conducidos
657 1322 23 30 al
695 1323 108 40 general
820 1322 33 31 de
866 1322 113 35 brigada
1003 1333 64 30 para
1080 1323 110 32 obtener

163 1388 32 19 su
208 1378 160 29 anuencia.»

205 1435 155 39 Espusimos
373 1445 52 29 que
441 1444 48 20 nos
501 1434 99 31 librara
616 1435 33 30 de
661 1436 237 40 complicaciones,
915 1439 15 27 ó
942 1447 54 30 que
1009 1438 14 30 á
1039 1438 24 29 lo
1086 1449 101 23 menos,

163 1491 157 37 suprimiera
334 1491 22 30 el
373 1496 108 35 aparato
494 1492 97 29 militar
606 1501 63 31 para
683 1496 210 36 acompañarnos
905 1505 6 25 ;
926 1499 131 34 supuesto
1074 1504 52 31 que
1141 1504 48 21 es-

163 1546 61 30 taba
240 1546 163 30 convencido
416 1547 32 29 de
466 1546 22 30 la
505 1546 134 30 identidad
656 1547 32 29 de
705 1553 122 24 nuestras
842 1558 138 31 personas,
997 1560 16 30 y
1024 1549 32 32 de
1077 1561 52 31 que
1146 1559 43 22 era

163 1604 142 40 imposible
320 1604 79 30 hacer
417 1604 123 30 tentativa
556 1604 98 40 alguna
665 1604 33 31 de
715 1606 108 30 evasión
846 1616 31 20 en
896 1607 98 35 medio,
1014 1619 77 20 como
1113 1609 76 30 siem-

164 1671 46 30 pre
223 1661 135 30 habíamos
375 1661 32 31 de
423 1662 34 36 ir,
476 1661 32 31 de
520 1662 23 30 la
559 1667 72 35 tropa
643 1663 155 39 acampada.

206 1720 78 27 Hasla
301 1723 125 24 enlonces
442 1728 33 19 no
486 1724 119 24 notamos
618 1730 52 29 que
684 1731 45 18 sus
743 1720 123 40 palabras
882 1731 63 20 eran
959 1722 200 37 incoherentes,
1175 1734 16 30 y

164 1783 53 30 que
235 1773 37 29 las
287 1774 178 39 acompañaba
478 1784 49 19 con
539 1775 143 30 ademanes
696 1775 130 30 violentos
841 1800 6 11 ,
865 1775 33 31 de
915 1777 25 30 lo
965 1779 60 29 cual
1054 1780 137 30 inferimos

164 1838 52 31 que
232 1828 78 30 habia
322 1829 103 29 comido
438 1830 78 40 aquel
531 1830 42 30 dia
587 1832 13 29 á
618 1831 24 30 lo
658 1832 108 39 inglés,
786 1842 52 31 que
854 1835 117 29 consiste
986 1836 77 39 (para
1083 1836 39 31 los
1139 1847 51 31 que

164 1893 33 21 no
211 1883 23 30 lo
248 1885 96 39 sepan)
357 1894 32 20 en
406 1895 55 20 mas
478 1886 83 31 beber
577 1889 9 37 (
596 1898 14 29 y
623 1897 33 20 no
672 1889 83 39 agua)
773 1899 52 29 que
836 1899 88 21 comer
935 1902 5 19 :
956 1894 38 28 así
1012 1902 45 21 era
1069 1903 33 21 en
1115 1893 73 31 efec-
