1241 2180
589 113 161 27 70

160 182 39 26 tos
216 177 22 31 al
255 176 105 42 partido
376 187 62 19 ruso
453 201 6 11 ,
478 187 48 29 por
540 175 126 31 lemorde
680 186 51 30 que
748 176 146 39 ejercieran
911 175 23 29 el
953 173 138 41 espionaje
1105 198 6 11 ,
1136 171 55 32 solo

161 244 27 20 se
204 234 36 30 les
260 233 120 40 permilia
393 242 171 31 permanecer
580 242 32 20 en
629 231 23 30 el
669 236 94 36 puerto
776 232 75 30 cinco
868 231 69 30 dias.

203 292 79 28 Entre
307 296 69 23 lanío
392 314 5 11 ,
417 290 23 29 el
463 288 49 31 frió
526 288 116 31 también
658 288 138 31 arreciaba
812 299 17 31 y
846 299 33 20 no
901 286 125 43 llegaban
1043 297 51 20 aun
1120 287 70 29 sufi-

161 348 100 29 cientes
277 353 108 35 capotes
398 347 32 30 de
443 347 93 40 abrigo
550 371 6 11 ,
575 347 25 29 lo
616 357 53 30 que
682 346 105 30 forzaba
801 347 13 29 á
831 346 111 30 muchos
956 344 127 31 soldados
1100 344 90 30 hacer-

161 415 28 20 se
205 405 33 30 de
255 416 30 19 su
304 416 72 28 capa
394 416 39 19 un
450 416 73 28 sayo
536 429 6 11 ,
561 404 63 40 digo
639 404 52 30 mal
707 429 6 9 ,
732 404 110 31 hacerse
858 403 33 31 de
908 414 31 19 su
955 408 88 25 manta
1060 412 75 31 capa.

204 463 33 28 Se
254 462 120 40 pidieron
389 463 13 29 á
415 463 112 29 Francia
544 462 102 29 buenas
658 462 124 29 barracas
799 472 16 29 y
829 460 99 31 estufas
941 470 64 31 para
1018 458 169 32 calentarlas.

161 518 28 30 El
205 518 80 41 pobre
302 518 110 30 soldado
426 543 6 10 ,
451 518 14 30 á
481 518 61 29 falla
556 518 33 29 de
610 517 89 30 tienda
715 518 32 29 de
764 522 129 35 campaña
908 541 5 12 ,
933 527 28 19 se
984 515 144 41 ingeniaba
1144 527 47 20 co-

162 575 141 41 bijándose
319 574 93 31 dentro
426 584 50 21 una
496 575 107 40 especie
619 573 33 31 de
671 574 79 30 nicho
765 574 122 31 cubierto
903 584 53 31 que
973 584 27 19 se
1017 573 120 31 formaba
1160 584 31 20 en

161 632 24 29 el
202 631 75 30 suelo
292 656 5 10 ,
316 641 47 31 por
380 630 87 31 medio
484 630 32 31 de
530 631 133 40 guijarros
680 642 16 30 y
713 630 107 41 piedras
835 656 6 11 ,
861 641 16 31 y
894 640 52 20 una
963 629 53 31 tela
1030 640 47 31 por
1090 629 101 32 cober-

161 689 50 30 tizo
227 702 6 22 ;
253 689 24 28 ni
294 688 123 30 sentados
430 688 97 40 podían
542 693 69 24 estar
625 687 94 30 dentro
732 688 33 30 de
781 688 67 29 ellas
862 712 6 11 ,
884 687 33 30 tal
933 698 52 30 que
1002 687 125 40 parecían
1138 697 52 20 co-

162 744 77 39 nejos
254 744 92 30 dentro
363 755 45 18 sus
421 744 193 39 madrigueras.

203 803 36 28 No
252 811 43 20 era
309 806 55 25 esto
381 800 106 40 general
503 826 6 10 ,
530 811 66 30 pues
613 800 112 40 algunos
739 811 28 19 se
786 800 148 41 abrigaban
947 811 32 19 en
996 800 103 30 buenas
1113 800 74 30 tien-

161 857 48 31 das
222 858 33 29 de
271 862 126 36 campaña
411 882 6 10 ,
436 856 33 31 de
483 856 37 31 las
537 857 91 30 cuales
644 857 112 41 algunas
770 866 62 21 eran
846 856 139 42 prestadas
1002 867 48 31 por
1066 857 40 30 los
1123 861 63 26 tur-

165 925 57 18 cos.

203 971 50 28 Por
270 970 23 29 lo
317 970 90 29 demás
418 994 5 10 ,
442 969 60 30 todo
527 970 43 29 iba
587 970 186 40 mejorándose
790 982 17 29 y
823 970 264 41 engrandeciéndose
1103 980 32 19 en
1153 970 37 30 los

168 1026 170 30 alrededores
354 1026 42 30 del
414 1031 103 34 puerto.

207 1082 31 30 El
260 1083 60 29 silio
334 1107 6 11 ,
359 1082 159 31 continuaba
535 1082 128 31 reducido
685 1084 14 29 á
715 1089 139 25 aumentar
871 1083 38 31 las
934 1083 78 31 obras
1029 1083 33 31 de
1075 1089 95 36 ataque
1184 1092 6 22 ;

165 1138 200 31 sosteniéndose
379 1145 207 35 perennemente
603 1139 24 30 el
644 1144 120 25 cañoneo
781 1151 48 30 por
845 1140 92 30 ambas
953 1146 89 35 partes
1057 1165 6 11 ,
1081 1151 49 20 con
1147 1141 46 30 ob-

160 1196 55 39 jeto
231 1195 32 30 de
276 1195 162 30 inutilizarse
455 1197 226 39 recíprocamente
696 1196 39 30 los
752 1197 116 40 trabajos
884 1222 5 11 ,
908 1208 18 30 y
948 1197 181 41 repitiéndose
1145 1208 48 20 con

163 1251 150 30 frecuencia
331 1251 38 29 las
387 1251 100 30 salidas
503 1257 146 25 nocturnas
665 1252 33 31 de
712 1252 40 31 los
768 1263 78 21 rusos
859 1267 6 23 ;
884 1264 64 30 pero
967 1254 61 31 toda
1051 1264 45 21 esa
1113 1265 82 20 emu-

163 1308 85 30 lación
265 1308 86 30 bélica
370 1313 60 25 tuvo
447 1319 34 19 un
498 1308 110 41 período
625 1308 33 31 de
673 1310 161 41 suspensión
853 1311 77 30 tácita
945 1335 5 12 ,
970 1310 114 31 durante
1100 1312 39 30 los
1153 1312 42 30 ri-

163 1375 112 30 gurosos
293 1376 84 19 meses
393 1365 33 30 de
442 1376 80 20 enero
536 1377 16 28 y
569 1366 116 30 febrero.

204 1423 40 28 Un
259 1421 42 30 dia
319 1446 6 11 ,
343 1422 93 29 fueron
453 1422 112 40 algunos
596 1423 159 40 empleados
771 1424 33 30 de
831 1424 22 30 la
871 1425 124 41 máquina
1012 1426 33 30 de
1067 1425 84 32 bordo
1174 1424 23 33 al

163 1484 182 34 campamento
363 1488 60 31 para
439 1490 46 19 ver
501 1479 116 41 algunos
637 1480 129 31 militares
783 1482 143 30 conocidos
943 1507 6 10 ,
968 1494 16 29 y
998 1493 48 20 nos
1060 1483 103 40 dijeron
1174 1484 24 30 al

163 1544 122 29 regresar
301 1545 51 28 que
368 1559 6 11 ,
393 1534 133 31 habiendo
542 1535 44 30 ido
603 1536 13 30 á
639 1546 46 20 ver
703 1536 157 42 Sebastopol
885 1538 84 31 desde
994 1550 63 30 muy
1078 1539 120 30 arrima-

164 1589 47 30 dos
227 1590 14 29 á
257 1589 24 30 la
293 1596 72 24 costa
380 1615 6 12 ,
404 1590 97 32 habían
519 1591 101 41 gozado
634 1591 41 31 del
691 1593 83 40 mejor
790 1595 79 40 golpe
886 1595 33 30 de
937 1596 68 30 vista
1020 1606 52 31 que
1089 1606 45 21 era
1145 1606 54 31 po-

164 1645 67 31 sible
248 1647 139 39 imaginar.

204 1705 51 28 Nos
277 1705 170 40 propusimos
469 1705 194 40 aprovecharlo
677 1732 5 11 ,
713 1718 14 30 y
750 1707 23 30 el
791 1708 133 41 siguiente
945 1710 14 29 á
985 1709 39 30 las
1041 1720 66 21 once
1130 1710 33 30 de
1178 1710 23 29 la

165 1764 110 26 mañana
292 1771 46 20 nos
356 1761 169 32 marchamos
543 1762 76 31 hacia
632 1763 52 31 allá
699 1776 4 17 :
724 1764 43 30 iba
784 1775 32 19 en
836 1767 141 39 compañía
1003 1766 43 31 del
1063 1767 105 41 capitán
1186 1777 15 31 y

166 1816 25 30 el
211 1822 55 24 olro
280 1818 126 38 segundo
422 1843 6 11 ,
448 1830 75 19 como
536 1830 32 19 en
586 1821 55 29 casi
658 1821 74 30 todas
749 1821 149 31 ocasiones.

205 1872 169 32 Andábamos
399 1876 146 31 arrimados
564 1877 14 30 á
604 1877 25 30 la
653 1877 77 32 orilla
753 1878 60 31 todo
838 1885 97 25 cuanto
956 1881 127 39 permitía
1106 1882 27 30 la
1154 1881 44 30 si-
