1241 2180
548 141 183 28 168

125 207 34 30 de
186 206 138 31 consuelo
351 216 18 29 y
395 205 194 40 satisfacción
602 229 7 13 ,
635 204 105 30 finalizó
756 203 80 41 aquel
857 201 121 32 inválido
1004 212 31 19 su
1060 200 93 31 reíalo.

166 263 88 30 Ahora
268 287 6 11 ,
302 263 81 40 pensé
401 272 32 31 yo
447 286 6 11 ,
478 271 32 32 ya
535 272 33 19 no
584 265 107 26 estraño
712 260 25 31 el
759 269 65 32 gran
842 262 110 28 número
968 259 32 30 de
1017 259 107 30 heridos
1138 270 17 30 y

126 324 119 26 muertos
265 329 52 30 que
334 329 60 19 esos
416 317 57 31 dias
499 317 152 30 resullaban
668 329 6 18 :
700 317 24 30 al
748 316 154 31 considerar
918 327 52 31 que
984 326 31 21 en
1031 325 52 21 una
1101 315 54 32 sola

124 376 102 31 batería
239 375 79 31 habia
335 375 97 30 habido
450 380 50 25 lies
517 380 138 35 sargentos
671 374 74 30 fuera
762 374 32 29 de
810 373 122 31 combale
945 397 6 11 ,
970 374 123 35 cuántos,
1112 383 42 20 me

125 434 130 40 pregunté
269 457 6 11 ,
302 431 116 31 deberán
433 441 89 21 sumar
538 437 73 24 enlre
630 430 72 31 todas
719 430 86 31 ellas?
832 433 120 38 Después
968 441 49 30 por
1034 430 40 30 los
1090 441 65 20 sar-

125 496 94 33 gentos
232 513 6 11 ,
257 489 133 29 calcúlese
404 489 23 29 el
440 498 64 31 gran
517 491 110 27 número
640 487 32 31 de
686 486 140 36 soldados,
845 498 19 31 y
879 498 28 20 se
923 487 192 42 comprenderá
1132 488 22 30 si

126 546 79 31 debia
223 556 43 20 ser
278 545 106 30 crecido
400 546 23 29 el
439 546 61 29 tolal
517 545 33 30 de
566 551 117 24 muertos
699 557 17 28 y
732 545 118 30 heridos.

166 605 38 28 En
221 602 78 41 aquel
316 601 162 31 bombardeo
495 612 51 20 una
558 608 73 35 parle
648 601 33 31 de
694 602 39 31 las
749 601 112 31 bombas
874 612 78 20 rusas
964 601 94 31 hacian
1072 601 24 31 la
1108 612 46 20 es-

127 658 104 42 plosion
246 669 31 19 en
294 658 24 31 el
335 659 55 30 aire
404 683 6 12 ,
436 669 16 29 y
477 657 78 31 había
572 658 114 41 algunos
708 668 52 31 que
785 659 130 40 suponían
933 668 28 21 se
978 658 74 31 haría
1066 668 48 21 con
1132 658 24 31 la

126 716 135 29 intención
278 715 33 32 de
327 725 52 31 que
395 716 172 29 ocasionasen
585 725 92 31 mayor
694 715 68 30 daño
776 740 6 11 ,
799 726 28 19 es
844 716 73 29 decir
931 740 6 11 ,
956 726 53 30 que
1025 717 131 29 inutiliza-

126 783 47 19 sen
190 782 56 19 mas
260 778 78 33 genle
350 785 7 23 ;
376 783 66 29 pues
456 772 39 29 los
511 771 173 41 fragmentos,
703 772 121 41 cayendo
837 772 175 42 esparcidos,
1027 783 63 20 eran
1102 783 54 21 mas

127 828 114 30 difíciles
258 828 32 29 de
308 838 127 30 precaver
451 839 51 29 que
518 828 41 29 las
572 828 109 30 mismas
698 828 112 31 bombas
824 835 104 25 enteras
945 842 6 18 :
975 830 41 31 los
1032 830 124 31 soldados

126 884 98 31 habían
236 884 158 41 aprendido,
406 884 217 41 prácticamente,
636 886 13 29 á
663 885 75 41 dejar
748 885 117 31 aisladas
876 888 14 28 á
903 892 83 31 estas,
1002 898 31 19 en
1047 888 109 31 muchas

128 942 148 29 ocasiones.

168 998 149 30 Volviendo
337 998 25 30 al
385 1004 68 24 tema
466 998 33 30 de
515 998 38 30 los
567 1009 77 20 rusos
660 999 32 30 de
708 999 80 31 hacer
804 999 124 32 rebenlar
944 1001 39 31 las
999 1002 113 30 bombas
1125 1014 31 19 en

126 1054 24 31 el
167 1054 54 30 aire
235 1079 6 10 ,
266 1054 52 41 hay
334 1065 52 30 que
407 1054 128 31 observar
550 1065 53 30 que
618 1055 23 30 al
656 1055 106 31 hacerlo
779 1058 152 38 presumían
947 1082 6 11 ,
969 1069 17 29 y
1003 1069 33 19 no
1049 1059 40 30 sin
1103 1069 51 20 ra-

127 1120 47 20 zón
188 1135 6 11 ,
210 1120 51 31 que
275 1120 34 19 un
323 1109 99 41 pedazo
438 1109 32 31 de
484 1110 88 30 hierro
588 1135 6 12 ,
612 1121 76 20 como
704 1121 28 20 es
749 1123 34 19 un
800 1122 79 21 casco
895 1114 33 30 de
945 1114 98 31 bomba
1059 1141 6 11 ,
1080 1115 77 32 caído

128 1166 83 31 desde
228 1167 96 40 alguna
341 1166 85 31 altura
440 1192 6 11 ,
470 1168 21 29 si
514 1177 34 20 no
571 1167 70 30 tiene
665 1169 138 30 suficiente
823 1169 90 32 fuerza
936 1181 62 31 para
1024 1182 95 21 causar
1134 1173 24 30 la

128 1229 102 24 muerte
245 1248 6 11 ,
271 1223 24 30 la
309 1223 70 30 tiene
395 1223 22 30 al
433 1233 92 20 menos
541 1234 63 30 para
616 1224 84 40 poder
716 1225 135 32 inutilizar
865 1238 47 30 por
924 1228 81 41 algún
1025 1230 96 41 tiempo
1134 1231 24 30 al

129 1291 52 30 que
200 1286 58 35 topa
273 1292 6 24 ;
307 1290 69 30 cuyo
393 1280 135 29 resultado
550 1290 44 20 era
611 1281 22 29 el
649 1292 52 30 que
718 1292 28 20 se
769 1285 147 39 proponían
934 1285 110 32 obtener
1060 1287 40 31 los
1114 1288 44 30 si-

129 1336 84 31 tiados
230 1347 31 19 en
278 1336 121 40 aquellos
425 1335 57 31 dias
499 1346 57 20 mas
571 1338 167 40 perentorios
752 1363 6 10 ,
783 1349 65 31 para
870 1341 94 31 evadir
987 1354 49 30 por
1058 1350 100 25 enton-

127 1402 44 21 ces
186 1394 13 28 ó
213 1397 138 34 postergar
368 1402 55 20 mas
439 1402 63 27 aun,
519 1393 23 30 el
561 1400 132 24 momento
710 1394 43 30 del
766 1396 99 30 asalto.

169 1450 39 29 De
220 1448 46 30 mil
279 1447 93 31 modos
388 1447 137 42 probaban
542 1449 32 30 de
592 1449 109 32 ofender
717 1451 40 31 los
768 1463 77 21 rusos
858 1454 14 30 á
888 1465 46 20 sus
951 1457 146 30 contrarios
1112 1468 46 31 pa-

128 1514 29 21 ra
173 1504 92 30 diferir
280 1504 78 41 aquel
375 1510 58 25 acto
445 1505 120 31 decisivo
580 1532 6 10 ,
612 1507 128 32 sabiendo
757 1520 52 31 que
825 1521 49 19 con
887 1512 53 30 ello
953 1523 52 20 una
1022 1514 75 41 plaza
1113 1515 45 30 si-

129 1562 70 30 tiada
215 1586 6 11 ,
237 1561 108 30 además
357 1562 44 29 del
416 1563 97 40 tiempo
527 1588 6 10 ,
552 1573 68 31 gana
634 1565 115 31 también
771 1569 120 39 ventajas
914 1571 116 30 morales
1043 1572 116 41 inapre-

129 1617 101 32 ciables
246 1631 6 22 ;
271 1617 92 31 siendo
380 1628 32 31 ya
427 1628 52 21 una
495 1619 33 31 de
542 1620 66 30 ellas
625 1621 23 29 el
673 1623 75 30 valor
769 1634 52 30 que
837 1624 112 32 infunde
965 1627 23 29 al
1007 1628 112 32 soldado
1135 1630 24 30 la

129 1675 96 30 misma
244 1675 154 30 resistencia
415 1675 32 30 de
464 1676 24 29 la
505 1677 84 39 plaza.

172 1733 71 39 Cayó
267 1732 155 40 Sebastopol
438 1743 47 29 por
500 1733 109 38 último,
628 1746 28 19 es
673 1736 113 38 verdad,
806 1749 64 30 pero
887 1741 93 38 (como
997 1748 55 25 olra
1070 1754 46 20 vez
1128 1754 31 31 ya

130 1799 28 19 se
175 1788 32 29 ha
223 1788 92 39 dicho)
329 1788 74 30 hasla
420 1799 32 19 en
467 1789 107 40 aquella
591 1792 139 31 rendición
748 1805 28 19 se
792 1794 120 33 llevaron
925 1798 99 40 alguna
1039 1806 74 36 parte
1126 1801 33 32 de

130 1844 85 39 gloria
233 1844 38 30 las
290 1850 87 33 tropas
390 1847 170 30 moscovitas.

173 1902 79 29 Enlre
268 1900 39 31 los
324 1900 108 32 heridos
448 1901 175 33 embarcados
640 1915 31 20 en
688 1911 57 26 este
765 1908 72 40 viaje
854 1909 79 33 habia
948 1923 5 18 :
983 1924 33 19 un
1040 1915 106 32 coronel
