<?xml version="1.0" encoding="UTF-8"?>
<alto xmlns:xsi="http://www.w3.org/2001/XMLSchema-instance" xsi:noNamespaceSchemaLocation="http://www.bl.uk/schemas/alto/alto-1-4.xsd" xmlns:xlink="http://www.w3.org/1999/xlink">
	<Description>
		<MeasurementUnit>mm10</MeasurementUnit>
		<sourceImageInformation>
			<fileName>//head1/IN/2008-26/A0011736599/009122.jp2</fileName>
		</sourceImageInformation>
		<OCRProcessing ID="OCRPROCESSING_1">
			<preProcessingStep>
				<processingSoftware>
					<softwareCreator>CCS Content Conversion Specialists GmbH, Germany</softwareCreator>
					<softwareName>CCS docWORKS</softwareName>
					<softwareVersion>6.1-0.67</softwareVersion>
				</processingSoftware>
			</preProcessingStep>
			<ocrProcessingStep>
				<processingSoftware>
					<softwareCreator>ABBYY (BIT Software), Russia</softwareCreator>
					<softwareName>Finereader</softwareName>
				</processingSoftware>
			</ocrProcessingStep>
		</OCRProcessing>
	</Description>
	<Styles>
		<TextStyle ID="TXT_0" FONTSIZE="10" FONTFAMILY="Courier New"/>
		<TextStyle ID="TXT_1" FONTSIZE="9" FONTFAMILY="Courier New"/>
		<ParagraphStyle ID="PAR_RIGHT" ALIGN="Right"/>
		<ParagraphStyle ID="PAR_LEFT" ALIGN="Left"/>
	</Styles>
	<Layout>
		<Page ID="P70" PHYSICAL_IMG_NR="70" HEIGHT="2180" WIDTH="1241" PRINTED_IMG_NR="62" POSITION="Left" ACCURACY="78.56">
			<TopMargin ID="P70_TM00001" HPOS="0" VPOS="0" WIDTH="1241" HEIGHT="144">
				<TextBlock ID="P70_TB00001" HPOS="570" VPOS="115" WIDTH="164" HEIGHT="28" STYLEREFS="TXT_0 PAR_RIGHT">
					<TextLine ID="P70_TL00001" HPOS="570" VPOS="115" WIDTH="164" HEIGHT="28">
						<String ID="P70_ST00001" HPOS="570" VPOS="115" WIDTH="164" HEIGHT="28" CONTENT="62" WC="1.00" CC="00"/>
					</TextLine>
				</TextBlock>
			</TopMargin>
			<LeftMargin ID="P70_LM00001" HPOS="0" VPOS="144" WIDTH="143" HEIGHT="1714"/>
			<RightMargin ID="P70_RM00001" HPOS="1183" VPOS="144" WIDTH="58" HEIGHT="1714"/>
			<BottomMargin ID="P70_BM00001" HPOS="0" VPOS="1858" WIDTH="1241" HEIGHT="322"/>
			<PrintSpace ID="P70_PS00001" HPOS="143" VPOS="144" WIDTH="1040" HEIGHT="1714">
				<TextBlock ID="P70_TB00002" HPOS="143" VPOS="173" WIDTH="1032" HEIGHT="546" STYLEREFS="TXT_1 PAR_LEFT">
					<TextLine ID="P70_TL00002" HPOS="144" VPOS="173" WIDTH="1030" HEIGHT="51">
						<String ID="P70_ST00002" HPOS="144" VPOS="193" WIDTH="83" HEIGHT="31" CONTENT="aguas" WC="0.62" CC="00765"/>
						<SP ID="P70_SP00001" HPOS="227" VPOS="224" WIDTH="13"/>
						<String ID="P70_ST00003" HPOS="240" VPOS="181" WIDTH="152" HEIGHT="41" CONTENT="reflejaban." WC="0.70" CC="39002043630"/>
						<SP ID="P70_SP00002" HPOS="392" VPOS="224" WIDTH="21"/>
						<String ID="P70_ST00004" HPOS="413" VPOS="180" WIDTH="22" HEIGHT="30" CONTENT="A" WC="1.00" CC="0"/>
						<SP ID="P70_SP00003" HPOS="435" VPOS="224" WIDTH="16"/>
						<String ID="P70_ST00005" HPOS="451" VPOS="178" WIDTH="114" HEIGHT="31" CONTENT="derecha" WC="0.89" CC="0000070"/>
						<SP ID="P70_SP00004" HPOS="565" VPOS="224" WIDTH="16"/>
						<String ID="P70_ST00006" HPOS="581" VPOS="203" WIDTH="6" HEIGHT="11" CONTENT="," WC="0.91" CC="0"/>
						<SP ID="P70_SP00005" HPOS="587" VPOS="224" WIDTH="20"/>
						<String ID="P70_ST00007" HPOS="607" VPOS="178" WIDTH="23" HEIGHT="30" CONTENT="la" WC="0.91" CC="01"/>
						<SP ID="P70_SP00006" HPOS="630" VPOS="224" WIDTH="16"/>
						<String ID="P70_ST00008" HPOS="646" VPOS="176" WIDTH="99" HEIGHT="32" CONTENT="ciudad" WC="1.00" CC="000000"/>
						<SP ID="P70_SP00007" HPOS="745" VPOS="224" WIDTH="14"/>
						<String ID="P70_ST00009" HPOS="759" VPOS="201" WIDTH="6" HEIGHT="11" CONTENT="," WC="0.88" CC="1"/>
						<SP ID="P70_SP00008" HPOS="765" VPOS="224" WIDTH="19"/>
						<String ID="P70_ST00010" HPOS="784" VPOS="177" WIDTH="169" HEIGHT="29" CONTENT="mostrábase" WC="0.99" CC="0000000001"/>
						<SP ID="P70_SP00009" HPOS="953" VPOS="224" WIDTH="15"/>
						<String ID="P70_ST00011" HPOS="968" VPOS="173" WIDTH="137" HEIGHT="43" CONTENT="impávida" WC="0.79" CC="40000290"/>
						<SP ID="P70_SP00010" HPOS="1105" VPOS="224" WIDTH="11"/>
						<String ID="P70_ST00012" HPOS="1116" VPOS="179" WIDTH="58" HEIGHT="26" CONTENT="ante" WC="0.58" CC="3650"/>
					</TextLine>
					<TextLine ID="P70_TL00003" HPOS="143" VPOS="233" WIDTH="1031" HEIGHT="45">
						<String ID="P70_ST00013" HPOS="143" VPOS="241" WIDTH="25" HEIGHT="30" CONTENT="la" WC="0.66" CC="60"/>
						<SP ID="P70_SP00011" HPOS="168" VPOS="271" WIDTH="12"/>
						<String ID="P70_ST00014" HPOS="180" VPOS="238" WIDTH="139" HEIGHT="32" CONTENT="denodada" WC="0.50" CC="90260595"/>
						<SP ID="P70_SP00012" HPOS="319" VPOS="271" WIDTH="17"/>
						<String ID="P70_ST00015" HPOS="336" VPOS="238" WIDTH="122" HEIGHT="40" CONTENT="agresión" WC="0.64" CC="29031640"/>
						<SP ID="P70_SP00013" HPOS="458" VPOS="278" WIDTH="14"/>
						<String ID="P70_ST00016" HPOS="472" VPOS="236" WIDTH="156" HEIGHT="41" CONTENT="estranjera." WC="0.83" CC="04000500051"/>
						<SP ID="P70_SP00014" HPOS="628" VPOS="278" WIDTH="16"/>
						<String ID="P70_ST00017" HPOS="644" VPOS="235" WIDTH="22" HEIGHT="29" CONTENT="A" WC="1.00" CC="0"/>
						<SP ID="P70_SP00015" HPOS="666" VPOS="278" WIDTH="21"/>
						<String ID="P70_ST00018" HPOS="687" VPOS="233" WIDTH="138" HEIGHT="42" CONTENT="izquierda" WC="0.85" CC="050110301"/>
						<SP ID="P70_SP00016" HPOS="825" VPOS="278" WIDTH="15"/>
						<String ID="P70_ST00019" HPOS="840" VPOS="258" WIDTH="5" HEIGHT="10" CONTENT="," WC="1.00" CC="0"/>
						<SP ID="P70_SP00017" HPOS="845" VPOS="278" WIDTH="22"/>
						<String ID="P70_ST00020" HPOS="867" VPOS="233" WIDTH="60" HEIGHT="29" CONTENT="todo" WC="0.86" CC="4100"/>
						<SP ID="P70_SP00018" HPOS="927" VPOS="278" WIDTH="17"/>
						<String ID="P70_ST00021" HPOS="944" VPOS="241" WIDTH="51" HEIGHT="21" CONTENT="una" WC="0.38" CC="764"/>
						<SP ID="P70_SP00019" HPOS="995" VPOS="278" WIDTH="18"/>
						<String ID="P70_ST00022" HPOS="1013" VPOS="242" WIDTH="98" HEIGHT="30" CONTENT="gruesa" WC="0.96" CC="020000"/>
						<SP ID="P70_SP00020" HPOS="1111" VPOS="278" WIDTH="13"/>
						<String ID="P70_ST00023" HPOS="1124" VPOS="242" WIDTH="50" HEIGHT="20" CONTENT="es" SUBS_TYPE="HypPart1" SUBS_CONTENT="escuadra" WC="0.87" CC="003"/>
						<HYP CONTENT="-"/>
					</TextLine>
					<TextLine ID="P70_TL00004" HPOS="143" VPOS="287" WIDTH="1031" HEIGHT="43">
						<String ID="P70_ST00024" HPOS="143" VPOS="295" WIDTH="98" HEIGHT="32" CONTENT="cuadra" SUBS_TYPE="HypPart2" SUBS_CONTENT="escuadra" WC="0.81" CC="050004"/>
						<SP ID="P70_SP00021" HPOS="241" VPOS="327" WIDTH="15"/>
						<String ID="P70_ST00025" HPOS="256" VPOS="320" WIDTH="5" HEIGHT="10" CONTENT="," WC="1.00" CC="0"/>
						<SP ID="P70_SP00022" HPOS="261" VPOS="330" WIDTH="20"/>
						<String ID="P70_ST00026" HPOS="281" VPOS="294" WIDTH="77" HEIGHT="30" CONTENT="ufana" WC="0.61" CC="44072"/>
						<SP ID="P70_SP00023" HPOS="358" VPOS="330" WIDTH="13"/>
						<String ID="P70_ST00027" HPOS="371" VPOS="304" WIDTH="49" HEIGHT="20" CONTENT="con" WC="0.81" CC="050"/>
						<SP ID="P70_SP00024" HPOS="420" VPOS="330" WIDTH="16"/>
						<String ID="P70_ST00028" HPOS="436" VPOS="304" WIDTH="32" HEIGHT="19" CONTENT="su" WC="0.41" CC="65"/>
						<SP ID="P70_SP00025" HPOS="468" VPOS="330" WIDTH="16"/>
						<String ID="P70_ST00029" HPOS="484" VPOS="290" WIDTH="222" HEIGHT="32" CONTENT="inaccesibilidad" WC="0.77" CC="273600404400000"/>
						<SP ID="P70_SP00026" HPOS="706" VPOS="330" WIDTH="18"/>
						<String ID="P70_ST00030" HPOS="724" VPOS="316" WIDTH="5" HEIGHT="11" CONTENT="," WC="1.00" CC="0"/>
						<SP ID="P70_SP00027" HPOS="729" VPOS="330" WIDTH="19"/>
						<String ID="P70_ST00031" HPOS="748" VPOS="289" WIDTH="82" HEIGHT="31" CONTENT="osaba" WC="0.73" CC="50034"/>
						<SP ID="P70_SP00028" HPOS="830" VPOS="330" WIDTH="16"/>
						<String ID="P70_ST00032" HPOS="846" VPOS="288" WIDTH="134" HEIGHT="31" CONTENT="desdeñar" WC="0.86" CC="00001504"/>
						<SP ID="P70_SP00029" HPOS="980" VPOS="330" WIDTH="17"/>
						<String ID="P70_ST00033" HPOS="997" VPOS="288" WIDTH="24" HEIGHT="30" CONTENT="el" WC="0.73" CC="05"/>
						<SP ID="P70_SP00030" HPOS="1021" VPOS="330" WIDTH="22"/>
						<String ID="P70_ST00034" HPOS="1043" VPOS="287" WIDTH="84" HEIGHT="42" CONTENT="poder" WC="0.83" CC="04003"/>
						<SP ID="P70_SP00031" HPOS="1127" VPOS="330" WIDTH="15"/>
						<String ID="P70_ST00035" HPOS="1142" VPOS="288" WIDTH="32" HEIGHT="30" CONTENT="de" WC="1.00" CC="00"/>
					</TextLine>
					<TextLine ID="P70_TL00005" HPOS="144" VPOS="345" WIDTH="1028" HEIGHT="45">
						<String ID="P70_ST00036" HPOS="144" VPOS="363" WIDTH="45" HEIGHT="20" CONTENT="sus" WC="0.78" CC="060"/>
						<SP ID="P70_SP00032" HPOS="189" VPOS="383" WIDTH="16"/>
						<String ID="P70_ST00037" HPOS="205" VPOS="351" WIDTH="145" HEIGHT="31" CONTENT="contrarios" WC="0.83" CC="0070011032"/>
						<SP ID="P70_SP00033" HPOS="350" VPOS="383" WIDTH="16"/>
						<String ID="P70_ST00038" HPOS="366" VPOS="364" WIDTH="6" HEIGHT="22" CONTENT=";" WC="1.00" CC="0"/>
						<SP ID="P70_SP00034" HPOS="372" VPOS="386" WIDTH="20"/>
						<String ID="P70_ST00039" HPOS="392" VPOS="350" WIDTH="39" HEIGHT="30" CONTENT="sin" WC="0.59" CC="506"/>
						<SP ID="P70_SP00035" HPOS="431" VPOS="386" WIDTH="17"/>
						<String ID="P70_ST00040" HPOS="448" VPOS="360" WIDTH="53" HEIGHT="30" CONTENT="que" WC="1.00" CC="000"/>
						<SP ID="P70_SP00036" HPOS="501" VPOS="390" WIDTH="21"/>
						<String ID="P70_ST00041" HPOS="522" VPOS="349" WIDTH="79" HEIGHT="30" CONTENT="nadie" WC="0.88" CC="00050"/>
						<SP ID="P70_SP00037" HPOS="601" VPOS="390" WIDTH="16"/>
						<String ID="P70_ST00042" HPOS="617" VPOS="348" WIDTH="113" HEIGHT="41" CONTENT="pudiese" WC="0.86" CC="0400040"/>
						<SP ID="P70_SP00038" HPOS="730" VPOS="390" WIDTH="16"/>
						<String ID="P70_ST00043" HPOS="746" VPOS="372" WIDTH="5" HEIGHT="10" CONTENT="," WC="0.81" CC="1"/>
						<SP ID="P70_SP00039" HPOS="751" VPOS="390" WIDTH="20"/>
						<String ID="P70_ST00044" HPOS="771" VPOS="347" WIDTH="27" HEIGHT="29" CONTENT="ni" WC="0.70" CC="05"/>
						<SP ID="P70_SP00040" HPOS="798" VPOS="390" WIDTH="25"/>
						<String ID="P70_ST00045" HPOS="823" VPOS="349" WIDTH="192" HEIGHT="27" CONTENT="remotamente" WC="0.75" CC="00650060700"/>
						<SP ID="P70_SP00041" HPOS="1015" VPOS="390" WIDTH="16"/>
						<String ID="P70_ST00046" HPOS="1031" VPOS="345" WIDTH="141" HEIGHT="40" CONTENT="imaginar," WC="0.72" CC="167006300"/>
					</TextLine>
					<TextLine ID="P70_TL00006" HPOS="148" VPOS="402" WIDTH="1027" HEIGHT="49">
						<String ID="P70_ST00047" HPOS="148" VPOS="420" WIDTH="51" HEIGHT="31" CONTENT="que" WC="0.90" CC="030"/>
						<SP ID="P70_SP00042" HPOS="199" VPOS="451" WIDTH="17"/>
						<String ID="P70_ST00048" HPOS="216" VPOS="420" WIDTH="29" HEIGHT="19" CONTENT="su" WC="0.42" CC="65"/>
						<SP ID="P70_SP00043" HPOS="245" VPOS="451" WIDTH="14"/>
						<String ID="P70_ST00049" HPOS="259" VPOS="409" WIDTH="95" HEIGHT="29" CONTENT="mismo" WC="0.63" CC="00665"/>
						<SP ID="P70_SP00044" HPOS="354" VPOS="451" WIDTH="12"/>
						<String ID="P70_ST00050" HPOS="366" VPOS="407" WIDTH="179" HEIGHT="30" CONTENT="retraimiento" WC="0.78" CC="006040700115"/>
						<SP ID="P70_SP00045" HPOS="545" VPOS="451" WIDTH="17"/>
						<String ID="P70_ST00051" HPOS="562" VPOS="406" WIDTH="24" HEIGHT="30" CONTENT="la" WC="0.78" CC="40"/>
						<SP ID="P70_SP00046" HPOS="586" VPOS="451" WIDTH="22"/>
						<String ID="P70_ST00052" HPOS="608" VPOS="405" WIDTH="100" HEIGHT="31" CONTENT="llevara" WC="0.81" CC="0600240"/>
						<SP ID="P70_SP00047" HPOS="708" VPOS="451" WIDTH="17"/>
						<String ID="P70_ST00053" HPOS="725" VPOS="405" WIDTH="15" HEIGHT="30" CONTENT="á" WC="0.01" CC="9"/>
						<SP ID="P70_SP00048" HPOS="740" VPOS="451" WIDTH="17"/>
						<String ID="P70_ST00054" HPOS="757" VPOS="404" WIDTH="23" HEIGHT="30" CONTENT="la" WC="0.99" CC="00"/>
						<SP ID="P70_SP00049" HPOS="780" VPOS="451" WIDTH="23"/>
						<String ID="P70_ST00055" HPOS="803" VPOS="403" WIDTH="175" HEIGHT="31" CONTENT="sublimidad." WC="0.94" CC="30000020000"/>
						<SP ID="P70_SP00050" HPOS="978" VPOS="451" WIDTH="20"/>
						<String ID="P70_ST00056" HPOS="998" VPOS="402" WIDTH="101" HEIGHT="30" CONTENT="Ambas" WC="0.97" CC="00001"/>
						<SP ID="P70_SP00051" HPOS="1099" VPOS="451" WIDTH="17"/>
						<String ID="P70_ST00057" HPOS="1116" VPOS="403" WIDTH="59" HEIGHT="29" CONTENT="ori" SUBS_TYPE="HypPart1" SUBS_CONTENT="orillas" WC="0.81" CC="0140"/>
						<HYP CONTENT="-"/>
					</TextLine>
					<TextLine ID="P70_TL00007" HPOS="145" VPOS="459" WIDTH="1029" HEIGHT="44">
						<String ID="P70_ST00058" HPOS="145" VPOS="466" WIDTH="49" HEIGHT="30" CONTENT="llas" SUBS_TYPE="HypPart2" SUBS_CONTENT="orillas" WC="0.95" CC="2000"/>
						<SP ID="P70_SP00052" HPOS="194" VPOS="496" WIDTH="27"/>
						<String ID="P70_ST00059" HPOS="221" VPOS="476" WIDTH="28" HEIGHT="20" CONTENT="se" WC="0.95" CC="00"/>
						<SP ID="P70_SP00053" HPOS="249" VPOS="496" WIDTH="16"/>
						<String ID="P70_ST00060" HPOS="265" VPOS="465" WIDTH="77" HEIGHT="30" CONTENT="veían" WC="0.88" CC="00005"/>
						<SP ID="P70_SP00054" HPOS="342" VPOS="496" WIDTH="17"/>
						<String ID="P70_ST00061" HPOS="359" VPOS="464" WIDTH="133" HEIGHT="30" CONTENT="cubiertas" WC="0.73" CC="070300722"/>
						<SP ID="P70_SP00055" HPOS="492" VPOS="496" WIDTH="22"/>
						<String ID="P70_ST00062" HPOS="514" VPOS="463" WIDTH="33" HEIGHT="29" CONTENT="de" WC="1.00" CC="00"/>
						<SP ID="P70_SP00056" HPOS="547" VPOS="496" WIDTH="22"/>
						<String ID="P70_ST00063" HPOS="569" VPOS="462" WIDTH="139" HEIGHT="31" CONTENT="fortalezas" WC="0.66" CC="0640005555"/>
						<SP ID="P70_SP00057" HPOS="708" VPOS="496" WIDTH="25"/>
						<String ID="P70_ST00064" HPOS="733" VPOS="473" WIDTH="18" HEIGHT="30" CONTENT="y" WC="0.20" CC="7"/>
						<SP ID="P70_SP00058" HPOS="751" VPOS="503" WIDTH="25"/>
						<String ID="P70_ST00065" HPOS="776" VPOS="462" WIDTH="117" HEIGHT="30" CONTENT="baterías" WC="0.68" CC="00604445"/>
						<SP ID="P70_SP00059" HPOS="893" VPOS="503" WIDTH="24"/>
						<String ID="P70_ST00066" HPOS="917" VPOS="461" WIDTH="126" HEIGHT="39" CONTENT="vírgenes" WC="0.82" CC="90000102"/>
						<SP ID="P70_SP00060" HPOS="1043" VPOS="503" WIDTH="25"/>
						<String ID="P70_ST00067" HPOS="1068" VPOS="470" WIDTH="52" HEIGHT="20" CONTENT="aun" WC="0.72" CC="340"/>
						<SP ID="P70_SP00061" HPOS="1120" VPOS="503" WIDTH="22"/>
						<String ID="P70_ST00068" HPOS="1142" VPOS="459" WIDTH="32" HEIGHT="31" CONTENT="de" WC="1.00" CC="00"/>
					</TextLine>
					<TextLine ID="P70_TL00008" HPOS="145" VPOS="514" WIDTH="1030" HEIGHT="45">
						<String ID="P70_ST00069" HPOS="145" VPOS="520" WIDTH="120" HEIGHT="32" CONTENT="combale" WC="0.77" CC="0010670"/>
						<SP ID="P70_SP00062" HPOS="265" VPOS="552" WIDTH="16"/>
						<String ID="P70_ST00070" HPOS="281" VPOS="545" WIDTH="5" HEIGHT="10" CONTENT="," WC="1.00" CC="0"/>
						<SP ID="P70_SP00063" HPOS="286" VPOS="555" WIDTH="19"/>
						<String ID="P70_ST00071" HPOS="305" VPOS="531" WIDTH="17" HEIGHT="28" CONTENT="y" WC="1.00" CC="0"/>
						<SP ID="P70_SP00064" HPOS="322" VPOS="559" WIDTH="16"/>
						<String ID="P70_ST00072" HPOS="338" VPOS="529" WIDTH="52" HEIGHT="30" CONTENT="que" WC="0.92" CC="020"/>
						<SP ID="P70_SP00065" HPOS="390" VPOS="559" WIDTH="14"/>
						<String ID="P70_ST00073" HPOS="404" VPOS="518" WIDTH="56" HEIGHT="30" CONTENT="solo" WC="0.59" CC="4056"/>
						<SP ID="P70_SP00066" HPOS="460" VPOS="559" WIDTH="15"/>
						<String ID="P70_ST00074" HPOS="475" VPOS="518" WIDTH="98" HEIGHT="30" CONTENT="habían" WC="0.73" CC="740003"/>
						<SP ID="P70_SP00067" HPOS="573" VPOS="559" WIDTH="13"/>
						<String ID="P70_ST00075" HPOS="586" VPOS="517" WIDTH="33" HEIGHT="31" CONTENT="de" WC="1.00" CC="00"/>
						<SP ID="P70_SP00068" HPOS="619" VPOS="559" WIDTH="18"/>
						<String ID="P70_ST00076" HPOS="637" VPOS="522" WIDTH="88" HEIGHT="26" CONTENT="entrar" WC="0.68" CC="077004"/>
						<SP ID="P70_SP00069" HPOS="725" VPOS="559" WIDTH="16"/>
						<String ID="P70_ST00077" HPOS="741" VPOS="526" WIDTH="32" HEIGHT="21" CONTENT="en" WC="0.78" CC="04"/>
						<SP ID="P70_SP00070" HPOS="773" VPOS="559" WIDTH="25"/>
						<String ID="P70_ST00078" HPOS="798" VPOS="515" WIDTH="24" HEIGHT="31" CONTENT="él" WC="0.80" CC="40"/>
						<SP ID="P70_SP00071" HPOS="822" VPOS="559" WIDTH="18"/>
						<String ID="P70_ST00079" HPOS="840" VPOS="540" WIDTH="5" HEIGHT="11" CONTENT="," WC="1.00" CC="0"/>
						<SP ID="P70_SP00072" HPOS="845" VPOS="559" WIDTH="19"/>
						<String ID="P70_ST00080" HPOS="864" VPOS="515" WIDTH="25" HEIGHT="30" CONTENT="al" WC="0.95" CC="10"/>
						<SP ID="P70_SP00073" HPOS="889" VPOS="559" WIDTH="17"/>
						<String ID="P70_ST00081" HPOS="906" VPOS="514" WIDTH="86" HEIGHT="41" CONTENT="llegar" WC="0.82" CC="060040"/>
						<SP ID="P70_SP00074" HPOS="992" VPOS="559" WIDTH="15"/>
						<String ID="P70_ST00082" HPOS="1007" VPOS="515" WIDTH="15" HEIGHT="30" CONTENT="á" WC="1.00" CC="0"/>
						<SP ID="P70_SP00075" HPOS="1022" VPOS="559" WIDTH="16"/>
						<String ID="P70_ST00083" HPOS="1038" VPOS="525" WIDTH="44" HEIGHT="20" CONTENT="ser" WC="0.95" CC="100"/>
						<SP ID="P70_SP00076" HPOS="1082" VPOS="559" WIDTH="14"/>
						<String ID="P70_ST00084" HPOS="1096" VPOS="516" WIDTH="79" HEIGHT="29" CONTENT="riva" SUBS_TYPE="HypPart1" SUBS_CONTENT="rivales" WC="0.92" CC="00004"/>
						<HYP CONTENT="-"/>
					</TextLine>
					<TextLine ID="P70_TL00009" HPOS="145" VPOS="573" WIDTH="1026" HEIGHT="43">
						<String ID="P70_ST00085" HPOS="145" VPOS="578" WIDTH="39" HEIGHT="30" CONTENT="les" SUBS_TYPE="HypPart2" SUBS_CONTENT="rivales" WC="0.93" CC="200"/>
						<SP ID="P70_SP00077" HPOS="184" VPOS="608" WIDTH="15"/>
						<String ID="P70_ST00086" HPOS="199" VPOS="590" WIDTH="6" HEIGHT="17" CONTENT=":" WC="1.00" CC="0"/>
						<SP ID="P70_SP00078" HPOS="205" VPOS="608" WIDTH="20"/>
						<String ID="P70_ST00087" HPOS="225" VPOS="589" WIDTH="5" HEIGHT="27" CONTENT="¡" WC="1.00" CC="0"/>
						<SP ID="P70_SP00079" HPOS="230" VPOS="616" WIDTH="12"/>
						<String ID="P70_ST00088" HPOS="242" VPOS="581" WIDTH="104" HEIGHT="26" CONTENT="estraña" WC="0.67" CC="0304590"/>
						<SP ID="P70_SP00080" HPOS="346" VPOS="616" WIDTH="13"/>
						<String ID="P70_ST00089" HPOS="359" VPOS="581" WIDTH="87" HEIGHT="24" CONTENT="suerte" WC="0.80" CC="050060"/>
						<SP ID="P70_SP00081" HPOS="446" VPOS="616" WIDTH="15"/>
						<String ID="P70_ST00090" HPOS="461" VPOS="575" WIDTH="34" HEIGHT="30" CONTENT="de" WC="1.00" CC="00"/>
						<SP ID="P70_SP00082" HPOS="495" VPOS="616" WIDTH="13"/>
						<String ID="P70_ST00091" HPOS="508" VPOS="576" WIDTH="39" HEIGHT="28" CONTENT="los" WC="0.91" CC="200"/>
						<SP ID="P70_SP00083" HPOS="547" VPOS="616" WIDTH="14"/>
						<String ID="P70_ST00092" HPOS="561" VPOS="574" WIDTH="235" HEIGHT="31" CONTENT="acontecimientos" WC="0.71" CC="062650000005654"/>
						<String ID="P70_ST00093" HPOS="809" VPOS="575" WIDTH="5" HEIGHT="28" CONTENT="!" WC="1.00" CC="0"/>
						<SP ID="P70_SP00084" HPOS="814" VPOS="616" WIDTH="17"/>
						<String ID="P70_ST00094" HPOS="831" VPOS="575" WIDTH="39" HEIGHT="28" CONTENT="En" WC="0.64" CC="07"/>
						<SP ID="P70_SP00085" HPOS="870" VPOS="616" WIDTH="14"/>
						<String ID="P70_ST00095" HPOS="884" VPOS="578" WIDTH="55" HEIGHT="25" CONTENT="este" WC="0.73" CC="0170"/>
						<SP ID="P70_SP00086" HPOS="939" VPOS="616" WIDTH="13"/>
						<String ID="P70_ST00096" HPOS="952" VPOS="573" WIDTH="117" HEIGHT="35" CONTENT="recinto," WC="0.78" CC="30001650"/>
						<SP ID="P70_SP00087" HPOS="1069" VPOS="616" WIDTH="14"/>
						<String ID="P70_ST00097" HPOS="1083" VPOS="583" WIDTH="31" HEIGHT="20" CONTENT="en" WC="0.82" CC="30"/>
						<SP ID="P70_SP00088" HPOS="1114" VPOS="616" WIDTH="12"/>
						<String ID="P70_ST00098" HPOS="1126" VPOS="574" WIDTH="45" HEIGHT="34" CONTENT="sin," WC="0.41" CC="8842"/>
					</TextLine>
					<TextLine ID="P70_TL00010" HPOS="149" VPOS="629" WIDTH="1026" HEIGHT="40">
						<String ID="P70_ST00099" HPOS="149" VPOS="639" WIDTH="39" HEIGHT="24" CONTENT="tan" WC="0.59" CC="506"/>
						<SP ID="P70_SP00089" HPOS="188" VPOS="663" WIDTH="18"/>
						<String ID="P70_ST00100" HPOS="206" VPOS="633" WIDTH="56" HEIGHT="30" CONTENT="solo" WC="0.53" CC="5660"/>
						<SP ID="P70_SP00090" HPOS="262" VPOS="663" WIDTH="16"/>
						<String ID="P70_ST00101" HPOS="278" VPOS="632" WIDTH="85" HEIGHT="31" CONTENT="calma" WC="0.99" CC="00000"/>
						<SP ID="P70_SP00091" HPOS="363" VPOS="663" WIDTH="16"/>
						<String ID="P70_ST00102" HPOS="379" VPOS="633" WIDTH="14" HEIGHT="29" CONTENT="é" WC="1.00" CC="0"/>
						<SP ID="P70_SP00092" HPOS="393" VPOS="663" WIDTH="22"/>
						<String ID="P70_ST00103" HPOS="415" VPOS="631" WIDTH="121" HEIGHT="31" CONTENT="inacción" WC="0.68" CC="06507060"/>
						<SP ID="P70_SP00093" HPOS="536" VPOS="663" WIDTH="22"/>
						<String ID="P70_ST00104" HPOS="558" VPOS="641" WIDTH="29" HEIGHT="20" CONTENT="se" WC="1.00" CC="00"/>
						<SP ID="P70_SP00094" HPOS="587" VPOS="663" WIDTH="19"/>
						<String ID="P70_ST00105" HPOS="606" VPOS="636" WIDTH="62" HEIGHT="25" CONTENT="nota" WC="0.66" CC="6410"/>
						<SP ID="P70_SP00095" HPOS="668" VPOS="663" WIDTH="13"/>
						<String ID="P70_ST00106" HPOS="681" VPOS="642" WIDTH="5" HEIGHT="18" CONTENT=":" WC="0.41" CC="5"/>
						<SP ID="P70_SP00096" HPOS="686" VPOS="663" WIDTH="20"/>
						<String ID="P70_ST00107" HPOS="706" VPOS="631" WIDTH="15" HEIGHT="30" CONTENT="á" WC="1.00" CC="0"/>
						<SP ID="P70_SP00097" HPOS="721" VPOS="663" WIDTH="16"/>
						<String ID="P70_ST00108" HPOS="737" VPOS="641" WIDTH="32" HEIGHT="19" CONTENT="su" WC="0.88" CC="02"/>
						<SP ID="P70_SP00098" HPOS="769" VPOS="663" WIDTH="24"/>
						<String ID="P70_ST00109" HPOS="793" VPOS="630" WIDTH="60" HEIGHT="30" CONTENT="lado" WC="0.83" CC="0105"/>
						<SP ID="P70_SP00099" HPOS="853" VPOS="663" WIDTH="15"/>
						<String ID="P70_ST00110" HPOS="868" VPOS="655" WIDTH="6" HEIGHT="11" CONTENT="," WC="1.00" CC="0"/>
						<SP ID="P70_SP00100" HPOS="874" VPOS="666" WIDTH="20"/>
						<String ID="P70_ST00111" HPOS="894" VPOS="629" WIDTH="61" HEIGHT="30" CONTENT="todo" WC="0.81" CC="0303"/>
						<SP ID="P70_SP00101" HPOS="955" VPOS="666" WIDTH="17"/>
						<String ID="P70_ST00112" HPOS="972" VPOS="629" WIDTH="171" HEIGHT="30" CONTENT="devastación" WC="0.85" CC="00020530040"/>
						<SP ID="P70_SP00102" HPOS="1143" VPOS="666" WIDTH="16"/>
						<String ID="P70_ST00113" HPOS="1159" VPOS="640" WIDTH="16" HEIGHT="29" CONTENT="y" WC="1.00" CC="0"/>
					</TextLine>
					<TextLine ID="P70_TL00011" HPOS="147" VPOS="695" WIDTH="112" HEIGHT="24">
						<String ID="P70_ST00114" HPOS="147" VPOS="695" WIDTH="112" HEIGHT="24" CONTENT="muerte." WC="0.71" CC="0802700"/>
					</TextLine>
				</TextBlock>
				<TextBlock ID="P70_TB00003" HPOS="147" VPOS="742" WIDTH="1028" HEIGHT="147" STYLEREFS="TXT_1 PAR_LEFT">
					<TextLine ID="P70_TL00012" HPOS="188" VPOS="742" WIDTH="987" HEIGHT="43">
						<String ID="P70_ST00115" HPOS="188" VPOS="746" WIDTH="58" HEIGHT="36" CONTENT="Que" WC="0.51" CC="760"/>
						<SP ID="P70_SP00103" HPOS="246" VPOS="782" WIDTH="16"/>
						<String ID="P70_ST00116" HPOS="262" VPOS="757" WIDTH="28" HEIGHT="19" CONTENT="se" WC="0.70" CC="50"/>
						<SP ID="P70_SP00104" HPOS="290" VPOS="782" WIDTH="12"/>
						<String ID="P70_ST00117" HPOS="302" VPOS="746" WIDTH="115" HEIGHT="39" CONTENT="imagine" WC="0.77" CC="0009050"/>
						<SP ID="P70_SP00105" HPOS="417" VPOS="785" WIDTH="17"/>
						<String ID="P70_ST00118" HPOS="434" VPOS="755" WIDTH="52" HEIGHT="19" CONTENT="uno" WC="0.62" CC="271"/>
						<SP ID="P70_SP00106" HPOS="486" VPOS="785" WIDTH="14"/>
						<String ID="P70_ST00119" HPOS="500" VPOS="744" WIDTH="81" HEIGHT="30" CONTENT="ahora" WC="0.76" CC="05500"/>
						<SP ID="P70_SP00107" HPOS="581" VPOS="785" WIDTH="27"/>
						<String ID="P70_ST00120" HPOS="608" VPOS="755" WIDTH="44" HEIGHT="19" CONTENT="ese" WC="0.47" CC="536"/>
						<SP ID="P70_SP00108" HPOS="652" VPOS="785" WIDTH="16"/>
						<String ID="P70_ST00121" HPOS="668" VPOS="745" WIDTH="101" HEIGHT="40" CONTENT="paisaje" WC="0.65" CC="0507622"/>
						<SP ID="P70_SP00109" HPOS="769" VPOS="785" WIDTH="17"/>
						<String ID="P70_ST00122" HPOS="786" VPOS="769" WIDTH="6" HEIGHT="10" CONTENT="," WC="1.00" CC="0"/>
						<SP ID="P70_SP00110" HPOS="792" VPOS="785" WIDTH="19"/>
						<String ID="P70_ST00123" HPOS="811" VPOS="743" WIDTH="136" HEIGHT="31" CONTENT="irradiado" WC="0.81" CC="400201080"/>
						<SP ID="P70_SP00111" HPOS="947" VPOS="785" WIDTH="17"/>
						<String ID="P70_ST00124" HPOS="964" VPOS="754" WIDTH="49" HEIGHT="31" CONTENT="por" WC="0.82" CC="005"/>
						<SP ID="P70_SP00112" HPOS="1013" VPOS="785" WIDTH="15"/>
						<String ID="P70_ST00125" HPOS="1028" VPOS="753" WIDTH="36" HEIGHT="21" CONTENT="un" WC="0.34" CC="76"/>
						<SP ID="P70_SP00113" HPOS="1064" VPOS="785" WIDTH="24"/>
						<String ID="P70_ST00126" HPOS="1088" VPOS="742" WIDTH="39" HEIGHT="31" CONTENT="sol" WC="0.77" CC="330"/>
						<SP ID="P70_SP00114" HPOS="1127" VPOS="785" WIDTH="16"/>
						<String ID="P70_ST00127" HPOS="1143" VPOS="753" WIDTH="32" HEIGHT="20" CONTENT="en" WC="0.68" CC="06"/>
					</TextLine>
					<TextLine ID="P70_TL00013" HPOS="148" VPOS="801" WIDTH="1027" HEIGHT="42">
						<String ID="P70_ST00128" HPOS="148" VPOS="803" WIDTH="59" HEIGHT="31" CONTENT="todo" WC="0.70" CC="5501"/>
						<SP ID="P70_SP00115" HPOS="207" VPOS="834" WIDTH="17"/>
						<String ID="P70_ST00129" HPOS="224" VPOS="814" WIDTH="30" HEIGHT="19" CONTENT="su" WC="0.69" CC="24"/>
						<SP ID="P70_SP00116" HPOS="254" VPOS="834" WIDTH="17"/>
						<String ID="P70_ST00130" HPOS="271" VPOS="802" WIDTH="141" HEIGHT="41" CONTENT="esplendor" WC="0.64" CC="060156055"/>
						<SP ID="P70_SP00117" HPOS="412" VPOS="843" WIDTH="15"/>
						<String ID="P70_ST00131" HPOS="427" VPOS="827" WIDTH="6" HEIGHT="11" CONTENT="," WC="1.00" CC="0"/>
						<SP ID="P70_SP00118" HPOS="433" VPOS="843" WIDTH="20"/>
						<String ID="P70_ST00132" HPOS="453" VPOS="813" WIDTH="17" HEIGHT="29" CONTENT="y" WC="1.00" CC="0"/>
						<SP ID="P70_SP00119" HPOS="470" VPOS="843" WIDTH="16"/>
						<String ID="P70_ST00133" HPOS="486" VPOS="813" WIDTH="28" HEIGHT="19" CONTENT="se" WC="0.74" CC="22"/>
						<SP ID="P70_SP00120" HPOS="514" VPOS="843" WIDTH="14"/>
						<String ID="P70_ST00134" HPOS="528" VPOS="802" WIDTH="98" HEIGHT="30" CONTENT="sentirá" WC="0.78" CC="4040050"/>
						<SP ID="P70_SP00121" HPOS="626" VPOS="843" WIDTH="14"/>
						<String ID="P70_ST00135" HPOS="640" VPOS="827" WIDTH="5" HEIGHT="10" CONTENT="," WC="1.00" CC="0"/>
						<SP ID="P70_SP00122" HPOS="645" VPOS="843" WIDTH="16"/>
						<String ID="P70_ST00136" HPOS="661" VPOS="802" WIDTH="14" HEIGHT="30" CONTENT="á" WC="1.00" CC="0"/>
						<SP ID="P70_SP00123" HPOS="675" VPOS="843" WIDTH="17"/>
						<String ID="P70_ST00137" HPOS="692" VPOS="813" WIDTH="32" HEIGHT="19" CONTENT="no" WC="0.69" CC="23"/>
						<SP ID="P70_SP00124" HPOS="724" VPOS="843" WIDTH="14"/>
						<String ID="P70_ST00138" HPOS="738" VPOS="802" WIDTH="86" HEIGHT="29" CONTENT="dudar" WC="0.75" CC="04025"/>
						<SP ID="P70_SP00125" HPOS="824" VPOS="843" WIDTH="15"/>
						<String ID="P70_ST00139" HPOS="839" VPOS="826" WIDTH="6" HEIGHT="11" CONTENT="," WC="1.00" CC="0"/>
						<SP ID="P70_SP00126" HPOS="845" VPOS="843" WIDTH="19"/>
						<String ID="P70_ST00140" HPOS="864" VPOS="801" WIDTH="23" HEIGHT="30" CONTENT="el" WC="1.00" CC="00"/>
						<SP ID="P70_SP00127" HPOS="887" VPOS="843" WIDTH="14"/>
						<String ID="P70_ST00141" HPOS="901" VPOS="801" WIDTH="86" HEIGHT="30" CONTENT="efeclo" WC="0.68" CC="072026"/>
						<SP ID="P70_SP00128" HPOS="987" VPOS="843" WIDTH="17"/>
						<String ID="P70_ST00142" HPOS="1004" VPOS="801" WIDTH="33" HEIGHT="30" CONTENT="de" WC="1.00" CC="00"/>
						<SP ID="P70_SP00129" HPOS="1037" VPOS="843" WIDTH="13"/>
						<String ID="P70_ST00143" HPOS="1050" VPOS="811" WIDTH="35" HEIGHT="20" CONTENT="un" WC="0.96" CC="00"/>
						<SP ID="P70_SP00130" HPOS="1085" VPOS="843" WIDTH="17"/>
						<String ID="P70_ST00144" HPOS="1102" VPOS="801" WIDTH="73" HEIGHT="29" CONTENT="irre" SUBS_TYPE="HypPart1" SUBS_CONTENT="irresistible" WC="0.89" CC="00500"/>
						<HYP CONTENT="-"/>
					</TextLine>
					<TextLine ID="P70_TL00014" HPOS="148" VPOS="859" WIDTH="236" HEIGHT="30">
						<String ID="P70_ST00145" HPOS="148" VPOS="859" WIDTH="101" HEIGHT="30" CONTENT="sistible" SUBS_TYPE="HypPart2" SUBS_CONTENT="irresistible" WC="0.75" CC="00245700"/>
						<SP ID="P70_SP00131" HPOS="249" VPOS="889" WIDTH="15"/>
						<String ID="P70_ST00146" HPOS="264" VPOS="864" WIDTH="120" HEIGHT="25" CONTENT="encanto." WC="0.65" CC="63024630"/>
					</TextLine>
				</TextBlock>
				<TextBlock ID="P70_TB00004" HPOS="148" VPOS="913" WIDTH="1028" HEIGHT="153" STYLEREFS="TXT_1 PAR_LEFT">
					<TextLine ID="P70_TL00015" HPOS="189" VPOS="913" WIDTH="987" HEIGHT="43">
						<String ID="P70_ST00147" HPOS="189" VPOS="917" WIDTH="21" HEIGHT="28" CONTENT="A" WC="1.00" CC="0"/>
						<SP ID="P70_SP00132" HPOS="210" VPOS="945" WIDTH="14"/>
						<String ID="P70_ST00148" HPOS="224" VPOS="925" WIDTH="78" HEIGHT="31" CONTENT="pocas" WC="0.46" CC="96055"/>
						<SP ID="P70_SP00133" HPOS="302" VPOS="956" WIDTH="18"/>
						<String ID="P70_ST00149" HPOS="320" VPOS="915" WIDTH="92" HEIGHT="40" CONTENT="leguas" WC="0.59" CC="400279"/>
						<SP ID="P70_SP00134" HPOS="412" VPOS="956" WIDTH="13"/>
						<String ID="P70_ST00150" HPOS="425" VPOS="914" WIDTH="32" HEIGHT="31" CONTENT="de" WC="0.79" CC="04"/>
						<SP ID="P70_SP00135" HPOS="457" VPOS="956" WIDTH="16"/>
						<String ID="P70_ST00151" HPOS="473" VPOS="915" WIDTH="104" HEIGHT="30" CONTENT="camino" WC="0.76" CC="006015"/>
						<SP ID="P70_SP00136" HPOS="577" VPOS="956" WIDTH="16"/>
						<String ID="P70_ST00152" HPOS="593" VPOS="914" WIDTH="105" HEIGHT="31" CONTENT="andado" WC="0.75" CC="350006"/>
						<SP ID="P70_SP00137" HPOS="698" VPOS="956" WIDTH="16"/>
						<String ID="P70_ST00153" HPOS="714" VPOS="940" WIDTH="6" HEIGHT="10" CONTENT="," WC="1.00" CC="0"/>
						<SP ID="P70_SP00138" HPOS="720" VPOS="956" WIDTH="19"/>
						<String ID="P70_ST00154" HPOS="739" VPOS="919" WIDTH="127" HEIGHT="26" CONTENT="nuestras" WC="0.70" CC="25027060"/>
						<SP ID="P70_SP00139" HPOS="866" VPOS="956" WIDTH="16"/>
						<String ID="P70_ST00155" HPOS="882" VPOS="914" WIDTH="117" HEIGHT="31" CONTENT="miradas" WC="0.77" CC="6003050"/>
						<SP ID="P70_SP00140" HPOS="999" VPOS="956" WIDTH="17"/>
						<String ID="P70_ST00156" HPOS="1016" VPOS="924" WIDTH="29" HEIGHT="20" CONTENT="se" WC="1.00" CC="00"/>
						<SP ID="P70_SP00141" HPOS="1045" VPOS="956" WIDTH="23"/>
						<String ID="P70_ST00157" HPOS="1068" VPOS="913" WIDTH="108" HEIGHT="41" CONTENT="dirigie" SUBS_TYPE="HypPart1" SUBS_CONTENT="dirigieron" WC="0.91" CC="04000002"/>
						<HYP CONTENT="-"/>
					</TextLine>
					<TextLine ID="P70_TL00016" HPOS="148" VPOS="970" WIDTH="1028" HEIGHT="42">
						<String ID="P70_ST00158" HPOS="148" VPOS="983" WIDTH="46" HEIGHT="19" CONTENT="ron" SUBS_TYPE="HypPart2" SUBS_CONTENT="dirigieron" WC="0.50" CC="346"/>
						<SP ID="P70_SP00142" HPOS="194" VPOS="1002" WIDTH="16"/>
						<String ID="P70_ST00159" HPOS="210" VPOS="972" WIDTH="76" HEIGHT="30" CONTENT="hacia" WC="0.75" CC="70400"/>
						<SP ID="P70_SP00143" HPOS="286" VPOS="1002" WIDTH="17"/>
						<String ID="P70_ST00160" HPOS="303" VPOS="972" WIDTH="39" HEIGHT="29" CONTENT="los" WC="0.49" CC="436"/>
						<SP ID="P70_SP00144" HPOS="342" VPOS="1002" WIDTH="11"/>
						<String ID="P70_ST00161" HPOS="353" VPOS="981" WIDTH="107" HEIGHT="30" CONTENT="campos" WC="0.84" CC="000026"/>
						<SP ID="P70_SP00145" HPOS="460" VPOS="1011" WIDTH="16"/>
						<String ID="P70_ST00162" HPOS="476" VPOS="970" WIDTH="32" HEIGHT="30" CONTENT="de" WC="0.89" CC="02"/>
						<SP ID="P70_SP00146" HPOS="508" VPOS="1011" WIDTH="11"/>
						<String ID="P70_ST00163" HPOS="519" VPOS="971" WIDTH="78" HEIGHT="29" CONTENT="Alma" WC="0.84" CC="0600"/>
						<SP ID="P70_SP00147" HPOS="597" VPOS="1011" WIDTH="18"/>
						<String ID="P70_ST00164" HPOS="615" VPOS="996" WIDTH="6" HEIGHT="10" CONTENT="," WC="1.00" CC="0"/>
						<SP ID="P70_SP00148" HPOS="621" VPOS="1011" WIDTH="19"/>
						<String ID="P70_ST00165" HPOS="640" VPOS="981" WIDTH="33" HEIGHT="20" CONTENT="en" WC="0.94" CC="01"/>
						<SP ID="P70_SP00149" HPOS="673" VPOS="1011" WIDTH="13"/>
						<String ID="P70_ST00166" HPOS="686" VPOS="971" WIDTH="88" HEIGHT="30" CONTENT="donde" WC="0.73" CC="05502"/>
						<SP ID="P70_SP00150" HPOS="774" VPOS="1011" WIDTH="13"/>
						<String ID="P70_ST00167" HPOS="787" VPOS="971" WIDTH="134" HEIGHT="30" CONTENT="midieron" WC="0.84" CC="26000030"/>
						<SP ID="P70_SP00151" HPOS="921" VPOS="1011" WIDTH="18"/>
						<String ID="P70_ST00168" HPOS="939" VPOS="981" WIDTH="49" HEIGHT="30" CONTENT="por" WC="0.72" CC="053"/>
						<SP ID="P70_SP00152" HPOS="988" VPOS="1011" WIDTH="15"/>
						<String ID="P70_ST00169" HPOS="1003" VPOS="972" WIDTH="115" HEIGHT="40" CONTENT="primera" WC="0.89" CC="0300103"/>
						<SP ID="P70_SP00153" HPOS="1118" VPOS="1012" WIDTH="13"/>
						<String ID="P70_ST00170" HPOS="1131" VPOS="981" WIDTH="45" HEIGHT="20" CONTENT="vez" WC="0.83" CC="004"/>
					</TextLine>
					<TextLine ID="P70_TL00017" HPOS="149" VPOS="1028" WIDTH="548" HEIGHT="38">
						<String ID="P70_ST00171" HPOS="149" VPOS="1039" WIDTH="45" HEIGHT="20" CONTENT="sus" WC="0.71" CC="035"/>
						<SP ID="P70_SP00154" HPOS="194" VPOS="1059" WIDTH="16"/>
						<String ID="P70_ST00172" HPOS="210" VPOS="1038" WIDTH="86" HEIGHT="20" CONTENT="armas" WC="0.58" CC="80515"/>
						<SP ID="P70_SP00155" HPOS="296" VPOS="1059" WIDTH="16"/>
						<String ID="P70_ST00173" HPOS="312" VPOS="1028" WIDTH="39" HEIGHT="29" CONTENT="los" WC="0.68" CC="602"/>
						<SP ID="P70_SP00156" HPOS="351" VPOS="1059" WIDTH="16"/>
						<String ID="P70_ST00174" HPOS="367" VPOS="1028" WIDTH="122" HEIGHT="38" CONTENT="ejércitos" WC="0.66" CC="507400624"/>
						<SP ID="P70_SP00157" HPOS="489" VPOS="1066" WIDTH="17"/>
						<String ID="P70_ST00175" HPOS="506" VPOS="1028" WIDTH="191" HEIGHT="38" CONTENT="beligerantes." WC="0.79" CC="5030000235320"/>
					</TextLine>
				</TextBlock>
				<TextBlock ID="P70_TB00005" HPOS="149" VPOS="1082" WIDTH="1028" HEIGHT="210" STYLEREFS="TXT_1 PAR_LEFT">
					<TextLine ID="P70_TL00018" HPOS="191" VPOS="1083" WIDTH="986" HEIGHT="41">
						<String ID="P70_ST00176" HPOS="191" VPOS="1086" WIDTH="54" HEIGHT="27" CONTENT="Mas" WC="0.64" CC="064"/>
						<SP ID="P70_SP00158" HPOS="245" VPOS="1113" WIDTH="16"/>
						<String ID="P70_ST00177" HPOS="261" VPOS="1084" WIDTH="24" HEIGHT="29" CONTENT="al" WC="0.55" CC="44"/>
						<SP ID="P70_SP00159" HPOS="285" VPOS="1113" WIDTH="24"/>
						<String ID="P70_ST00178" HPOS="309" VPOS="1085" WIDTH="77" HEIGHT="28" CONTENT="Norte" WC="0.65" CC="06910"/>
						<SP ID="P70_SP00160" HPOS="386" VPOS="1113" WIDTH="23"/>
						<String ID="P70_ST00179" HPOS="409" VPOS="1094" WIDTH="50" HEIGHT="19" CONTENT="aun" WC="0.86" CC="201"/>
						<SP ID="P70_SP00161" HPOS="459" VPOS="1113" WIDTH="17"/>
						<String ID="P70_ST00180" HPOS="476" VPOS="1108" WIDTH="6" HEIGHT="11" CONTENT="," WC="1.00" CC="0"/>
						<SP ID="P70_SP00162" HPOS="482" VPOS="1119" WIDTH="27"/>
						<String ID="P70_ST00181" HPOS="509" VPOS="1083" WIDTH="187" HEIGHT="30" CONTENT="descubrimos" WC="0.76" CC="00601700550"/>
						<SP ID="P70_SP00163" HPOS="696" VPOS="1119" WIDTH="17"/>
						<String ID="P70_ST00182" HPOS="713" VPOS="1083" WIDTH="38" HEIGHT="30" CONTENT="las" WC="0.61" CC="109"/>
						<SP ID="P70_SP00164" HPOS="751" VPOS="1119" WIDTH="18"/>
						<String ID="P70_ST00183" HPOS="769" VPOS="1083" WIDTH="131" HEIGHT="30" CONTENT="desiertas" WC="0.80" CC="063000043"/>
						<SP ID="P70_SP00165" HPOS="900" VPOS="1119" WIDTH="30"/>
						<String ID="P70_ST00184" HPOS="930" VPOS="1083" WIDTH="94" HEIGHT="41" CONTENT="playas" WC="0.83" CC="001016"/>
						<SP ID="P70_SP00166" HPOS="1024" VPOS="1124" WIDTH="23"/>
						<String ID="P70_ST00185" HPOS="1047" VPOS="1083" WIDTH="87" HEIGHT="31" CONTENT="donde" WC="0.77" CC="06500"/>
						<SP ID="P70_SP00167" HPOS="1134" VPOS="1124" WIDTH="16"/>
						<String ID="P70_ST00186" HPOS="1150" VPOS="1094" WIDTH="27" HEIGHT="19" CONTENT="se" WC="0.68" CC="50"/>
					</TextLine>
					<TextLine ID="P70_TL00019" HPOS="149" VPOS="1139" WIDTH="1027" HEIGHT="42">
						<String ID="P70_ST00187" HPOS="149" VPOS="1141" WIDTH="103" HEIGHT="30" CONTENT="efectuó" WC="0.67" CC="0802153"/>
						<SP ID="P70_SP00168" HPOS="252" VPOS="1171" WIDTH="16"/>
						<String ID="P70_ST00188" HPOS="268" VPOS="1139" WIDTH="23" HEIGHT="31" CONTENT="el" WC="1.00" CC="00"/>
						<SP ID="P70_SP00169" HPOS="291" VPOS="1171" WIDTH="24"/>
						<String ID="P70_ST00189" HPOS="315" VPOS="1139" WIDTH="172" HEIGHT="31" CONTENT="desembarco" WC="0.69" CC="0060144426"/>
						<SP ID="P70_SP00170" HPOS="487" VPOS="1171" WIDTH="17"/>
						<String ID="P70_ST00190" HPOS="504" VPOS="1139" WIDTH="43" HEIGHT="31" CONTENT="del" WC="0.98" CC="000"/>
						<SP ID="P70_SP00171" HPOS="547" VPOS="1171" WIDTH="25"/>
						<String ID="P70_ST00191" HPOS="572" VPOS="1140" WIDTH="108" HEIGHT="40" CONTENT="ejército" WC="0.77" CC="00400453"/>
						<SP ID="P70_SP00172" HPOS="680" VPOS="1180" WIDTH="16"/>
						<String ID="P70_ST00192" HPOS="696" VPOS="1139" WIDTH="89" HEIGHT="31" CONTENT="aliado" WC="0.78" CC="160005"/>
						<SP ID="P70_SP00173" HPOS="785" VPOS="1180" WIDTH="16"/>
						<String ID="P70_ST00193" HPOS="801" VPOS="1153" WIDTH="6" HEIGHT="23" CONTENT=";" WC="1.00" CC="0"/>
						<SP ID="P70_SP00174" HPOS="807" VPOS="1180" WIDTH="30"/>
						<String ID="P70_ST00194" HPOS="837" VPOS="1139" WIDTH="177" HEIGHT="32" CONTENT="desembarco" WC="0.73" CC="0051066006"/>
						<SP ID="P70_SP00175" HPOS="1014" VPOS="1180" WIDTH="24"/>
						<String ID="P70_ST00195" HPOS="1038" VPOS="1139" WIDTH="138" HEIGHT="42" CONTENT="ejecutado" WC="0.81" CC="000027006"/>
					</TextLine>
					<TextLine ID="P70_TL00020" HPOS="149" VPOS="1195" WIDTH="1028" HEIGHT="42">
						<String ID="P70_ST00196" HPOS="149" VPOS="1207" WIDTH="48" HEIGHT="20" CONTENT="con" WC="0.70" CC="062"/>
						<SP ID="P70_SP00176" HPOS="197" VPOS="1227" WIDTH="18"/>
						<String ID="P70_ST00197" HPOS="215" VPOS="1197" WIDTH="23" HEIGHT="29" CONTENT="la" WC="1.00" CC="00"/>
						<SP ID="P70_SP00177" HPOS="238" VPOS="1227" WIDTH="16"/>
						<String ID="P70_ST00198" HPOS="254" VPOS="1196" WIDTH="199" HEIGHT="40" CONTENT="magnificencia" WC="0.75" CC="7606200036000"/>
						<SP ID="P70_SP00178" HPOS="453" VPOS="1236" WIDTH="13"/>
						<String ID="P70_ST00199" HPOS="466" VPOS="1206" WIDTH="53" HEIGHT="30" CONTENT="que" WC="0.91" CC="020"/>
						<SP ID="P70_SP00179" HPOS="519" VPOS="1236" WIDTH="11"/>
						<String ID="P70_ST00200" HPOS="530" VPOS="1196" WIDTH="56" HEIGHT="31" CONTENT="solo" WC="0.74" CC="0540"/>
						<SP ID="P70_SP00180" HPOS="586" VPOS="1236" WIDTH="17"/>
						<String ID="P70_ST00201" HPOS="603" VPOS="1197" WIDTH="38" HEIGHT="29" CONTENT="las" WC="0.70" CC="701"/>
						<SP ID="P70_SP00181" HPOS="641" VPOS="1236" WIDTH="14"/>
						<String ID="P70_ST00202" HPOS="655" VPOS="1195" WIDTH="48" HEIGHT="32" CONTENT="dos" WC="0.56" CC="066"/>
						<SP ID="P70_SP00182" HPOS="703" VPOS="1236" WIDTH="11"/>
						<String ID="P70_ST00203" HPOS="714" VPOS="1196" WIDTH="117" HEIGHT="41" CONTENT="grandes" WC="0.79" CC="0407001"/>
						<SP ID="P70_SP00183" HPOS="831" VPOS="1237" WIDTH="14"/>
						<String ID="P70_ST00204" HPOS="845" VPOS="1198" WIDTH="137" HEIGHT="39" CONTENT="potencias" WC="0.81" CC="027030003"/>
						<SP ID="P70_SP00184" HPOS="982" VPOS="1237" WIDTH="17"/>
						<String ID="P70_ST00205" HPOS="999" VPOS="1197" WIDTH="178" HEIGHT="31" CONTENT="occidentales" WC="0.74" CC="500001385006"/>
					</TextLine>
					<TextLine ID="P70_TL00021" HPOS="150" VPOS="1252" WIDTH="275" HEIGHT="40">
						<String ID="P70_ST00206" HPOS="150" VPOS="1252" WIDTH="105" HEIGHT="40" CONTENT="pueden" WC="0.66" CC="080046"/>
						<SP ID="P70_SP00185" HPOS="255" VPOS="1292" WIDTH="15"/>
						<String ID="P70_ST00207" HPOS="270" VPOS="1252" WIDTH="155" HEIGHT="40" CONTENT="desplegar." WC="0.79" CC="0730010304"/>
					</TextLine>
				</TextBlock>
				<TextBlock ID="P70_TB00006" HPOS="151" VPOS="1308" WIDTH="1030" HEIGHT="268" STYLEREFS="TXT_1 PAR_LEFT">
					<TextLine ID="P70_TL00022" HPOS="191" VPOS="1309" WIDTH="989" HEIGHT="40">
						<String ID="P70_ST00208" HPOS="191" VPOS="1309" WIDTH="32" HEIGHT="28" CONTENT="Al" WC="0.78" CC="04"/>
						<SP ID="P70_SP00186" HPOS="223" VPOS="1337" WIDTH="17"/>
						<String ID="P70_ST00209" HPOS="240" VPOS="1310" WIDTH="34" HEIGHT="27" CONTENT="fin" WC="0.75" CC="114"/>
						<SP ID="P70_SP00187" HPOS="274" VPOS="1337" WIDTH="19"/>
						<String ID="P70_ST00210" HPOS="293" VPOS="1318" WIDTH="28" HEIGHT="20" CONTENT="se" WC="1.00" CC="00"/>
						<SP ID="P70_SP00188" HPOS="321" VPOS="1338" WIDTH="16"/>
						<String ID="P70_ST00211" HPOS="337" VPOS="1310" WIDTH="122" HEIGHT="38" CONTENT="presentó" WC="0.89" CC="00040003"/>
						<SP ID="P70_SP00189" HPOS="459" VPOS="1348" WIDTH="16"/>
						<String ID="P70_ST00212" HPOS="475" VPOS="1309" WIDTH="144" HEIGHT="40" CONTENT="Eupatoria" WC="0.70" CC="030476004"/>
						<SP ID="P70_SP00190" HPOS="619" VPOS="1349" WIDTH="16"/>
						<String ID="P70_ST00213" HPOS="635" VPOS="1333" WIDTH="6" HEIGHT="11" CONTENT="," WC="1.00" CC="0"/>
						<SP ID="P70_SP00191" HPOS="641" VPOS="1349" WIDTH="18"/>
						<String ID="P70_ST00214" HPOS="659" VPOS="1319" WIDTH="69" HEIGHT="30" CONTENT="cuya" WC="1.00" CC="0000"/>
						<SP ID="P70_SP00192" HPOS="728" VPOS="1349" WIDTH="23"/>
						<String ID="P70_ST00215" HPOS="751" VPOS="1309" WIDTH="64" HEIGHT="30" CONTENT="rada" WC="0.88" CC="0400"/>
						<SP ID="P70_SP00193" HPOS="815" VPOS="1349" WIDTH="20"/>
						<String ID="P70_ST00216" HPOS="835" VPOS="1320" WIDTH="33" HEIGHT="20" CONTENT="no" WC="0.39" CC="74"/>
						<SP ID="P70_SP00194" HPOS="868" VPOS="1349" WIDTH="19"/>
						<String ID="P70_ST00217" HPOS="887" VPOS="1310" WIDTH="154" HEIGHT="31" CONTENT="ofreciendo" WC="0.83" CC="4500000700"/>
						<SP ID="P70_SP00195" HPOS="1041" VPOS="1349" WIDTH="17"/>
						<String ID="P70_ST00218" HPOS="1058" VPOS="1321" WIDTH="56" HEIGHT="20" CONTENT="mas" WC="0.92" CC="001"/>
						<SP ID="P70_SP00196" HPOS="1114" VPOS="1349" WIDTH="17"/>
						<String ID="P70_ST00219" HPOS="1131" VPOS="1321" WIDTH="49" HEIGHT="21" CONTENT="se" SUBS_TYPE="HypPart1" SUBS_CONTENT="seguridad" WC="0.73" CC="403"/>
						<HYP CONTENT="-"/>
					</TextLine>
					<TextLine ID="P70_TL00023" HPOS="151" VPOS="1365" WIDTH="1030" HEIGHT="45">
						<String ID="P70_ST00220" HPOS="151" VPOS="1365" WIDTH="112" HEIGHT="40" CONTENT="guridad" SUBS_TYPE="HypPart2" SUBS_CONTENT="seguridad" WC="0.89" CC="0600010"/>
						<SP ID="P70_SP00197" HPOS="263" VPOS="1405" WIDTH="17"/>
						<String ID="P70_ST00221" HPOS="280" VPOS="1376" WIDTH="51" HEIGHT="28" CONTENT="que" WC="0.77" CC="600"/>
						<SP ID="P70_SP00198" HPOS="331" VPOS="1405" WIDTH="12"/>
						<String ID="P70_ST00222" HPOS="343" VPOS="1365" WIDTH="24" HEIGHT="30" CONTENT="la" WC="0.77" CC="30"/>
						<SP ID="P70_SP00199" HPOS="367" VPOS="1405" WIDTH="14"/>
						<String ID="P70_ST00223" HPOS="381" VPOS="1365" WIDTH="33" HEIGHT="30" CONTENT="de" WC="0.89" CC="02"/>
						<SP ID="P70_SP00200" HPOS="414" VPOS="1405" WIDTH="17"/>
						<String ID="P70_ST00224" HPOS="431" VPOS="1365" WIDTH="23" HEIGHT="30" CONTENT="la" WC="0.72" CC="05"/>
						<SP ID="P70_SP00201" HPOS="454" VPOS="1405" WIDTH="16"/>
						<String ID="P70_ST00225" HPOS="470" VPOS="1365" WIDTH="71" HEIGHT="41" CONTENT="boya" WC="0.42" CC="6384"/>
						<SP ID="P70_SP00202" HPOS="541" VPOS="1406" WIDTH="16"/>
						<String ID="P70_ST00226" HPOS="557" VPOS="1390" WIDTH="6" HEIGHT="10" CONTENT="," WC="1.00" CC="0"/>
						<SP ID="P70_SP00203" HPOS="563" VPOS="1406" WIDTH="19"/>
						<String ID="P70_ST00227" HPOS="582" VPOS="1376" WIDTH="75" HEIGHT="20" CONTENT="como" WC="0.79" CC="0503"/>
						<SP ID="P70_SP00204" HPOS="657" VPOS="1406" WIDTH="18"/>
						<String ID="P70_ST00228" HPOS="675" VPOS="1366" WIDTH="78" HEIGHT="31" CONTENT="dicen" WC="0.86" CC="04020"/>
						<SP ID="P70_SP00205" HPOS="753" VPOS="1406" WIDTH="23"/>
						<String ID="P70_ST00229" HPOS="776" VPOS="1366" WIDTH="41" HEIGHT="31" CONTENT="los" WC="0.89" CC="011"/>
						<SP ID="P70_SP00206" HPOS="817" VPOS="1406" WIDTH="21"/>
						<String ID="P70_ST00230" HPOS="838" VPOS="1368" WIDTH="118" HEIGHT="30" CONTENT="marinos" WC="0.65" CC="7210660"/>
						<SP ID="P70_SP00207" HPOS="956" VPOS="1406" WIDTH="14"/>
						<String ID="P70_ST00231" HPOS="970" VPOS="1392" WIDTH="6" HEIGHT="11" CONTENT="," WC="0.85" CC="1"/>
						<SP ID="P70_SP00208" HPOS="976" VPOS="1406" WIDTH="19"/>
						<String ID="P70_ST00232" HPOS="995" VPOS="1378" WIDTH="44" HEIGHT="20" CONTENT="era" WC="0.87" CC="030"/>
						<SP ID="P70_SP00209" HPOS="1039" VPOS="1406" WIDTH="16"/>
						<String ID="P70_ST00233" HPOS="1055" VPOS="1380" WIDTH="63" HEIGHT="30" CONTENT="muy" WC="0.55" CC="066"/>
						<SP ID="P70_SP00210" HPOS="1118" VPOS="1410" WIDTH="16"/>
						<String ID="P70_ST00234" HPOS="1134" VPOS="1374" WIDTH="47" HEIGHT="25" CONTENT="te" SUBS_TYPE="HypPart1" SUBS_CONTENT="temible" WC="0.66" CC="603"/>
						<HYP CONTENT="-"/>
					</TextLine>
					<TextLine ID="P70_TL00024" HPOS="151" VPOS="1421" WIDTH="1030" HEIGHT="42">
						<String ID="P70_ST00235" HPOS="151" VPOS="1421" WIDTH="80" HEIGHT="31" CONTENT="mible" SUBS_TYPE="HypPart2" SUBS_CONTENT="temible" WC="0.83" CC="04300"/>
						<SP ID="P70_SP00211" HPOS="231" VPOS="1452" WIDTH="14"/>
						<String ID="P70_ST00236" HPOS="245" VPOS="1432" WIDTH="31" HEIGHT="19" CONTENT="en" WC="0.96" CC="00"/>
						<SP ID="P70_SP00212" HPOS="276" VPOS="1452" WIDTH="15"/>
						<String ID="P70_ST00237" HPOS="291" VPOS="1422" WIDTH="105" HEIGHT="40" CONTENT="aquella" WC="0.64" CC="5060552"/>
						<SP ID="P70_SP00213" HPOS="396" VPOS="1462" WIDTH="17"/>
						<String ID="P70_ST00238" HPOS="413" VPOS="1422" WIDTH="117" HEIGHT="30" CONTENT="estación" WC="0.88" CC="00003005"/>
						<SP ID="P70_SP00214" HPOS="530" VPOS="1462" WIDTH="14"/>
						<String ID="P70_ST00239" HPOS="544" VPOS="1436" WIDTH="7" HEIGHT="23" CONTENT=";" WC="0.59" CC="4"/>
						<SP ID="P70_SP00215" HPOS="551" VPOS="1462" WIDTH="20"/>
						<String ID="P70_ST00240" HPOS="571" VPOS="1433" WIDTH="16" HEIGHT="30" CONTENT="y" WC="1.00" CC="0"/>
						<SP ID="P70_SP00216" HPOS="587" VPOS="1463" WIDTH="19"/>
						<String ID="P70_ST00241" HPOS="606" VPOS="1432" WIDTH="57" HEIGHT="21" CONTENT="mas" WC="0.88" CC="030"/>
						<SP ID="P70_SP00217" HPOS="663" VPOS="1463" WIDTH="13"/>
						<String ID="P70_ST00242" HPOS="676" VPOS="1448" WIDTH="7" HEIGHT="11" CONTENT="," WC="0.56" CC="4"/>
						<SP ID="P70_SP00218" HPOS="683" VPOS="1463" WIDTH="16"/>
						<String ID="P70_ST00243" HPOS="699" VPOS="1424" WIDTH="22" HEIGHT="29" CONTENT="si" WC="0.59" CC="34"/>
						<SP ID="P70_SP00219" HPOS="721" VPOS="1463" WIDTH="16"/>
						<String ID="P70_ST00244" HPOS="737" VPOS="1423" WIDTH="66" HEIGHT="30" CONTENT="cabe" WC="0.77" CC="4021"/>
						<SP ID="P70_SP00220" HPOS="803" VPOS="1463" WIDTH="16"/>
						<String ID="P70_ST00245" HPOS="819" VPOS="1448" WIDTH="6" HEIGHT="12" CONTENT="," WC="1.00" CC="0"/>
						<SP ID="P70_SP00221" HPOS="825" VPOS="1463" WIDTH="19"/>
						<String ID="P70_ST00246" HPOS="844" VPOS="1424" WIDTH="25" HEIGHT="29" CONTENT="la" WC="0.60" CC="52"/>
						<SP ID="P70_SP00222" HPOS="869" VPOS="1463" WIDTH="12"/>
						<String ID="P70_ST00247" HPOS="881" VPOS="1424" WIDTH="76" HEIGHT="30" CONTENT="hacia" WC="0.73" CC="70006"/>
						<SP ID="P70_SP00223" HPOS="957" VPOS="1463" WIDTH="13"/>
						<String ID="P70_ST00248" HPOS="970" VPOS="1430" WIDTH="85" HEIGHT="25" CONTENT="temer" WC="0.96" CC="00002"/>
						<SP ID="P70_SP00224" HPOS="1055" VPOS="1463" WIDTH="13"/>
						<String ID="P70_ST00249" HPOS="1068" VPOS="1451" WIDTH="6" HEIGHT="11" CONTENT="," WC="0.76" CC="2"/>
						<SP ID="P70_SP00225" HPOS="1074" VPOS="1463" WIDTH="19"/>
						<String ID="P70_ST00250" HPOS="1093" VPOS="1426" WIDTH="24" HEIGHT="30" CONTENT="la" WC="0.83" CC="03"/>
						<SP ID="P70_SP00226" HPOS="1117" VPOS="1463" WIDTH="13"/>
						<String ID="P70_ST00251" HPOS="1130" VPOS="1426" WIDTH="51" HEIGHT="31" CONTENT="vis" SUBS_TYPE="HypPart1" SUBS_CONTENT="vista" WC="0.81" CC="3040"/>
						<HYP CONTENT="-"/>
					</TextLine>
					<TextLine ID="P70_TL00025" HPOS="153" VPOS="1479" WIDTH="1026" HEIGHT="43">
						<String ID="P70_ST00252" HPOS="153" VPOS="1483" WIDTH="25" HEIGHT="25" CONTENT="ta" SUBS_TYPE="HypPart2" SUBS_CONTENT="vista" WC="0.64" CC="70"/>
						<SP ID="P70_SP00227" HPOS="178" VPOS="1508" WIDTH="18"/>
						<String ID="P70_ST00253" HPOS="196" VPOS="1489" WIDTH="53" HEIGHT="30" CONTENT="que" WC="0.69" CC="062"/>
						<SP ID="P70_SP00228" HPOS="249" VPOS="1519" WIDTH="16"/>
						<String ID="P70_ST00254" HPOS="265" VPOS="1479" WIDTH="174" HEIGHT="39" CONTENT="presentaban" WC="0.67" CC="00040763416"/>
						<SP ID="P70_SP00229" HPOS="439" VPOS="1519" WIDTH="19"/>
						<String ID="P70_ST00255" HPOS="458" VPOS="1481" WIDTH="36" HEIGHT="28" CONTENT="18" WC="0.85" CC="02"/>
						<SP ID="P70_SP00230" HPOS="494" VPOS="1519" WIDTH="17"/>
						<String ID="P70_ST00256" HPOS="511" VPOS="1480" WIDTH="106" HEIGHT="39" CONTENT="buques" WC="0.79" CC="700130"/>
						<SP ID="P70_SP00231" HPOS="617" VPOS="1519" WIDTH="18"/>
						<String ID="P70_ST00257" HPOS="635" VPOS="1505" WIDTH="6" HEIGHT="11" CONTENT="," WC="1.00" CC="0"/>
						<SP ID="P70_SP00232" HPOS="641" VPOS="1519" WIDTH="22"/>
						<String ID="P70_ST00258" HPOS="663" VPOS="1482" WIDTH="14" HEIGHT="28" CONTENT="2" WC="1.00" CC="0"/>
						<SP ID="P70_SP00233" HPOS="677" VPOS="1519" WIDTH="19"/>
						<String ID="P70_ST00259" HPOS="696" VPOS="1490" WIDTH="114" HEIGHT="31" CONTENT="vapores" WC="0.86" CC="0004202"/>
						<SP ID="P70_SP00234" HPOS="810" VPOS="1521" WIDTH="16"/>
						<String ID="P70_ST00260" HPOS="826" VPOS="1506" WIDTH="6" HEIGHT="11" CONTENT="," WC="1.00" CC="0"/>
						<SP ID="P70_SP00235" HPOS="832" VPOS="1521" WIDTH="19"/>
						<String ID="P70_ST00261" HPOS="851" VPOS="1492" WIDTH="17" HEIGHT="30" CONTENT="y" WC="0.01" CC="9"/>
						<SP ID="P70_SP00236" HPOS="868" VPOS="1522" WIDTH="23"/>
						<String ID="P70_ST00262" HPOS="891" VPOS="1481" WIDTH="24" HEIGHT="30" CONTENT="el" WC="0.66" CC="06"/>
						<SP ID="P70_SP00237" HPOS="915" VPOS="1522" WIDTH="17"/>
						<String ID="P70_ST00263" HPOS="932" VPOS="1484" WIDTH="79" HEIGHT="29" CONTENT="navio" WC="0.72" CC="70014"/>
						<SP ID="P70_SP00238" HPOS="1011" VPOS="1522" WIDTH="16"/>
						<String ID="P70_ST00264" HPOS="1027" VPOS="1484" WIDTH="84" HEIGHT="30" CONTENT="Henri" WC="0.71" CC="50340"/>
						<SP ID="P70_SP00239" HPOS="1111" VPOS="1522" WIDTH="23"/>
						<String ID="P70_ST00265" HPOS="1134" VPOS="1485" WIDTH="45" HEIGHT="34" CONTENT="IV," WC="0.74" CC="303"/>
					</TextLine>
					<TextLine ID="P70_TL00026" HPOS="153" VPOS="1535" WIDTH="840" HEIGHT="41">
						<String ID="P70_ST00266" HPOS="153" VPOS="1535" WIDTH="113" HEIGHT="30" CONTENT="echados" WC="0.58" CC="5074074"/>
						<SP ID="P70_SP00240" HPOS="266" VPOS="1565" WIDTH="14"/>
						<String ID="P70_ST00267" HPOS="280" VPOS="1546" WIDTH="32" HEIGHT="19" CONTENT="en" WC="0.67" CC="06"/>
						<SP ID="P70_SP00241" HPOS="312" VPOS="1565" WIDTH="18"/>
						<String ID="P70_ST00268" HPOS="330" VPOS="1536" WIDTH="22" HEIGHT="29" CONTENT="la" WC="0.35" CC="57"/>
						<SP ID="P70_SP00242" HPOS="352" VPOS="1565" WIDTH="17"/>
						<String ID="P70_ST00269" HPOS="369" VPOS="1541" WIDTH="72" HEIGHT="25" CONTENT="costa" WC="0.71" CC="02803"/>
						<SP ID="P70_SP00243" HPOS="441" VPOS="1566" WIDTH="16"/>
						<String ID="P70_ST00270" HPOS="457" VPOS="1547" WIDTH="48" HEIGHT="19" CONTENT="con" WC="0.73" CC="043"/>
						<SP ID="P70_SP00244" HPOS="505" VPOS="1566" WIDTH="15"/>
						<String ID="P70_ST00271" HPOS="520" VPOS="1536" WIDTH="24" HEIGHT="30" CONTENT="el" WC="0.88" CC="02"/>
						<SP ID="P70_SP00245" HPOS="544" VPOS="1566" WIDTH="14"/>
						<String ID="P70_ST00272" HPOS="558" VPOS="1538" WIDTH="128" HEIGHT="38" CONTENT="temporal" WC="0.86" CC="00005022"/>
						<SP ID="P70_SP00246" HPOS="686" VPOS="1576" WIDTH="20"/>
						<String ID="P70_ST00273" HPOS="706" VPOS="1537" WIDTH="43" HEIGHT="31" CONTENT="del" WC="0.89" CC="003"/>
						<SP ID="P70_SP00247" HPOS="749" VPOS="1576" WIDTH="17"/>
						<String ID="P70_ST00274" HPOS="766" VPOS="1541" WIDTH="38" HEIGHT="27" CONTENT="14" WC="1.00" CC="00"/>
						<SP ID="P70_SP00248" HPOS="804" VPOS="1576" WIDTH="19"/>
						<String ID="P70_ST00275" HPOS="823" VPOS="1539" WIDTH="170" HEIGHT="31" CONTENT="noviembre." WC="0.63" CC="6460074600"/>
					</TextLine>
				</TextBlock>
				<TextBlock ID="P70_TB00007" HPOS="153" VPOS="1591" WIDTH="1028" HEIGHT="152" STYLEREFS="TXT_1 PAR_LEFT">
					<TextLine ID="P70_TL00027" HPOS="192" VPOS="1591" WIDTH="989" HEIGHT="43">
						<String ID="P70_ST00276" HPOS="192" VPOS="1591" WIDTH="164" HEIGHT="30" CONTENT="Fondeamos" WC="0.69" CC="552003703"/>
						<SP ID="P70_SP00249" HPOS="356" VPOS="1621" WIDTH="23"/>
						<String ID="P70_ST00277" HPOS="379" VPOS="1602" WIDTH="32" HEIGHT="20" CONTENT="en" WC="0.70" CC="05"/>
						<SP ID="P70_SP00250" HPOS="411" VPOS="1622" WIDTH="17"/>
						<String ID="P70_ST00278" HPOS="428" VPOS="1598" WIDTH="55" HEIGHT="24" CONTENT="esta" WC="0.66" CC="0362"/>
						<SP ID="P70_SP00251" HPOS="483" VPOS="1622" WIDTH="20"/>
						<String ID="P70_ST00279" HPOS="503" VPOS="1593" WIDTH="133" HEIGHT="31" CONTENT="ensenada" WC="0.77" CC="10523400"/>
						<SP ID="P70_SP00252" HPOS="636" VPOS="1624" WIDTH="17"/>
						<String ID="P70_ST00280" HPOS="653" VPOS="1594" WIDTH="87" HEIGHT="30" CONTENT="serian" WC="0.86" CC="004020"/>
						<SP ID="P70_SP00253" HPOS="740" VPOS="1624" WIDTH="28"/>
						<String ID="P70_ST00281" HPOS="768" VPOS="1595" WIDTH="39" HEIGHT="29" CONTENT="las" WC="0.71" CC="150"/>
						<SP ID="P70_SP00254" HPOS="807" VPOS="1624" WIDTH="24"/>
						<String ID="P70_ST00282" HPOS="831" VPOS="1605" WIDTH="66" HEIGHT="20" CONTENT="once" WC="0.67" CC="6600"/>
						<SP ID="P70_SP00255" HPOS="897" VPOS="1625" WIDTH="16"/>
						<String ID="P70_ST00283" HPOS="913" VPOS="1596" WIDTH="33" HEIGHT="30" CONTENT="de" WC="1.00" CC="00"/>
						<SP ID="P70_SP00256" HPOS="946" VPOS="1626" WIDTH="16"/>
						<String ID="P70_ST00284" HPOS="962" VPOS="1597" WIDTH="26" HEIGHT="29" CONTENT="la" WC="0.80" CC="30"/>
						<SP ID="P70_SP00257" HPOS="988" VPOS="1626" WIDTH="26"/>
						<String ID="P70_ST00285" HPOS="1014" VPOS="1602" WIDTH="113" HEIGHT="27" CONTENT="mañana" WC="0.82" CC="604000"/>
						<SP ID="P70_SP00258" HPOS="1127" VPOS="1629" WIDTH="15"/>
						<String ID="P70_ST00286" HPOS="1142" VPOS="1623" WIDTH="6" HEIGHT="11" CONTENT="," WC="1.00" CC="0"/>
						<SP ID="P70_SP00259" HPOS="1148" VPOS="1634" WIDTH="18"/>
						<String ID="P70_ST00287" HPOS="1166" VPOS="1599" WIDTH="15" HEIGHT="29" CONTENT="é" WC="0.71" CC="2"/>
					</TextLine>
					<TextLine ID="P70_TL00028" HPOS="153" VPOS="1647" WIDTH="1026" HEIGHT="49">
						<String ID="P70_ST00288" HPOS="153" VPOS="1647" WIDTH="230" HEIGHT="31" CONTENT="inmediatamente" WC="0.75" CC="04700020070560"/>
						<SP ID="P70_SP00260" HPOS="383" VPOS="1678" WIDTH="17"/>
						<String ID="P70_ST00289" HPOS="400" VPOS="1648" WIDTH="44" HEIGHT="30" CONTENT="fué" WC="0.86" CC="022"/>
						<SP ID="P70_SP00261" HPOS="444" VPOS="1678" WIDTH="15"/>
						<String ID="P70_ST00290" HPOS="459" VPOS="1648" WIDTH="24" HEIGHT="31" CONTENT="el" WC="1.00" CC="00"/>
						<SP ID="P70_SP00262" HPOS="483" VPOS="1679" WIDTH="17"/>
						<String ID="P70_ST00291" HPOS="500" VPOS="1649" WIDTH="105" HEIGHT="40" CONTENT="capitán" WC="0.89" CC="0000105"/>
						<SP ID="P70_SP00263" HPOS="605" VPOS="1689" WIDTH="17"/>
						<String ID="P70_ST00292" HPOS="622" VPOS="1651" WIDTH="15" HEIGHT="28" CONTENT="á" WC="0.55" CC="4"/>
						<SP ID="P70_SP00264" HPOS="637" VPOS="1689" WIDTH="16"/>
						<String ID="P70_ST00293" HPOS="653" VPOS="1655" WIDTH="168" HEIGHT="36" CONTENT="presentarse" WC="0.95" CC="00000000022"/>
						<SP ID="P70_SP00265" HPOS="821" VPOS="1691" WIDTH="14"/>
						<String ID="P70_ST00294" HPOS="835" VPOS="1651" WIDTH="24" HEIGHT="30" CONTENT="al" WC="0.84" CC="30"/>
						<SP ID="P70_SP00266" HPOS="859" VPOS="1691" WIDTH="16"/>
						<String ID="P70_ST00295" HPOS="875" VPOS="1652" WIDTH="157" HEIGHT="32" CONTENT="intendente" WC="0.79" CC="0070600402"/>
						<SP ID="P70_SP00267" HPOS="1032" VPOS="1691" WIDTH="17"/>
						<String ID="P70_ST00296" HPOS="1049" VPOS="1664" WIDTH="62" HEIGHT="32" CONTENT="para" WC="0.53" CC="0755"/>
						<SP ID="P70_SP00268" HPOS="1111" VPOS="1696" WIDTH="16"/>
						<String ID="P70_ST00297" HPOS="1127" VPOS="1665" WIDTH="52" HEIGHT="31" CONTENT="que" WC="0.85" CC="040"/>
					</TextLine>
					<TextLine ID="P70_TL00029" HPOS="153" VPOS="1702" WIDTH="433" HEIGHT="41">
						<String ID="P70_ST00298" HPOS="153" VPOS="1713" WIDTH="47" HEIGHT="19" CONTENT="nos" WC="0.56" CC="660"/>
						<SP ID="P70_SP00269" HPOS="200" VPOS="1732" WIDTH="16"/>
						<String ID="P70_ST00299" HPOS="216" VPOS="1702" WIDTH="158" HEIGHT="41" CONTENT="descargara" WC="0.64" CC="0711629700"/>
						<SP ID="P70_SP00270" HPOS="374" VPOS="1743" WIDTH="14"/>
						<String ID="P70_ST00300" HPOS="388" VPOS="1709" WIDTH="96" HEIGHT="26" CONTENT="cuanto" WC="0.51" CC="066176"/>
						<SP ID="P70_SP00271" HPOS="484" VPOS="1743" WIDTH="16"/>
						<String ID="P70_ST00301" HPOS="500" VPOS="1710" WIDTH="86" HEIGHT="25" CONTENT="antes." WC="0.76" CC="504031"/>
					</TextLine>
				</TextBlock>
				<TextBlock ID="P70_TB00008" HPOS="154" VPOS="1761" WIDTH="1029" HEIGHT="97" STYLEREFS="TXT_1 PAR_LEFT">
					<TextLine ID="P70_TL00030" HPOS="195" VPOS="1761" WIDTH="988" HEIGHT="48">
						<String ID="P70_ST00302" HPOS="195" VPOS="1761" WIDTH="60" HEIGHT="29" CONTENT="Este" WC="0.67" CC="0632"/>
						<SP ID="P70_SP00272" HPOS="255" VPOS="1790" WIDTH="16"/>
						<String ID="P70_ST00303" HPOS="271" VPOS="1766" WIDTH="95" HEIGHT="24" CONTENT="cuanto" WC="0.73" CC="045600"/>
						<SP ID="P70_SP00273" HPOS="366" VPOS="1790" WIDTH="13"/>
						<String ID="P70_ST00304" HPOS="379" VPOS="1766" WIDTH="74" HEIGHT="25" CONTENT="antes" WC="0.70" CC="02623"/>
						<String ID="P70_ST00305" HPOS="467" VPOS="1786" WIDTH="6" HEIGHT="9" CONTENT="," WC="1.00" CC="0"/>
						<SP ID="P70_SP00274" HPOS="473" VPOS="1795" WIDTH="19"/>
						<String ID="P70_ST00306" HPOS="492" VPOS="1772" WIDTH="27" HEIGHT="19" CONTENT="es" WC="0.43" CC="56"/>
						<SP ID="P70_SP00275" HPOS="519" VPOS="1795" WIDTH="16"/>
						<String ID="P70_ST00307" HPOS="535" VPOS="1762" WIDTH="24" HEIGHT="29" CONTENT="lo" WC="0.72" CC="05"/>
						<SP ID="P70_SP00276" HPOS="559" VPOS="1795" WIDTH="17"/>
						<String ID="P70_ST00308" HPOS="576" VPOS="1773" WIDTH="51" HEIGHT="30" CONTENT="que" WC="0.88" CC="030"/>
						<SP ID="P70_SP00277" HPOS="627" VPOS="1803" WIDTH="17"/>
						<String ID="P70_ST00309" HPOS="644" VPOS="1773" WIDTH="45" HEIGHT="20" CONTENT="era" WC="0.83" CC="040"/>
						<SP ID="P70_SP00278" HPOS="689" VPOS="1803" WIDTH="15"/>
						<String ID="P70_ST00310" HPOS="704" VPOS="1764" WIDTH="212" HEIGHT="31" CONTENT="materialmente" WC="0.66" CC="0503004397250"/>
						<SP ID="P70_SP00279" HPOS="916" VPOS="1803" WIDTH="17"/>
						<String ID="P70_ST00311" HPOS="933" VPOS="1767" WIDTH="144" HEIGHT="40" CONTENT="imposible" WC="0.85" CC="020050112"/>
						<SP ID="P70_SP00280" HPOS="1077" VPOS="1807" WIDTH="14"/>
						<String ID="P70_ST00312" HPOS="1091" VPOS="1781" WIDTH="6" HEIGHT="23" CONTENT=";" WC="1.00" CC="0"/>
						<SP ID="P70_SP00281" HPOS="1097" VPOS="1807" WIDTH="20"/>
						<String ID="P70_ST00313" HPOS="1117" VPOS="1778" WIDTH="66" HEIGHT="31" CONTENT="pues" WC="0.85" CC="0320"/>
					</TextLine>
					<TextLine ID="P70_TL00031" HPOS="154" VPOS="1815" WIDTH="1028" HEIGHT="43">
						<String ID="P70_ST00314" HPOS="154" VPOS="1816" WIDTH="40" HEIGHT="29" CONTENT="los" WC="0.80" CC="005"/>
						<SP ID="P70_SP00282" HPOS="194" VPOS="1845" WIDTH="16"/>
						<String ID="P70_ST00315" HPOS="210" VPOS="1815" WIDTH="144" HEIGHT="30" CONTENT="lanchones" WC="0.69" CC="320065603"/>
						<SP ID="P70_SP00283" HPOS="354" VPOS="1845" WIDTH="16"/>
						<String ID="P70_ST00316" HPOS="370" VPOS="1816" WIDTH="32" HEIGHT="30" CONTENT="de" WC="1.00" CC="00"/>
						<SP ID="P70_SP00284" HPOS="402" VPOS="1846" WIDTH="17"/>
						<String ID="P70_ST00317" HPOS="419" VPOS="1827" WIDTH="51" HEIGHT="30" CONTENT="que" WC="0.87" CC="012"/>
						<SP ID="P70_SP00285" HPOS="470" VPOS="1857" WIDTH="13"/>
						<String ID="P70_ST00318" HPOS="483" VPOS="1818" WIDTH="123" HEIGHT="40" CONTENT="disponía" WC="0.59" CC="86504043"/>
						<SP ID="P70_SP00286" HPOS="606" VPOS="1858" WIDTH="15"/>
						<String ID="P70_ST00319" HPOS="621" VPOS="1824" WIDTH="56" HEIGHT="25" CONTENT="esta" WC="0.85" CC="0104"/>
						<SP ID="P70_SP00287" HPOS="677" VPOS="1858" WIDTH="16"/>
						<String ID="P70_ST00320" HPOS="693" VPOS="1819" WIDTH="169" HEIGHT="32" CONTENT="intendencia" WC="0.82" CC="07600005000"/>
						<SP ID="P70_SP00288" HPOS="862" VPOS="1858" WIDTH="16"/>
						<String ID="P70_ST00321" HPOS="878" VPOS="1846" WIDTH="6" HEIGHT="10" CONTENT="," WC="0.88" CC="1"/>
						<SP ID="P70_SP00289" HPOS="884" VPOS="1858" WIDTH="20"/>
						<String ID="P70_ST00322" HPOS="904" VPOS="1823" WIDTH="111" HEIGHT="31" CONTENT="estaban" WC="0.78" CC="0427000"/>
						<SP ID="P70_SP00290" HPOS="1015" VPOS="1858" WIDTH="15"/>
						<String ID="P70_ST00323" HPOS="1030" VPOS="1824" WIDTH="75" HEIGHT="31" CONTENT="lodos" WC="0.84" CC="02013"/>
						<SP ID="P70_SP00291" HPOS="1105" VPOS="1858" WIDTH="14"/>
						<String ID="P70_ST00324" HPOS="1119" VPOS="1835" WIDTH="63" HEIGHT="21" CONTENT="ocu-" WC="0.76" CC="3040"/>
					</TextLine>
				</TextBlock>
			</PrintSpace>
		</Page>
	</Layout>
</alto>
