1241 2180
519 122 180 28 173

99 182 132 31 virtuosas
249 195 16 29 y
281 183 119 31 amables
416 185 117 40 mujeres
549 196 48 20 con
612 189 51 38 qué
680 186 164 43 abnegación
872 199 28 20 se
923 190 159 30 constituían
1099 189 24 30 la

99 239 78 41 égida
191 240 33 30 de
237 240 123 40 aquellos
374 240 154 32 desvalidos
543 267 5 11 ,
564 253 33 20 no
614 254 41 19 me
667 250 167 35 avergüenzo
847 245 147 32 confesarlo
1008 272 5 10 ,
1032 247 39 30 las
1085 246 38 31 lá-

99 296 100 41 grimas
212 306 140 21 asomaron
365 299 14 29 á
396 298 51 29 mis
463 298 67 39 ojos.

142 353 22 30 A
182 353 74 30 todos
281 354 123 40 aquellos
426 354 152 37 inválidos,
608 356 41 29 sin
663 362 140 36 esceptuar
820 358 38 30 los
871 368 56 21 mas
938 359 128 30 aliviados
1079 384 7 12 ,
1111 361 13 29 á

100 410 66 30 cada
183 421 54 19 uno
267 422 86 29 segun
369 422 31 20 su
430 412 90 32 estado
530 439 5 10 ,
552 414 132 40 repartían
699 415 61 29 vino
773 439 6 11 ,
798 414 140 32 bizcochos
951 442 6 9 ,
971 417 122 40 naranjas
1109 428 15 29 y

101 472 71 25 oirás
189 467 159 32 chucherías
362 478 63 32 para
439 469 173 30 confortarles
627 483 6 22 ;
651 470 58 30 lodo
722 472 23 28 lo
762 472 58 29 cual
838 472 79 30 Iraian
931 472 91 31 dentro
1034 473 32 31 de
1078 483 46 21 ca-

100 529 90 26 nastos
204 549 5 11 ,
226 525 162 41 mendigado
401 551 5 10 ,
422 527 54 29 casi
490 526 57 30 diré
564 526 33 30 de
609 532 94 36 puerta
720 538 31 19 en
769 533 91 35 puerla
874 554 6 10 ,
899 539 63 30 para
980 535 40 25 lan
1035 530 86 41 piado-

101 593 30 19 so
151 583 46 28 sin.

143 650 6 28 ¡
164 639 117 31 Cuántas
297 638 142 32 alabanzas
456 650 123 20 merecen
592 650 59 20 esas
664 641 149 41 discípulas
824 641 32 30 de
874 647 41 24 tan
928 641 120 31 benéfica
1064 643 60 29 ins-

102 697 110 28 titución
226 698 5 27 !

143 754 84 29 Tanta
241 763 45 20 era
309 753 23 30 la
346 753 128 30 ansiedad
495 764 51 30 que
559 753 128 42 padecían
704 754 121 42 aquellos
839 754 57 31 dias
909 754 40 31 los
965 755 68 41 jefes
1054 756 73 30 resi-

101 809 93 32 dentes
211 821 31 19 en
257 811 217 41 Constantinopla
487 810 33 31 de
533 810 78 31 saber
626 811 23 30 el
663 811 135 31 resultado
814 811 41 31 del
869 811 162 31 bombardeo
1045 837 5 10 ,
1076 823 51 30 que

102 868 34 29 de
164 879 30 18 su
221 873 74 35 parle
311 892 6 11 ,
344 879 14 29 y
375 878 32 19 en
424 868 128 29 comisión
563 892 5 11 ,
588 869 64 39 pasó
664 868 24 29 al
713 873 132 24 momento
869 879 34 19 un
920 869 84 29 oficial
1021 868 33 30 de
1076 869 51 30 alta

103 926 165 42 graduación
286 926 13 30 á
316 924 84 31 bordo
413 950 6 11 ,
437 935 62 30 para
523 924 181 31 conferenciar
717 936 48 19 con
782 925 39 30 los
845 924 116 31 oficiales
977 936 51 29 que
1043 927 84 28 traía-

101 995 59 19 mos
173 995 15 29 y
201 983 130 30 escuchar
347 983 23 30 el
381 983 85 40 juicio
480 993 51 30 que
548 982 130 31 hubiesen
695 981 118 32 formado
827 981 42 31 del
886 981 90 31 eslado
992 982 42 30 del
1050 981 77 31 bom-

101 1040 102 31 bardeo
218 1052 7 24 ;
253 1049 58 20 mas
331 1042 95 37 reparé
452 1048 53 31 que
521 1063 6 10 ,
562 1048 61 30 para
640 1049 33 19 no
689 1039 114 29 incurrir
816 1044 184 35 seguramenle
1016 1049 32 19 en
1065 1049 62 20 res-

102 1096 189 41 ponsabilidad
307 1121 5 10 ,
329 1096 76 30 lodos
422 1106 28 20 se
466 1095 149 30 escusaban
629 1106 49 19 con
695 1096 123 39 palabras
828 1096 132 30 evasivas.

143 1152 230 32 Desembarcados
386 1162 33 31 ya
430 1162 79 20 sanos
523 1162 17 30 y
552 1151 119 36 heridos,
684 1151 138 41 dirigimos
833 1157 121 25 nuestras
966 1153 78 29 miras
1056 1153 14 29 á
1082 1152 44 30 ha-

101 1222 45 21 cer
162 1211 100 30 carbón
279 1211 40 29 sin
342 1210 124 30 tardanza
480 1234 6 11 ,
505 1220 48 20 con
572 1210 23 29 el
612 1210 108 40 aguijón
737 1220 52 30 que
802 1212 142 27 sentíamos
960 1209 33 30 de
1006 1219 121 31 regresar

100 1274 98 25 cuanto
214 1272 74 25 antes
305 1268 13 28 á
332 1266 141 35 Marsella,
504 1275 30 31 ya
559 1276 52 30 que
627 1265 121 40 aquellos
761 1265 57 30 dias
832 1277 28 19 se
884 1266 121 30 concluía
1021 1266 24 29 la
1060 1276 67 20 con-

101 1331 66 25 trata
181 1324 201 39 pendienlecon
397 1322 22 30 el
437 1322 134 31 Gobierno
585 1321 112 31 francés.

143 1383 66 29 Pero
224 1406 6 7 ,
249 1391 49 19 con
315 1390 65 31 gran
396 1388 123 31 sorpresa
535 1378 33 30 de
584 1383 107 25 nuesira
708 1383 73 35 parle
795 1403 6 11 ,
821 1388 47 20 nos
879 1378 141 30 comunicó
1043 1377 22 30 el
1080 1379 50 28 In-

100 1438 127 32 tendente
244 1449 52 29 que
313 1437 23 29 el
359 1436 149 30 «Tharsis»
527 1434 122 43 quedaba
667 1439 175 26 nuevamente
855 1434 207 40 comprometido
1080 1444 49 31 pa-

100 1505 29 21 ra
146 1495 92 40 seguir
253 1493 44 31 del
315 1493 96 30 mismo
427 1492 80 30 modo
523 1503 49 30 por
587 1497 91 24 cuatro
695 1501 87 20 meses
798 1500 57 21 mas
868 1515 5 11 ,
890 1500 84 30 segun
991 1500 28 19 se
1036 1490 24 30 lo
1076 1489 54 31 ha-

99 1552 44 31 bia
172 1551 142 31 nulificado
341 1550 23 31 el
392 1548 183 32 comisionado
605 1548 33 30 de
666 1548 39 30 las
718 1552 133 26 conlratas
867 1546 33 30 de
922 1548 164 28 flelamentos
1098 1556 32 20 en

100 1608 125 31 Marsella
239 1632 7 11 ,
272 1618 15 30 y
313 1618 52 30 que
390 1617 48 31 por
453 1605 187 41 consiguiente
655 1615 46 20 nos
714 1604 202 41 preparásemos
927 1612 63 31 para
1006 1602 23 30 ir
1044 1603 13 29 á
1075 1604 55 28 Es-

100 1666 85 30 mirna
203 1666 12 29 á
230 1675 94 29 cargar
336 1664 114 40 bueyes.

143 1724 82 29 Como
237 1726 122 26 nosotros
374 1732 32 19 no
422 1720 174 31 hubiésemos
609 1718 120 31 recibido
742 1718 75 30 aviso
828 1716 33 31 de
873 1716 144 40 semejante
1033 1717 97 39 próro-

100 1789 34 30 ga
149 1803 6 11 ,
175 1789 49 19 nos
248 1778 138 41 opusimos
402 1779 12 29 á
442 1776 75 31 darle
530 1775 210 41 cumplimiento.
757 1774 28 29 El
802 1772 156 31 Intendente
988 1772 40 30 sin
1045 1781 85 21 escu-

100 1836 65 32 char
181 1846 110 20 razones
308 1846 47 19 nos
371 1834 119 35 forzaba,
509 1844 29 19 so
565 1842 68 32 pena
656 1832 33 30 de
706 1831 162 35 multarnos,
887 1830 13 30 á
915 1829 167 30 continuará
1098 1838 31 20 su

102 1894 165 40 disposición
281 1918 6 11 ,
320 1891 201 31 mandándonos
545 1891 40 30 sin
607 1890 110 42 pérdida
741 1889 33 29 de
800 1889 98 40 tiempo
911 1886 137 42 operarios
1074 1896 52 30 que
