1241 2180
638 137 16 18 X

140 203 47 22 ron
212 193 99 30 hechos
338 192 173 40 prisioneros,
531 202 17 30 y
564 191 56 30 solo
639 193 56 28 400
710 189 131 43 pudieron
866 189 121 31 salvarse
1013 188 33 31 de
1062 186 107 43 aquella

140 249 149 40 desgracia.
309 250 27 28 El
354 248 139 30 almirante
508 248 101 30 Osman
630 248 61 29 voló
706 258 32 19 en
755 258 31 19 su
798 256 68 20 nave
880 246 138 41 Capitana.

181 305 81 40 Llega
279 309 55 26 esta
350 304 96 31 noticia
462 304 15 30 á
493 304 39 30 los
545 303 146 31 soberanos
704 303 32 30 de
751 303 38 30 las
806 303 137 40 potencias
959 313 53 29 que
1034 311 28 20 se
1086 311 80 20 mos-

140 362 90 30 traban
243 367 162 36 protectoras
418 373 5 19 :
443 361 81 31 arden
543 361 38 30 los
597 361 102 30 ánimos
715 371 32 20 en
770 361 68 30 vista
852 359 33 32 de
907 364 105 26 tamaño
1028 359 137 34 atentado,

139 428 17 31 y
168 417 113 30 mandan
293 423 87 25 entrar
395 428 46 19 sus
456 417 143 30 escuadras
621 427 32 20 en
675 417 23 30 el
725 418 56 29 Mar
797 418 99 39 Negro,
916 414 194 33 verificándolo
1133 425 33 21 en

139 475 87 29 medio
241 474 33 31 de
287 484 51 20 una
355 475 81 29 lluvia
452 474 147 30 fuertísima
612 474 24 29 el
653 475 16 28 3
682 473 34 30 de
729 484 80 19 enero
825 473 33 30 de
876 475 92 28 1854.
988 474 35 28 La
1041 472 123 30 francesa

140 541 27 21 se
180 531 137 41 componía
328 530 33 31 de
373 533 15 28 3
406 532 93 29 navios
514 530 33 31 de
565 532 70 35 120,
665 532 14 28 1
695 530 33 30 de
746 532 70 35 100,
843 531 15 29 3
876 529 34 31 de
932 531 50 34 90,
999 540 15 30 y
1027 531 13 28 1
1061 529 33 30 de
1107 531 54 34 86;

140 599 16 19 o
173 597 112 32 vapores
311 598 49 20 con
386 589 36 29 82
449 591 126 32 cañones,
594 598 16 31 y
628 589 15 28 2
658 586 116 42 fragatas
792 596 49 22 con
869 589 53 28 48:
952 585 44 31 iba
1018 585 24 31 al
1067 585 97 31 mando

137 644 43 30 del
194 644 138 29 almirante
346 643 135 30 Hamelin.
497 645 35 28 La
548 643 104 41 inglesa
664 642 127 31 constaba
803 643 34 30 de
860 645 15 28 3
898 644 94 29 navios
1008 642 33 31 de
1056 644 71 35 120,
1146 644 16 28 4

137 700 33 30 de
184 702 48 34 90,
249 702 15 28 3
282 710 112 31 vapores
410 700 33 30 de
469 700 104 30 tornillo
584 710 49 20 con
652 701 71 35 240,
740 701 13 28 1
774 700 99 40 fragata
890 700 33 30 de
946 701 37 29 50
1000 710 18 30 y
1036 701 15 28 9
1067 709 94 31 vapo-

134 767 43 21 res
192 767 48 21 con
258 760 57 28 110
328 762 127 26 cañones:
472 757 24 30 la
507 757 130 30 mandaba
651 758 23 29 el
688 757 140 31 almirante
842 757 124 31 Dundas.

179 814 184 41 Complícanse
388 814 40 31 las
457 814 204 41 negociaciones
675 839 6 11 ,
698 824 17 31 y
731 814 149 41 principian
898 815 14 29 á
929 813 122 31 marchar
1075 818 87 36 tropas

134 870 136 31 francesas
279 872 14 28 é
306 871 117 40 inglesas
435 872 14 28 á
460 871 124 35 Oriente;
600 871 74 29 hasla
686 881 52 30 que
750 880 33 31 ya
799 871 25 29 el
839 872 37 28 27
890 871 33 30 de
936 881 87 19 marzo
1037 871 33 29 de
1084 872 78 29 1854

135 927 135 37 declaran,
289 927 25 30 la
324 927 74 30 reina
412 927 116 30 Victoria
540 937 47 30 por
603 926 87 30 medio
703 926 33 30 de
749 937 35 19 un
799 927 119 40 mensaje
942 927 25 29 al
985 927 176 41 parlamento,

135 995 18 30 y
165 984 132 41 Napoleón
313 986 35 28 III
364 994 47 31 por
423 989 56 25 olro
492 983 23 31 al
532 994 99 30 cuerpo
648 983 164 41 legislativo,
832 984 24 30 la
873 994 96 31 guerra
984 985 24 30 al
1021 986 74 30 Czar.

177 1041 124 30 Mientras
315 1051 51 30 que
378 1051 27 19 se
419 1040 110 30 reunían
546 1039 40 31 los
604 1040 122 40 ejércitos
742 1040 103 31 aliados
861 1051 32 20 en
907 1041 115 41 Galípoli
1035 1052 17 30 y
1069 1043 93 29 Cons-

136 1097 153 40 tantinopla,
305 1107 15 30 y
344 1106 55 20 mas
422 1096 71 30 larde
518 1107 33 19 en
571 1097 87 29 Varna
682 1107 16 30 y
714 1096 136 36 Balchick,
864 1098 134 30 sostenían
1017 1098 38 30 las
1072 1108 87 21 armas

137 1159 86 24 turcas
234 1163 49 20 con
300 1153 81 29 honra
405 1164 17 29 y
443 1163 61 30 prez
520 1153 24 29 la
560 1153 111 39 palanca
685 1152 32 30 de
744 1153 24 29 la
785 1163 95 30 guerra
897 1159 92 25 contra
1006 1154 39 30 las
1062 1154 98 31 bravas

135 1215 89 35 tropas
240 1209 168 30 Moscovitas.
427 1210 72 28 Buen
516 1209 115 40 ejemplo
646 1209 33 30 de
696 1209 51 30 ello
761 1209 43 30 fué
820 1210 24 29 el
858 1211 60 29 sitio
932 1210 32 31 de
977 1211 116 30 Silistria
1109 1222 53 31 que

134 1265 172 31 defendieron
319 1270 42 25 lan
377 1264 205 36 heroicamente,
601 1264 75 31 hasla
692 1265 24 30 el
732 1270 115 27 eslrerao
871 1266 34 31 de
922 1268 101 29 tenerlo
1040 1279 55 29 que
1112 1268 49 31 le-

134 1327 93 26 vantar
248 1322 39 31 los
313 1331 78 21 rusos
414 1321 253 31 infructuosamente
697 1321 117 42 después
841 1323 32 31 de
902 1326 36 28 55
968 1324 58 31 dias
1042 1325 34 31 de
1094 1336 68 20 sos-

134 1379 111 29 tenerlo.

174 1436 37 29 La
227 1434 128 31 escuadra
371 1434 86 30 aliada
469 1444 28 20 se
513 1434 116 41 paseaba
642 1446 47 29 por
700 1436 24 29 el
741 1437 55 29 Mar
814 1438 86 39 Negro
913 1437 41 31 sin
971 1443 138 26 atreverse
1123 1439 38 30 los

133 1502 75 21 rusos
224 1493 15 29 á
260 1492 63 30 salir
347 1491 33 31 de
402 1491 169 41 Sebastopol,
590 1492 39 30 sin
650 1492 128 42 embargo
808 1504 51 31 que
873 1495 114 30 contaba
1004 1507 31 18 su
1052 1496 109 31 armada

132 1558 48 21 con
198 1551 37 28 14
251 1550 93 29 navios
360 1547 32 31 de
409 1551 36 28 80
460 1549 13 29 á
488 1550 58 29 120
569 1553 126 32 cañones,
711 1551 16 28 8
745 1550 116 41 fragatas
877 1551 33 31 de
929 1554 37 29 50
980 1554 15 29 á
1011 1556 51 34 60,
1077 1556 15 29 3
1111 1564 50 21 va-

132 1615 89 30 pores,
236 1615 17 30 y
267 1606 36 28 15
321 1609 73 25 enlre
405 1604 121 30 corbetas
540 1615 14 30 y
571 1604 106 41 buques
691 1616 134 20 menores.

172 1661 46 28 Así
231 1671 29 18 es
272 1670 53 30 que
341 1659 121 41 aquellos
476 1659 23 30 el
511 1661 36 28 22
562 1658 33 31 de
607 1659 68 31 abril
689 1660 33 30 de
731 1662 80 29 1854
825 1673 27 19 se
866 1669 175 34 presentaron
1056 1665 106 31 delante

130 1716 33 30 de
179 1717 103 29 Odessa
297 1740 7 12 ,
326 1727 16 30 y
368 1716 222 40 aproximándose
609 1719 15 27 9
642 1727 113 32 vapores
772 1718 213 33 bombardearon
999 1723 13 29 á
1032 1734 30 18 su
1083 1723 79 31 sabor

130 1773 39 30 las
180 1772 114 31 balerías
311 1783 17 30 y
339 1777 94 36 puerto
449 1772 109 37 militar,
573 1774 135 30 causando
721 1775 24 30 la
758 1777 75 28 ruina
850 1776 34 30 de
911 1778 112 31 muchos
1049 1781 107 41 buques

130 1834 147 26 mercantes
302 1839 76 19 rusos
404 1839 15 30 y
439 1829 121 40 griegos,
576 1840 15 31 y
607 1829 33 31 de
653 1833 14 28 1
683 1831 107 31 corbeta
806 1833 34 31 de
856 1844 108 30 guerra,
979 1836 61 30 todo
1053 1847 32 20 en
1106 1848 51 20 re-

128 1887 128 41 presalias
272 1885 43 31 del
332 1885 156 32 descalabro
500 1887 33 30 de
548 1888 111 40 Sinope.
