1241 2180
517 123 159 26 95

80 180 72 30 lindo
166 191 15 30 y
193 181 109 31 aseado.
323 184 35 29 La
374 183 110 41 circuye
500 184 97 40 alguna
622 184 123 30 fortaleza
761 208 5 11 ,
785 195 31 19 en
831 184 86 31 donde
944 186 23 29 el
985 185 123 41 pabellón

79 238 92 30 Jónico
191 237 105 37 ondea,
316 238 61 41 bajo
400 240 23 29 la
448 240 189 40 salvaguardia
654 240 43 29 del
722 240 112 30 soldado
861 241 97 41 inglés.
980 242 128 39 ¡Cuántas

81 296 145 29 anomalías
243 296 137 30 consiente
398 296 24 30 la
438 297 107 39 política
562 296 32 30 de
611 296 39 31 las
666 297 140 31 naciones!

124 355 79 29 Hasla
230 353 24 30 el
273 355 37 28 24
328 363 48 31 por
392 353 23 30 la
443 353 72 31 larde
532 364 32 20 no
582 355 179 40 principiaron
788 356 15 29 á
820 361 119 25 traernos
955 356 23 30 el
996 357 111 34 carbón,

81 420 49 31 por
152 418 124 27 manera,
295 420 52 31 que
365 410 23 30 la
405 410 176 30 Nochebuena
595 435 5 10 ,
631 411 23 29 la
682 421 122 30 pasamos
821 417 74 25 enlre
912 423 51 19 una
988 412 71 31 nube
1076 412 33 31 de

82 467 78 41 polvo
176 467 32 29 de
227 472 41 24 tan
284 469 75 28 sucio
388 467 120 30 mineral.
540 467 62 31 Solo
629 478 64 30 que,
727 478 62 31 para
807 468 146 31 celebrarla
978 479 31 20 en
1037 470 72 39 algo,

82 534 48 21 nos
142 524 128 30 comimos
284 533 52 21 una
348 524 77 40 cajila
438 523 33 31 de
486 534 34 19 un
538 523 133 31 escelente
686 523 79 31 dulce
782 530 85 31 turco,
886 523 42 31 del
942 525 60 30 cual
1019 525 91 30 llevá-

83 580 92 31 bamos
192 580 113 41 algunas
320 580 72 41 cajas
406 589 61 31 para
481 579 144 42 obsequiar
641 581 13 29 á
669 586 121 25 nuestras
803 580 114 31 familias
931 594 7 22 ;
958 592 16 30 y
985 591 49 20 nos
1055 581 55 30 be-

83 637 85 30 bimos
184 661 5 10 ,
207 637 66 30 cada
290 637 58 29 cual
363 662 4 9 ,
389 646 50 20 una
456 637 88 29 buena
558 647 66 30 copa
641 636 33 30 de
687 638 76 39 añejo
777 638 135 30 moscatel.

124 694 32 31 Al
178 694 146 41 despuntar
340 694 23 31 el
387 694 96 31 festivo
505 694 44 31 dia
564 720 6 10 ,
586 705 63 30 para
674 694 59 31 toda
749 695 24 30 la
790 694 163 31 cristiandad
969 695 143 31 celebrado

85 761 48 20 con
150 751 141 40 espansivo
305 750 100 41 júbilo,
423 760 32 20 en
474 760 53 31 que
545 750 24 30 el
585 751 133 30 Redentor
744 750 43 31 del
804 753 99 39 género
919 751 114 30 humano
1050 752 62 30 vino

86 818 32 19 en
135 807 22 30 el
174 807 110 36 mundo,
303 813 121 24 nosotros
440 832 6 11 ,
465 807 76 30 fieles
567 808 15 29 á
599 813 107 24 nuestro
734 808 191 40 compromiso,
950 808 107 30 salimos
1079 808 33 30 de

88 865 78 29 Zante
181 874 63 29 para
260 864 143 39 dirigirnos
420 865 14 28 á
445 864 90 29 Malla.

130 920 29 30 El
182 921 96 39 tiempo
292 931 28 19 se
333 920 158 41 presentaba
505 921 119 40 regular,
642 932 15 30 y
670 925 107 26 nuestra
790 920 167 31 satisfacción
974 931 33 20 no
1019 931 28 20 se
1058 931 54 21 en-

90 976 124 31 contraba
228 1002 6 10 ,
253 987 52 29 que
320 977 121 39 digamos
455 1002 6 11 ,
480 977 145 30 resentida.

133 1034 31 29 Al
178 1033 85 31 medio
277 1033 42 31 dia
334 1058 5 11 ,
358 1044 119 31 empero,
494 1044 77 20 como
583 1043 64 32 para
660 1043 33 21 no
707 1043 96 20 vernos
817 1033 81 30 libres
911 1033 33 30 de
958 1038 152 31 tormentos,

89 1101 169 20 comenzaron
277 1091 14 29 á
307 1091 150 30 levantarse
473 1090 99 30 densos
588 1090 166 30 nubarrones
767 1090 33 30 de
814 1091 24 28 la
851 1096 73 34 parte
936 1090 42 29 del
992 1090 76 30 Golfo
1080 1091 32 29 de

87 1149 122 34 Tárenlo,
236 1148 72 30 señal
336 1157 158 32 precursora
511 1147 33 30 de
557 1148 89 29 viento
662 1146 82 37 duro;
766 1158 27 30 y,
813 1146 212 36 efectivamente,
1041 1148 14 30 á
1074 1148 38 29 las

88 1204 47 30 dos
148 1204 31 30 de
194 1204 22 30 la
229 1204 72 31 tarde
318 1215 28 20 se
363 1204 120 36 declaró,
502 1204 181 41 acompañada
705 1214 48 32 por
768 1214 35 20 un
820 1203 134 32 chubasco
970 1204 33 30 de
1020 1205 91 35 nieve,

91 1261 23 30 la
131 1262 147 40 impetuosa
293 1267 173 25 tremonlana.

129 1319 94 29 Pronto
235 1318 39 30 los
290 1319 94 40 golpes
397 1318 33 30 de
442 1328 67 25 mar,
526 1318 122 30 lomando
660 1318 121 29 crecidas
797 1317 98 30 formas
909 1342 6 10 ,
932 1318 118 29 hicieron
1063 1318 49 30 ba-

87 1375 105 31 lancear
207 1376 25 30 el
249 1385 82 31 vapor
348 1375 24 30 lo
398 1376 96 30 mismo
516 1384 52 31 que
582 1373 105 31 cuando
704 1384 27 20 se
755 1384 74 20 mece
843 1373 205 31 violentamente
1063 1384 50 20 una

88 1442 79 20 cuna.

129 1489 84 41 Aquel
230 1489 43 30 dia
289 1500 31 18 en
335 1499 52 31 que
400 1488 61 30 lodo
473 1488 23 29 el
510 1487 72 31 Orbe
599 1488 136 34 cristiano,
754 1497 49 30 por
815 1497 65 30 poco
894 1496 53 31 que
963 1497 28 19 se
1004 1487 24 29 lo
1044 1497 69 30 per-

87 1546 63 30 mita
163 1556 30 20 su
208 1546 116 40 posición
339 1547 13 30 á
369 1544 66 32 cada
453 1555 62 25 uno,
533 1554 65 30 goza
614 1555 32 19 en
663 1544 25 30 la
713 1544 104 30 comida
842 1543 33 30 de
892 1544 125 30 sabrosos
1033 1554 82 30 pavos

86 1602 116 31 rellenos
218 1627 6 11 ,
243 1603 32 29 de
291 1603 69 30 ricas
384 1605 144 28 confituras
542 1627 6 11 ,
567 1612 16 30 y
605 1600 34 32 de
665 1601 40 30 los
722 1600 136 32 delicados
884 1606 120 26 turrones
1014 1626 6 11 ,
1036 1601 79 42 aquel

88 1659 43 30 dia
146 1684 6 11 ,
172 1670 47 19 nos
240 1660 84 29 vimos
353 1664 123 25 nosotros
503 1658 172 31 condenados
691 1658 13 29 á
721 1668 34 19 no
772 1657 97 42 probar
885 1667 99 31 apenas
1000 1657 113 36 bocado,

86 1726 49 21 con
158 1715 24 31 la
196 1715 120 31 molestia
328 1715 34 31 de
376 1726 33 20 no
426 1721 180 35 aguantarnos
619 1714 130 30 derechos
762 1739 6 11 ,
788 1725 15 29 y
820 1724 49 20 con
883 1714 24 29 el
925 1719 83 24 temor
1022 1713 34 31 de
1068 1714 47 30 al-

86 1782 55 32 gún
152 1772 104 31 fracaso
268 1784 49 19 con
329 1774 107 40 aquella
454 1783 55 20 mar
524 1777 42 26 tan
582 1770 138 32 arbolada.
740 1770 110 31 Gracias
864 1781 51 30 que
932 1781 48 19 nos
993 1771 77 30 venia
1082 1770 33 32 de

87 1831 87 28 través
191 1854 6 11 ,
216 1840 75 20 como
308 1830 116 30 también
441 1830 24 30 el
482 1830 101 34 viento,
602 1839 16 31 y
635 1838 33 21 no
684 1826 118 43 impedia
818 1827 24 30 el
858 1826 83 31 andar
953 1826 44 31 del
1010 1827 102 42 buque,

88 1897 53 30 que
167 1897 44 21 era
239 1888 25 30 lo
280 1898 53 29 que
348 1897 58 21 mas
430 1897 48 21 nos
494 1886 125 31 animaba
635 1886 14 30 á
665 1884 141 42 proseguir
821 1885 15 30 á
852 1883 106 38 rumbo,
985 1884 130 30 contando
