1241 2180
599 127 161 27 98

166 200 52 31 que
234 200 30 20 en
275 194 75 37 parle
365 191 70 39 aguó
451 189 23 30 el
490 189 71 30 buen
578 189 95 30 humor
686 199 52 30 que
753 189 127 29 teníamos
893 187 150 41 preparado
1060 196 63 31 para
1136 197 59 20 reu-

164 247 100 29 nimos.
283 248 58 28 Esta
358 247 110 29 reunión
483 255 32 21 no
529 245 138 41 podíamos
681 244 158 42 traspasarla
855 245 15 30 á
887 250 56 25 otro
967 244 55 35 dia,
1051 254 102 31 porque
1169 244 23 30 el

163 305 132 38 siguiente
310 303 137 31 debíamos
468 304 62 29 salir
549 314 31 29 ya
598 314 63 29 para
677 303 134 30 Marsella.

205 360 53 31 Con
275 360 23 30 el
315 360 81 31 deseo
412 371 51 30 que
476 360 187 41 abrigábamos
681 360 74 29 todos
772 359 32 30 de
822 359 84 30 llevar
921 360 14 29 á
947 358 85 31 efecto
1048 367 45 21 esa
1109 368 81 20 nues-

162 424 37 24 tra
215 417 160 42 proyectada
391 417 141 31 sociedad
547 417 36 30 de
600 428 39 19 un
655 417 62 35 dia,
733 426 29 20 se
777 416 104 32 venció,
900 416 14 30 á
931 415 89 30 fuerza
1037 415 33 30 de
1087 415 103 30 volun-

162 473 53 36 tad,
234 474 24 29 el
275 474 188 40 impedimenlo
479 484 52 30 que
548 473 158 41 presentaba
722 473 23 30 el
762 481 134 32 aguacero
919 482 17 31 y
950 472 89 30 viento
1061 481 53 31 que
1137 481 53 21 so-

163 531 77 40 plaba
258 541 61 30 para
333 531 74 29 venir
423 531 14 29 á
453 530 94 30 bordo.

203 589 55 28 Una
276 597 45 20 vez
337 587 126 30 reunidos
479 586 92 31 dentro
585 586 22 30 la
622 586 115 35 cámara,
753 585 139 31 cambiada
906 595 32 30 ya
952 585 23 30 la
992 594 65 31 ropa
1069 584 113 41 mojada,

163 655 15 30 y
191 645 103 40 enjutos
308 647 13 26 ó
338 644 172 40 semienjutos
523 643 39 30 los
579 644 57 40 pies
654 654 46 29 por
717 642 86 30 medio
825 642 33 30 de
875 642 24 30 la
913 641 87 31 estufa
1026 641 158 37 encendida,

161 702 142 40 rompimos
316 704 14 27 ó
343 701 186 40 desplegamos
541 701 24 29 la
579 701 107 40 general
701 711 16 30 y
734 701 124 29 unánime
881 699 167 31 satisfacción
1077 699 34 31 de
1135 710 51 31 que

161 764 122 24 nuestros
299 758 97 41 pechos
413 757 161 35 rebosaban,
592 757 109 31 locando
717 768 32 19 en
766 757 23 30 el
808 757 79 40 piano
903 757 24 30 la
945 757 106 30 marcha
1066 757 54 29 real
1137 767 49 19 es-

162 815 93 41 pañola
272 825 53 30 que
342 816 105 29 verificó
472 825 34 20 un
530 814 54 41 hijo
601 814 42 31 del
661 818 78 26 señor
754 814 144 36 Quinlana,
914 825 18 30 y
948 813 44 31 fué
1009 813 112 42 seguida
1144 813 40 31 del

159 884 61 20 coro
236 873 67 30 déla
320 875 93 28 Norma
424 873 110 30 cantado
551 884 48 29 por
616 873 58 29 toda
688 873 23 29 la
728 873 191 30 concurrencia
935 883 49 20 con
1014 872 23 30 el
1054 882 132 31 acompa-

160 931 131 29 ñamiento
308 928 41 31 del
366 930 88 38 piano.

199 988 38 29 En
253 992 67 30 esto,
339 988 64 29 sonó
414 986 24 30 el
454 986 64 39 reloj
533 986 39 29 las
587 986 75 30 cinco
690 996 16 29 y
729 996 48 20 nos
794 986 112 31 hicimos
923 987 86 30 servir
1026 987 23 30 la
1066 987 114 30 comida.

200 1046 35 27 En
253 1044 58 28 toda
328 1043 50 29 ella
391 1043 74 29 reinó
479 1043 23 29 la
517 1052 56 20 mas
588 1042 99 30 cordial
702 1042 143 41 franqueza
859 1054 18 29 y
889 1044 154 39 espansion.
1062 1044 121 40 Después

156 1100 33 30 de
205 1100 109 29 muchos
331 1100 150 39 recíprocos
496 1098 114 36 brindis,
632 1098 72 30 hubo
716 1109 51 19 uno
784 1109 62 30 para
860 1099 23 29 la
901 1099 175 41 prosperidad
1100 1100 33 30 de
1160 1100 23 29 la

158 1158 112 39 España.

197 1215 83 28 Trece
289 1212 165 31 comensales
470 1214 102 28 éramos
589 1222 32 20 en
638 1211 84 31 todos.
743 1213 56 29 Uno
822 1212 33 31 de
872 1213 67 30 ellos
957 1214 25 29 el
1008 1216 175 29 vice-cónsul

155 1270 120 40 español,
290 1268 147 31 convidado
451 1278 31 20 en
496 1274 116 24 muestra
625 1268 32 30 de
674 1268 116 41 gratitud
806 1270 14 29 á
843 1270 39 29 las
908 1271 111 29 muchas
1037 1271 146 31 distincio-

155 1338 46 20 nes
213 1337 51 31 que
279 1326 222 41 amigablemente
517 1337 46 19 nos
579 1326 167 40 dispensara.
766 1329 83 29 Joven
866 1337 51 21 aun
933 1339 15 30 y
965 1329 137 41 cumplido
1128 1339 55 21 ca-

153 1384 113 36 ballero,
295 1393 27 20 se
347 1382 127 31 acomodó
499 1382 206 41 perfectamente
728 1385 14 29 á
763 1384 37 30 las
817 1385 155 40 exigencias
988 1386 34 29 de
1051 1386 24 30 la
1097 1397 86 20 sans-

153 1442 99 37 fafon.

194 1495 144 31 Concluida
349 1495 25 30 la
386 1494 103 31 comida
506 1505 27 20 se
545 1494 94 31 acudió
653 1500 55 25 otra
722 1506 46 19 vez
785 1496 23 29 al
823 1497 90 39 piano,
930 1497 13 30 á
958 1503 73 26 tocar
1044 1510 50 30 por
1106 1505 75 25 turno

154 1552 73 31 lodos
244 1552 38 29 los
299 1562 51 30 que
363 1551 103 35 sabían,
486 1551 37 29 las
536 1561 57 19 mas
604 1551 104 30 bonitas
725 1552 88 40 piezas
830 1563 52 31 que
895 1564 29 20 se
937 1555 168 31 recordaban
1116 1569 7 23 ;
1141 1556 40 31 al-

153 1608 125 32 ternando
291 1619 48 19 con
354 1608 39 29 los
405 1617 55 20 mas
476 1608 104 39 alegres
596 1618 76 20 coros
689 1619 52 29 que
757 1609 135 31 sabíamos
904 1617 105 24 cantar.

192 1666 51 30 Allí
259 1665 71 30 hubo
344 1664 125 36 también,
488 1674 74 21 como
579 1675 63 31 para
655 1666 80 30 ceder
761 1668 14 28 á
801 1667 23 29 la
840 1667 89 31 fuerza
958 1669 164 32 irresistible
1149 1670 33 32 de

151 1723 37 28 las
201 1721 220 36 circunsiancias,
440 1721 23 30 el
479 1721 64 30 God
567 1724 65 39 safe
652 1724 48 29 the
717 1724 111 37 Queen,
844 1735 17 30 y
875 1725 24 30 la
922 1726 183 31 Marsellesa
1132 1738 51 30 que

151 1784 69 25 tanto
236 1778 72 29 suele
329 1779 146 35 electrizar,
505 1779 40 29 sin
569 1779 114 37 olvidar,
717 1791 47 30 por
790 1787 141 35 supuesto,
957 1784 23 30 el
1010 1789 43 25 tan
1071 1784 112 42 popular

147 1845 74 21 como
237 1834 121 30 exaltado
374 1834 109 32 Himno
500 1836 35 31 de
551 1836 92 42 Riego
669 1848 32 19 en
725 1840 99 38 primer
849 1840 124 37 término,
989 1852 77 21 como
1081 1842 102 31 buenos

148 1890 151 42 españoles.
