1241 2180
553 145 179 27 182

138 213 59 29 bien
211 222 47 30 por
272 216 56 25 esto
341 208 103 32 cuando
455 219 28 20 se
494 208 222 31 desembarcaron
730 218 31 19 en
773 207 135 34 Marsella,
924 205 122 31 andaban
1059 205 104 40 cojean-

140 269 34 31 do
192 280 14 29 y
221 267 177 42 presentando
416 278 33 18 un
464 266 148 30 semblanle
628 265 22 30 el
666 274 55 21 mas
741 264 87 40 pálido
845 275 17 31 y
875 265 72 29 triste
958 289 6 11 ,
984 263 176 40 quejándose,

140 337 49 20 con
207 330 129 25 muestras
349 324 33 30 de
394 334 64 30 gran
470 323 76 29 dolor
559 347 6 10 ,
578 322 33 30 de
624 332 50 19 una
689 321 90 30 herida
794 331 53 31 que
860 321 87 30 tenían
964 319 119 32 recibida
1097 319 65 31 cada

138 394 52 20 uno
202 394 32 18 en
251 392 49 20 una
316 382 106 40 pierna;
444 392 16 30 y
483 380 112 30 durante
619 379 23 30 la
660 379 114 29 travesía
789 403 6 10 ,
822 384 70 23 estos
905 379 110 29 mismos
1028 377 134 30 convale-

137 440 114 34 cientes,
271 438 128 30 canlaban
416 449 16 29 y
448 437 123 30 bailaban
584 437 14 30 á
624 436 40 30 las
679 435 44 30 mil
740 434 155 30 maravillas
908 446 5 18 :
934 445 60 20 esas
1011 435 151 29 metamor-

139 497 62 30 fosis
217 506 61 19 eran
293 495 67 40 hijas
375 495 33 29 de
422 505 28 19 su
467 494 93 29 mucha
577 493 101 29 astucia
696 503 15 30 y
728 492 133 40 picardía.

179 555 38 28 En
234 553 76 29 Malla
327 551 209 42 permanecimos
549 550 55 30 solo
621 550 22 29 el
663 550 96 39 liempo
775 548 138 30 necesario
930 557 61 32 para
1004 547 80 31 hacer
1099 557 60 21 car-

139 611 50 29 bón
201 622 16 28 y
233 610 115 39 aguada.

179 668 68 39 Aquí
264 671 198 28 encontramos,
483 663 105 42 llegado
600 663 75 30 hacia
692 673 63 30 muy
768 672 83 31 pocos
864 661 58 30 dias
932 671 48 21 con
1002 671 35 20 un
1058 671 101 30 carga-

138 730 85 24 mento
237 723 32 30 de
284 723 83 30 mulas
382 721 157 41 precedente
553 721 32 29 de
599 720 155 32 Barcelona,
769 720 23 29 el
807 719 100 41 grande
921 730 14 30 y
949 721 141 38 magnifico
1100 719 59 31 ber-

137 782 89 40 gantín
239 780 106 40 español
358 779 143 30 «Desiino»
514 776 173 42 quecausaba
702 777 21 30 la
732 776 163 30 admiración
908 776 41 29 del
963 782 103 34 puerto.
1083 776 73 30 Sien-

138 839 32 30 do
179 837 127 31 conocido
318 842 106 24 nuestro
437 846 29 19 su
479 836 115 40 capilan,
609 836 86 39 pasóá
709 844 98 20 vernos
820 835 13 29 á
845 833 84 30 bordo
941 839 40 25 lan
996 834 78 40 luego
1085 845 74 20 como

137 896 128 39 llegamos
278 907 6 21 ;
305 892 112 30 lambien
435 892 95 29 fuimos
543 897 120 23 nosotros
685 892 14 28 á
716 891 92 29 visitar
820 901 30 19 su
873 890 90 41 buque
978 914 6 10 ,
1002 901 84 30 cuyos
1110 891 49 29 in-

137 952 109 30 teriores
262 975 5 11 ,
287 950 39 30 los
338 948 152 31 destinados
505 957 63 32 para
581 957 79 30 carga
673 972 5 10 ,
706 947 110 30 estaban
832 946 190 31 trasformados
1039 958 31 18 en
1088 957 71 21 cua-

136 1008 61 30 dras
211 1018 61 29 muy
286 1007 60 29 bien
363 1004 153 41 arregladas
532 1029 6 10 ,
571 1014 33 20 en
620 1004 39 30 las
681 1003 91 31 cuales
786 1001 94 32 cabían
896 1013 55 19 mas
968 1003 33 30 de
1020 1005 58 28 400
1092 1014 67 20 mu-

136 1066 49 30 las.
204 1066 61 28 Este
291 1063 90 38 buque
394 1062 40 29 iba
453 1061 96 31 fleíado
563 1072 47 29 por
625 1066 93 24 cuenta
731 1060 43 30 del
789 1060 133 30 Gobierno
934 1060 96 40 inglés.

178 1123 34 29 La
227 1119 220 31 Administración
460 1119 97 28 mililar
568 1118 101 39 inglesa
681 1118 68 33 hizo,
764 1117 111 29 durante
886 1117 23 30 la
921 1127 108 30 guerra,
1045 1118 113 39 grandes

135 1179 107 39 acopios
255 1177 32 29 de
300 1175 124 31 acémilas
439 1185 60 30 para
516 1175 24 29 la
556 1175 114 30 Crimea.
688 1174 143 30 Barcelona
846 1199 6 10 ,
867 1174 139 34 Valencia,
1024 1174 132 37 Alicante,

137 1245 16 29 y
164 1234 90 29 demás
272 1239 94 34 puntos
380 1231 158 42 principales
550 1230 42 31 del
607 1230 86 30 liloral
709 1229 44 31 del
767 1229 131 30 Mediodía
913 1229 33 31 de
959 1232 103 38 España
1074 1256 6 10 ,
1100 1231 57 31 vie-

139 1301 45 20 ron
201 1290 158 41 esporlarlas
386 1290 13 29 á
416 1295 154 24 centenares
586 1298 47 19 con
651 1288 104 40 buques
770 1298 15 30 y
810 1297 113 31 vapores
939 1287 33 30 de
983 1288 115 40 grandes
1110 1289 48 28 di-

137 1348 159 30 mensiones.
316 1348 36 28 En
367 1356 43 19 esa
434 1345 126 30 comisión
576 1345 90 29 fueron
682 1345 114 29 también
819 1344 155 40 empleados
987 1345 40 30 los
1039 1345 48 29 dos
1104 1355 54 20 va-

137 1415 77 29 pores
228 1403 139 41 españoles
383 1401 243 41 «Independiente»
643 1412 14 29 y
673 1401 247 41 «Guadalquivir,»
939 1412 52 30 que
1004 1412 29 20 se
1050 1405 106 28 fletaran

136 1471 31 19 en
185 1460 148 30 Gibraltar:
352 1459 77 30 habia
453 1464 124 25 entonces
593 1469 62 30 muy
680 1469 81 30 pocos
774 1459 57 30 dias
845 1469 51 30 que
908 1458 95 31 habían
1023 1459 92 30 locado
1126 1469 32 20 en

135 1517 77 30 Malla
229 1518 13 29 á
256 1527 30 19 su
302 1527 63 29 paso
379 1527 61 29 para
457 1516 154 30 Balaklava.

177 1576 63 29 Para
253 1574 93 30 cuidar
361 1573 92 30 dichas
466 1573 84 30 mulas
565 1598 5 9 ,
589 1583 27 20 se
640 1572 95 30 habían
752 1572 151 31 contratado
920 1577 129 36 gañanes,
1065 1576 14 27 ó
1096 1583 62 22 sean

135 1632 154 33 mulateros,
314 1630 152 35 catalanes,
486 1630 188 34 valencianos,
693 1630 155 35 andaluces,
865 1640 15 30 y
904 1629 33 30 de
954 1636 70 24 otras
1042 1632 116 39 provin-

135 1689 55 30 cias
205 1688 32 30 de
265 1689 101 38 España
381 1699 6 23 ;
402 1687 111 39 jóvenes
536 1687 22 28 la
587 1697 91 30 mayor
705 1693 74 34 parte
792 1697 15 29 y
822 1686 32 29 de.
871 1686 25 29 lo
913 1696 55 20 mas
991 1687 164 36 turbulento,

135 1754 61 21 eran
212 1755 60 29 muy
290 1754 145 30 propensos
450 1745 14 28 á
481 1754 87 20 armar
581 1754 118 20 camorra
712 1769 5 9 ,
748 1754 16 31 y
781 1754 33 19 no
831 1743 77 30 habia
925 1754 31 20 en
974 1745 77 31 Malla
1065 1755 93 30 aque-

135 1800 50 30 llos
201 1801 57 29 dias
280 1800 120 41 bodegón
430 1801 25 30 ni
480 1800 107 30 taberna
602 1825 6 10 ,
626 1800 89 30 donde
731 1811 33 19 no
789 1800 129 31 cobraran
932 1801 23 29 el
973 1801 101 30 barato.
1105 1803 53 30 Fué

135 1858 103 39 preciso
256 1867 59 30 para
329 1858 114 29 tenerlos
455 1859 12 28 á
484 1867 76 31 raya,
575 1857 148 41 despachar
739 1859 13 27 á
770 1858 39 29 los
825 1867 56 20 mas
898 1859 148 30 revoltosos
1058 1873 7 23 ;
1080 1860 14 30 á
1107 1870 51 19 no-

135 1919 84 25 sotros
233 1925 46 18 nos
292 1914 171 31 embarcaron
476 1914 48 30 dos
538 1925 62 30 para
614 1925 51 30 que
680 1914 136 31 volviesen
833 1915 14 30 á
864 1916 114 39 España.
