1241 2180
502 121 181 28 147

84 183 34 31 de
134 183 94 31 desvío
245 194 31 20 en
293 184 25 30 el
330 184 70 31 imán
414 184 41 31 del
471 187 108 40 compás
592 210 5 11 ,
616 197 60 19 cosa
693 188 14 28 á
723 198 51 29 que
787 188 73 30 eslán
877 188 98 40 sujetos
991 188 39 30 los
1046 187 59 30 bu-

83 251 66 31 ques
161 241 168 30 construidos
343 241 32 30 de
392 242 87 30 hierro
502 254 14 29 y
530 243 25 29 lo
568 243 58 33 cuaj
641 254 28 18 es
684 249 131 25 menester
832 250 72 25 tener
916 244 61 31 bien
993 244 112 42 esperi-

82 297 124 30 mentado
232 307 64 31 para
318 299 129 29 confiarse
474 309 32 19 en
529 299 23 29 el
576 299 109 34 rumbo,
704 310 48 19 nos
768 299 96 31 habían
882 301 133 30 inclinado
1031 300 73 31 hacia

83 354 80 41 aquel
181 353 69 30 lado.
271 354 49 29 Por
336 354 81 30 cierto
434 364 33 20 no
483 354 171 30 hubiéramos
670 354 90 31 creido
772 361 73 25 antes
859 367 52 29 que
928 357 32 30 lal
973 367 61 20 cosa
1047 368 57 30 pu-

83 410 76 31 diese
175 409 121 32 suceder.
318 411 45 30 Sin
380 410 141 41 embargo,
541 411 23 30 la
582 411 129 40 prudente
728 412 142 40 vigilancia
893 424 34 19 no
943 424 46 29 por
1005 420 55 23 esto
1077 423 28 20 se

84 467 79 30 habia
187 467 184 30 desatendido.
402 468 107 29 Gracias
533 468 13 29 á
560 468 50 29 ella
625 478 32 19 no
676 468 113 30 tuvimos
805 480 51 29 que
870 469 127 31 lamentar
1013 470 25 30 ni
1053 481 55 19 en-

85 530 92 25 tonces
192 525 27 29 ni
233 534 87 21 nunca
333 535 32 19 en
391 524 59 30 lodo
467 524 24 30 el
506 524 97 40 tiempo
619 536 52 29 que
685 535 160 31 navegamos
861 537 49 30 por
933 527 120 40 aquellos
1067 552 7 12 ,
1092 527 16 31 á

85 583 25 30 la
124 592 78 21 sazón
217 607 6 9 ,
239 581 188 31 frecuentados
442 591 96 26 mares,
556 587 40 25 lan
612 582 128 40 plagados
752 581 33 32 de
802 583 116 41 peligros
934 595 16 29 y
961 595 33 19 en
1007 584 97 30 noches

88 640 32 30 de
136 640 138 34 invierno,
290 639 139 40 desgracia
446 639 97 40 alguna
559 639 33 29 de
605 639 211 31 consideración.

128 697 58 30 Una
201 707 47 19 vez
265 696 120 30 situados
399 721 6 9 ,
428 698 14 27 ó
458 706 45 20 sea
519 696 159 30 reconocido
690 696 24 30 el
733 702 94 36 punto,
842 696 139 42 dirigimos
1004 702 105 26 nueslra

88 753 106 31 derrota
210 752 24 31 al
253 757 93 37 puerto
373 754 14 28 ó
403 752 63 31 rada
485 752 33 31 de
539 753 120 30 Salónica
674 778 5 11 ,
706 753 155 41 navegando
889 754 220 41 tranquilamente

88 821 49 31 por
152 809 79 42 aquel
248 809 88 41 golfo,
355 820 54 30 que
425 820 48 30 por
486 809 92 31 ambos
595 810 73 30 lados
681 811 75 29 eleva
770 810 39 30 las
824 811 82 29 cimas
922 810 32 30 de
972 815 39 25 tan
1027 814 81 26 seña-

90 866 76 31 lados
182 871 103 24 montes
302 876 76 19 como
394 866 24 29 el
438 866 108 35 «Osa,»
564 866 22 29 el
607 866 160 41 «Olimpo,»
785 867 24 29 el
828 867 160 29 «Salomon»
1006 877 17 29 y
1039 871 70 24 otros

89 921 99 30 varios.
205 920 125 41 Dejamos
342 930 62 20 caer
416 920 25 30 el
453 921 75 29 ancla
541 945 6 11 ,
562 931 47 30 por
623 922 33 28 sin
668 945 6 11 ,
692 931 31 19 en
737 920 22 30 el
774 926 93 35 puerlo
882 921 33 29 de
930 926 106 24 nuestro
1047 920 62 30 des-

90 978 69 36 tino,
177 983 149 24 momentos
337 976 116 40 después
469 977 33 29 de
517 977 112 30 haberse
642 983 92 33 puesto
748 978 24 29 el
788 978 49 30 sol.

132 1034 30 30 Al
177 1034 132 40 siguiente
321 1033 60 36 dia,
397 1044 33 19 no
445 1033 62 31 bien
523 1044 47 19 nos
586 1033 92 31 dieron
692 1033 109 31 entrada
816 1033 117 36 cuando,
950 1033 161 31 habiéndose

93 1091 146 41 divulgado
256 1091 26 30 la
294 1090 84 31 noche
394 1090 116 31 anterior
525 1090 23 30 la
560 1090 95 30 noticia
669 1090 32 30 de
715 1090 81 30 haber
810 1090 103 41 llegado
928 1100 31 20 en
972 1094 90 36 puerlo
1076 1099 35 20 un

91 1159 85 31 vapor
191 1149 111 40 español
317 1173 6 11 ,
342 1154 72 24 enlre
431 1148 39 29 los
484 1147 149 30 habitantes
646 1147 138 30 hebraicos
797 1147 33 30 de
850 1148 105 40 aquella
973 1147 139 41 población

94 1216 50 32 que
155 1231 6 10 ,
180 1215 74 21 como
268 1215 28 20 se
309 1204 53 41 dijo
374 1229 6 11 ,
398 1204 101 29 forman
516 1204 38 29 las
570 1204 48 29 dos
635 1209 113 25 terceras
773 1209 86 35 parles
874 1202 33 31 de
923 1204 39 29 los
976 1214 51 30 que
1039 1214 72 19 con-

93 1263 69 30 tiene
179 1272 32 20 en
229 1261 140 36 totalidad,
386 1260 118 36 cuando,
519 1259 77 42 digo,
614 1260 60 30 cual
690 1260 135 40 enjambre
841 1260 32 30 de
886 1260 91 41 abejas
993 1260 119 30 invadie-

94 1331 47 21 ron
166 1320 24 30 la
207 1319 120 31 cubierta
352 1318 42 30 del
414 1318 163 35 «Tharsis,»
593 1318 120 30 ansiosos
737 1317 32 31 de
794 1318 130 30 solazarse
941 1318 109 41 pisando
1064 1327 51 21 una

94 1377 186 31 embarcación
297 1375 209 41 compatriota.
522 1377 65 29 Esos
601 1375 129 31 israelitas
744 1400 6 11 ,
766 1375 91 30 siendo
871 1375 202 30 descendientes
1083 1374 34 30 de

94 1436 40 30 los
149 1446 52 30 que
212 1434 158 41 espulsaron
386 1433 34 31 de
431 1435 105 39 España
550 1458 5 10 ,
574 1432 93 31 dieron
690 1443 31 20 en
738 1432 72 31 decir
826 1442 52 31 que
894 1438 55 24 esla
972 1432 94 30 nación
1088 1442 28 19 es

94 1504 32 20 su
140 1491 92 31 madre
248 1491 99 42 patria;
377 1501 48 30 por
446 1495 126 35 supuesto
595 1500 52 30 que
671 1489 39 30 los
734 1500 51 30 que
806 1489 33 30 lal
865 1498 61 21 cosa
953 1488 127 41 propalan
1097 1498 18 30 y

96 1558 80 21 creen
191 1572 5 11 ,
222 1558 16 30 y
255 1557 28 21 se
301 1546 212 31 entusiasmaron
530 1551 125 25 entonces
671 1570 5 10 ,
696 1555 46 20 son
759 1545 39 29 los
814 1545 33 30 de
862 1545 61 40 baja
936 1544 99 36 esfera,
1053 1553 67 32 pues

97 1606 40 29 los
153 1604 143 31 ilustrados
315 1606 32 39 (y
362 1614 34 20 no
417 1614 47 20 son
481 1604 93 40 pocos)
598 1613 114 20 conocen
740 1602 152 30 demasiado
918 1602 14 29 á
949 1612 51 30 que
1017 1599 103 42 partido

98 1668 131 25 atenerse.
263 1663 35 28 No
323 1661 137 35 obslanle,
484 1669 52 21 aun
558 1665 71 25 estos
651 1658 150 32 mostraban
815 1669 63 30 gran
889 1658 86 41 júbilo
991 1657 32 30 de
1037 1667 45 19 ver
1097 1656 25 31 la

97 1719 118 32 bandera
230 1718 128 42 española
372 1743 5 11 ,
400 1718 117 40 después
533 1716 33 31 de
581 1727 35 19 un
629 1717 152 39 interregno
794 1715 32 31 de
849 1717 36 28 30
903 1719 79 26 años:
1001 1718 121 26 nuestros

98 1777 211 39 consignatarios
321 1775 94 31 fueron
428 1775 33 30 de
476 1774 77 31 ellos.

138 1834 138 31 Escusado
288 1844 96 30 parece
400 1832 73 31 decir
493 1832 23 30 si
529 1831 23 30 el
575 1830 93 31 cónsul
685 1829 109 42 español
817 1828 169 43 participaría
1002 1827 33 30 de
1051 1826 74 41 igual

98 1894 139 30 sensación
250 1918 6 11 ,
271 1903 15 29 y
295 1893 161 39 justamente
469 1891 22 30 si
508 1900 28 21 se
549 1889 176 31 envanecería
736 1888 34 31 de
782 1888 62 30 ello.
865 1889 66 28 Para
944 1885 122 31 honrarlo
1079 1894 50 22 con
