1241 2180
492 128 160 27 65

57 188 83 31 cierto
160 197 47 21 nos
232 187 59 31 hizo
315 188 80 31 hacer
417 189 121 31 bastante
564 191 117 30 antesala
706 193 75 38 (cosa
803 202 52 31 que
872 196 163 27 estrañamos
1051 202 32 21 en

58 245 120 42 aquellas
194 246 224 38 circunstancias)
442 256 122 30 pasamos
584 247 99 30 revista
709 248 15 30 á
751 248 59 31 lodo
836 249 25 30 el
887 250 141 31 contenido
1052 250 31 29 de

60 301 119 41 aquellas
196 301 129 30 desiertas
340 301 197 31 habitaciones.

101 358 93 31 Varios
218 357 116 31 oficiales
358 357 147 37 franceses,
521 358 21 30 si
559 368 33 20 no
608 363 76 36 estoy
708 360 170 30 trascordado
891 371 34 20 un
941 361 143 41 empleado

62 415 34 31 de
112 420 54 25 esta
182 414 168 31 intendencia
377 414 44 31 fué
443 425 52 20 uno
512 414 33 31 de
562 415 77 35 ellos,
656 425 48 20 nos
728 416 192 31 manifestaban
936 417 95 31 deseos
1053 417 34 31 de

63 483 51 30 que
132 472 105 41 España
253 483 29 19 se
298 472 84 40 ligase
404 472 14 30 á
435 472 25 29 la
486 482 80 20 causa
582 483 96 19 común
702 472 32 31 de
752 472 39 31 los
807 473 114 37 aliados,
939 474 148 31 mandando

60 539 36 21 un
112 529 168 41 contingente
306 529 33 30 de
367 534 87 36 tropas
472 538 61 31 para
549 538 128 32 cooperar
693 530 14 30 á
723 529 25 31 la
765 534 66 26 toma
857 530 33 31 de
903 530 157 42 Sebastopol
1073 544 6 22 ;

63 585 132 31 alabando
212 586 23 30 al
248 585 108 31 soldado
373 586 108 41 español
495 596 76 20 como
587 586 81 40 digno
686 586 33 30 de
735 588 99 39 figurar
856 597 32 20 en
911 587 24 30 el
963 588 83 29 asalto
1063 587 24 31 al

67 642 60 30 lado
139 642 42 30 del
196 642 163 40 distinguido
371 653 91 19 zuavo.

109 699 51 30 Los
171 699 134 30 franceses
317 709 52 31 que
381 699 108 30 estaban
503 699 57 35 allí,
575 700 76 29 veían
665 699 23 30 el
703 704 94 25 asunto
810 710 55 20 mas
877 699 148 31 intrincado
1038 710 50 21 aun

68 756 68 31 délo
153 766 51 31 que
220 756 145 31 realmente
375 765 54 22 era.
448 757 29 29 El
494 756 154 40 desengaño
660 756 33 30 de
710 767 45 20 sus
767 756 165 42 anticipados
946 762 142 36 conceptos

67 823 48 19 con
128 818 121 35 respecto
262 815 13 27 á
287 813 40 29 los
343 823 75 19 rusos
436 824 15 29 y
468 813 170 40 Sebastopol,
668 813 38 29 les
718 813 113 41 produjo
853 818 60 25 ante
930 813 22 30 la
966 812 119 31 realidad

67 869 32 30 de
117 870 38 29 los
170 869 110 35 hechos,
297 879 50 20 una
363 870 105 39 especie
484 869 33 30 de
533 869 157 30 arrebatado
706 869 198 30 aturdimiento.

109 924 147 31 Concluida
266 925 24 29 la
302 925 129 40 descarga
444 936 32 19 en
489 935 51 19 una
565 935 119 26 semana,
706 936 17 29 y
741 925 104 40 gracias
867 935 52 21 aun
943 926 15 30 á
980 930 107 26 nuestro

70 991 65 30 gran
152 986 121 36 empeño,
290 991 46 20 nos
352 980 144 31 mandaron
513 980 137 31 embarcar
665 991 67 20 unos
749 981 44 30 mil
810 991 124 21 carneros
959 991 63 31 para
1039 982 50 30 lle-

71 1040 70 28 vará
157 1038 155 30 Kamiesch.

109 1095 31 29 El
154 1097 15 27 6
183 1095 32 30 de
228 1095 145 30 diciembre
389 1095 146 40 quedamos
546 1096 75 29 listos
638 1105 62 31 para
715 1096 75 36 salir,
804 1107 16 29 y
833 1096 14 30 á
860 1096 39 30 las
921 1106 65 20 once
1002 1096 33 30 de
1059 1107 31 20 su

66 1156 113 26 mañana
194 1151 118 30 levamos
328 1162 49 20 con
393 1162 65 30 gran
482 1157 122 25 contento
621 1152 38 30 las
675 1152 101 36 anclas,
800 1163 15 30 y
840 1152 87 31 dando
952 1153 138 31 suficiente

69 1218 83 30 vapor
162 1208 14 29 á
190 1207 24 30 la
226 1208 124 40 máquina
363 1207 108 31 salimos
483 1218 48 20 con
548 1208 24 30 la
584 1208 139 30 velocidad
739 1207 104 42 posible
866 1208 33 31 de
912 1209 107 41 aquella
1035 1219 55 21 en-

71 1264 109 30 senada.

112 1320 29 30 El
160 1320 97 41 tiempo
275 1318 90 32 eslaba
377 1318 33 31 de
426 1319 70 31 buen
514 1319 107 37 talante,
637 1330 15 30 y
665 1319 24 31 la
706 1329 55 21 mar
778 1320 81 36 llana,
889 1331 48 30 por
966 1322 88 29 reinar
1070 1322 23 30 el

72 1378 89 30 viento
176 1377 34 31 de
223 1377 24 30 la
261 1383 73 34 parte
347 1376 33 30 de
392 1377 87 29 tierra.

113 1434 22 29 A
147 1444 45 20 eso
203 1433 33 30 de
253 1433 38 30 las
306 1432 48 30 dos
370 1432 34 30 de
420 1433 24 29 la
459 1432 84 35 larde,
561 1431 110 30 estando
687 1442 33 30 ya
734 1433 14 28 á
765 1442 79 30 pocas
866 1433 86 29 millas
978 1433 34 30 de
1039 1434 57 30 Se-

71 1490 134 42 bastopol,
220 1495 131 31 notamos,
365 1489 188 34 súbitamente,
572 1499 48 29 por
636 1488 84 29 frente
733 1488 32 29 de
781 1488 36 36 él,
836 1499 66 19 unos
919 1499 111 30 vapores
1042 1499 53 31 que

70 1547 95 31 hacían
176 1557 36 20 un
226 1547 60 30 vivo
297 1546 80 41 fuego
393 1545 33 31 de
442 1545 127 30 artillería
579 1557 6 25 ;
601 1554 56 20 mas
676 1549 75 25 antes
765 1543 33 31 de
820 1543 132 42 podernos
968 1554 128 32 asegurar

72 1604 14 31 á
99 1603 87 31 donde
199 1603 115 41 dirigían
325 1614 45 19 sus
383 1603 62 29 tiros
459 1612 18 31 y
493 1612 31 20 en
541 1611 52 31 que
606 1601 129 30 situación
756 1611 28 21 se
806 1601 136 36 hallaban,
965 1611 76 21 como
1064 1612 33 21 no

71 1660 80 31 habia
168 1659 94 31 mucho
276 1659 102 37 viento,
395 1669 28 20 se
438 1659 143 30 cubrieron
598 1667 32 31 ya
644 1668 48 30 por
704 1658 25 29 la
738 1657 84 31 densa
844 1657 71 30 nube
935 1668 52 30 que
1004 1658 95 31 forma-

72 1718 34 30 ba
122 1718 25 30 el
160 1723 78 25 tenue
251 1717 81 31 humo
343 1716 33 32 de
393 1727 45 20 sus
455 1715 140 32 continuos
606 1715 136 41 disparos,
758 1715 183 30 mezclándose
956 1726 49 20 con
1018 1716 24 30 el
1058 1726 41 21 es-

74 1785 64 31 peso
152 1786 16 29 y
181 1784 84 31 negro
277 1784 51 30 que
339 1772 148 42 despedían
498 1782 46 21 sus
557 1771 94 31 dobles
665 1770 164 32 chimeneas.

116 1833 36 29 De
168 1836 106 35 pronto,
293 1841 110 30 rompen
417 1830 23 30 el
453 1829 80 41 fuego
544 1829 39 30 los
597 1828 98 31 suertes
709 1828 172 30 Constantino
891 1838 17 31 y
924 1829 174 37 Cuarentena,

74 1899 17 30 y
108 1887 112 32 durante
233 1887 59 32 diez
308 1888 116 30 minutos
440 1886 71 41 llega
535 1886 14 30 á
570 1891 123 26 nuestros
714 1884 87 38 oidos,
819 1884 119 43 repelido
958 1885 34 31 de
1008 1896 47 21 eco
1070 1897 31 20 en

989 1935 10 19 9
