1241 2180
519 119 161 26 91

123 181 38 28 De
179 180 74 30 todas
270 191 132 26 maneras,
419 193 62 29 muy
497 187 75 35 grato
589 191 62 30 para
667 192 35 19 un
719 182 109 40 español
845 191 28 19 es
889 182 39 28 oir
941 192 31 19 en
989 181 119 40 aquellas

82 237 140 41 apartadas
238 248 148 25 comarcas,
404 239 23 30 el
441 249 97 20 sonoro
551 239 124 39 lenguaje
690 238 33 30 de
739 244 109 25 nuestra
863 248 60 21 cara
937 239 93 39 patria.

126 295 83 30 Sobre
224 295 59 30 todo
299 306 32 19 en
345 296 134 35 Salónica,
497 305 67 31 cuya
583 295 139 41 población
737 295 32 30 de
784 298 38 27 80
837 296 43 29 mil
894 296 83 29 almas
994 297 119 29 encierra

87 354 34 29 60
140 353 44 29 mil
198 352 143 36 israelitas,
367 363 29 19 es
420 358 165 24 sumamente
609 352 128 30 delicioso
753 362 96 30 pasear
876 363 46 29 por
949 353 38 29 las
1014 353 97 36 calles;

85 419 65 31 pues
165 410 15 29 á
196 408 65 31 cada
275 414 133 25 momento
424 419 51 30 oye
492 408 38 30 los
547 408 137 41 elegantes
701 408 144 30 modismos
860 419 14 30 y
891 409 151 40 espresivas
1059 408 55 31 fra-

85 476 42 20 ses
143 465 33 31 de
190 465 24 30 la
231 467 97 39 lengua
345 475 52 31 que
413 476 28 19 se
454 465 122 30 derramó
594 475 33 20 un
645 464 43 31 dia
706 475 47 31 por
767 465 74 30 todos
865 465 39 31 los
930 466 113 30 ámbitos
1071 465 44 31 del

85 523 91 40 globo,
195 533 31 19 en
243 522 66 31 boca
325 522 33 30 de
374 523 55 29 casi
447 522 74 30 todos
539 523 38 29 los
594 522 160 30 habitantes.
781 522 81 40 Llega
887 532 52 20 uno
955 523 14 29 á
985 524 130 39 figurarse

86 590 52 28 que
155 590 28 19 se
200 584 143 25 encuentra
357 589 31 19 en
402 588 51 20 una
469 578 142 40 población
628 578 32 29 de
673 589 31 18 su
717 578 94 29 amada
827 579 93 39 patria.

127 638 50 28 Por
193 635 24 30 la
231 634 84 36 tarde,
334 635 23 29 al
372 640 70 25 estar
458 634 23 31 el
496 634 38 31 sol
551 645 77 20 cerca
645 635 22 29 el
684 634 148 36 horizonte,
851 634 145 41 quedamos
1012 634 103 41 despa-

86 692 101 30 chados
200 701 64 32 para
279 691 136 36 marchar;
436 701 55 20 mas
507 701 34 20 no
557 690 94 31 siendo
668 690 131 41 prudente
812 701 77 31 pasar
914 691 32 30 de
973 692 84 30 noche
1077 692 38 31 los

86 749 178 34 Dardanelos,
283 748 137 30 diferimos
437 757 64 30 para
518 748 24 30 la
559 747 164 40 madrugada
739 748 23 30 el
778 748 159 30 verificarlo.

127 806 31 30 El
176 808 36 27 18
240 805 33 30 de
289 805 157 35 diciembre,
467 815 79 30 pues,
562 815 48 30 por
625 805 25 29 la
666 810 111 24 mañana
800 815 123 30 pasamos
948 806 23 29 el
997 806 119 30 «Heles-

88 869 98 35 ponto»
205 862 32 31 de
253 862 40 30 los
309 862 124 40 anliguos
446 875 6 22 ;
472 872 63 30 pero
548 861 25 30 el
590 862 109 39 tiempo,
724 861 74 30 hasta
814 866 125 26 entonces
955 863 13 29 á
982 862 76 41 pedir
1084 862 32 32 de

87 920 76 34 boca,
181 930 28 19 se
225 919 148 35 oscureció,
390 929 16 29 y
422 921 125 27 comenzó
563 919 16 29 á
595 918 89 40 soplar
706 928 48 20 con
782 917 89 31 fuerza
888 918 22 30 el
932 918 88 31 viento
1046 929 70 20 con-

90 976 79 28 trario
185 977 13 27 á
216 981 107 23 nuestra
339 975 115 29 derrota.

131 1032 57 29 Ala
203 1031 94 34 noche,
314 1041 27 19 se
355 1030 108 30 declaró
479 1030 24 30 el
520 1030 89 30 viento
623 1041 17 29 y
656 1029 133 41 marejada
807 1036 41 24 tan
865 1035 169 31 tormentoso,
1065 1042 53 29 que

88 1088 24 31 el
126 1098 81 30 vapor
221 1097 98 30 apenas
335 1087 76 30 hacía
429 1087 24 28 la
470 1086 81 29 mitad
568 1086 33 29 de
617 1097 30 18 su
666 1086 106 40 regular
792 1086 93 35 andar,
902 1097 17 30 y
934 1087 105 39 gracias
1065 1097 53 30 que

87 1146 39 29 las
141 1144 106 31 muchas
263 1145 65 30 islas
338 1144 42 30 del
398 1144 182 41 archipiélago
592 1142 134 42 impedían
744 1153 50 30 que
817 1143 24 30 la
858 1153 57 20 mar
941 1144 143 40 engrosara
1104 1144 14 29 á

86 1202 156 40 proporción
255 1201 42 30 del
316 1201 97 30 viento.
434 1202 67 28 Pero
516 1206 71 24 estas
604 1200 107 30 mismas
728 1199 75 35 islas,
820 1210 51 30 que
888 1210 50 20 nos
966 1199 152 31 favorecían

85 1268 63 31 para
160 1258 24 29 el
193 1258 106 33 redoso,
318 1266 47 20 nos
379 1256 133 30 causaban
528 1256 93 30 mucha
634 1256 126 35 desazón,
773 1257 15 29 á
796 1265 81 21 causa
890 1256 32 30 de
938 1267 65 30 que,
1018 1267 48 19 con
1079 1256 39 30 los

83 1314 151 32 frecuentes
250 1314 152 30 chubascos
419 1313 33 30 de.
468 1323 67 30 agua
553 1323 51 30 que
620 1314 89 34 caían,
723 1323 28 19 se
777 1314 109 29 cerraba
902 1314 25 29 la
944 1314 143 30 atmósfera
1102 1325 16 29 y

84 1383 48 20 nos
146 1371 109 42 privaba
271 1371 32 30 de
319 1370 86 30 verlas
420 1380 48 20 con
487 1370 97 39 tiempo
601 1369 137 30 suficiente
754 1379 62 30 para
830 1380 48 19 con
895 1370 144 40 seguridad
1057 1381 56 20 em-

84 1429 82 31 bocar
183 1429 40 30 los
236 1428 109 30 muchos
362 1437 79 30 pasos
458 1437 53 30 que
524 1425 112 31 forman.

126 1488 80 28 Hasla
220 1485 22 30 el
263 1487 36 28 19
318 1485 23 29 al
354 1483 148 30 anochecer
519 1493 32 19 no
562 1482 188 39 franqueamos
767 1481 22 30 el
803 1481 92 31 último
910 1492 72 29 paso.

126 1541 138 32 Teniendo
280 1551 51 32 que
349 1541 87 29 variar
452 1539 33 30 de
501 1539 135 30 dirección
662 1538 83 30 desde
763 1538 81 41 aquel
862 1539 124 34 instante,
1007 1539 111 30 vinién-

84 1600 85 30 donos
185 1599 23 30 el
226 1599 87 29 viento
325 1597 34 31 de
376 1598 99 33 través,
503 1606 48 20 nos
579 1595 121 41 permitía
713 1595 72 40 regir
798 1595 59 30 vela
868 1608 6 23 ;
890 1606 16 30 y
918 1606 47 30 por
982 1601 69 26 tanto
1068 1606 50 20 se-

83 1657 61 39 guir
158 1655 255 31 descansadamente
424 1658 107 25 nuestra
545 1658 67 25 ruta.

125 1716 36 28 Da
176 1714 23 30 la
217 1711 124 33 fatalidad
358 1722 53 30 que
428 1711 24 30 el
466 1711 100 33 viento,
582 1714 74 25 antes
669 1709 33 30 de
718 1709 151 30 concluirse
887 1709 23 30 la
923 1709 84 30 noche
1037 1709 78 35 salla,

82 1771 61 39 bajo
160 1781 36 20 un
214 1770 147 35 chubasco,
380 1769 23 29 al
430 1768 141 35 Poniente;
588 1766 178 42 quilándonos
778 1772 56 24 otra
849 1777 46 19 vez
913 1766 97 30 mucho
1023 1766 92 36 andar,

81 1837 49 30 por
146 1838 43 20 ser
202 1833 54 25 este
275 1827 88 29 viento
379 1825 132 31 contrario
525 1825 14 30 á
555 1828 112 26 nuestro
683 1822 106 32 rumbo.

124 1884 85 31 Habia
233 1894 43 30 ya,
295 1885 14 29 á
326 1882 96 37 bordo,
449 1882 80 41 quien
547 1891 44 20 era
612 1880 34 31 de
674 1881 107 40 opinión
807 1880 34 30 de
871 1880 103 31 arribar
998 1881 14 29 á
1037 1880 80 41 algún
