1241 2180
586 119 161 28 72

157 187 92 32 tíñelas
265 184 142 43 apostadas
423 194 31 21 en
469 183 92 31 ambos
577 182 75 31 lados
668 182 33 31 de
717 182 66 30 ellas
808 181 26 29 lo
856 184 166 26 estrañamos
1036 203 7 11 ,
1069 187 67 31 pues
1152 186 32 20 en

155 245 40 30 los
211 242 90 31 demás
318 246 97 36 puntos
432 251 33 19 no
479 240 38 30 las
533 240 79 30 habia
628 252 6 24 ;
652 249 65 32 pero
736 238 108 41 dijimos
860 262 7 12 ,
886 247 63 32 para
972 240 123 27 nosotros
1111 234 73 30 mis-

154 311 57 20 mos
226 325 5 11 ,
250 310 51 31 que
319 299 23 30 si
359 309 61 20 eran
436 298 204 30 efectivamente
661 306 64 31 para
741 296 115 41 impedir
869 295 24 30 el
911 304 64 32 paso
989 304 47 31 por
1049 293 68 36 allá,
1135 303 47 20 nos

156 356 25 30 lo
196 355 147 31 indicarían
366 365 17 31 y
400 353 237 32 retrocederíamos
652 364 5 19 :
677 353 22 30 si
719 363 49 19 nos
784 352 114 41 dejaban
918 361 79 32 pasar
1010 375 6 12 ,
1044 350 139 41 seguiría-

156 423 57 19 mos
229 422 31 19 en
274 411 24 30 la
313 410 120 31 creencia
449 410 33 30 de
495 420 52 29 que
564 409 88 31 serian
668 414 108 35 puestas
790 418 64 31 para
869 413 58 25 otro
940 409 46 28 fin.

195 469 37 28 En
249 473 55 24 esla
318 467 171 40 inteligencia
505 465 136 32 confiados
655 491 6 10 ,
679 464 188 32 descendimos
880 464 24 31 la
917 464 87 31 colina
1018 489 6 11 ,
1044 474 16 31 y
1077 474 103 31 pasan-

155 524 33 31 do
199 535 48 30 por
260 529 72 25 entre
357 524 47 29 dos
420 523 33 30 de
473 523 120 41 aquellas
609 522 147 31 centinelas
772 547 5 10 ,
796 521 62 31 bien
875 531 48 21 nos
949 521 116 30 miraron
1082 531 16 31 y
1114 520 67 32 nada

155 591 48 20 nos
216 580 114 40 dijeron.
350 581 45 29 Así
410 590 27 19 es
454 590 52 30 que
522 579 185 41 proseguimos
725 578 148 41 tranquilos
886 602 7 12 ,
911 577 123 30 andando
1048 587 48 31 por
1109 582 72 25 entre

155 637 38 31 las
210 636 102 31 tiendas
337 635 33 32 de
392 640 128 38 campaña
533 647 16 31 y
566 636 25 30 la
607 641 73 36 tropa
697 645 52 32 que
761 661 7 9 ,
786 640 126 26 entonces
925 660 6 12 ,
948 634 91 32 estaba
1064 634 116 41 holgán-

155 694 64 29 dose
237 693 122 30 tomando
372 694 24 29 el
413 694 50 29 sol.

196 751 104 30 íbamos
316 752 15 29 á
343 761 93 20 cruzar
449 751 24 30 la
490 756 56 25 otra
568 750 69 31 línea
653 750 34 30 de
710 750 147 31 centinelas
874 750 118 41 después
1012 750 34 30 de
1066 750 75 40 dejar
1156 750 24 30 el

155 813 182 35 campamento
354 832 5 11 ,
377 807 104 31 cuando
496 832 6 11 ,
531 817 49 20 con
597 817 64 31 paso
685 807 140 30 acelerado
840 831 6 12 ,
865 817 29 20 se
921 817 48 20 nos
985 807 139 41 aproximó
1147 817 34 21 un

155 864 65 31 cabo
237 863 233 42 preguntándonos
486 863 86 31 donde
596 863 112 31 íbamos.
730 877 12 14 «
757 864 22 29 A
795 864 100 41 ningún
913 869 82 36 punto
1012 864 169 30 determina-

155 919 35 31 do
205 944 7 12 ,
231 924 176 25 contestamos
434 925 120 24 nosotros
569 933 6 22 ;
597 920 57 29 solo
671 929 141 31 paseamos
829 930 48 30 por
903 920 154 30 curiosidad
1081 920 34 30 de
1136 931 45 19 ver

156 976 168 40 Sebastopol.
346 989 11 14 »
365 993 34 6 —
407 989 12 15 «
433 977 64 29 Bien
512 1002 6 9 ,
534 976 53 40 dijo
604 977 24 29 él
640 1001 5 10 ,
664 982 133 25 menester
812 988 29 19 es
854 987 52 31 que
918 988 29 19 se
960 977 113 31 informe
1084 977 34 31 de
1131 977 50 32 ello

156 1033 25 31 el
197 1033 85 30 oficial
299 1032 33 31 de
345 1032 110 41 guardia
470 1045 4 18 :
500 1043 103 30 vengan
617 1033 134 41 conmigo.
771 1047 12 14 »
809 1035 36 29 Le
862 1034 136 40 seguimos
1015 1060 6 10 ,
1040 1045 15 31 y
1072 1034 34 31 de
1129 1044 52 21 una

155 1088 88 32 tienda
260 1099 32 20 no
306 1099 62 31 muy
381 1088 114 31 distante
511 1088 33 31 de
560 1095 121 25 nosotros
696 1115 5 11 ,
720 1100 48 20 nos
784 1090 67 30 salió
868 1091 24 30 al
910 1097 145 25 encuentro
1071 1102 34 19 un
1130 1101 51 21 ca-

155 1145 72 41 pitán
242 1170 5 10 ,
264 1145 22 29 el
312 1145 58 30 cual
394 1154 48 20 nos
462 1144 57 30 hizo
545 1145 23 30 la
590 1145 94 30 misma
700 1152 130 35 pregunta
844 1146 43 31 del
900 1147 80 38 cabo,
1003 1159 16 30 y
1035 1148 100 30 obtuvo
1157 1148 24 30 la

159 1201 90 40 propia
266 1201 188 30 conleslacion.

199 1270 12 15 «
229 1258 46 29 Sin
299 1257 126 40 embargo
442 1282 5 11 ,
466 1258 53 40 dijo
541 1269 49 19 con
615 1258 122 31 seriedad
753 1285 6 10 ,
785 1265 56 26 esto
866 1271 33 20 no
915 1261 40 30 les
978 1272 97 20 escusa
1094 1262 33 30 de
1140 1272 41 20 ser

155 1312 171 42 presentados
341 1313 23 29 al
380 1314 112 29 teniente
508 1314 106 31 coronel
629 1340 5 9 ,
653 1325 76 21 como
745 1316 83 31 vistos
842 1327 31 20 en
895 1317 197 32 demostración
1116 1330 65 20 sos-

155 1369 124 41 pechosa.
299 1381 11 15 »
319 1386 33 5 —
359 1370 122 28 «Pero»
575 1372 65 29 «No
662 1370 52 41 hay
736 1382 64 31 pero
812 1383 52 30 que
888 1374 105 40 valga»
1019 1375 102 41 replicó
1137 1376 23 30 él
1173 1401 7 12 ,

154 1435 50 21 con
220 1435 44 21 ese
278 1431 59 25 tono
353 1425 128 32 chocante
495 1451 6 11 ,
519 1432 74 25 entre
605 1428 99 30 militar
719 1440 16 29 y
752 1429 109 41 político
876 1455 6 12 ,
901 1442 63 31 muy
986 1434 95 40 propio
1094 1433 33 30 de
1143 1434 38 30 los

155 1481 144 31 franceses.
321 1495 12 14 «
351 1483 81 40 Sigan
447 1483 66 30 Vds.
541 1484 25 29 al
588 1484 82 37 cabo,
696 1496 17 30 y
729 1496 46 20 sus
791 1496 110 22 razones
922 1488 40 31 las
984 1490 83 30 darán
1086 1491 63 31 allá.
1168 1505 11 13 »

157 1539 44 29 Sin
216 1549 55 19 mas
284 1563 6 12 ,
309 1550 47 19 nos
372 1540 60 39 dejó
453 1540 142 41 plantados
618 1542 195 31 volviéndonos
826 1545 23 28 la
867 1545 120 39 espalda.

197 1596 146 40 Siguiendo
364 1607 66 31 pues
446 1596 24 31 al
493 1597 77 37 cabo,
590 1609 51 30 que
663 1610 47 20 nos
738 1601 124 40 precedía
885 1602 33 32 de
943 1615 89 26 cerca,
1060 1606 121 32 andados

156 1662 65 20 nnos
235 1652 150 30 doscientos
402 1662 77 32 pasos
492 1663 48 20 nos
556 1655 96 29 mandó
668 1666 88 30 parar,
775 1658 15 29 á
806 1660 34 28 fin
856 1658 33 31 de
914 1662 185 39 aproximarse
1125 1664 56 31 solo

155 1707 25 31 al
196 1708 118 36 coronel,
332 1719 51 30 que
396 1708 44 31 iba
455 1709 124 30 montado
595 1711 13 29 á
621 1711 104 31 caballo
739 1724 16 30 y
770 1714 91 30 estaba
878 1717 100 39 parado
994 1719 15 30 á
1032 1726 73 25 corta
1118 1721 63 31 dis-

158 1764 82 30 tancia
257 1764 133 30 hablando
406 1775 48 20 con
472 1777 65 20 unos
554 1767 136 31 soldados.

197 1820 72 29 Dada
284 1830 48 20 con
350 1821 23 29 la
387 1822 147 31 urbanidad
546 1834 52 31 que
615 1826 24 29 el
655 1827 114 30 servicio
783 1828 114 32 reclama
909 1842 31 20 su
954 1833 145 38 denuncia,
1115 1847 66 20 con-

157 1881 65 27 testa
238 1876 23 29 el
275 1876 105 30 coronel
391 1887 49 21 con
456 1879 136 40 sequedad
608 1882 40 29 sin
664 1882 126 41 dignarse
805 1886 117 40 siquiera
941 1891 82 31 mirar
1039 1892 77 32 hacia
1131 1905 47 21 no-
