1241 2180
577 125 161 27 58

144 193 98 31 efectos
254 190 177 42 susceptibles
448 189 33 30 de
501 189 101 30 avería.
623 188 45 29 Sin
685 184 181 43 ponderación
883 182 79 31 habia
989 179 154 31 destinados
1161 180 13 30 á

144 254 55 27 este
210 248 113 31 servicio
337 256 55 20 mas
408 245 33 31 de
456 247 73 29 200:
549 244 39 30 los
614 243 33 30 de
663 243 111 41 pólvora
790 251 29 19 se
832 238 129 32 hallaban
978 236 145 43 separados
1142 236 32 31 de

144 306 39 30 los
199 304 91 31 demás
304 313 63 30 para
379 308 70 24 estar
459 312 49 20 con
524 298 155 43 seguridad.

184 364 39 28 En
237 361 23 31 el
277 365 93 37 puerto
384 370 28 20 se
427 359 131 31 conlaban
570 357 122 41 aquellos
718 355 57 30 dias
791 364 57 20 mas
864 353 33 30 de
924 354 59 28 500
1008 352 106 40 buques
1141 350 33 32 de

143 419 60 30 vela
218 429 17 30 y
251 428 67 19 unos
336 419 36 28 10
391 426 112 32 vapores
520 419 148 26 mercantes
682 425 5 18 :
707 422 56 20 mas
791 410 74 32 tarde
882 420 102 32 supuse
1005 409 131 41 llegarían
1160 409 14 31 á

145 477 59 29 700
217 475 39 30 los
269 475 130 39 primeros
417 484 15 29 y
452 475 36 27 18
507 473 39 29 los
562 470 147 43 segundos.

186 531 159 43 Agregando
361 532 14 29 á
392 535 69 26 estas
477 540 32 31 ya
521 530 153 30 cuantiosas
690 527 90 36 cifras,
812 529 38 28 los
867 525 33 31 de
924 535 54 21 una
994 535 17 30 y
1027 529 56 25 otra
1104 524 69 30 clase

144 600 52 30 que
207 600 28 18 se
250 588 124 30 hallaban
391 598 31 20 en
439 587 78 41 aquel
535 587 94 30 mismo
641 585 98 41 tiempo
756 595 32 19 en
801 584 82 40 viaje,
898 593 28 20 se
944 581 92 32 tendrá
1050 591 51 20 una
1115 580 58 31 idea

144 646 33 30 de
193 646 24 29 la
233 644 190 39 grandiosidad
436 644 43 30 del
492 649 128 34 trasporte
634 653 51 30 que
702 641 138 41 originaba
856 640 108 41 aquella
978 648 109 31 guerra.

185 703 35 29 Es
230 711 62 20 cosa
308 710 96 31 segura
417 710 53 31 que
486 700 24 29 la
521 699 109 30 Francia
648 698 158 35 solamente,
823 697 71 40 llegó
911 697 14 30 á
943 705 84 31 pagar
1039 704 64 31 para
1120 696 54 27 fle-

144 762 39 25 tes
203 756 33 30 de
247 757 106 40 buques
370 762 172 35 transpones,
561 765 57 20 mas
642 755 33 29 de
693 765 34 19 un
741 754 92 30 millón
846 753 33 30 de
900 752 83 31 duros
995 751 25 31 al
1037 762 67 19 mes.
1123 751 51 30 Los

144 813 105 41 buques
271 812 32 31 de
330 813 59 30 vela
406 823 28 19 se
449 812 120 41 pagaban
584 822 47 29 por
645 811 112 30 término
771 810 87 29 medio
882 810 14 29 á
922 811 37 28 22
973 808 106 31 francos
1102 817 72 20 men-

145 869 87 30 suales
249 879 49 29 por
314 868 136 31 tonelada.

186 926 30 29 Al
231 925 108 30 Tharsis
354 925 23 30 le
392 924 88 31 daban
498 926 115 35 35,000
627 923 106 31 francos
750 922 23 31 al
786 933 68 26 mes,
867 933 17 30 y
896 922 109 30 además
1026 921 23 30 el
1077 920 96 30 carbón

145 994 53 30 que
213 983 178 30 consumiese.
419 983 51 29 Los
486 992 113 31 vapores
630 991 44 20 era
696 980 89 41 precio
809 979 203 31 convencional.
1032 978 79 32 Hubo
1133 978 40 30 al-

144 1049 72 30 guno
229 1038 32 30 de
277 1049 60 20 esos
359 1039 122 40 gigantes
503 1038 116 40 ingleses
647 1049 53 29 que
721 1037 109 30 costaba
854 1039 57 28 200
937 1037 83 30 libras
1036 1036 138 30 esterlinas

146 1097 88 35 (como
250 1097 93 33 1,000
355 1094 97 38 duros)
471 1094 110 35 diarios,
600 1104 15 28 y
628 1094 14 29 á
655 1103 57 20 mas
728 1093 117 30 también
860 1093 24 30 el
900 1093 100 30 carbón
1024 1093 147 30 necesario.

188 1152 63 28 Para
265 1156 122 35 proteger
398 1160 31 19 en
443 1156 74 34 parte
531 1150 38 30 los
586 1149 105 41 buques
710 1159 32 20 en
761 1154 93 36 puerlo
867 1148 33 31 de
917 1159 36 19 un
974 1154 97 36 ataque
1088 1159 84 20 even-

145 1206 54 30 tual
213 1216 31 20 en
260 1206 124 30 ausencia
396 1206 42 29 del
455 1215 97 31 grueso
567 1205 32 31 de
613 1206 39 30 las
673 1204 156 37 escuadras,
845 1216 28 19 se
889 1210 194 36 construyeron
1099 1215 31 21 en
1149 1205 23 31 la

147 1262 107 30 entrada
271 1261 33 31 de
316 1262 142 30 Kamiesch
475 1263 113 38 algunas
604 1262 128 30 baterías.

188 1320 29 29 El
230 1319 48 30 frió
294 1330 27 19 se
335 1319 106 31 declaró
457 1320 121 41 aquellos
594 1320 58 30 dias
664 1331 49 20 con
729 1320 122 30 bastante
869 1320 114 31 crudeza
1000 1334 5 23 ;
1022 1332 48 30 por
1087 1321 24 30 lo
1124 1330 51 30 que

147 1377 13 29 á
177 1375 24 30 la
213 1381 73 35 tropa
302 1386 27 20 se
341 1375 38 31 les
395 1375 43 31 fué
450 1376 172 41 repartiendo
633 1377 40 30 los
689 1383 108 35 capoles
809 1377 33 30 de
856 1377 84 41 pieles
954 1388 52 31 que
1020 1378 96 30 habían
1129 1378 47 30 lle-

147 1431 69 39 gado
232 1433 13 28 é
260 1431 62 30 iban
337 1431 135 39 llegando.

189 1487 152 36 Quedamos
354 1488 73 30 listos
445 1488 33 30 de
495 1489 24 29 la
535 1488 132 41 descarga
681 1490 23 29 el
725 1491 37 28 22
773 1489 33 30 de
822 1490 168 36 noviembre,
1008 1502 17 30 y
1038 1491 23 30 el
1083 1491 93 30 mismo

149 1543 43 31 dia
208 1554 47 20 nos
269 1543 146 31 ordenaron
429 1553 95 32 cargar
541 1555 48 19 con
605 1545 58 30 toda
677 1556 125 30 premura
830 1546 183 41 provisiones,
1038 1557 66 33 para
1130 1547 47 31 lle-

149 1601 88 29 varlas
250 1601 14 29 á
276 1601 23 29 la
311 1601 156 39 guarnición
480 1601 120 31 francesa
611 1601 140 32 destacada
765 1614 32 19 en
810 1604 155 39 Eupaloria.

191 1657 74 29 Tuvo
282 1667 51 29 que
349 1657 76 29 venir
436 1658 14 29 á
464 1657 83 30 bordo
562 1668 35 19 un
613 1659 87 29 oficial
717 1658 33 31 de
761 1658 217 32 administración
993 1686 6 9 ,
1024 1662 14 29 á
1052 1662 97 40 vigilar
1161 1672 16 30 y

149 1712 116 30 calcular
279 1713 22 29 la
317 1713 123 30 cantidad
452 1724 51 30 que
517 1713 78 31 habia
608 1714 33 30 de
657 1715 170 30 embarcarse
840 1716 34 30 de
890 1717 66 30 cada
972 1718 113 41 renglón
1102 1744 6 10 ,
1126 1728 50 31 pa-

149 1778 28 21 ra
189 1768 97 30 formar
302 1779 35 19 un
349 1775 124 35 compulo
488 1770 32 30 de
538 1772 36 28 60
591 1770 45 30 mil
651 1772 120 29 raciones
782 1771 33 30 de
831 1772 97 40 galleta
944 1798 6 11 ,
965 1783 75 22 arroz
1055 1800 5 11 ,
1079 1777 97 28 azúcar

149 1836 18 30 y
180 1824 67 36 café,
265 1835 52 30 que
331 1836 47 19 nos
391 1828 83 28 traían
490 1827 33 29 de
536 1827 39 30 los
588 1827 274 39 buques-depósilos.
