1241 2180
516 129 181 28 151

139 192 44 29 Sin
213 191 161 31 detenernos
397 202 56 21 mas
469 203 51 30 que
537 193 24 30 lo
574 194 104 42 preciso
696 204 61 31 para
774 195 101 31 recibir
891 196 38 30 las
955 196 112 30 órdenes
1080 193 43 33 del

94 247 159 31 Intendente
269 273 5 9 ,
307 249 185 41 proseguimos
509 255 106 25 nuestra
631 251 163 40 navegación
811 252 73 29 hasla
903 253 93 29 Be'ícos
1011 266 6 21 ;
1041 257 82 36 punto

96 315 53 31 que
170 315 47 20 nos
247 305 85 30 tenían
349 305 124 30 señalado
487 315 61 31 para
564 306 79 30 hacer
656 307 115 41 siempre
788 313 107 25 nuestra
912 313 89 26 entera
1025 309 98 41 provi-

97 362 57 30 sión
166 361 33 30 de
215 362 97 30 carbón
327 387 5 10 ,
360 363 15 29 á
404 363 34 29 fin
464 362 33 31 de
522 368 72 25 tener
607 364 137 30 suficiente
757 374 65 31 para
845 365 59 30 lodo
918 365 22 31 el
960 366 96 41 liempo
1072 376 51 31 que

99 418 170 41 pudiésemos
285 429 172 31 permanecer
470 419 155 41 navegando
638 430 31 20 en
687 420 24 30 el
727 422 56 29 Mar
801 423 99 37 Negro.

139 475 82 30 Como
244 481 56 25 esta
322 486 48 20 vez
396 476 131 30 diéramos
544 476 79 30 fondo
636 478 13 28 á
663 477 95 40 alguna
775 478 132 30 distancia
923 478 33 30 de
972 479 23 29 la
1018 479 76 29 orilla
1109 479 15 30 á

96 541 82 21 causa
193 532 33 30 de
241 532 84 30 haber
337 533 88 29 varios
447 533 104 41 buques
568 545 16 29 y
597 544 114 30 vapores
725 545 52 30 que
802 534 157 41 impidiesen
971 539 151 25 atracarnos

96 588 122 30 bastante
233 613 5 11 ,
256 599 49 19 nos
318 588 153 31 fondeamos
486 614 6 11 ,
510 600 63 30 muy
590 590 13 29 á
616 600 79 31 pesar
709 596 113 25 nuestro
835 614 5 12 ,
860 600 32 21 en
907 600 54 20 una
977 590 147 41 profundi-

98 644 52 30 dad
166 644 33 31 de
216 655 67 30 agua
306 644 32 31 de
361 647 37 28 30
423 645 102 31 brazas.
554 647 64 40 Muy
630 646 110 31 temible
765 655 44 22 era
829 647 23 29 la
868 647 93 40 rápida
978 647 84 30 salida
1091 646 33 31 de

98 707 70 26 tanta
184 703 134 30 estension
331 702 33 31 de
381 703 99 30 cadena
494 728 6 11 ,
513 714 66 30 pues
596 715 51 30 que
662 728 6 12 ,
686 704 110 30 además
810 704 43 30 del
873 704 79 30 fondo
965 704 98 34 citado,
1080 703 44 30 ha-

100 759 45 30 bia
161 770 52 30 que
229 760 82 29 arriar
325 760 95 29 mucha
437 769 55 21 mas
506 785 6 11 ,
531 761 13 29 á
556 762 34 27 sin
607 760 32 30 de
653 771 52 30 que
724 771 127 30 agarrase
867 760 62 31 bien
946 761 24 30 el
986 760 75 30 ancla
1074 771 6 19 :
1099 760 25 30 el

99 827 65 31 peso
178 816 32 30 de
227 822 55 25 esta
297 816 120 31 caidade
433 822 70 24 tanta
515 816 85 31 altura
613 842 6 10 ,
637 828 17 29 y
670 817 25 30 el
718 817 33 31 de
768 818 23 29 la
804 818 101 30 misma
923 817 99 31 cadena
1036 817 24 30 al
1073 827 51 20 es-

99 873 116 31 currirse
225 898 6 11 ,
249 872 94 31 hacian
366 873 90 40 crugir
470 883 49 20 con
537 873 130 31 violencia
683 873 59 31 toda
759 874 23 30 la
797 878 75 37 parte
888 873 33 31 de
938 883 62 32 proa
1014 874 42 30 del
1069 873 54 31 bu-

100 940 52 31 que
166 954 6 11 ,
205 929 114 30 sacando
335 929 107 41 chispas
458 930 38 29 los
517 930 140 30 eslabones
681 930 24 30 al
721 940 79 20 rozar
815 940 47 20 con
883 930 24 29 el
920 930 88 29 hierro
1022 929 33 30 de
1071 940 52 30 que

98 987 45 29 iba
160 986 104 30 forrado
284 986 24 29 el
338 986 125 29 molinete
479 989 14 26 ó
515 987 124 40 máquina
655 987 32 29 de
703 996 103 30 zarpar.
825 988 54 28 Son
893 985 150 30 maniobras
1071 995 51 30 que

100 1053 28 21 es
141 1047 132 25 menester
286 1042 79 30 hacer
380 1053 47 19 con
441 1042 113 30 cuidado
572 1053 62 29 para
650 1042 218 40 desempeñarlas
887 1042 41 30 sin
944 1051 155 31 percances.

140 1102 122 39 Después
275 1098 33 31 de
321 1097 85 32 hecho
427 1099 24 30 el
467 1098 98 32 carbón
581 1124 5 11 ,
606 1099 75 31 faena
695 1100 24 30 la
732 1110 55 20 mas
806 1099 137 31 incómoda
973 1109 51 31 que
1055 1098 67 30 tiene

99 1167 35 19 un
145 1156 93 41 buque
266 1157 13 28 á
309 1165 101 31 vapor,
433 1156 183 29 continuamos
636 1161 107 25 nuestro
759 1156 70 41 viaje
854 1156 78 29 hacia
959 1154 161 37 Kamiesch,

99 1213 41 31 sin
169 1224 52 30 que
237 1223 48 19 nos
302 1212 138 30 sucediera
456 1212 74 30 hasla
545 1212 84 41 llegar
644 1213 66 36 allá,
729 1212 208 41 particularidad
953 1213 98 39 alguna
1072 1221 50 20 no-

99 1270 89 35 table,
217 1268 192 41 consiguiendo
432 1279 48 30 por
500 1274 69 25 tanto
596 1268 109 31 fondear
730 1268 150 31 felizmente
907 1269 24 30 el
959 1268 42 30 dia
1030 1270 36 28 27
1089 1268 33 30 de

97 1337 98 19 marzo.
