1241 2180
560 141 183 28 174

133 212 193 35 construyesen
345 205 38 30 las
399 204 147 31 divisiones
562 215 16 30 y
594 204 157 31 comedoras
766 204 151 30 necesarias
935 213 63 31 para
1016 209 69 24 traer
1098 202 60 31 des-

127 263 32 30 de
172 263 119 29 Esmirna
306 262 38 30 los
356 261 101 31 citados
471 261 114 40 bueyes.

168 319 103 30 Viendo
288 324 56 24 esto
357 318 23 30 el
394 318 103 41 capilan
513 342 6 11 ,
537 317 77 41 apeló
630 318 14 29 á
662 317 23 30 la
698 317 160 41 importante
874 316 150 31 mediación
1042 315 42 31 del
1102 326 56 20 em-

126 376 111 41 bajador
249 375 32 31 de
294 378 103 38 España
411 401 6 11 ,
437 386 63 31 pero
513 375 61 41 bajo
587 375 23 30 el
625 375 120 30 carácter
767 375 146 40 particular
930 376 14 28 ó
962 375 139 29 amistoso.
1121 375 33 29 Se

127 434 23 29 le
162 432 126 31 concedió
305 434 14 29 á
335 432 35 37 él,
387 442 32 31 ya
436 443 27 20 se
477 443 31 20 ve
524 442 53 31 que
591 442 48 31 por
650 431 247 32 condescendencia
911 455 6 12 ,
933 435 109 26 nuestro
1055 430 97 37 deseo;

126 501 28 20 es
171 491 83 34 decir,
270 490 170 29 marcharnos
453 491 13 28 á
480 489 122 30 Marsella
616 499 31 19 en
662 489 76 40 lugar
758 488 34 30 de
813 487 108 31 hacerlo
943 492 56 25 otro
1017 497 84 31 vapor
1114 512 6 11 ,
1139 497 17 32 y

127 557 53 21 una
197 558 46 20 vez
256 547 45 30 allí
315 572 5 11 ,
336 557 27 20 se
380 546 87 31 sabria
480 557 49 30 por
544 546 23 30 el
580 546 196 40 consignatario
799 546 22 29 si
834 546 208 29 efeclivamente
1060 544 95 30 debía-

128 616 56 20 mos
201 606 138 29 continuar
353 618 6 22 ;
379 615 31 19 en
428 605 36 29 lal
480 614 61 20 caso
557 614 33 20 no
603 614 28 20 se
647 603 122 41 perdería
783 604 67 29 nada
866 628 6 12 ,
891 613 67 30 pues
982 612 51 32 que
1050 612 29 21 se
1093 612 64 21 em-

127 661 139 42 prendería
283 671 87 20 nuevo
384 660 69 40 viaje
468 684 6 11 ,
492 659 132 30 habiendo
641 659 92 30 eslado
748 658 121 42 ocupado
883 659 24 30 el
924 659 129 30 «Tharsis
1066 673 27 21 ,»
1108 670 47 20 con

127 717 132 41 provecho
275 717 43 30 del
335 717 133 30 Gobierno
486 716 60 30 todo
559 717 23 29 el
602 721 132 24 Irascurso
751 715 44 30 del
813 716 108 41 tiempo.

169 773 151 32 Concedido
334 799 6 11 ,
370 783 66 31 pues
451 798 6 11 ,
483 783 52 30 que
558 772 134 30 fuéramos
708 773 13 29 á
745 772 124 31 Marsella
886 798 6 11 ,
918 783 28 20 se
969 773 122 31 tuvieron
1105 784 51 30 que

127 832 127 29 deshacer
270 830 39 30 los
326 829 182 42 preparativos
523 828 98 31 hechos
639 839 62 30 para
714 829 23 30 ir
758 830 15 29 á
789 829 122 31 Esmirna
925 843 6 23 ;
951 840 49 20 con
1017 840 62 20 mas
1093 840 63 21 mo-

127 888 54 30 tivo
202 897 52 20 aun
268 911 7 11 ,
298 897 49 30 por
361 885 83 31 haber
464 885 135 31 ordenado
622 886 23 29 el
664 885 156 31 Intendente
839 896 52 31 que
907 886 209 41 condujéramos
1132 888 24 30 al

127 944 98 41 primer
241 949 81 35 punto
344 942 124 31 soldados
489 943 213 30 convalecientes
726 942 99 30 salidos
847 943 32 30 de
898 943 39 30 los
954 943 148 41 hospitales
1125 943 31 32 de

127 999 215 40 Constantinopla
359 1009 62 30 para
437 999 23 29 ir
475 999 15 30 á
505 999 127 30 acabarse
646 999 32 30 de
696 999 161 30 restablecer
878 1010 33 20 en
933 1001 121 30 Francia.
1083 1001 73 31 Ade-

126 1057 56 30 más
199 1066 47 19 nos
261 1055 96 30 habían
371 1054 32 31 de
420 1065 93 30 cargar
530 1065 51 20 una
595 1055 101 40 partida
713 1054 33 31 de
762 1056 73 40 cajas
853 1067 16 30 y
886 1055 90 32 fardos
993 1058 163 29 contenien-

127 1114 33 30 do
173 1114 147 29 deshechos
337 1115 14 28 ó
367 1113 124 40 despojos
505 1113 128 30 militares
650 1113 175 40 procedentes
841 1114 33 30 de
892 1114 40 30 los
945 1115 211 31 acontecimien-

128 1175 38 26 tos
183 1170 32 30 de
232 1170 24 30 la
272 1180 106 29 guerra.

168 1229 37 28 De
221 1226 39 31 las
275 1226 64 30 tales
356 1227 70 40 cajas
449 1237 15 30 y
487 1226 89 31 fardos
596 1226 183 32 embarcamos
797 1230 37 28 80
849 1228 101 30 bultos.
969 1230 39 28 De
1025 1229 133 30 convale-

129 1284 100 29 cientes
249 1282 78 31 habia
349 1293 67 20 unos
437 1283 70 30 cien.
530 1284 65 29 Para
611 1283 65 30 cada
691 1294 54 19 uno
766 1284 33 29 de
819 1290 71 24 estos
908 1286 116 39 trajeron
1043 1286 13 29 á
1073 1285 85 30 bordo

127 1349 51 21 una
194 1348 74 21 cama
289 1339 131 41 completa
435 1363 6 11 ,
460 1341 14 28 ó
496 1349 45 20 sea
557 1339 110 30 colchón
680 1364 5 11 ,
714 1340 140 30 almohada
870 1352 16 29 y
902 1347 99 25 manta.
1027 1342 53 30 Con
1099 1352 59 21 esos

127 1396 139 30 utensilios
278 1395 62 29 iban
356 1395 119 30 bastante
488 1395 61 30 bien
566 1396 154 40 arreglados
737 1396 113 31 durante
867 1397 23 30 el
908 1398 70 41 viaje
997 1401 14 28 ó
1031 1400 124 35 travesía,

127 1463 63 30 pero
207 1462 32 20 no
253 1463 46 30 por
315 1457 56 25 esto
385 1463 28 19 se
431 1452 85 41 puede
529 1452 74 31 decir
618 1463 53 31 que
690 1453 122 31 tuviesen
828 1454 74 31 todas
920 1466 46 19 sus
981 1456 176 31 necesidades

127 1508 145 30 cubiertas.

167 1567 79 28 Entre
263 1574 52 21 una
331 1574 61 21 cosa
405 1576 15 30 y
431 1570 56 25 otra
502 1576 28 19 se
545 1576 112 30 pasaron
672 1567 167 31 inútilmente
852 1567 116 42 algunos
982 1569 69 32 dias.
1069 1571 89 41 Apro-

127 1622 179 30 vechábamos
323 1623 231 40 parlicularmenle
571 1623 39 31 los
626 1623 33 31 de
673 1624 70 31 buen
758 1626 98 41 tiempo
870 1650 6 11 ,
893 1636 63 31 para
972 1628 23 29 ir
1009 1628 13 30 á
1039 1639 120 20 recorrer

127 1679 40 30 los
179 1679 109 30 bazares
303 1679 33 30 de
353 1679 131 30 Slambul.

168 1737 36 28 Lo
221 1746 51 30 que
291 1746 48 20 nos
362 1737 68 29 lenia
452 1737 161 30 moleslados
630 1747 43 20 era
696 1749 52 30 que
765 1763 5 11 ,
789 1740 219 31 continuamente
1024 1766 6 11 ,
1050 1751 109 32 aunque

126 1790 146 31 fondeados
285 1816 6 11 ,
314 1794 134 29 temíamos
466 1794 23 29 el
506 1794 105 41 choque
627 1794 33 30 de
679 1794 82 41 algún
784 1794 90 43 buque
890 1821 5 11 ,
923 1807 49 20 con
993 1797 39 31 los
1052 1810 107 20 reveses

127 1847 33 31 de
176 1849 129 31 corriente
321 1860 52 30 que
390 1860 28 21 se
431 1849 136 32 formaban
584 1862 32 20 en
633 1852 24 30 el
674 1853 89 38 paraje
779 1852 88 31 donde
884 1855 166 31 estábamos.

168 1906 64 29 Para
248 1915 51 31 que
312 1917 28 19 se
356 1915 48 22 vea
420 1907 22 30 si
458 1917 29 20 es
502 1907 106 31 temible
624 1918 45 20 esa
685 1909 131 31 corriente
829 1921 32 19 en
878 1910 40 31 los
934 1912 105 40 parajes
1056 1923 53 29 que
1125 1923 28 20 se
