1241 2180
553 121 182 29 102

139 194 166 31 municiones
317 201 48 21 nos
381 189 97 31 habian
491 187 136 31 facilitado
644 189 221 39 generosamente
887 182 114 40 algunos
1010 178 71 43 jefes
1097 189 31 19 en
1142 177 23 31 la

139 252 115 29 Crimea.

179 308 53 30 Con
248 311 55 25 esto
316 330 5 9 ,
340 305 24 29 al
379 303 92 41 propio
489 303 96 40 liempo
608 311 53 30 que
684 297 194 42 ensayábamos
894 295 23 31 el
935 299 86 27 cañón
1043 303 53 31 que
1118 302 48 20 nos

137 365 78 30 habia
232 361 146 42 entregado
390 361 24 30 el
431 360 103 40 capitán
552 358 41 30 del
613 356 108 32 Vifredo
742 355 23 30 al
789 355 76 29 venir
880 353 33 30 de
930 352 147 41 Inglaterra
1094 375 6 10 ,
1120 360 46 20 nos

140 420 202 42 ejercitábamos
359 443 5 11 ,
383 428 48 32 por
447 416 136 31 diversión
599 441 5 10 ,
624 425 31 20 en
672 425 30 18 su
717 413 114 41 manejo.

182 476 128 31 También
329 476 38 28 los
381 474 127 31 soldados
522 484 51 30 que
591 471 165 31 llevábamos
772 496 5 10 ,
796 480 49 19 nos
861 467 143 42 prestaban
1016 476 45 21 sus
1078 465 92 30 fusiles

143 547 18 29 y
176 534 139 31 carabinas
327 534 13 28 á
354 532 23 29 la
392 531 80 30 Minié
488 541 48 19 con
550 535 110 25 cuantos
676 527 141 32 cariuchos
834 526 177 41 quisiéramos
1029 534 48 30 por
1099 527 71 25 tener

141 591 62 30 bien
218 590 130 41 provistas
364 599 46 19 sus
426 587 170 31 cartucheras
607 611 5 10 ,
630 595 65 31 para
710 586 63 28 tirar
786 584 24 30 al
828 583 95 30 blanco
938 594 7 25 ;
963 581 25 30 lo
1004 580 60 30 cual
1080 580 91 29 hacía-

143 659 58 20 mos
214 646 185 32 sirviéndonos
424 645 138 39 cualquier
583 644 88 40 objeto
694 653 52 31 que
759 643 14 30 á
791 641 136 42 propósito
950 638 182 42 arrojábamos
1148 637 23 31 al

146 716 64 19 mar.

188 763 28 28 El
231 762 42 29 día
287 764 16 27 7
320 761 62 30 bien
397 766 135 34 temprano
547 785 6 10 ,
572 769 51 20 aun
637 758 117 41 después
767 758 33 29 de
815 755 85 31 haber
916 753 105 32 andado
1043 753 131 31 volunta-

149 819 126 30 riamente
291 828 48 19 con
353 816 111 30 lentitud
481 816 112 30 durante
613 815 24 31 la
651 824 92 32 mayor
756 819 74 36 parte
846 812 33 30 de
897 812 25 30 la
938 811 85 30 noche
1045 811 14 29 á
1082 812 36 28 fin
1141 808 32 31 de

148 884 109 31 esperar
273 874 24 28 la
313 872 117 30 claridad
453 871 42 30 del
512 872 42 29 dia
571 896 6 11 ,
596 871 85 30 dimos
697 869 81 32 fondo
794 879 32 21 en
839 868 23 31 el
888 873 94 37 puerlo
998 866 120 31 artificial
1143 865 32 31 de

149 930 24 30 la
189 929 106 30 Jolietle
309 953 6 8 ,
334 939 31 19 en
380 928 134 29 Marsella.

190 987 61 28 Este
268 990 112 36 puerlo,
399 995 53 29 que
464 993 78 21 causa
560 983 124 30 asombro
710 993 46 19 ver
773 983 38 29 los
830 983 136 29 inmensos
985 979 116 41 trabajos
1126 989 50 30 que

151 1042 33 31 ha
199 1041 110 31 costado
326 1040 127 31 vencidos
469 1041 13 29 á
496 1040 88 30 fuerza
597 1039 33 30 de
644 1039 205 41 perseverancia
864 1063 6 11 ,
889 1049 15 30 y
923 1037 105 30 merced
1046 1038 14 29 á
1077 1047 34 19 un
1128 1046 48 31 go-

153 1099 93 30 bierno
259 1104 132 35 protector
405 1122 5 11 ,
430 1104 54 24 este
497 1103 94 36 puerlo
605 1108 52 30 que
670 1107 96 32 parece
779 1098 137 39 vituperar
938 1094 211 32 ensoberbecido
1165 1095 13 29 á

154 1166 29 20 su
200 1156 94 29 vecino
311 1166 15 29 y
344 1155 65 29 rival
425 1155 33 29 de
473 1154 143 30 Barcelona
630 1179 5 11 ,
655 1160 54 24 este
723 1160 94 35 puerlo
830 1153 63 41 digo
909 1178 5 10 ,
934 1163 45 20 era
993 1162 50 21 aun
1058 1157 122 37 pequeño

154 1222 63 31 para
234 1217 125 25 contener
385 1222 15 29 y
422 1211 47 30 dar
484 1211 77 40 lugar
576 1212 14 29 á
614 1222 43 19 esa
682 1211 137 30 cuanlicsa
843 1222 73 29 espoi
927 1211 84 30 lacion
1027 1210 34 30 de
1085 1209 96 31 efectos

154 1281 51 29 que
218 1280 27 19 se
259 1269 155 30 destinaban
428 1270 13 29 á
455 1269 23 30 la
496 1270 112 29 Crimea.
629 1271 51 28 Sus
694 1270 112 29 muelles
820 1294 5 10 ,
845 1279 33 31 ya
892 1279 28 20 se
932 1268 33 31 ha
977 1268 78 31 dicho
1068 1267 24 31 al
1107 1268 74 41 prin-

156 1327 70 39 cipio
242 1325 32 29 de
291 1331 55 24 esla
369 1326 116 29 relación
500 1350 6 10 ,
534 1327 178 38 presentaban
730 1325 24 30 la
778 1324 127 31 variedad
922 1336 17 29 y
956 1324 150 30 animación
1129 1332 54 22 mas

158 1382 129 39 completa
304 1392 31 19 en
353 1387 107 34 apáralo
474 1392 137 29 guerrero.

196 1439 29 28 El
238 1438 60 29 sitio
311 1437 32 30 de
357 1437 156 40 Sebaslopol
529 1437 101 31 lomaba
645 1439 13 28 á
673 1438 24 30 la
710 1448 78 20 sazón
797 1438 168 40 imponentes
978 1437 203 41 proporciones,

156 1506 18 29 y
189 1497 120 38 requería
327 1495 144 30 ilimitados
488 1496 196 39 preparativos.

199 1553 50 28 Los
263 1552 159 39 embarques
438 1552 32 29 de
485 1557 87 34 tropas
589 1562 62 20 eran
668 1552 153 30 frecuentes
839 1563 14 28 y
869 1562 169 20 numerosos.

199 1611 37 28 En
251 1619 58 20 esos
326 1608 57 30 dias
406 1619 28 19 se
459 1608 124 30 embarcó
601 1608 23 30 la
641 1608 113 40 guardia
771 1608 123 41 imperial
919 1619 49 19 con
985 1620 47 19 sus
1048 1608 140 31 abultados

161 1666 147 30 morriones
322 1691 5 10 ,
346 1676 64 30 pero
426 1676 32 20 en
472 1666 25 30 la
509 1666 104 30 Crimea
634 1667 95 40 reparé
745 1665 116 41 después
884 1676 66 30 que,
968 1666 180 36 usualmente,
1164 1665 24 30 lo

161 1724 140 28 sustituían
315 1733 49 19 con
377 1723 24 29 la
415 1732 55 20 mas
487 1723 99 29 militar
602 1722 269 39 gorra-de-cuarlel.

202 1779 173 29 Necesitando
396 1779 23 29 el
441 1779 149 30 «Tharsis»
616 1779 107 40 limpiar
739 1790 45 18 sus
802 1779 94 30 fondos
911 1804 5 11 ,
944 1790 48 29 por
1009 1790 43 20 ser
1067 1790 79 20 casco
1159 1779 33 30 de

162 1835 99 34 hierro,
277 1846 28 18 se
321 1835 103 30 solicitó
440 1835 24 30 el
476 1836 115 40 permiso
607 1835 33 31 de
653 1842 89 23 entrar
754 1846 31 19 en
800 1835 81 41 dique
894 1841 76 26 antes
981 1836 33 31 de
1028 1835 161 42 emprender

164 1902 86 20 nuevo
264 1902 80 30 viaje.
