1241 2180
518 129 159 28 21

84 190 39 30 los
139 197 162 34 navegantes
315 201 48 31 por
376 192 39 29 los
433 192 109 30 muchos
555 192 99 40 piratas
667 192 107 41 griegos
790 192 32 32 de
836 203 53 31 que
900 203 28 20 se
945 192 106 31 hallaba
1064 192 45 29 in-

85 248 111 36 festado,
224 261 15 30 y
256 259 56 21 mar
328 249 116 31 también
472 260 32 20 en
527 249 88 31 donde
634 249 113 31 sufriera
775 250 23 30 la
814 250 109 30 armada
938 250 127 30 Helénica
1085 249 24 30 al

85 317 108 29 regreso
205 306 32 30 de
251 307 23 29 la
288 306 167 30 destrucción
468 306 32 29 de
514 308 99 38 Troya,
632 306 105 40 aquella
756 308 145 39 tempestad
915 318 52 30 que
980 307 58 29 hizo
1058 316 51 20 es-

85 362 99 30 clamar
196 363 12 28 á
222 361 140 30 Idomeneo
379 362 24 29 la
417 371 121 30 promesa
552 372 52 29 que
621 371 109 20 causara
746 362 22 29 la
781 368 101 24 muerte
898 362 32 30 de
947 373 30 19 su
1000 363 63 38 hijo.

128 419 28 30 El
172 418 41 32 dia
229 422 15 28 8
262 420 23 30 al
303 429 150 25 amanecer,
472 429 66 32 poco
550 419 117 42 después
683 418 32 31 de
732 419 82 30 haber
827 419 99 41 pasado
942 420 25 29 la
980 418 100 42 grande
1093 430 16 31 y

85 475 68 31 fértil
167 476 49 30 isla
231 476 108 30 Malalin
353 476 38 39 (la
402 476 108 41 antigua
527 476 136 41 Myliline)
686 486 47 20 nos
759 478 64 39 pasó
847 486 34 19 un
896 477 78 29 navio
994 477 14 29 á
1021 476 88 30 hélice

85 533 33 30 de
136 538 52 25 tres
205 538 122 35 puenles,
342 543 51 30 que
420 532 138 41 navegaba
583 543 48 19 con
654 533 57 29 solo
727 544 30 18 su
774 533 124 40 máquina
921 543 48 30 por
991 532 69 30 serle
1085 531 24 31 el

86 590 88 29 viento
190 589 142 31 contrario.
352 591 35 28 La
401 590 65 29 vista
481 589 32 30 de
527 595 55 25 esle
599 591 77 29 navio
691 589 57 30 hizo
761 595 82 24 tomar
864 589 177 30 consistencia
1053 599 56 19 en-

87 652 37 25 tre
141 646 38 30 los
193 646 125 34 oficiales,
333 647 13 30 á
361 647 22 29 la
400 647 153 40 suposición
566 657 51 31 que
628 647 93 30 hacian
737 646 33 31 de
787 657 43 20 ser
842 645 103 32 tomado
956 655 33 32 ya
1004 645 105 31 Sebas-

87 703 81 40 topol,
185 713 65 30 pues
266 702 106 36 decían,
384 713 34 20 no
429 703 39 30 sin
483 702 155 42 propiedad,
658 704 75 40 queá
746 713 33 20 no
796 713 42 20 ser
849 704 38 29 asi
904 713 33 20 no
960 713 28 20 se
1004 702 105 31 desha-

86 760 56 29 rían
156 759 39 30 los
206 759 122 40 ejércitos
341 759 32 30 de
394 770 45 19 sus
452 760 145 40 poderosos
622 760 150 29 ausiliares.
790 759 35 40 ¡A
844 759 25 30 lo
890 770 51 29 que
963 759 67 29 lleva
1057 769 51 20 una

85 816 177 40 imaginación
276 816 170 40 preocupada
462 827 49 19 con
535 827 35 19 un
586 816 80 30 deseo
691 816 167 30 vehemente!
882 816 81 38 ¿Qué
989 816 120 40 significa

87 882 34 21 nn
134 872 92 41 buque
243 874 111 28 menos?
382 874 61 28 Esto
466 872 105 31 cuando
591 883 34 20 no
649 873 99 30 suceda
771 873 97 41 alguno
894 872 34 31 de
944 872 38 30 los
999 872 109 30 muchos

88 935 103 24 trances
205 928 91 31 fatales
310 929 31 30 de
353 929 24 30 la
390 940 56 19 mar
456 940 52 30 que
522 929 106 41 obligan
641 931 12 28 á
667 930 62 29 ello.
756 929 217 34 Efectivamente,
989 929 118 41 supimos

86 986 116 40 después
219 996 51 29 que
284 986 77 40 aqael
378 986 90 41 buque
479 986 43 30 iba
536 987 13 28 á
563 996 137 30 repararse
716 987 14 29 á
747 987 83 29 Tolón
855 987 33 29 de
908 987 112 40 algunas
1036 996 72 20 ave-

86 1043 52 29 rias
152 1042 115 30 sufridas
279 1053 33 19 en
324 1042 23 30 el
365 1042 162 31 bombardeo
548 1043 42 30 del
605 1046 38 28 17
663 1043 32 30 de
712 1043 120 34 octubre,
864 1055 14 29 y
901 1054 28 19 se
952 1043 105 31 llevaba
1083 1043 24 31 al

85 1098 93 39 propio
190 1098 96 39 tiempo
298 1098 39 30 los
354 1098 106 31 heridos
471 1099 112 31 habidos
599 1110 33 20 en
649 1099 22 31 la
689 1100 138 30 escuadra.

127 1157 115 28 Durante
260 1155 23 30 la
300 1160 111 25 mañana
427 1155 186 42 franqueamos
629 1156 23 29 el
671 1166 63 31 paso
759 1156 33 30 de
819 1156 132 35 Tenedos,
980 1162 128 24 contem-

85 1212 97 41 plando
193 1213 125 29 mientras
334 1219 68 24 tanto
418 1213 51 30 allá
482 1213 78 30 sobre
573 1214 24 29 la
608 1219 73 25 costa
697 1213 32 31 de
753 1213 24 31 la
790 1214 132 35 Anatolia,
943 1213 39 31 los
998 1224 110 31 campos

85 1280 31 20 en
133 1269 87 31 donde
241 1279 82 32 yacen
345 1270 39 30 las
400 1271 90 29 ruinas
515 1270 32 30 de
573 1271 24 30 la
625 1276 42 25 tan
693 1270 163 31 desdichada
882 1281 75 20 como
984 1271 123 30 inmortal

85 1328 96 39 Troya.
201 1326 52 30 Allí
270 1337 28 19 se
314 1326 44 30 vio
384 1327 112 29 ventilar
522 1327 22 30 la
570 1327 112 40 primera
698 1327 120 30 cuestión
834 1326 33 30 de
892 1327 119 34 Oriente,
1035 1338 17 30 y
1076 1337 32 20 en

84 1384 108 30 Oriente
220 1383 126 34 lambien,
371 1384 50 29 han
448 1384 96 29 venido
562 1386 11 26 á
591 1383 132 30 decidirse
736 1384 38 29 los
791 1383 113 41 grandes
930 1383 118 29 deslinos
1065 1382 43 30 del

85 1440 107 30 mundo.
207 1440 54 31 Ora
273 1440 40 31 los
326 1441 107 40 griegos
446 1445 91 25 contra
555 1440 38 31 los
605 1451 101 30 persas,
722 1451 45 19 ora
780 1440 39 30 los
831 1451 121 19 romanos
964 1445 91 25 contra
1068 1440 39 30 los

85 1497 117 41 griegos,
218 1507 44 21 ora
276 1498 39 30 las
328 1497 127 31 cruzadas
481 1503 90 25 contra
583 1497 39 31 los
639 1506 166 26 sarracenos,
821 1506 43 21 ora
882 1496 39 31 los
935 1501 88 26 turcos
1036 1507 72 21 con-

85 1561 38 24 tra
143 1555 40 29 los
193 1554 163 36 bizantinos;
372 1566 17 29 y
401 1554 183 30 últimamente
596 1554 23 29 al
637 1553 66 31 cabo
719 1553 33 30 de
769 1554 110 30 muchos
896 1554 82 40 siglos
991 1554 41 29 del
1047 1554 61 40 pri-

83 1622 57 20 mer
159 1611 196 30 advenimiento
371 1611 33 30 de
422 1611 38 30 las
485 1611 114 41 grandes
626 1621 103 21 mareas
749 1611 140 35 humanas,
915 1611 39 30 los
978 1622 130 30 europeos

82 1666 179 29 occidentales
275 1671 89 24 contra
378 1666 39 29 los
430 1666 170 29 moscoviías.

122 1723 31 30 Al
168 1722 88 31 medio
268 1722 42 31 dia
327 1728 134 25 entramos
477 1733 32 20 en
535 1722 38 31 los
600 1722 172 31 Dardanelos.
800 1724 60 29 Este
886 1722 75 31 canal
985 1721 34 32 de
1042 1732 66 21 unas

81 1780 65 30 doce
160 1780 93 40 leguas
269 1779 33 30 de
317 1780 73 40 largo
405 1790 15 30 y
433 1789 52 20 una
502 1779 33 30 de
551 1779 129 36 anchura,
696 1783 55 26 está
776 1779 148 30 fortificado
949 1789 49 20 con
1021 1779 87 41 algu-

81 1847 47 20 nas
141 1837 126 34 baterías,
287 1848 16 30 y
315 1837 80 30 sobre
412 1837 60 29 lodo
485 1847 48 20 con
548 1837 48 29 dos
614 1837 101 29 buenos
726 1837 119 30 castillos
871 1847 32 19 en
920 1847 30 19 su
976 1836 131 31 medianía

79 1894 130 31 llamados
225 1895 24 30 el
267 1905 51 20 uno
329 1894 33 31 de
378 1897 116 37 Europa,
521 1905 16 29 y
552 1894 25 31 el
589 1900 56 25 olro
668 1894 33 31 de
722 1894 75 37 Asia,
820 1904 48 30 por
883 1905 46 20 sus
953 1893 153 41 posiciones
