1241 2180
508 121 182 28 143

127 180 29 30 Si
177 183 100 29 mostré
293 183 156 31 resistencia
465 189 60 25 ante
543 189 41 25 tan
599 184 111 41 piadoso
725 185 101 31 clamor
838 211 6 11 ,
869 185 44 32 fué
933 197 103 30 porque
1052 197 62 30 muy

84 236 98 30 mucho
197 238 165 39 sospechaba
380 250 52 30 que
448 250 34 20 no
499 240 38 31 las
550 240 138 31 volverían
705 265 5 12 ,
729 243 164 29 conociendo
909 254 47 30 por
971 243 144 41 esperien-

85 293 41 30 cia
142 304 77 19 como
233 294 62 31 iban
310 295 38 31 las
361 306 78 20 cosas
453 321 6 11 ,
479 308 16 30 y
512 308 49 30 por
576 303 55 25 olra
646 304 74 34 parle
734 322 6 12 ,
759 310 102 30 porque
878 310 32 20 no
924 301 91 40 quería
1029 299 86 31 deso-

89 349 117 32 bedecer
222 352 23 29 el
260 352 125 31 mandato
401 353 42 30 del
456 354 104 41 capitán
573 379 6 11 ,
600 365 31 31 ya
644 365 53 31 que
712 360 69 26 tanto
803 356 24 30 lo
843 356 80 31 habia
939 357 139 30 advertido
1091 357 24 30 al

84 407 54 30 irse
153 407 33 30 de
202 408 94 29 bordo.

128 464 76 30 Pudo
221 475 57 21 mas
296 476 32 21 en
344 469 35 28 mí
394 468 24 29 el
435 469 170 29 sentimiento
626 468 33 31 de
672 470 24 29 la
710 470 209 31 conmiseración
933 495 6 10 ,
955 481 53 30 que
1023 470 24 31 el
1066 481 50 20 es-

84 520 77 32 tricto
180 533 15 29 y
213 523 192 40 pundonoroso
422 525 84 31 efecto
523 525 42 31 del
583 525 93 31 deber.

125 579 83 30 Como
225 580 25 30 lo
263 580 80 31 habia
357 583 199 40 pronoslicado,
572 585 39 28 así
626 584 121 30 sucedió.
761 586 37 28 No
809 584 39 30 las
863 584 136 30 volvieron
1013 584 23 30 el
1049 585 67 29 mis-

86 646 43 21 mo
146 635 42 30 dia
204 661 6 12 ,
226 648 17 30 y
259 643 61 25 luve
335 649 51 31 que
398 649 79 31 pasar
490 650 48 30 por
550 640 24 30 el
586 641 123 30 sinsabor
718 641 33 30 de
760 651 51 20 una
821 641 178 41 reprimenda.
1014 641 21 29 A
1047 651 68 27 mas,

86 692 25 31 al
128 694 135 40 siguiente
283 695 60 36 dia,
373 702 61 24 luve
460 707 52 30 que
536 707 90 20 correr
645 697 88 31 medio
755 698 215 41 Constantinopla
987 708 32 20 en
1036 697 81 32 busca

84 748 44 31 del
147 750 112 31 dichoso
286 752 87 30 oficial
387 776 6 12 ,
415 752 44 31 del
485 754 60 29 cual
570 753 80 31 nadie
669 754 74 30 sabia
760 754 90 30 darme
869 764 78 20 razón
959 779 6 11 ,
992 764 62 31 pero
1070 764 47 31 por

84 809 35 28 fin
146 807 25 30 lo
198 808 71 40 pude
287 815 142 25 encontrar
445 820 33 20 en
495 810 23 29 la
537 810 92 30 misma
648 810 97 41 posada
761 810 87 30 donde
865 811 72 29 vivía
950 822 5 18 :
972 810 78 30 habia
1063 810 54 30 da-

84 863 35 32 do
142 864 24 31 la
192 870 106 25 estraña
316 866 157 29 casualidad
499 866 34 29 de
554 877 112 30 ponerse
693 866 166 41 indispuesto
876 866 22 29 el
915 867 43 29 dia
975 867 94 28 mismo
1085 866 32 31 de

84 920 116 30 llevarse
215 921 38 30 las
268 928 102 23 manías
382 947 6 11 ,
414 934 16 29 y
445 933 49 19 con
509 934 31 18 su
554 922 122 31 dolencia
691 934 28 18 se
738 922 78 31 habia
831 922 124 30 olvidado
971 947 6 11 ,
996 922 71 40 dijo,
1085 922 32 30 de

84 978 128 42 disponer
235 990 52 30 que
309 980 93 30 diesen
423 981 204 41 cumplimiento
649 982 13 29 á
683 991 30 19 su
731 981 188 40 compromiso.
944 981 37 29 Lo
998 990 22 20 ci
1029 981 23 29 ei
1065 981 51 35 así,

83 1047 103 30 porque
203 1037 92 29 estaba
313 1048 31 19 en
358 1047 75 20 cama
448 1062 6 11 ,
470 1048 16 29 y
499 1036 110 30 además
622 1047 42 19 me
677 1038 181 39 atestiguaron
876 1043 71 24 otros
963 1037 154 40 empleados

83 1104 53 30 que
153 1094 204 30 efectivamente
373 1105 30 19 se
419 1094 79 30 habia
516 1099 95 35 puesto
624 1094 70 30 malo
710 1094 23 30 el
753 1094 41 29 dia
806 1094 131 35 anterior,
954 1105 63 29 pero
1030 1094 86 29 mien-

83 1155 54 27 tras
154 1156 71 25 tanlo
243 1152 41 38 ¡lo
300 1162 52 31 que
366 1162 47 20 son
431 1151 38 31 las
486 1153 93 29 cosas!
605 1161 48 30 por
674 1161 67 31 poco
754 1150 93 42 pierdo
860 1176 6 11 ,
886 1154 14 27 ó
922 1151 83 40 mejor
1026 1150 88 36 dicho,

82 1219 35 20 no
134 1208 89 41 puedo
244 1209 127 30 recobrar
387 1209 39 29 las
443 1216 104 21 manías
561 1220 6 22 ;
585 1218 67 30 pues
670 1218 48 30 por
738 1207 96 30 mucho
850 1217 54 31 que
917 1208 136 40 espusiera
1066 1207 51 30 mis

81 1275 112 21 razones
207 1276 17 30 y
237 1266 94 40 quejas
346 1290 5 10 ,
369 1265 102 40 ningún
490 1264 141 40 empleado
646 1289 5 11 ,
677 1269 70 24 tanlo
763 1264 33 29 de
809 1264 218 30 administración
1042 1273 74 20 como

81 1321 34 31 de
132 1322 147 41 hospitales
295 1346 6 11 ,
320 1321 93 41 quería
430 1320 175 31 concederme
631 1320 22 29 la
667 1326 110 34 entrega
795 1320 33 29 de
845 1320 65 29 ellas
924 1332 6 23 ;
950 1331 16 29 y
981 1320 72 29 hasla
1069 1320 48 29 al-

81 1389 88 30 gunos
182 1403 6 11 ,
213 1379 39 29 los
267 1388 55 20 mas
339 1377 156 31 fantásticos
510 1402 6 12 ,
535 1377 25 30 ni
574 1386 99 32 apenas
695 1387 42 20 me
751 1376 169 31 escuchaban
935 1388 5 18 :
960 1376 43 30 fué
1016 1375 101 31 condi-

81 1436 61 30 ción
158 1436 105 40 precisa
287 1445 53 31 que
357 1441 125 34 otorgase
500 1434 23 29 la
539 1439 111 34 entrega
673 1433 23 30 el
721 1433 94 30 mismo
834 1432 85 31 oficial
937 1443 32 19 en
983 1433 130 30 cuestión.

81 1492 121 31 Enredos
222 1492 34 31 de
280 1492 134 30 adminisli
423 1491 107 31 aciones
545 1515 5 11 ,
578 1501 53 30 que
652 1491 107 40 soporté
785 1500 47 20 con
851 1490 24 29 la
892 1489 166 30 satisfacción
1084 1490 33 30 de

81 1549 83 30 haber
181 1549 86 30 hecho
283 1559 52 20 una
353 1548 64 31 obra
434 1547 189 31 humanitaria.

122 1608 39 28 En
186 1607 217 39 Constanlinopla
428 1605 214 41 permanecimos
665 1603 113 41 algunos
804 1602 58 30 dias
876 1627 7 10 ,
906 1602 119 30 indeciso
1042 1613 73 19 como

80 1663 92 31 estaba
190 1663 23 30 el
231 1663 156 31 Intendente
403 1662 42 31 del
462 1662 103 30 deslino
587 1672 53 30 que
661 1661 25 29 le
705 1660 130 30 convenia
851 1659 107 31 darnos.
986 1659 69 31 Cada
1073 1659 42 31 dia

80 1720 117 31 mudaba
213 1719 33 31 de
264 1720 150 31 resolución
430 1731 5 19 :
456 1724 43 25 tan
517 1725 94 35 pronto
624 1727 46 20 era
685 1718 14 29 á
716 1717 116 40 Galípoli
857 1727 52 29 que
925 1716 139 30 debíamos
1080 1717 33 36 ir,

81 1778 40 31 así
138 1778 14 30 á
169 1779 88 28 Varna
269 1778 13 30 á
297 1783 83 24 tomar
394 1776 156 35 caballería,
566 1785 74 20 como
654 1775 13 29 á
682 1774 118 29 Esmirna
814 1774 13 29 á
841 1783 94 31 cargar
944 1772 33 30 de
988 1773 127 31 animales

80 1845 118 20 vacunos
212 1848 6 23 ;
242 1845 17 31 y
273 1845 47 31 por
336 1834 94 30 último
445 1858 6 12 ,
472 1844 28 20 se
516 1832 148 31 determinó
683 1841 52 31 que
749 1830 132 30 fuéramos
896 1831 13 29 á
928 1831 123 30 Salónica
1069 1841 46 31 por

80 1901 36 21 un
129 1901 81 31 cargo
227 1891 34 31 de
279 1891 113 31 cebada.
