1241 2180
516 120 182 27 155

101 178 166 32 lanladosen
291 191 46 20 sus
350 181 175 30 necesidades
537 193 53 29 que
614 183 108 30 estaban
736 183 41 31 los
790 184 101 32 aliados
907 187 14 29 á
946 192 102 24 tenerse
1072 198 51 30 que

98 238 144 40 prolongar
258 249 30 19 su
304 238 92 30 estado
409 238 33 30 de
459 238 154 37 sitiadores,
640 239 52 42 qíic
710 240 72 31 hasla
795 241 158 32 funcionaba
971 254 29 30 ya
1016 244 23 30 el
1055 244 67 31 telé-

98 295 75 42 grafo
185 295 153 31 submarino
351 306 52 30 que
420 306 28 20 se
472 295 95 31 habían
582 303 145 34 propuesto
742 298 148 31 establecer
903 300 81 31 desde
1001 301 22 31 el
1042 303 81 40 prin-

96 354 71 40 cipio
183 352 32 30 de
227 363 30 19 su
275 354 146 39 ocupación
435 364 32 18 en
484 353 102 30 Crimea
602 378 6 10 ,
627 354 24 29 el
668 354 58 30 cual
743 355 126 30 trasmitía
884 356 39 31 los
936 363 88 35 partes
1041 358 82 30 desde

97 411 53 30 allá
161 413 14 28 á
190 412 88 29 Varna
293 436 5 11 ,
318 420 62 32 para
408 411 90 40 seguir
514 410 116 42 después
647 421 47 31 por
711 412 77 30 tierra
806 413 38 29 los
857 413 198 32 innumerables
1072 415 49 30 hi-

97 468 40 30 los
150 468 138 29 eléctricos
305 479 52 29 que
371 467 39 30 los
422 468 147 29 conducían
583 468 74 30 hasta
669 470 75 29 Paris
757 480 15 28 y
789 470 130 32 Londres.

138 526 111 29 Nuestra
260 524 128 40 descarga
401 549 5 9 ,
422 535 75 19 como
514 525 115 40 siempre
641 550 5 11 ,
665 525 42 30 iba
721 536 62 31 muy
796 526 116 32 dilatada
927 540 5 18 :
952 529 114 40 siempre
1080 536 42 25 to-

96 581 128 42 pábamos
246 592 48 20 con
321 587 183 35 cargamentos
521 592 52 27 que
589 592 61 20 eran
666 582 39 31 los
718 593 52 31 que
787 594 90 20 menos
894 586 121 30 atención
1040 589 15 27 ó
1068 598 54 29 pe-

96 639 170 30 rentoriedad
282 638 178 30 reclamaban.
478 638 28 30 El
524 639 23 29 ir
562 644 55 24 esta
640 649 46 19 vez
713 640 127 40 rezagada
858 646 106 25 nuestra
991 642 130 42 descarga

96 696 33 30 de
145 696 100 30 cebada
260 720 5 8 ,
285 696 124 29 consistía
424 705 46 30 por
482 695 83 30 haber
580 695 105 40 llegado
697 696 110 30 muchos
824 703 186 34 cargamentos
1023 698 32 31 de
1072 710 49 19 es-

97 758 23 25 te
137 762 82 31 grano
245 762 32 20 en
299 762 81 30 pocos
392 751 58 31 dias
463 777 5 10 ,
497 762 17 30 y
528 762 47 30 por
587 751 33 30 de
633 757 91 35 pronto
738 762 33 31 ya
785 756 87 26 tenían
889 763 30 20 en
939 754 77 30 tierra
1028 755 32 29 de
1076 766 45 20 so-

96 810 78 35 bras,
201 810 35 30 tal
263 820 53 31 que
345 809 24 31 la
386 809 78 31 habia
495 820 47 31 por
557 809 73 31 todas
647 815 88 35 partes
749 834 6 11 ,
787 811 22 29 si
836 812 38 29 así
892 812 86 40 puede
1000 812 118 38 decirse;

95 867 93 30 dentro
205 867 151 30 almacenes
377 867 33 29 de
428 867 38 30 los
490 878 52 29 que
555 867 97 30 habían
665 867 84 30 hecho
765 878 62 30 para
854 868 24 30 la
891 870 178 40 recopilación
1086 870 34 30 de

94 926 122 34 víveres;
234 934 32 20 en
283 934 93 30 campo
393 934 59 20 raso
468 924 13 29 á
495 923 114 41 grandes
637 924 67 40 pilas
720 924 33 31 de
783 934 90 26 sacos,
893 926 37 30 las
946 927 90 29 cuales
1062 928 56 29 solo

94 981 111 30 cubrían
221 983 14 25 ó
246 980 88 31 medio
348 980 110 31 cubrían
470 990 47 21 con
531 980 143 31 encerados
685 994 5 22 ;
706 991 31 20 en
755 991 63 30 gran
833 983 109 29 número
961 983 32 30 de
1016 983 105 41 buques

94 1038 33 31 de
144 1039 39 30 los
194 1038 154 30 destinados
363 1038 226 41 para.depósilos;
607 1049 16 29 y
639 1048 30 19 en
685 1040 44 34 fin,
751 1049 30 19 en
796 1038 111 41 algunos
923 1050 110 31 vapores
1054 1052 62 30 que,

94 1107 76 20 como
184 1102 121 24 nosotros
316 1121 5 9 ,
348 1105 33 20 no
404 1095 22 30 la
445 1094 97 42 podían
567 1098 14 26 ó
602 1105 34 20 no
658 1094 25 30 la
699 1095 109 40 querían
823 1095 144 41 descargar
991 1106 61 21 aun.
1072 1099 50 29 Por

95 1154 94 29 último
202 1153 58 29 diré
271 1163 62 30 que,
348 1152 22 30 la
386 1162 52 31 que
450 1150 174 36 llevábamos,
637 1161 47 31 por
700 1150 80 31 orden
792 1150 42 31 del
847 1151 153 31 Intendente
1015 1153 22 30 la
1051 1159 70 25 tras-

97 1210 144 30 bordamos
254 1220 31 19 en
300 1209 48 29 dos
360 1208 173 40 bergantines
549 1207 93 30 sardos
656 1218 51 30 que
724 1208 153 30 destinaron
891 1219 64 30 para
972 1210 146 39 depósitos.

136 1269 41 28 He
199 1266 33 30 de
249 1266 152 29 mencionar
422 1276 52 29 que
488 1289 6 10 ,
524 1274 51 20 una
591 1264 33 29 de
637 1265 38 29 las
685 1275 77 19 cosas
779 1276 52 29 que
845 1265 150 31 motivaban
1020 1272 100 25 enton-

98 1334 46 20 ces
161 1324 23 29 la
213 1323 185 41 postergación
412 1332 31 20 en
460 1321 23 31 el
502 1321 114 30 traslado
632 1320 42 31 del
688 1321 114 30 referido
818 1331 84 31 grano
917 1347 6 9 ,
937 1333 44 20 era
995 1323 22 30 la
1031 1323 61 30 falta
1105 1326 15 27 ó

94 1391 105 20 escasez
216 1381 32 29 de
265 1390 75 20 sacos
364 1381 88 28 vacíos
468 1389 51 31 que
536 1378 77 30 habia
629 1392 6 22 ;
661 1388 75 20 como
753 1379 22 29 la
788 1378 101 30 cebada
910 1380 75 29 venia
1009 1381 13 28 á
1050 1390 70 30 gra-

93 1437 42 31 nel
150 1463 6 11 ,
177 1447 62 30 para
256 1447 43 20 ser
309 1436 207 31 desembarcada
534 1446 28 19 se
583 1436 168 29 necesitaban
768 1435 110 30 muchos
891 1435 32 30 de
937 1446 61 19 esos
1016 1436 104 31 admi—

92 1495 126 39 nígulos.

133 1554 136 28 Bastantes
295 1551 138 30 ocasiones
456 1550 113 30 tuvimos
586 1560 48 20 con
652 1554 55 26 este
723 1549 145 41 particular
882 1574 6 11 ,
913 1549 33 31 de
962 1550 116 30 admirar
1094 1551 24 29 el

90 1608 183 31 desconcierto
289 1618 52 31 que
359 1607 108 31 reinaba
484 1616 50 20 aun
548 1617 32 19 en
593 1607 97 29 ciertas
705 1616 76 20 cosas
797 1618 4 17 :
829 1616 33 19 no
881 1606 59 30 lodo
956 1606 77 31 habia
1047 1607 71 30 reci-

89 1665 64 31 bido
167 1665 22 31 el
207 1664 82 42 grado
303 1665 33 30 de
353 1664 149 41 perfección
525 1673 52 31 que
599 1673 44 20 era
667 1662 33 30 de
715 1662 95 30 desear
824 1687 6 11 ,
860 1672 50 20 aun
925 1662 138 31 atendidas
1080 1663 38 31 las

90 1721 209 30 circunstancias
315 1720 42 30 del
375 1725 142 25 momento.
536 1720 35 29 La
586 1718 77 42 culpa
677 1729 33 20 no
723 1723 93 26 estuvo
831 1724 69 25 tanto
912 1719 33 30 de
961 1725 72 35 parte
1048 1719 34 32 de
1094 1721 24 30 la

89 1778 224 31 Administración
328 1778 98 29 militar
440 1803 5 10 ,
470 1787 75 20 como
558 1787 32 19 en
608 1777 22 29 la
648 1776 61 30 falta
724 1776 32 30 de
773 1776 133 41 previsión
925 1786 52 31 que
991 1776 71 30 hubo
1076 1787 42 20 so-

89 1836 46 31 bre
150 1837 104 41 aquella
272 1846 96 31 guerra
387 1838 15 27 ó
419 1835 59 31 sitio
495 1834 33 31 de
552 1834 157 41 Sebastopol
726 1859 6 9 ,
758 1834 42 29 de!
819 1833 59 31 lado
894 1833 33 31 de
941 1834 38 30 los
994 1834 124 32 hombres

89 1894 33 29 de
135 1894 143 29 Gobierno.
