1241 2180
505 121 185 28 141

83 181 58 31 dar.
161 183 66 29 Pero
244 193 92 25 como,
362 194 49 30 por
426 183 155 30 casualidad
593 209 5 8 ,
627 194 33 20 no
674 184 39 30 los
729 184 77 31 habia
821 194 32 22 en
877 185 23 30 el
920 190 132 26 momento
1082 184 33 31 de

84 238 121 37 sondear,
222 239 26 30 ni
263 249 66 31 poco
342 238 130 43 después,
488 250 53 31 que
558 239 43 31 fué
617 240 104 31 cuando
739 246 69 25 tanlo
819 241 32 30 de
865 247 106 24 nuestra
985 246 74 36 parte
1071 251 44 20 co-

84 306 43 20 mo
144 295 33 31 de
193 296 24 30 la
234 295 42 31 del
300 298 135 28 austríaco
459 307 28 19 se
511 297 25 29 lo
551 296 161 30 advertimos
728 322 5 10 ,
763 308 32 19 no
812 309 29 19 se
862 299 77 40 quiso
963 298 24 30 el
1010 299 105 39 capitán

85 352 89 41 inglés
191 362 125 31 separar;
333 358 87 31 terco,
436 353 128 30 vanidoso
580 378 5 11 ,
605 365 54 29 y...
667 354 144 40 chispado,
830 365 12 28 ¿
855 356 51 38 qué
920 354 109 31 sucedió
1041 356 13 28 ?

127 410 23 30 A
169 410 24 30 la
220 410 85 31 noche
322 410 116 31 refrescó
455 411 24 30 el
496 413 89 28 viento
598 436 6 11 ,
633 422 15 30 y
661 422 30 20 su
719 411 104 37 fuerza,
844 412 77 41 junta
937 423 47 19 con
999 412 23 30 la
1036 411 32 31 de
1093 411 23 30 la

90 467 132 31 corriente
240 478 53 30 que
305 467 43 30 del
362 469 96 28 mismo
474 468 60 29 lado
550 468 104 29 cambió
668 493 6 10 ,
702 468 24 30 lo
737 469 114 30 echaron
863 470 15 28 ó
890 469 136 29 abatieron
1039 468 79 30 sobre

88 530 135 30 nosotros,
244 524 176 31 forzándonos
436 526 12 29 á
461 525 111 40 adoptar
587 525 23 29 el
629 525 117 30 remedio
763 536 52 30 que
828 536 28 19 se
870 525 168 30 acostumbra
1052 525 63 36 allá,

88 593 54 31 que
158 583 116 30 consiste
291 593 32 20 en
337 592 148 21 amarrarse
500 582 39 30 los
551 582 47 30 dos
611 583 92 39 junios
719 582 33 31 de
768 582 120 31 costado.
899 585 65 28 Pero
981 583 24 30 lo
1022 584 96 39 singu-

90 640 41 30 lar
158 640 54 35 fué,
241 650 52 30 que
307 646 121 24 nosotros
442 640 72 29 solos
532 641 160 29 tuviéramos
707 651 50 30 que
771 640 175 40 desempeñar
962 640 23 30 la
1003 640 34 29 tal
1059 649 59 20 ma-

92 697 108 34 niobra,
215 707 104 31 porque
344 697 60 31 toda
432 697 24 30 la
474 697 158 41 tripulación
649 697 42 31 del
715 697 86 40 inglés
831 707 28 21 se
874 697 62 37 fué,
959 707 48 20 con
1023 697 96 30 mucho

89 755 113 30 descaro
216 757 14 27 é
247 754 175 30 indiferencia
439 754 43 30 del
498 765 74 25 caso,
595 755 14 29 á
624 754 99 30 dormir
745 754 179 30 descansados
940 779 5 10 ,
965 759 128 36 supuesto
1108 778 7 12 ,

90 823 76 20 como
183 812 95 29 dieron
294 812 15 28 á
320 811 139 34 entender,
479 821 51 30 que
562 822 29 18 su
609 812 103 39 capilan
724 822 28 19 se
766 811 106 30 hallaba
883 821 34 31 ya
935 822 31 19 en
980 822 30 19 su
1023 821 97 20 cama-

92 874 56 25 role
162 878 31 20 en
209 878 34 20 un
261 867 93 31 estado
366 867 119 30 sensible
501 867 33 30 de
550 867 181 39 embriaguez.

134 926 155 30 Estuvimos
304 923 156 41 trabajando
477 923 75 30 hasla
568 934 76 20 cerca
657 923 23 30 la
698 923 197 36 medianoche,
920 934 17 30 y
954 934 30 19 en
999 922 122 41 desquite

94 983 34 30 de
160 982 25 30 la
203 982 62 29 falla
279 981 32 30 de
330 981 71 30 buen
418 980 129 42 proceder
562 1005 5 10 ,
598 980 152 36 confesaré,
772 991 51 30 que
839 981 116 40 ninguna
972 981 150 40 compasión

93 1038 117 31 luvimos
227 1048 52 30 que
296 1048 35 19 un
343 1037 106 29 barróle
465 1036 33 30 de
512 1036 88 30 hierro
613 1036 41 30 del
679 1037 146 29 «Tharsis»
840 1036 148 30 destrozara
1002 1036 23 30 la
1039 1038 83 39 figura

95 1095 43 39 (de
155 1105 53 20 una
221 1099 121 26 matrona
357 1095 8 37 )
390 1104 52 30 que
457 1093 102 29 llevaba
578 1104 31 18 en
624 1104 30 18 su
671 1103 63 31 proa
751 1094 23 29 el
792 1104 81 30 vapor
889 1094 96 39 inglés.

134 1154 51 28 Por
208 1151 24 31 la
257 1155 114 26 mañana
390 1149 144 41 siguiente,
554 1160 75 19 como
646 1149 22 30 si
683 1149 68 31 nada
766 1149 112 30 hubiese
895 1149 109 41 pasado,
1028 1149 95 30 mandó

99 1210 201 29 desamarrarse
317 1219 16 28 y
350 1217 28 20 se
389 1206 91 41 alargó
493 1207 15 30 á
524 1211 56 25 olro
596 1207 70 30 silio.

135 1268 39 29 De
187 1266 39 30 los
240 1265 276 30 Norte-Americanos
526 1288 6 11 ,
551 1274 76 19 como
643 1268 79 35 genle
738 1263 32 29 de
784 1263 24 29 la
824 1264 94 29 misma
932 1263 70 30 ralea
1012 1287 5 10 ,
1038 1272 85 20 seme-

91 1325 90 40 jantes
198 1322 128 31 informes
339 1323 14 28 é
367 1320 131 30 idénticas
520 1318 156 31 cualidades
693 1329 28 19 se
739 1318 103 41 pueden
861 1319 114 29 también
993 1324 132 34 estampar

95 1382 74 40 aquí.
194 1382 73 28 Buen
293 1377 116 42 ejemplo
436 1377 33 30 de
486 1376 53 30 ello
556 1375 162 41 igualmente
734 1386 28 19 es
776 1400 6 11 ,
796 1386 36 19 un
849 1385 81 31 vapor
946 1375 33 30 de
1001 1381 56 23 esta
1071 1385 55 19 en-

97 1437 93 42 greida
204 1437 95 30 nación
315 1446 52 30 que
381 1459 6 11 ,
414 1432 213 32 encontrándose
644 1442 32 20 en
692 1431 142 36 Marsella,
852 1442 28 19 se
896 1433 60 28 fletó
972 1440 61 31 para
1047 1430 79 30 hacer

95 1495 73 40 viaje
184 1496 15 28 á
212 1493 25 30 la
250 1493 114 31 Crimea.
393 1492 50 28 Por
458 1490 24 30 el
502 1490 104 29 camino
623 1494 62 24 tuvo
700 1500 5 18 :
734 1498 52 20 uno
803 1490 14 28 ó
834 1487 48 30 dos
904 1497 108 30 amagos
1028 1486 33 30 de
1077 1486 49 30 in-

97 1551 113 34 cendio,
241 1559 50 21 una
316 1546 210 33 embarrancada
542 1556 32 19 en
591 1545 40 29 los
646 1544 165 30 Dardanelos
827 1569 6 11 ,
852 1555 16 30 y
885 1554 34 20 un
932 1543 114 31 violento
1059 1543 67 30 cho-

99 1619 53 31 que
168 1612 92 26 contra
276 1616 35 20 un
328 1604 158 42 bergantín,
519 1602 43 30 del
580 1602 59 29 cual
657 1601 99 30 resultó
773 1606 71 30 este,
860 1611 31 19 en
908 1600 132 40 completo
1056 1599 70 30 des-

98 1665 117 32 calabro.
247 1666 36 37 ¿\
298 1665 53 39 qué
364 1673 29 20 se
406 1661 69 30 debe
491 1685 6 11 ,
514 1660 57 30 sino
587 1659 23 31 al
624 1660 119 30 carácter
755 1658 130 31 flemático
901 1668 52 31 que
967 1658 39 30 les
1022 1657 104 30 distin-

98 1733 52 30 gue
167 1747 5 11 ,
193 1721 114 30 atribuir
320 1724 71 26 tanto
402 1716 151 32 descuido?

139 1781 40 29 Ya
197 1789 40 19 me
256 1778 44 30 iba
317 1775 154 31 demasiado
488 1785 31 20 en
537 1773 185 40 digresiones;
741 1772 138 30 volvamos
895 1773 14 28 á
926 1772 34 28 mi
977 1771 146 40 propósito.

140 1835 110 32 Cuando
265 1834 125 31 hubimos
407 1831 106 41 llegado
529 1841 32 20 en
578 1828 217 41 Constantinopla
806 1853 6 11 ,
831 1828 121 30 vinieron
966 1828 39 30 los
1021 1838 102 20 encar-

99 1894 83 41 gados
195 1893 33 30 de
251 1893 115 29 llevarse
383 1890 40 30 los
440 1888 107 31 heridos
564 1898 15 30 y
596 1886 133 31 enfermos
746 1896 52 31 que
814 1885 199 31 conducíamos.
1033 1887 39 29 He
1088 1884 33 31 de
