1241 2180
519 126 181 28 163

141 188 52 30 Nos
210 189 124 30 metimos
349 199 48 31 por
414 188 22 30 el
463 188 131 31 laberinto
623 199 53 32 que
703 189 116 31 formaba
844 195 69 26 tanta
928 190 153 31 diversidad
1094 190 33 31 de

99 243 105 42 objetos
219 270 5 10 ,
244 246 40 29 sin
301 245 79 31 saber
396 256 76 20 como
499 245 47 31 dar
562 256 48 20 con
628 246 23 30 la
669 246 87 30 tienda
772 246 34 30 de
822 253 128 35 campaña
966 248 33 30 de
1015 248 39 30 los
1071 250 56 28 ofi-

98 300 82 31 ciales
198 302 143 40 españoles
356 313 5 18 :
381 312 48 19 nos
441 301 140 41 dirigimos
597 304 14 28 á
629 303 202 41 preguntárselo
844 304 12 29 á
877 315 34 19 un
926 304 84 30 oficial
1026 304 101 31 francés

99 368 52 30 que
171 367 77 20 cerca
273 357 33 30 de
328 363 122 25 nosotros
467 359 97 40 pasaba
580 383 6 11 ,
612 370 17 29 y
645 370 34 19 no
691 370 48 19 nos
750 370 67 30 supo
828 359 48 31 dar
888 370 75 20 razón
978 374 6 23 ;
1001 371 63 31 pero
1080 371 47 20 nos

99 415 92 31 señaló
207 426 35 19 un
259 416 144 36 ranchero,
423 426 51 31 que
496 426 34 21 no
554 416 65 41 lejos
636 426 28 21 se
686 417 59 30 veia
759 442 6 10 ,
789 427 76 20 como
887 417 133 31 debiendo
1037 419 50 38 (no
1100 419 27 29 sé

99 474 120 40 porque)
236 479 70 24 eslar
324 474 158 29 informado.
503 474 224 36 Efectivamente,
743 484 48 19 nos
807 475 113 29 satisfizo
933 475 194 31 señalándonos

99 541 54 20 una
168 530 88 30 tienda
274 530 60 40 algo
350 530 126 41 apartada
491 556 5 10 ,
513 541 52 30 que
582 541 63 30 para
659 531 23 30 ir
693 531 13 30 á
719 530 52 31 ella
784 541 44 21 era
839 537 132 25 menester
984 532 47 30 dar
1043 533 84 41 algu-

99 596 48 22 nas
163 587 135 31 revueltas
313 601 5 21 ;
335 598 31 19 en
389 597 52 21 una
457 586 33 31 de
507 587 66 31 ellas
598 598 28 20 se
651 598 48 20 nos
716 588 137 41 aproximó
871 599 32 19 un
922 590 131 29 centinela
1065 599 62 31 para

102 643 168 31 advertirnos
287 654 51 31 que
354 643 138 31 debíamos
509 654 78 31 pasar
604 655 47 30 por
666 650 57 25 otro
739 645 59 29 lado
809 657 5 17 :
833 655 44 20 era
901 656 53 30 que
977 646 150 40 pisábamos

100 701 26 30 el
142 701 78 39 lugar
245 701 96 29 mismo
364 700 89 30 donde
470 701 109 29 eslaban
594 701 139 30 detenidos
750 701 38 31 los
804 712 76 20 rusos
897 702 141 40 trásfugos.
1059 704 68 29 Des-

100 768 68 31 pués
190 757 34 30 de
249 757 115 41 algunos
385 757 95 30 rodeos
507 757 84 31 dados
608 767 63 32 para
697 758 92 31 evadir
805 759 78 40 aquel
900 759 75 36 sitio,
994 766 133 23 entramos

102 825 32 20 en
148 815 23 30 la
190 814 88 31 tienda
295 814 88 31 donde
397 826 28 19 se
441 814 122 42 alojaban
580 815 39 30 los
640 815 129 30 referidos
793 816 116 30 oficiales
922 817 103 40 amigos
1039 827 88 19 nues-

103 877 64 25 tros.

143 928 96 31 Mucho
252 933 123 25 contento
391 927 188 31 manifestaron
596 927 24 31 al
637 939 97 19 vernos
747 953 5 11 ,
769 939 16 30 y
796 928 73 41 larga
886 930 190 30 conversación
1091 934 39 26 tu-

101 986 86 30 vimos
204 996 48 20 con
274 985 67 30 ellos
353 998 7 23 ;
379 995 47 20 nos
442 984 93 31 dieron
552 984 172 31 muchísimas
741 984 204 32 informaciones
960 991 100 25 locante
1076 987 15 29 á
1104 986 24 30 lo

103 1053 51 30 que
176 1052 28 20 se
221 1042 99 40 pasaba
337 1052 32 19 en
391 1041 23 30 el
441 1046 201 36 campamento,
666 1041 240 30 manifestándonos
923 1042 115 30 también
1054 1068 5 9 ,
1078 1053 51 30 que

102 1099 109 31 estaban
229 1104 165 25 sumamente
410 1097 175 41 agradecidos
610 1097 43 29 del
680 1099 236 38 comportamienlo
933 1110 52 28 que
1001 1124 5 10 ,
1025 1100 14 28 á
1054 1109 77 30 pesar

101 1156 34 31 de
152 1167 30 20 su
196 1156 156 40 eslranjería
366 1181 6 9 ,
388 1155 38 30 les
441 1154 150 31 tributaban
604 1154 38 30 los
654 1154 146 36 franceses,
819 1165 52 31 que
885 1154 75 31 hasla
972 1155 98 41 alguna
1084 1166 47 20 vez

102 1214 99 30 habían
228 1213 59 29 sido
311 1211 134 31 honrados
465 1212 15 30 á
496 1211 24 30 la
536 1221 72 20 mesa
635 1211 43 30 del
706 1211 107 41 general
842 1211 145 31 Canrobert
1000 1237 6 11 ,
1039 1223 16 30 y
1080 1222 51 31 que

102 1270 112 31 bastaba
227 1269 76 30 decir
317 1279 49 30 por
383 1268 92 30 último
488 1292 5 10 ,
512 1277 64 31 para
590 1278 46 19 ver
651 1268 25 29 la
692 1268 152 30 deferencia
856 1278 49 20 con
918 1279 52 30 que
986 1279 28 19 se
1025 1269 39 29 les
1077 1274 54 24 tra-

103 1328 60 30 taba
176 1353 6 10 ,
201 1337 53 31 que
266 1327 26 29 lo
309 1326 95 30 mismo
419 1336 52 30 que
485 1326 21 29 si
519 1325 93 30 fueran
636 1325 129 30 militares
781 1325 134 31 franceses
930 1350 5 11 ,
962 1325 40 30 les
1015 1325 116 41 pasaban

102 1384 24 30 la
138 1385 91 29 ración
245 1382 240 40 correspondiente
497 1382 24 29 al
535 1381 83 41 grado
634 1392 52 30 que
701 1382 97 30 tenían.

143 1442 52 29 Nos
212 1440 179 41 obsequiaron
409 1449 48 20 con
486 1448 51 20 una
553 1438 87 31 buena
667 1438 135 31 merienda
818 1438 33 31 de
876 1443 95 26 cuanto
988 1438 84 41 mejor
1087 1443 46 26 te-

103 1500 61 29 nían
179 1524 6 11 ,
205 1509 15 28 y
238 1499 15 29 á
268 1497 24 31 sé
307 1507 51 30 que
371 1496 56 31 casi
444 1506 28 20 se
486 1496 25 29 le
527 1496 92 40 podria
634 1496 94 29 llamar
739 1497 109 40 opípara
865 1495 138 30 atendidas
1019 1496 39 29 las
1074 1496 59 30 cir-

102 1556 169 31 cunstancias
289 1554 42 30 del
347 1554 87 41 lugar.
454 1554 37 29 No
507 1552 52 41 hay
576 1563 51 30 que
644 1551 85 31 dudar
742 1552 22 30 si
780 1562 29 20 se
821 1562 153 20 esmeraron
1001 1562 32 20 en
1049 1562 82 20 com-

102 1612 151 42 placernos.
273 1612 124 29 Mientras
425 1620 47 20 nos
498 1609 192 31 deleitábamos
703 1608 165 31 saboreando
884 1609 24 30 el
926 1609 54 30 rico
997 1608 134 31 salsichon

104 1678 17 31 y
137 1667 78 31 dulce
229 1667 85 41 pernil
329 1691 6 11 ,
354 1678 15 29 y
381 1666 93 30 demás
491 1666 164 29 accesorios
672 1665 33 30 de
717 1664 78 42 aquel
809 1664 105 31 Lunch
927 1689 6 12 ,
949 1674 75 21 como
1037 1664 96 30 llaman

103 1725 40 31 los
159 1724 118 41 ingleses
303 1725 15 30 á
341 1734 34 21 un
393 1723 85 31 fuerte
506 1723 139 40 refrigerio
657 1747 5 11 ,
684 1733 28 20 se
729 1723 106 29 levantó
849 1733 34 18 un
896 1732 82 29 negro
996 1726 86 24 manto
1099 1721 34 30 de

102 1782 151 42 agrupadas
273 1782 85 30 nubes
373 1807 6 10 ,
399 1792 52 30 que
465 1781 178 41 descargaron
657 1805 6 10 ,
683 1780 59 31 cual
767 1780 21 30 si
805 1779 152 31 estuviesen
971 1778 116 31 abiertas
1100 1788 32 21 en

104 1839 78 42 aquel
204 1845 132 25 momento
361 1839 39 30 las
414 1844 130 25 cataratas
567 1838 42 30 del
634 1837 83 35 cielo,
742 1847 34 20 un
790 1835 165 42 prolongado
969 1835 158 41 chaparrón,

105 1908 70 30 cuyo
191 1899 141 28 monótono
348 1896 78 31 ruido
442 1895 181 42 acompañado
650 1894 32 31 de
700 1895 39 30 los
761 1894 173 41 estrepitosos
960 1893 122 41 disparos
1098 1892 34 30 de
