1241 2180
570 131 181 28 130

150 199 90 31 ración
253 224 5 10 ,
276 207 100 32 porque
390 197 38 30 los
444 196 105 42 buques
566 206 51 30 que
631 205 31 20 en
685 195 31 29 tal
742 195 89 29 tráfico
848 204 29 19 se
890 193 140 41 ocupaban
1047 218 5 11 ,
1068 202 62 21 eran
1146 193 31 30 de

151 257 39 30 los
202 265 94 30 peores
308 254 32 30 de
355 254 37 29 las
406 254 115 29 marinas
533 258 148 24 mercanles
694 251 90 41 griega
800 261 15 30 y
832 255 84 25 turca.

193 314 35 28 La
241 311 85 31 citada
340 310 85 31 colina
441 320 44 20 era
503 310 23 29 la
543 310 92 28 misma
649 318 64 30 que,
729 317 32 20 en
778 306 149 31 diciembre
943 306 34 30 de
997 307 78 30 1854
1089 331 6 11 ,
1113 305 63 31 des-

150 368 183 31 cendiéramos
350 376 62 32 para
433 371 135 25 atravesar
591 365 25 30 la
640 364 115 30 división
772 363 43 29 del
832 367 95 36 puesto
942 362 136 30 avanzado
1094 362 24 30 el
1135 361 41 31 dia

150 437 52 31 que
226 436 31 19 en
274 425 50 30 ella
341 424 97 30 fuimos
454 423 138 30 delenidos
620 433 15 30 y
657 420 166 32 conducidos
839 420 25 30 al
888 420 123 41 general.
1031 420 37 30 La
1085 420 91 30 misma

149 483 115 31 división
279 483 84 29 vimos
375 481 168 39 permanecía
556 490 51 20 aun
622 480 62 29 allá.

191 539 22 29 A
230 539 38 29 los
281 548 80 31 pocos
377 537 127 30 instantes
520 547 52 29 que
589 535 99 40 parado
710 545 47 19 nos
770 533 140 31 habíamos
925 543 31 20 en
974 533 78 41 aquel
1067 533 60 30 silio
1142 533 32 31 de

150 594 24 30 la
186 595 85 29 colina
285 619 5 10 ,
310 593 43 31 fué
370 592 130 32 subiendo
518 602 52 20 uno
582 591 33 30 de
632 591 39 30 los
684 590 149 30 centinelas
849 614 6 11 ,
874 589 144 41 apostados
1030 589 33 30 de
1080 589 94 31 obser-

148 652 95 29 vación
257 660 74 20 cerca
354 650 23 29 el
401 654 194 36 campamento,
613 657 64 32 para
694 647 124 31 decirnos
843 657 54 31 que
910 646 92 31 estaba
1019 646 153 41 prohibido,

147 718 33 20 no
196 712 39 24 lan
250 707 56 29 solo
321 706 24 29 el
361 707 107 28 tránsito
482 715 46 31 por
544 704 79 41 aquel
638 704 76 40 lugar
730 704 22 30 si
765 714 29 19 es
817 713 53 31 que
887 702 197 31 internábamos
1100 709 73 25 atra-

147 764 116 35 vesarlo,
281 763 58 29 sino
351 762 75 30 hasla
439 762 23 29 el
476 771 172 30 permanecer
661 771 49 30 por
722 760 96 30 mucho
832 766 55 24 ralo
900 771 32 19 en
944 760 25 30 el
987 761 61 29 silio
1060 772 52 29 que
1125 772 49 19 es-

148 820 118 31 tábamos
283 819 121 41 parados.
424 818 221 30 Probablemente
659 828 44 19 esa
720 817 81 30 orden
820 817 43 30 fué
880 817 69 30 dada
965 818 15 29 á
1001 828 173 20 consecuen-

145 878 41 29 cia
201 877 33 29 de
247 877 23 29 la
287 876 79 40 queja
382 885 52 31 que
446 875 151 40 espusimos
613 875 25 29 al
655 873 55 42 jefe
722 873 33 31 de
772 873 97 31 Eslado
881 876 93 39 Mayor
986 900 6 11 ,
1005 875 106 30 cuando
1127 886 47 20 nos

146 936 134 38 interrogó
293 944 47 19 con
358 933 99 29 motivo
473 933 33 29 de
530 933 131 29 habernos
677 933 162 29 encontrado
863 944 30 19 en
912 933 90 40 paraje
1015 933 33 30 de
1067 934 106 41 esposi-

144 991 58 31 cion
218 1016 4 10 ,
249 989 149 32 diciéndole
425 1000 52 30 que
502 989 50 30 mal
570 989 138 41 podíamos
735 989 82 31 haber
829 990 130 30 conocido
974 990 23 30 el
1014 991 100 40 riesgo,
1132 991 40 31 sin

145 1057 52 30 que
213 1047 39 29 los
274 1046 108 29 mismos
404 1045 145 31 centinelas
566 1045 25 30 ni
608 1045 98 30 militar
721 1045 99 41 alguno
834 1056 48 20 nos
900 1046 24 30 lo
943 1046 114 31 hubiese
1073 1047 99 30 adver-

145 1103 68 35 tido,
227 1108 74 24 anles
314 1101 60 30 bien
392 1111 43 20 era
452 1101 33 30 de
501 1111 86 25 creer,
605 1111 52 30 que
674 1100 32 31 de
723 1101 101 30 intento
838 1111 48 21 nos
900 1102 97 30 habían
1014 1104 158 40 chasquea-

143 1158 45 36 do,
208 1167 61 32 para
285 1157 80 41 poder
381 1157 99 30 lucirse
491 1166 48 21 con
554 1156 37 30 las
613 1155 203 32 fanfarronadas
833 1168 53 30 que
902 1169 49 19 con
970 1165 124 24 nosotros
1108 1160 63 31 des-

144 1215 140 38 plegaron.

186 1273 36 27 En
239 1270 66 30 vista
322 1269 32 30 de
372 1280 32 19 no
432 1269 81 40 poder
528 1270 143 40 proseguir
697 1276 109 24 nuestro
825 1281 93 30 paseo,
937 1283 169 30 regresamos
1119 1276 13 27 á
1148 1274 23 30 la

143 1327 85 30 tienda
242 1326 33 30 de
286 1331 127 35 campaña
428 1350 6 11 ,
451 1337 16 29 y
481 1326 122 30 andando
616 1326 127 41 despacio
759 1327 131 41 llegamos
903 1338 31 21 en
948 1329 52 30 ella
1014 1331 13 28 á
1042 1331 22 29 la
1080 1331 91 30 misma

141 1383 63 28 hora
220 1382 34 29 de
270 1392 99 19 comer.

183 1441 36 28 En
237 1448 50 20 una
305 1444 70 24 losca
391 1447 74 21 mesa
482 1437 83 31 hecha
580 1448 49 20 con
645 1438 115 41 pedazos
784 1439 33 30 de
835 1440 69 40 vieja
920 1441 109 31 madera
1049 1468 6 11 ,
1073 1453 51 31 que
1146 1454 26 21 se

140 1496 95 29 habían
253 1494 211 41 proporcionado
479 1494 33 30 de
529 1500 84 24 restos
628 1494 32 30 de
678 1495 106 40 buques
800 1497 182 41 naufragados
1000 1510 31 20 en
1050 1502 122 39 aquellas

139 1559 85 24 costas
240 1577 5 11 ,
262 1563 28 19 se
303 1554 74 27 armó
390 1557 108 24 nuestro
514 1553 274 39 campestre-mililar
799 1553 146 41 banquete.

180 1610 64 29 Para
260 1607 65 31 cada
351 1618 50 19 uno
415 1607 57 29 solo
485 1607 77 31 habia
579 1618 35 19 un
632 1608 72 41 plato
728 1608 33 30 de
787 1609 61 41 hoja
859 1610 33 30 de
909 1612 52 29 lata
975 1637 5 9 ,
1001 1624 34 19 un
1050 1624 63 21 vaso
1126 1614 42 32 del

137 1666 93 40 propio
246 1664 78 31 metal
340 1689 6 11 ,
365 1675 16 30 y
395 1673 50 21 una
459 1664 114 31 cuchara
589 1664 33 31 de
636 1670 92 25 estaño
740 1679 6 22 ;
764 1666 60 30 todo
841 1678 108 29 empero
965 1669 123 33 bastante
1102 1673 67 30 lim-

136 1723 44 38 pio
194 1733 14 28 y
221 1732 100 19 nuevo.

180 1778 30 28 Al
228 1783 138 23 sentarnos
383 1777 14 29 á
412 1777 24 29 la
451 1786 73 20 mesa
539 1801 5 11 ,
563 1777 24 30 el
603 1778 39 29 sol
666 1778 153 31 mostrando
837 1789 51 21 aun
902 1791 29 20 su
950 1782 76 31 disco
1042 1784 34 30 de
1093 1784 78 41 fuego

135 1834 77 31 sobre
229 1834 22 30 el
276 1839 73 24 trono
363 1834 32 29 de
412 1833 114 31 doradas
543 1834 86 30 nubes
646 1845 52 31 que
712 1835 154 32 adornaban
881 1838 24 29 el
920 1839 88 39 lejano
1021 1840 136 33 horizonte

136 1891 132 41 templaba
279 1890 237 41 agradablemente
529 1891 25 31 el
570 1892 72 40 rigor
655 1891 33 31 de
705 1892 24 30 la
742 1894 130 30 estación.
892 1895 31 30 El
934 1897 77 30 suelo
1023 1908 29 20 se
1063 1898 106 32 hallaba
