1241 2180
586 114 161 27 92

153 185 108 36 puerto,
281 190 62 31 pero
359 184 56 25 este
431 188 110 31 parecer
568 187 43 20 era
634 176 155 31 demasiado
815 181 153 35 prematuro
993 184 63 31 para
1078 184 34 20 no
1128 174 53 31 de-

152 238 91 30 soírlo.
256 239 110 28 Nuestro
378 237 84 29 deber
473 236 125 41 requería
609 235 79 30 hacer
703 234 60 31 lodo
775 233 121 32 esfuerzo
908 233 105 42 posible
1029 243 61 31 para
1103 243 77 22 cum-

151 295 53 39 plir
216 294 62 30 bien
293 294 23 30 la
329 294 128 30 comisión
474 304 52 30 que
541 303 28 19 se
586 303 47 19 nos
649 292 131 30 confiaba.

195 353 33 28 Se
245 350 133 41 objetaba,
395 361 16 31 y
421 360 33 20 no
471 350 39 30 sin
526 359 92 26 razón,
637 359 52 30 que
703 348 38 30 los
758 348 146 30 marineros
931 357 52 31 que
1000 357 29 19 se
1045 346 133 36 llevaban,

151 420 18 29 y
182 419 52 30 que
250 418 47 31 por
312 413 54 25 otra
383 414 73 34 parle
472 417 47 20 son
532 407 38 29 los
587 416 51 31 que
655 405 187 31 acostumbran
860 406 13 30 á
890 404 169 32 embarcarse
1071 414 47 21 con
1131 414 48 21 va-

151 475 90 32 pores,
256 475 33 20 no
305 475 62 20 eran
382 464 102 31 hábiles
501 474 62 31 para
576 464 38 29 las
636 463 150 30 maniobras
813 463 34 29 de
869 472 95 31 apuro,
992 472 76 20 como
1083 472 32 30 ya
1131 473 47 20 nos

151 522 127 31 constaba
294 533 48 30 por
359 522 37 30 las
412 524 132 38 flaquezas
560 531 53 31 que
630 527 145 23 mostraran
791 530 31 20 en
839 520 96 31 ciertas
952 520 150 29 ocasiones.
1117 520 62 30 Pero

152 585 56 25 esta
223 589 105 26 escusa,
345 590 33 18 no
391 579 137 40 podíamos
542 578 116 40 alegarla
672 579 13 28 á
699 583 109 24 nuestro
830 577 85 36 favor,
942 587 103 31 porque
1061 587 49 20 nos
1125 587 54 31 po-

151 636 61 30 dían
226 636 78 30 hacer
312 646 94 29 cargos
422 646 48 29 por
482 635 67 35 ella-,
564 646 16 28 y
596 636 38 28 así
648 635 158 29 resolvimos
816 639 140 35 aguantar,
971 633 153 41 dispuestos
1139 639 39 24 lo-

151 692 49 30 dos
216 692 39 30 los
267 692 117 30 oficiales
396 692 14 30 á
424 691 85 40 suplir
521 691 23 30 la
560 690 63 31 falla
642 690 33 31 de
686 690 172 41 desempeño,
885 701 53 30 que
962 701 28 19 se
1016 691 102 34 nolára,
1147 701 31 20 en

152 749 39 29 los
205 749 114 38 trabajos
336 749 156 29 marineros.

193 807 123 28 Pasamos
333 805 22 29 el
369 805 43 29 dia
430 806 36 28 20
482 815 48 19 con
548 814 157 31 esperanzas
730 805 33 29 de
790 805 84 40 poder
889 810 147 29 atravesar,
1071 806 21 28 si
1119 805 59 30 bien

151 872 50 21 con
216 861 95 31 mucho
325 861 115 36 relardo,
456 861 23 31 el
494 861 99 41 pedazo
609 861 33 31 de
659 872 55 20 mar
730 861 84 31 frente
831 862 23 29 el
869 862 71 40 golfo
952 862 150 36 Adriático;
1116 873 62 21 aun-

152 928 52 30 que
219 917 75 30 fuese
308 922 72 25 tener
395 928 51 29 que
460 917 22 30 ir
498 918 12 29 á
524 928 163 29 proveernos
704 917 33 31 de
753 918 99 31 carbón
864 920 15 29 á
892 920 101 30 Mesina
1007 930 32 20 en
1053 920 78 41 lugar
1146 921 32 30 de

151 976 90 34 Malla,
257 975 93 30 siendo
366 984 55 21 mas
433 975 132 30 hacedero
582 975 22 30 el
620 975 73 41 logro
709 975 33 30 de
756 987 45 18 ese
814 977 99 39 primer
924 983 93 33 punto.

192 1033 115 27 Duranle
320 1031 22 29 la
354 1031 83 30 noche
460 1031 44 29 fué
518 1032 157 29 arreciando
697 1032 23 30 el
743 1032 101 34 viento,
874 1033 142 37 haciendo,
1041 1035 65 31 cada
1133 1046 44 20 vez

151 1097 67 24 mas,
236 1087 110 40 fatigosa
364 1098 14 28 y
395 1087 70 29 lenta
482 1088 23 28 la
522 1088 106 29 marcha
640 1088 42 29 del
699 1088 101 39 buque.

194 1146 73 27 Estar
280 1154 31 19 en
328 1143 121 41 aquellos
464 1149 146 24 momentos
626 1154 76 21 cerca
714 1145 24 30 la
756 1147 136 40 máquina,
912 1158 45 20 era
979 1159 60 19 cosa
1054 1159 63 31 para
1130 1160 50 20 es-

152 1205 132 35 pantarse,
301 1209 65 31 pues
380 1200 39 29 las
431 1199 97 31 fuertes
543 1199 146 32 cabezadas
706 1201 41 30 del
766 1202 103 40 buque,
885 1204 131 31 haciendo
1029 1205 64 31 salir
1110 1211 70 26 ente-

151 1262 117 24 ramente
284 1256 43 30 del
339 1266 67 30 agua
421 1256 22 30 al
460 1256 84 30 hélice
557 1268 13 29 y
584 1258 208 39 sumerjiéndolo
805 1259 117 42 después
948 1271 49 21 con
1031 1263 149 40 precipita-

151 1312 70 35 ción,
252 1312 178 30 ocasionaban
444 1314 13 28 á
475 1313 105 40 aquella
599 1314 65 29 tales
689 1314 219 38 sacudimientos,
929 1327 53 31 que
1008 1328 29 19 se
1062 1320 59 30 veía
1137 1329 42 20 ora

151 1378 49 30 por
212 1373 146 24 momentos
373 1368 98 40 parada
484 1369 42 28 del
543 1368 72 36 todo,
631 1380 44 20 ora
689 1370 85 31 suelta
787 1373 14 29 á
813 1372 61 30 todo
887 1384 98 29 escape
998 1376 136 30 causando
1146 1386 33 20 un

151 1424 76 28 ruido
241 1424 122 28 infernal.

194 1481 29 29 Al
236 1491 138 21 amanecer
390 1481 42 30 del
448 1484 48 30 21.
515 1483 12 29 á
549 1488 121 25 nuestros
687 1495 114 29 penosos
824 1487 142 37 cuidados,
996 1500 29 20 se
1039 1490 96 30 añadió
1153 1491 24 30 la

151 1538 73 30 triste
238 1539 170 29 aseveración
421 1538 43 30 del
487 1540 159 39 maquinista
670 1540 32 30 de
715 1551 64 30 que,
795 1552 63 32 para
870 1544 23 30 el
913 1545 98 42 tiempo
1024 1557 54 30 que
1095 1557 86 21 noso-

151 1599 54 24 tros
228 1595 196 29 calculábamos
452 1596 131 29 necesitar
607 1607 63 30 para
694 1597 84 41 llegar
802 1600 14 29 á
837 1601 113 37 Mesina,
969 1612 33 21 no
1019 1604 125 40 quedaba
1167 1605 15 30 á

151 1650 83 30 bordo
247 1652 138 29 suficiente
401 1651 98 30 carbón
513 1665 6 20 ;
539 1652 93 31 siendo
648 1653 33 31 de
698 1655 68 29 mala
782 1656 116 37 calidad,
918 1669 28 20 se
963 1664 140 27 consumía
1120 1672 58 20 ma-

151 1717 49 29 yor
215 1706 123 31 cantidad
361 1707 65 31 cada
443 1708 75 35 hora,
537 1709 33 30 de
587 1709 24 30 la
629 1720 52 31 que
697 1712 198 39 regularmente
919 1725 28 20 se
972 1717 71 30 tenia
1070 1720 112 40 esperi-

151 1762 136 28 mentada.

192 1821 141 33 Entonces,
353 1821 59 29 oido
430 1822 22 29 el
470 1821 132 31 dictamen
617 1823 33 30 de
664 1823 74 32 todos
756 1825 39 30 los
819 1828 129 36 oficiales,
968 1840 28 20 se
1019 1831 98 30 acordó
1131 1843 47 29 por

152 1875 170 30 unanimidad
339 1877 100 31 arribar
455 1879 15 30 á
483 1879 135 31 Cefalonia
634 1891 75 20 como
723 1888 81 34 punto
820 1883 33 31 de
867 1884 61 32 fácil
940 1896 96 22 acceso
1050 1899 32 19 en
1095 1899 85 29 aque-
