<?xml version="1.0" encoding="UTF-8"?>
<alto xmlns:xsi="http://www.w3.org/2001/XMLSchema-instance" xsi:noNamespaceSchemaLocation="http://www.bl.uk/schemas/alto/alto-1-4.xsd" xmlns:xlink="http://www.w3.org/1999/xlink">
	<Description>
		<MeasurementUnit>mm10</MeasurementUnit>
		<sourceImageInformation>
			<fileName>//head1/IN/2008-26/A0011736599/009202.jp2</fileName>
		</sourceImageInformation>
		<OCRProcessing ID="OCRPROCESSING_1">
			<preProcessingStep>
				<processingSoftware>
					<softwareCreator>CCS Content Conversion Specialists GmbH, Germany</softwareCreator>
					<softwareName>CCS docWORKS</softwareName>
					<softwareVersion>6.1-0.67</softwareVersion>
				</processingSoftware>
			</preProcessingStep>
			<ocrProcessingStep>
				<processingSoftware>
					<softwareCreator>ABBYY (BIT Software), Russia</softwareCreator>
					<softwareName>Finereader</softwareName>
				</processingSoftware>
			</ocrProcessingStep>
		</OCRProcessing>
	</Description>
	<Styles>
		<TextStyle ID="TXT_0" FONTSIZE="10" FONTFAMILY="Courier New"/>
		<TextStyle ID="TXT_1" FONTSIZE="9" FONTFAMILY="Courier New"/>
		<ParagraphStyle ID="PAR_CENTER" ALIGN="Center"/>
		<ParagraphStyle ID="PAR_LEFT" ALIGN="Left"/>
	</Styles>
	<Layout>
		<Page ID="P150" PHYSICAL_IMG_NR="150" HEIGHT="2180" WIDTH="1241" PRINTED_IMG_NR="142" POSITION="Left" ACCURACY="73.17">
			<TopMargin ID="P150_TM00001" HPOS="0" VPOS="0" WIDTH="1241" HEIGHT="151">
				<TextBlock ID="P150_TB00001" HPOS="538" VPOS="122" WIDTH="184" HEIGHT="27" STYLEREFS="TXT_0 PAR_CENTER">
					<TextLine ID="P150_TL00001" HPOS="538" VPOS="122" WIDTH="184" HEIGHT="27">
						<String ID="P150_ST00001" HPOS="538" VPOS="122" WIDTH="184" HEIGHT="27" CONTENT="142" WC="1.00" CC="000"/>
					</TextLine>
				</TextBlock>
			</TopMargin>
			<LeftMargin ID="P150_LM00001" HPOS="0" VPOS="151" WIDTH="117" HEIGHT="1762"/>
			<RightMargin ID="P150_RM00001" HPOS="1150" VPOS="151" WIDTH="91" HEIGHT="1762"/>
			<BottomMargin ID="P150_BM00001" HPOS="0" VPOS="1913" WIDTH="1241" HEIGHT="267"/>
			<PrintSpace ID="P150_PS00001" HPOS="117" VPOS="151" WIDTH="1033" HEIGHT="1762">
				<TextBlock ID="P150_TB00002" HPOS="121" VPOS="181" WIDTH="1029" HEIGHT="208" STYLEREFS="TXT_1 PAR_LEFT">
					<TextLine ID="P150_TL00002" HPOS="124" VPOS="181" WIDTH="1026" HEIGHT="45">
						<String ID="P150_ST00002" HPOS="124" VPOS="188" WIDTH="155" HEIGHT="31" CONTENT="mencionar" WC="0.50" CC="704425729"/>
						<SP ID="P150_SP00001" HPOS="279" VPOS="219" WIDTH="16"/>
						<String ID="P150_ST00003" HPOS="295" VPOS="197" WIDTH="34" HEIGHT="20" CONTENT="un" WC="0.36" CC="75"/>
						<SP ID="P150_SP00002" HPOS="329" VPOS="219" WIDTH="17"/>
						<String ID="P150_ST00004" HPOS="346" VPOS="185" WIDTH="85" HEIGHT="31" CONTENT="hecho" WC="0.49" CC="75075"/>
						<SP ID="P150_SP00003" HPOS="431" VPOS="219" WIDTH="14"/>
						<String ID="P150_ST00005" HPOS="445" VPOS="210" WIDTH="5" HEIGHT="12" CONTENT="," WC="1.00" CC="0"/>
						<SP ID="P150_SP00004" HPOS="450" VPOS="222" WIDTH="28"/>
						<String ID="P150_ST00006" HPOS="478" VPOS="196" WIDTH="53" HEIGHT="30" CONTENT="que" WC="0.74" CC="061"/>
						<SP ID="P150_SP00005" HPOS="531" VPOS="226" WIDTH="13"/>
						<String ID="P150_ST00007" HPOS="544" VPOS="185" WIDTH="164" HEIGHT="29" CONTENT="demostrará" WC="0.59" CC="1561160692"/>
						<SP ID="P150_SP00006" HPOS="708" VPOS="226" WIDTH="15"/>
						<String ID="P150_ST00008" HPOS="723" VPOS="184" WIDTH="23" HEIGHT="29" CONTENT="el" WC="0.64" CC="70"/>
						<SP ID="P150_SP00007" HPOS="746" VPOS="226" WIDTH="18"/>
						<String ID="P150_ST00009" HPOS="764" VPOS="184" WIDTH="159" HEIGHT="39" CONTENT="desarreglo" WC="0.73" CC="0162303080"/>
						<SP ID="P150_SP00008" HPOS="923" VPOS="226" WIDTH="17"/>
						<String ID="P150_ST00010" HPOS="940" VPOS="192" WIDTH="52" HEIGHT="31" CONTENT="que" WC="0.69" CC="062"/>
						<SP ID="P150_SP00009" HPOS="992" VPOS="226" WIDTH="12"/>
						<String ID="P150_ST00011" HPOS="1004" VPOS="181" WIDTH="79" HEIGHT="31" CONTENT="habia" WC="0.63" CC="64060"/>
						<SP ID="P150_SP00010" HPOS="1083" VPOS="226" WIDTH="17"/>
						<String ID="P150_ST00012" HPOS="1100" VPOS="190" WIDTH="50" HEIGHT="22" CONTENT="aun" WC="0.54" CC="381"/>
					</TextLine>
					<TextLine ID="P150_TL00003" HPOS="124" VPOS="238" WIDTH="1026" HEIGHT="48">
						<String ID="P150_ST00013" HPOS="124" VPOS="251" WIDTH="105" HEIGHT="35" CONTENT="respeto" WC="0.73" CC="0030084"/>
						<SP ID="P150_SP00011" HPOS="229" VPOS="286" WIDTH="16"/>
						<String ID="P150_ST00014" HPOS="245" VPOS="245" WIDTH="13" HEIGHT="30" CONTENT="á" WC="1.00" CC="0"/>
						<SP ID="P150_SP00012" HPOS="258" VPOS="286" WIDTH="16"/>
						<String ID="P150_ST00015" HPOS="274" VPOS="245" WIDTH="40" HEIGHT="29" CONTENT="los" WC="0.76" CC="070"/>
						<SP ID="P150_SP00013" HPOS="314" VPOS="286" WIDTH="16"/>
						<String ID="P150_ST00016" HPOS="330" VPOS="243" WIDTH="103" HEIGHT="31" CONTENT="citados" WC="0.86" CC="0004050"/>
						<SP ID="P150_SP00014" HPOS="433" VPOS="286" WIDTH="20"/>
						<String ID="P150_ST00017" HPOS="453" VPOS="241" WIDTH="152" HEIGHT="32" CONTENT="desvalidos" WC="0.68" CC="8044704010"/>
						<String ID="P150_ST00018" HPOS="619" VPOS="267" WIDTH="6" HEIGHT="9" CONTENT="," WC="0.68" CC="3"/>
						<SP ID="P150_SP00015" HPOS="625" VPOS="286" WIDTH="18"/>
						<String ID="P150_ST00019" HPOS="643" VPOS="251" WIDTH="31" HEIGHT="31" CONTENT="ya" WC="1.00" CC="00"/>
						<SP ID="P150_SP00016" HPOS="674" VPOS="286" WIDTH="21"/>
						<String ID="P150_ST00020" HPOS="695" VPOS="251" WIDTH="55" HEIGHT="30" CONTENT="que" WC="0.64" CC="082"/>
						<SP ID="P150_SP00017" HPOS="750" VPOS="286" WIDTH="24"/>
						<String ID="P150_ST00021" HPOS="774" VPOS="251" WIDTH="28" HEIGHT="19" CONTENT="se" WC="0.97" CC="00"/>
						<SP ID="P150_SP00018" HPOS="802" VPOS="286" WIDTH="14"/>
						<String ID="P150_ST00022" HPOS="816" VPOS="240" WIDTH="32" HEIGHT="30" CONTENT="ha" WC="0.63" CC="70"/>
						<SP ID="P150_SP00019" HPOS="848" VPOS="286" WIDTH="27"/>
						<String ID="P150_ST00023" HPOS="875" VPOS="240" WIDTH="86" HEIGHT="30" CONTENT="hecho" WC="0.49" CC="77073"/>
						<SP ID="P150_SP00020" HPOS="961" VPOS="286" WIDTH="27"/>
						<String ID="P150_ST00024" HPOS="988" VPOS="238" WIDTH="162" HEIGHT="31" CONTENT="oslenlacion" WC="0.70" CC="50007170065"/>
					</TextLine>
					<TextLine ID="P150_TL00004" HPOS="124" VPOS="294" WIDTH="1026" HEIGHT="48">
						<String ID="P150_ST00025" HPOS="124" VPOS="303" WIDTH="33" HEIGHT="30" CONTENT="de" WC="0.64" CC="70"/>
						<SP ID="P150_SP00021" HPOS="157" VPOS="333" WIDTH="17"/>
						<String ID="P150_ST00026" HPOS="174" VPOS="301" WIDTH="83" HEIGHT="31" CONTENT="haber" WC="0.51" CC="76702"/>
						<SP ID="P150_SP00022" HPOS="257" VPOS="333" WIDTH="15"/>
						<String ID="P150_ST00027" HPOS="272" VPOS="300" WIDTH="122" HEIGHT="42" CONTENT="aplicado" WC="0.80" CC="70300301"/>
						<SP ID="P150_SP00023" HPOS="394" VPOS="342" WIDTH="13"/>
						<String ID="P150_ST00028" HPOS="407" VPOS="300" WIDTH="115" HEIGHT="39" CONTENT="siempre" WC="0.93" CC="0004000"/>
						<SP ID="P150_SP00024" HPOS="522" VPOS="342" WIDTH="16"/>
						<String ID="P150_ST00029" HPOS="538" VPOS="301" WIDTH="14" HEIGHT="27" CONTENT="á" WC="1.00" CC="0"/>
						<SP ID="P150_SP00025" HPOS="552" VPOS="342" WIDTH="16"/>
						<String ID="P150_ST00030" HPOS="568" VPOS="298" WIDTH="33" HEIGHT="30" CONTENT="tal" WC="0.87" CC="030"/>
						<SP ID="P150_SP00026" HPOS="601" VPOS="342" WIDTH="18"/>
						<String ID="P150_ST00031" HPOS="619" VPOS="297" WIDTH="104" HEIGHT="41" CONTENT="objeto," WC="0.68" CC="6116050"/>
						<SP ID="P150_SP00027" HPOS="723" VPOS="342" WIDTH="31"/>
						<String ID="P150_ST00032" HPOS="754" VPOS="296" WIDTH="23" HEIGHT="31" CONTENT="el" WC="0.84" CC="11"/>
						<SP ID="P150_SP00028" HPOS="777" VPOS="342" WIDTH="21"/>
						<String ID="P150_ST00033" HPOS="798" VPOS="306" WIDTH="55" HEIGHT="20" CONTENT="mas" WC="0.75" CC="700"/>
						<SP ID="P150_SP00029" HPOS="853" VPOS="342" WIDTH="14"/>
						<String ID="P150_ST00034" HPOS="867" VPOS="295" WIDTH="95" HEIGHT="32" CONTENT="asiduo" WC="0.73" CC="260006"/>
						<SP ID="P150_SP00030" HPOS="962" VPOS="342" WIDTH="18"/>
						<String ID="P150_ST00035" HPOS="980" VPOS="306" WIDTH="16" HEIGHT="31" CONTENT="y" WC="1.00" CC="0"/>
						<SP ID="P150_SP00031" HPOS="996" VPOS="342" WIDTH="17"/>
						<String ID="P150_ST00036" HPOS="1013" VPOS="294" WIDTH="137" HEIGHT="31" CONTENT="esmerado" WC="0.59" CC="06700387"/>
					</TextLine>
					<TextLine ID="P150_TL00005" HPOS="121" VPOS="357" WIDTH="125" HEIGHT="32">
						<String ID="P150_ST00037" HPOS="121" VPOS="357" WIDTH="125" HEIGHT="32" CONTENT="cuidado." WC="0.87" CC="00001090"/>
					</TextLine>
				</TextBlock>
				<TextBlock ID="P150_TB00003" HPOS="121" VPOS="408" WIDTH="1028" HEIGHT="275" STYLEREFS="TXT_1 PAR_LEFT">
					<TextLine ID="P150_TL00006" HPOS="165" VPOS="409" WIDTH="984" HEIGHT="44">
						<String ID="P150_ST00038" HPOS="165" VPOS="416" WIDTH="80" HEIGHT="30" CONTENT="Como" WC="0.75" CC="2401"/>
						<SP ID="P150_SP00032" HPOS="245" VPOS="446" WIDTH="17"/>
						<String ID="P150_ST00039" HPOS="262" VPOS="415" WIDTH="39" HEIGHT="29" CONTENT="los" WC="0.44" CC="663"/>
						<SP ID="P150_SP00033" HPOS="301" VPOS="446" WIDTH="19"/>
						<String ID="P150_ST00040" HPOS="320" VPOS="413" WIDTH="107" HEIGHT="31" CONTENT="heridos" WC="0.77" CC="7003030"/>
						<SP ID="P150_SP00034" HPOS="427" VPOS="446" WIDTH="23"/>
						<String ID="P150_ST00041" HPOS="450" VPOS="423" WIDTH="15" HEIGHT="30" CONTENT="y" WC="1.00" CC="0"/>
						<SP ID="P150_SP00035" HPOS="465" VPOS="453" WIDTH="27"/>
						<String ID="P150_ST00042" HPOS="492" VPOS="411" WIDTH="132" HEIGHT="31" CONTENT="enfermos" WC="0.77" CC="06002440"/>
						<SP ID="P150_SP00036" HPOS="624" VPOS="453" WIDTH="15"/>
						<String ID="P150_ST00043" HPOS="639" VPOS="436" WIDTH="6" HEIGHT="10" CONTENT="," WC="0.71" CC="2"/>
						<SP ID="P150_SP00037" HPOS="645" VPOS="453" WIDTH="16"/>
						<String ID="P150_ST00044" HPOS="661" VPOS="420" WIDTH="49" HEIGHT="20" CONTENT="con" WC="0.79" CC="024"/>
						<SP ID="P150_SP00038" HPOS="710" VPOS="453" WIDTH="18"/>
						<String ID="P150_ST00045" HPOS="728" VPOS="410" WIDTH="39" HEIGHT="29" CONTENT="las" WC="0.36" CC="566"/>
						<SP ID="P150_SP00039" HPOS="767" VPOS="453" WIDTH="13"/>
						<String ID="P150_ST00046" HPOS="780" VPOS="410" WIDTH="173" HEIGHT="30" CONTENT="confusiones" WC="0.61" CC="04648036700"/>
						<SP ID="P150_SP00040" HPOS="953" VPOS="453" WIDTH="14"/>
						<String ID="P150_ST00047" HPOS="967" VPOS="409" WIDTH="41" HEIGHT="30" CONTENT="del" WC="0.73" CC="016"/>
						<SP ID="P150_SP00041" HPOS="1008" VPOS="453" WIDTH="15"/>
						<String ID="P150_ST00048" HPOS="1023" VPOS="419" WIDTH="94" HEIGHT="31" CONTENT="campo" WC="0.61" CC="60606"/>
						<SP ID="P150_SP00042" HPOS="1117" VPOS="453" WIDTH="16"/>
						<String ID="P150_ST00049" HPOS="1133" VPOS="421" WIDTH="16" HEIGHT="29" CONTENT="y" WC="1.00" CC="0"/>
					</TextLine>
					<TextLine ID="P150_TL00007" HPOS="122" VPOS="466" WIDTH="1027" HEIGHT="46">
						<String ID="P150_ST00050" HPOS="122" VPOS="473" WIDTH="42" HEIGHT="31" CONTENT="del" WC="0.90" CC="002"/>
						<SP ID="P150_SP00043" HPOS="164" VPOS="504" WIDTH="15"/>
						<String ID="P150_ST00051" HPOS="179" VPOS="472" WIDTH="144" HEIGHT="40" CONTENT="embarque" WC="0.54" CC="36740581"/>
						<SP ID="P150_SP00044" HPOS="323" VPOS="512" WIDTH="15"/>
						<String ID="P150_ST00052" HPOS="338" VPOS="482" WIDTH="31" HEIGHT="18" CONTENT="en" WC="0.58" CC="16"/>
						<SP ID="P150_SP00045" HPOS="369" VPOS="512" WIDTH="17"/>
						<String ID="P150_ST00053" HPOS="386" VPOS="470" WIDTH="23" HEIGHT="30" CONTENT="la" WC="0.54" CC="54"/>
						<SP ID="P150_SP00046" HPOS="409" VPOS="512" WIDTH="16"/>
						<String ID="P150_ST00054" HPOS="425" VPOS="471" WIDTH="119" HEIGHT="34" CONTENT="Crimea," WC="0.87" CC="2004010"/>
						<SP ID="P150_SP00047" HPOS="544" VPOS="512" WIDTH="16"/>
						<String ID="P150_ST00055" HPOS="560" VPOS="468" WIDTH="164" HEIGHT="31" CONTENT="eslraviaran" WC="0.72" CC="01665000063"/>
						<SP ID="P150_SP00048" HPOS="724" VPOS="512" WIDTH="18"/>
						<String ID="P150_ST00056" HPOS="742" VPOS="466" WIDTH="113" HEIGHT="42" CONTENT="algunos" WC="0.60" CC="5701093"/>
						<SP ID="P150_SP00049" HPOS="855" VPOS="512" WIDTH="15"/>
						<String ID="P150_ST00057" HPOS="870" VPOS="477" WIDTH="45" HEIGHT="19" CONTENT="sus" WC="0.56" CC="084"/>
						<SP ID="P150_SP00050" HPOS="915" VPOS="512" WIDTH="17"/>
						<String ID="P150_ST00058" HPOS="932" VPOS="472" WIDTH="105" HEIGHT="25" CONTENT="manías" WC="0.52" CC="764243"/>
						<SP ID="P150_SP00051" HPOS="1037" VPOS="512" WIDTH="13"/>
						<String ID="P150_ST00059" HPOS="1050" VPOS="466" WIDTH="33" HEIGHT="31" CONTENT="de" WC="1.00" CC="00"/>
						<SP ID="P150_SP00052" HPOS="1083" VPOS="512" WIDTH="11"/>
						<String ID="P150_ST00060" HPOS="1094" VPOS="477" WIDTH="55" HEIGHT="20" CONTENT="cu" SUBS_TYPE="HypPart1" SUBS_CONTENT="cubrirse," WC="0.66" CC="054"/>
						<HYP CONTENT="-"/>
					</TextLine>
					<TextLine ID="P150_TL00008" HPOS="121" VPOS="523" WIDTH="1026" HEIGHT="41">
						<String ID="P150_ST00061" HPOS="121" VPOS="529" WIDTH="100" HEIGHT="34" CONTENT="brirse," SUBS_TYPE="HypPart2" SUBS_CONTENT="cubrirse," WC="0.90" CC="5000000"/>
						<SP ID="P150_SP00053" HPOS="221" VPOS="563" WIDTH="26"/>
						<String ID="P150_ST00062" HPOS="247" VPOS="527" WIDTH="94" HEIGHT="31" CONTENT="mando" WC="0.57" CC="73009"/>
						<SP ID="P150_SP00054" HPOS="341" VPOS="563" WIDTH="17"/>
						<String ID="P150_ST00063" HPOS="358" VPOS="527" WIDTH="24" HEIGHT="29" CONTENT="el" WC="1.00" CC="00"/>
						<SP ID="P150_SP00055" HPOS="382" VPOS="563" WIDTH="22"/>
						<String ID="P150_ST00064" HPOS="404" VPOS="526" WIDTH="154" HEIGHT="30" CONTENT="Intendente" WC="0.72" CC="0660600080"/>
						<SP ID="P150_SP00056" HPOS="558" VPOS="563" WIDTH="20"/>
						<String ID="P150_ST00065" HPOS="578" VPOS="524" WIDTH="33" HEIGHT="31" CONTENT="de" WC="0.85" CC="02"/>
						<SP ID="P150_SP00057" HPOS="611" VPOS="563" WIDTH="21"/>
						<String ID="P150_ST00066" HPOS="632" VPOS="523" WIDTH="160" HEIGHT="36" CONTENT="Kamiesch," WC="0.64" CC="007065352"/>
						<SP ID="P150_SP00058" HPOS="792" VPOS="563" WIDTH="17"/>
						<String ID="P150_ST00067" HPOS="809" VPOS="534" WIDTH="52" HEIGHT="29" CONTENT="que" WC="0.75" CC="070"/>
						<SP ID="P150_SP00059" HPOS="861" VPOS="563" WIDTH="19"/>
						<String ID="P150_ST00068" HPOS="880" VPOS="533" WIDTH="28" HEIGHT="20" CONTENT="se" WC="0.84" CC="30"/>
						<SP ID="P150_SP00060" HPOS="908" VPOS="563" WIDTH="17"/>
						<String ID="P150_ST00069" HPOS="925" VPOS="533" WIDTH="166" HEIGHT="31" CONTENT="proveyeran" WC="0.74" CC="9040307000"/>
						<SP ID="P150_SP00061" HPOS="1091" VPOS="564" WIDTH="18"/>
						<String ID="P150_ST00070" HPOS="1109" VPOS="524" WIDTH="38" HEIGHT="31" CONTENT="las" WC="0.75" CC="061"/>
					</TextLine>
					<TextLine ID="P150_TL00009" HPOS="123" VPOS="580" WIDTH="1025" HEIGHT="45">
						<String ID="P150_ST00071" HPOS="123" VPOS="586" WIDTH="149" HEIGHT="30" CONTENT="necesarias" WC="0.75" CC="7000050066"/>
						<SP ID="P150_SP00062" HPOS="272" VPOS="616" WIDTH="17"/>
						<String ID="P150_ST00072" HPOS="289" VPOS="593" WIDTH="62" HEIGHT="32" CONTENT="para" WC="0.81" CC="0420"/>
						<SP ID="P150_SP00063" HPOS="351" VPOS="625" WIDTH="13"/>
						<String ID="P150_ST00073" HPOS="364" VPOS="582" WIDTH="148" HEIGHT="41" CONTENT="abrigarlos" WC="0.55" CC="1706920663"/>
						<SP ID="P150_SP00064" HPOS="512" VPOS="625" WIDTH="16"/>
						<String ID="P150_ST00074" HPOS="528" VPOS="583" WIDTH="13" HEIGHT="29" CONTENT="á" WC="1.00" CC="0"/>
						<SP ID="P150_SP00065" HPOS="541" VPOS="625" WIDTH="19"/>
						<String ID="P150_ST00075" HPOS="560" VPOS="581" WIDTH="73" HEIGHT="30" CONTENT="todos" WC="0.80" CC="04060"/>
						<SP ID="P150_SP00066" HPOS="633" VPOS="625" WIDTH="15"/>
						<String ID="P150_ST00076" HPOS="648" VPOS="592" WIDTH="47" HEIGHT="29" CONTENT="por" WC="0.93" CC="020"/>
						<SP ID="P150_SP00067" HPOS="695" VPOS="625" WIDTH="11"/>
						<String ID="P150_ST00077" HPOS="706" VPOS="581" WIDTH="23" HEIGHT="29" CONTENT="el" WC="1.00" CC="00"/>
						<SP ID="P150_SP00068" HPOS="729" VPOS="625" WIDTH="14"/>
						<String ID="P150_ST00078" HPOS="743" VPOS="581" WIDTH="119" HEIGHT="34" CONTENT="camino," WC="0.75" CC="0401470"/>
						<SP ID="P150_SP00069" HPOS="862" VPOS="625" WIDTH="16"/>
						<String ID="P150_ST00079" HPOS="878" VPOS="580" WIDTH="177" HEIGHT="41" CONTENT="poniéndolas" WC="0.72" CC="00302606605"/>
						<SP ID="P150_SP00070" HPOS="1055" VPOS="625" WIDTH="11"/>
						<String ID="P150_ST00080" HPOS="1066" VPOS="582" WIDTH="14" HEIGHT="28" CONTENT="á" WC="1.00" CC="0"/>
						<SP ID="P150_SP00071" HPOS="1080" VPOS="625" WIDTH="11"/>
						<String ID="P150_ST00081" HPOS="1091" VPOS="591" WIDTH="57" HEIGHT="21" CONTENT="car" SUBS_TYPE="HypPart1" SUBS_CONTENT="cargo" WC="0.86" CC="0104"/>
						<HYP CONTENT="-"/>
					</TextLine>
					<TextLine ID="P150_TL00010" HPOS="122" VPOS="637" WIDTH="974" HEIGHT="46">
						<String ID="P150_ST00082" HPOS="122" VPOS="654" WIDTH="33" HEIGHT="29" CONTENT="go" SUBS_TYPE="HypPart2" SUBS_CONTENT="cargo" WC="0.25" CC="94"/>
						<SP ID="P150_SP00072" HPOS="155" VPOS="683" WIDTH="14"/>
						<String ID="P150_ST00083" HPOS="169" VPOS="643" WIDTH="42" HEIGHT="29" CONTENT="del" WC="0.75" CC="070"/>
						<SP ID="P150_SP00073" HPOS="211" VPOS="683" WIDTH="17"/>
						<String ID="P150_ST00084" HPOS="228" VPOS="643" WIDTH="103" HEIGHT="39" CONTENT="capilan" WC="0.67" CC="0600454"/>
						<SP ID="P150_SP00074" HPOS="331" VPOS="683" WIDTH="17"/>
						<String ID="P150_ST00085" HPOS="348" VPOS="640" WIDTH="41" HEIGHT="30" CONTENT="del" WC="0.70" CC="035"/>
						<SP ID="P150_SP00075" HPOS="389" VPOS="683" WIDTH="16"/>
						<String ID="P150_ST00086" HPOS="405" VPOS="640" WIDTH="89" HEIGHT="41" CONTENT="buque" WC="0.71" CC="70060"/>
						<SP ID="P150_SP00076" HPOS="494" VPOS="683" WIDTH="13"/>
						<String ID="P150_ST00087" HPOS="507" VPOS="665" WIDTH="5" HEIGHT="10" CONTENT="," WC="1.00" CC="0"/>
						<SP ID="P150_SP00077" HPOS="512" VPOS="683" WIDTH="20"/>
						<String ID="P150_ST00088" HPOS="532" VPOS="637" WIDTH="157" HEIGHT="32" CONTENT="anotándolo" WC="0.56" CC="7646030464"/>
						<SP ID="P150_SP00078" HPOS="689" VPOS="683" WIDTH="16"/>
						<String ID="P150_ST00089" HPOS="705" VPOS="638" WIDTH="38" HEIGHT="29" CONTENT="así" WC="0.81" CC="320"/>
						<SP ID="P150_SP00079" HPOS="743" VPOS="683" WIDTH="15"/>
						<String ID="P150_ST00090" HPOS="758" VPOS="648" WIDTH="32" HEIGHT="19" CONTENT="en" WC="0.81" CC="03"/>
						<SP ID="P150_SP00080" HPOS="790" VPOS="683" WIDTH="18"/>
						<String ID="P150_ST00091" HPOS="808" VPOS="637" WIDTH="23" HEIGHT="29" CONTENT="el" WC="1.00" CC="00"/>
						<SP ID="P150_SP00081" HPOS="831" VPOS="683" WIDTH="13"/>
						<String ID="P150_ST00092" HPOS="844" VPOS="637" WIDTH="115" HEIGHT="40" CONTENT="registro" WC="0.56" CC="46960600"/>
						<SP ID="P150_SP00082" HPOS="959" VPOS="683" WIDTH="18"/>
						<String ID="P150_ST00093" HPOS="977" VPOS="637" WIDTH="34" HEIGHT="30" CONTENT="de" WC="0.80" CC="04"/>
						<SP ID="P150_SP00083" HPOS="1011" VPOS="683" WIDTH="19"/>
						<String ID="P150_ST00094" HPOS="1030" VPOS="643" WIDTH="66" HEIGHT="25" CONTENT="esle." WC="0.91" CC="22000"/>
					</TextLine>
				</TextBlock>
				<TextBlock ID="P150_TB00004" HPOS="118" VPOS="693" WIDTH="1030" HEIGHT="836" STYLEREFS="TXT_1 PAR_LEFT">
					<TextLine ID="P150_TL00011" HPOS="163" VPOS="693" WIDTH="982" HEIGHT="42">
						<String ID="P150_ST00095" HPOS="163" VPOS="700" WIDTH="70" HEIGHT="29" CONTENT="Pues" WC="0.61" CC="7305"/>
						<SP ID="P150_SP00084" HPOS="233" VPOS="729" WIDTH="15"/>
						<String ID="P150_ST00096" HPOS="248" VPOS="698" WIDTH="61" HEIGHT="29" CONTENT="bien" WC="0.58" CC="0078"/>
						<SP ID="P150_SP00085" HPOS="309" VPOS="729" WIDTH="14"/>
						<String ID="P150_ST00097" HPOS="323" VPOS="721" WIDTH="6" HEIGHT="12" CONTENT="," WC="0.55" CC="4"/>
						<SP ID="P150_SP00086" HPOS="329" VPOS="733" WIDTH="23"/>
						<String ID="P150_ST00098" HPOS="352" VPOS="696" WIDTH="104" HEIGHT="30" CONTENT="cuando" WC="0.82" CC="040105"/>
						<SP ID="P150_SP00087" HPOS="456" VPOS="733" WIDTH="26"/>
						<String ID="P150_ST00099" HPOS="482" VPOS="696" WIDTH="117" HEIGHT="29" CONTENT="vinieron" WC="0.54" CC="86300664"/>
						<SP ID="P150_SP00088" HPOS="599" VPOS="733" WIDTH="16"/>
						<String ID="P150_ST00100" HPOS="615" VPOS="695" WIDTH="14" HEIGHT="30" CONTENT="á" WC="1.00" CC="0"/>
						<SP ID="P150_SP00089" HPOS="629" VPOS="733" WIDTH="18"/>
						<String ID="P150_ST00101" HPOS="647" VPOS="700" WIDTH="82" HEIGHT="24" CONTENT="tomar" WC="0.69" CC="02704"/>
						<SP ID="P150_SP00090" HPOS="729" VPOS="733" WIDTH="25"/>
						<String ID="P150_ST00102" HPOS="754" VPOS="699" WIDTH="123" HEIGHT="25" CONTENT="nuestros" WC="0.67" CC="43604050"/>
						<SP ID="P150_SP00091" HPOS="877" VPOS="733" WIDTH="17"/>
						<String ID="P150_ST00103" HPOS="894" VPOS="693" WIDTH="114" HEIGHT="31" CONTENT="heridos" WC="0.80" CC="7000060"/>
						<SP ID="P150_SP00092" HPOS="1008" VPOS="733" WIDTH="16"/>
						<String ID="P150_ST00104" HPOS="1024" VPOS="705" WIDTH="16" HEIGHT="30" CONTENT="y" WC="1.00" CC="0"/>
						<SP ID="P150_SP00093" HPOS="1040" VPOS="735" WIDTH="14"/>
						<String ID="P150_ST00105" HPOS="1054" VPOS="695" WIDTH="91" HEIGHT="31" CONTENT="enfer" SUBS_TYPE="HypPart1" SUBS_CONTENT="enfermos" WC="0.94" CC="000003"/>
						<HYP CONTENT="-"/>
					</TextLine>
					<TextLine ID="P150_TL00012" HPOS="121" VPOS="749" WIDTH="1027" HEIGHT="46">
						<String ID="P150_ST00106" HPOS="121" VPOS="766" WIDTH="57" HEIGHT="20" CONTENT="mos" SUBS_TYPE="HypPart2" SUBS_CONTENT="enfermos" WC="0.48" CC="735"/>
						<SP ID="P150_SP00094" HPOS="178" VPOS="786" WIDTH="13"/>
						<String ID="P150_ST00107" HPOS="191" VPOS="780" WIDTH="5" HEIGHT="10" CONTENT="," WC="1.00" CC="0"/>
						<SP ID="P150_SP00095" HPOS="196" VPOS="790" WIDTH="21"/>
						<String ID="P150_ST00108" HPOS="217" VPOS="765" WIDTH="46" HEIGHT="30" CONTENT="por" WC="0.86" CC="040"/>
						<SP ID="P150_SP00096" HPOS="263" VPOS="795" WIDTH="13"/>
						<String ID="P150_ST00109" HPOS="276" VPOS="753" WIDTH="80" HEIGHT="30" CONTENT="orden" WC="0.60" CC="46061"/>
						<SP ID="P150_SP00097" HPOS="356" VPOS="795" WIDTH="17"/>
						<String ID="P150_ST00110" HPOS="373" VPOS="764" WIDTH="52" HEIGHT="29" CONTENT="que" WC="0.84" CC="040"/>
						<SP ID="P150_SP00098" HPOS="425" VPOS="795" WIDTH="13"/>
						<String ID="P150_ST00111" HPOS="438" VPOS="763" WIDTH="40" HEIGHT="19" CONTENT="me" WC="0.63" CC="70"/>
						<SP ID="P150_SP00099" HPOS="478" VPOS="795" WIDTH="14"/>
						<String ID="P150_ST00112" HPOS="492" VPOS="752" WIDTH="77" HEIGHT="29" CONTENT="habia" WC="0.65" CC="74400"/>
						<SP ID="P150_SP00100" HPOS="569" VPOS="795" WIDTH="14"/>
						<String ID="P150_ST00113" HPOS="583" VPOS="751" WIDTH="68" HEIGHT="30" CONTENT="dado" WC="0.83" CC="0501"/>
						<SP ID="P150_SP00101" HPOS="651" VPOS="795" WIDTH="14"/>
						<String ID="P150_ST00114" HPOS="665" VPOS="751" WIDTH="23" HEIGHT="30" CONTENT="el" WC="1.00" CC="00"/>
						<SP ID="P150_SP00102" HPOS="688" VPOS="795" WIDTH="16"/>
						<String ID="P150_ST00115" HPOS="704" VPOS="751" WIDTH="105" HEIGHT="40" CONTENT="capilan" WC="0.66" CC="2290026"/>
						<SP ID="P150_SP00103" HPOS="809" VPOS="795" WIDTH="15"/>
						<String ID="P150_ST00116" HPOS="824" VPOS="775" WIDTH="6" HEIGHT="11" CONTENT="," WC="1.00" CC="0"/>
						<SP ID="P150_SP00104" HPOS="830" VPOS="795" WIDTH="17"/>
						<String ID="P150_ST00117" HPOS="847" VPOS="749" WIDTH="105" HEIGHT="31" CONTENT="detenia" WC="0.67" CC="0715700"/>
						<SP ID="P150_SP00105" HPOS="952" VPOS="795" WIDTH="14"/>
						<String ID="P150_ST00118" HPOS="966" VPOS="761" WIDTH="34" HEIGHT="31" CONTENT="yo" WC="1.00" CC="00"/>
						<SP ID="P150_SP00106" HPOS="1000" VPOS="795" WIDTH="19"/>
						<String ID="P150_ST00119" HPOS="1019" VPOS="762" WIDTH="50" HEIGHT="19" CONTENT="una" WC="0.52" CC="274"/>
						<SP ID="P150_SP00107" HPOS="1069" VPOS="795" WIDTH="15"/>
						<String ID="P150_ST00120" HPOS="1084" VPOS="763" WIDTH="64" HEIGHT="29" CONTENT="por" SUBS_TYPE="HypPart1" SUBS_CONTENT="porción" WC="0.60" CC="0654"/>
						<HYP CONTENT="-"/>
					</TextLine>
					<TextLine ID="P150_TL00013" HPOS="121" VPOS="807" WIDTH="1027" HEIGHT="42">
						<String ID="P150_ST00121" HPOS="121" VPOS="814" WIDTH="59" HEIGHT="29" CONTENT="ción" SUBS_TYPE="HypPart2" SUBS_CONTENT="porción" WC="0.68" CC="0606"/>
						<SP ID="P150_SP00108" HPOS="180" VPOS="843" WIDTH="16"/>
						<String ID="P150_ST00122" HPOS="196" VPOS="811" WIDTH="33" HEIGHT="31" CONTENT="de" WC="0.64" CC="07"/>
						<SP ID="P150_SP00109" HPOS="229" VPOS="843" WIDTH="17"/>
						<String ID="P150_ST00123" HPOS="246" VPOS="811" WIDTH="38" HEIGHT="29" CONTENT="las" WC="0.44" CC="159"/>
						<SP ID="P150_SP00110" HPOS="284" VPOS="843" WIDTH="17"/>
						<String ID="P150_ST00124" HPOS="301" VPOS="810" WIDTH="64" HEIGHT="30" CONTENT="tales" WC="0.61" CC="76220"/>
						<SP ID="P150_SP00111" HPOS="365" VPOS="843" WIDTH="16"/>
						<String ID="P150_ST00125" HPOS="381" VPOS="814" WIDTH="102" HEIGHT="25" CONTENT="manías" WC="0.59" CC="554107"/>
						<SP ID="P150_SP00112" HPOS="483" VPOS="843" WIDTH="14"/>
						<String ID="P150_ST00126" HPOS="497" VPOS="819" WIDTH="52" HEIGHT="30" CONTENT="que" WC="0.78" CC="060"/>
						<SP ID="P150_SP00113" HPOS="549" VPOS="849" WIDTH="16"/>
						<String ID="P150_ST00127" HPOS="565" VPOS="819" WIDTH="28" HEIGHT="19" CONTENT="se" WC="0.75" CC="04"/>
						<SP ID="P150_SP00114" HPOS="593" VPOS="849" WIDTH="17"/>
						<String ID="P150_ST00128" HPOS="610" VPOS="819" WIDTH="47" HEIGHT="18" CONTENT="nos" WC="0.64" CC="531"/>
						<SP ID="P150_SP00115" HPOS="657" VPOS="849" WIDTH="17"/>
						<String ID="P150_ST00129" HPOS="674" VPOS="807" WIDTH="97" HEIGHT="30" CONTENT="habían" WC="0.62" CC="727004"/>
						<SP ID="P150_SP00116" HPOS="771" VPOS="849" WIDTH="15"/>
						<String ID="P150_ST00130" HPOS="786" VPOS="807" WIDTH="146" HEIGHT="40" CONTENT="entregado" WC="0.70" CC="143070504"/>
						<SP ID="P150_SP00117" HPOS="932" VPOS="849" WIDTH="15"/>
						<String ID="P150_ST00131" HPOS="947" VPOS="819" WIDTH="64" HEIGHT="29" CONTENT="para" WC="0.42" CC="8770"/>
						<SP ID="P150_SP00118" HPOS="1011" VPOS="849" WIDTH="17"/>
						<String ID="P150_ST00132" HPOS="1028" VPOS="809" WIDTH="90" HEIGHT="31" CONTENT="cubrir" WC="0.58" CC="086054"/>
						<SP ID="P150_SP00119" HPOS="1118" VPOS="849" WIDTH="15"/>
						<String ID="P150_ST00133" HPOS="1133" VPOS="810" WIDTH="15" HEIGHT="31" CONTENT="á" WC="0.79" CC="2"/>
					</TextLine>
					<TextLine ID="P150_TL00014" HPOS="121" VPOS="864" WIDTH="1026" HEIGHT="45">
						<String ID="P150_ST00134" HPOS="121" VPOS="869" WIDTH="39" HEIGHT="29" CONTENT="los" WC="0.65" CC="055"/>
						<SP ID="P150_SP00120" HPOS="160" VPOS="898" WIDTH="17"/>
						<String ID="P150_ST00135" HPOS="177" VPOS="878" WIDTH="51" HEIGHT="31" CONTENT="que" WC="0.69" CC="080"/>
						<SP ID="P150_SP00121" HPOS="228" VPOS="909" WIDTH="16"/>
						<String ID="P150_ST00136" HPOS="244" VPOS="877" WIDTH="33" HEIGHT="20" CONTENT="no" WC="0.34" CC="75"/>
						<SP ID="P150_SP00122" HPOS="277" VPOS="909" WIDTH="25"/>
						<String ID="P150_ST00137" HPOS="302" VPOS="866" WIDTH="118" HEIGHT="31" CONTENT="tuvieran" WC="0.61" CC="87610007"/>
						<SP ID="P150_SP00123" HPOS="420" VPOS="909" WIDTH="17"/>
						<String ID="P150_ST00138" HPOS="437" VPOS="864" WIDTH="112" HEIGHT="31" CONTENT="durante" WC="0.71" CC="0120366"/>
						<SP ID="P150_SP00124" HPOS="549" VPOS="909" WIDTH="17"/>
						<String ID="P150_ST00139" HPOS="566" VPOS="865" WIDTH="22" HEIGHT="30" CONTENT="la" WC="0.78" CC="40"/>
						<SP ID="P150_SP00125" HPOS="588" VPOS="909" WIDTH="18"/>
						<String ID="P150_ST00140" HPOS="606" VPOS="866" WIDTH="113" HEIGHT="29" CONTENT="travesía" WC="0.79" CC="53003004"/>
						<SP ID="P150_SP00126" HPOS="719" VPOS="909" WIDTH="13"/>
						<String ID="P150_ST00141" HPOS="732" VPOS="878" WIDTH="6" HEIGHT="23" CONTENT=";" WC="1.00" CC="0"/>
						<SP ID="P150_SP00127" HPOS="738" VPOS="909" WIDTH="27"/>
						<String ID="P150_ST00142" HPOS="765" VPOS="875" WIDTH="63" HEIGHT="30" CONTENT="pero" WC="0.95" CC="0100"/>
						<SP ID="P150_SP00128" HPOS="828" VPOS="909" WIDTH="14"/>
						<String ID="P150_ST00143" HPOS="842" VPOS="864" WIDTH="24" HEIGHT="30" CONTENT="el" WC="0.69" CC="60"/>
						<SP ID="P150_SP00129" HPOS="866" VPOS="909" WIDTH="14"/>
						<String ID="P150_ST00144" HPOS="880" VPOS="864" WIDTH="89" HEIGHT="31" CONTENT="oficial" WC="0.77" CC="7003022"/>
						<SP ID="P150_SP00130" HPOS="969" VPOS="909" WIDTH="29"/>
						<String ID="P150_ST00145" HPOS="998" VPOS="867" WIDTH="149" HEIGHT="40" CONTENT="encargado" WC="0.73" CC="660000505"/>
					</TextLine>
					<TextLine ID="P150_TL00015" HPOS="120" VPOS="922" WIDTH="1027" HEIGHT="42">
						<String ID="P150_ST00146" HPOS="120" VPOS="924" WIDTH="33" HEIGHT="31" CONTENT="de" WC="0.50" CC="81"/>
						<SP ID="P150_SP00131" HPOS="153" VPOS="955" WIDTH="16"/>
						<String ID="P150_ST00147" HPOS="169" VPOS="924" WIDTH="79" HEIGHT="30" CONTENT="hacer" WC="0.72" CC="72400"/>
						<SP ID="P150_SP00132" HPOS="248" VPOS="955" WIDTH="14"/>
						<String ID="P150_ST00148" HPOS="262" VPOS="924" WIDTH="127" HEIGHT="29" CONTENT="trasladar" WC="0.68" CC="066562000"/>
						<SP ID="P150_SP00133" HPOS="389" VPOS="955" WIDTH="16"/>
						<String ID="P150_ST00149" HPOS="405" VPOS="923" WIDTH="120" HEIGHT="40" CONTENT="aquellos" WC="0.62" CC="70162750"/>
						<SP ID="P150_SP00134" HPOS="525" VPOS="963" WIDTH="14"/>
						<String ID="P150_ST00150" HPOS="539" VPOS="922" WIDTH="120" HEIGHT="30" CONTENT="infelices" WC="0.64" CC="061760063"/>
						<SP ID="P150_SP00135" HPOS="659" VPOS="963" WIDTH="14"/>
						<String ID="P150_ST00151" HPOS="673" VPOS="922" WIDTH="23" HEIGHT="30" CONTENT="al" WC="0.75" CC="50"/>
						<SP ID="P150_SP00136" HPOS="696" VPOS="963" WIDTH="18"/>
						<String ID="P150_ST00152" HPOS="714" VPOS="922" WIDTH="115" HEIGHT="40" CONTENT="hospital" WC="0.59" CC="74700623"/>
						<String ID="P150_ST00153" HPOS="843" VPOS="947" WIDTH="7" HEIGHT="11" CONTENT="," WC="0.57" CC="4"/>
						<SP ID="P150_SP00137" HPOS="850" VPOS="963" WIDTH="20"/>
						<String ID="P150_ST00154" HPOS="870" VPOS="932" WIDTH="42" HEIGHT="20" CONTENT="me" WC="0.60" CC="70"/>
						<SP ID="P150_SP00138" HPOS="912" VPOS="963" WIDTH="18"/>
						<String ID="P150_ST00155" HPOS="930" VPOS="923" WIDTH="107" HEIGHT="40" CONTENT="suplicó" WC="0.66" CC="4606006"/>
						<SP ID="P150_SP00139" HPOS="1037" VPOS="963" WIDTH="15"/>
						<String ID="P150_ST00156" HPOS="1052" VPOS="935" WIDTH="51" HEIGHT="29" CONTENT="que" WC="0.72" CC="080"/>
						<SP ID="P150_SP00140" HPOS="1103" VPOS="964" WIDTH="16"/>
						<String ID="P150_ST00157" HPOS="1119" VPOS="935" WIDTH="28" HEIGHT="19" CONTENT="se" WC="0.65" CC="42"/>
					</TextLine>
					<TextLine ID="P150_TL00016" HPOS="121" VPOS="977" WIDTH="1027" HEIGHT="43">
						<String ID="P150_ST00158" HPOS="121" VPOS="980" WIDTH="38" HEIGHT="30" CONTENT="las" WC="0.78" CC="006"/>
						<SP ID="P150_SP00141" HPOS="159" VPOS="1010" WIDTH="17"/>
						<String ID="P150_ST00159" HPOS="176" VPOS="980" WIDTH="89" HEIGHT="40" CONTENT="dejara" WC="0.64" CC="070534"/>
						<SP ID="P150_SP00142" HPOS="265" VPOS="1020" WIDTH="14"/>
						<String ID="P150_ST00160" HPOS="279" VPOS="980" WIDTH="13" HEIGHT="29" CONTENT="á" WC="1.00" CC="0"/>
						<SP ID="P150_SP00143" HPOS="292" VPOS="1020" WIDTH="18"/>
						<String ID="P150_ST00161" HPOS="310" VPOS="980" WIDTH="38" HEIGHT="28" CONTENT="los" WC="0.76" CC="205"/>
						<SP ID="P150_SP00144" HPOS="348" VPOS="1020" WIDTH="17"/>
						<String ID="P150_ST00162" HPOS="365" VPOS="990" WIDTH="52" HEIGHT="30" CONTENT="que" WC="1.00" CC="000"/>
						<SP ID="P150_SP00145" HPOS="417" VPOS="1020" WIDTH="22"/>
						<String ID="P150_ST00163" HPOS="439" VPOS="979" WIDTH="151" HEIGHT="29" CONTENT="estuviesen" WC="0.60" CC="0567006470"/>
						<SP ID="P150_SP00146" HPOS="590" VPOS="1020" WIDTH="22"/>
						<String ID="P150_ST00164" HPOS="612" VPOS="978" WIDTH="169" HEIGHT="30" CONTENT="necesitados" WC="0.81" CC="56020010040"/>
						<SP ID="P150_SP00147" HPOS="781" VPOS="1020" WIDTH="29"/>
						<String ID="P150_ST00165" HPOS="810" VPOS="977" WIDTH="34" HEIGHT="30" CONTENT="de" WC="0.68" CC="06"/>
						<SP ID="P150_SP00148" HPOS="844" VPOS="1020" WIDTH="21"/>
						<String ID="P150_ST00166" HPOS="865" VPOS="978" WIDTH="52" HEIGHT="30" CONTENT="ella" WC="0.65" CC="0670"/>
						<SP ID="P150_SP00149" HPOS="917" VPOS="1020" WIDTH="15"/>
						<String ID="P150_ST00167" HPOS="932" VPOS="1003" WIDTH="6" HEIGHT="11" CONTENT="," WC="1.00" CC="0"/>
						<SP ID="P150_SP00150" HPOS="938" VPOS="1020" WIDTH="19"/>
						<String ID="P150_ST00168" HPOS="957" VPOS="980" WIDTH="78" HEIGHT="29" CONTENT="hasla" WC="0.36" CC="74476"/>
						<SP ID="P150_SP00151" HPOS="1035" VPOS="1020" WIDTH="17"/>
						<String ID="P150_ST00169" HPOS="1052" VPOS="991" WIDTH="52" HEIGHT="29" CONTENT="que" WC="0.91" CC="020"/>
						<SP ID="P150_SP00152" HPOS="1104" VPOS="1020" WIDTH="17"/>
						<String ID="P150_ST00170" HPOS="1121" VPOS="991" WIDTH="27" HEIGHT="19" CONTENT="se" WC="0.73" CC="50"/>
					</TextLine>
					<TextLine ID="P150_TL00017" HPOS="120" VPOS="1035" WIDTH="1027" HEIGHT="43">
						<String ID="P150_ST00171" HPOS="120" VPOS="1037" WIDTH="118" HEIGHT="31" CONTENT="hallaran" WC="0.66" CC="72570040"/>
						<SP ID="P150_SP00153" HPOS="238" VPOS="1068" WIDTH="14"/>
						<String ID="P150_ST00172" HPOS="252" VPOS="1047" WIDTH="32" HEIGHT="19" CONTENT="en" WC="1.00" CC="00"/>
						<SP ID="P150_SP00154" HPOS="284" VPOS="1068" WIDTH="17"/>
						<String ID="P150_ST00173" HPOS="301" VPOS="1036" WIDTH="22" HEIGHT="30" CONTENT="la" WC="0.66" CC="60"/>
						<SP ID="P150_SP00155" HPOS="323" VPOS="1068" WIDTH="17"/>
						<String ID="P150_ST00174" HPOS="340" VPOS="1046" WIDTH="74" HEIGHT="20" CONTENT="cama" WC="0.73" CC="2070"/>
						<SP ID="P150_SP00156" HPOS="414" VPOS="1068" WIDTH="16"/>
						<String ID="P150_ST00175" HPOS="430" VPOS="1035" WIDTH="32" HEIGHT="30" CONTENT="de" WC="0.64" CC="07"/>
						<SP ID="P150_SP00157" HPOS="462" VPOS="1068" WIDTH="16"/>
						<String ID="P150_ST00176" HPOS="478" VPOS="1035" WIDTH="79" HEIGHT="41" CONTENT="aquel" WC="0.78" CC="00370"/>
						<SP ID="P150_SP00158" HPOS="557" VPOS="1076" WIDTH="17"/>
						<String ID="P150_ST00177" HPOS="574" VPOS="1035" WIDTH="238" HEIGHT="30" CONTENT="establecimiento." WC="0.67" CC="0574270004002870"/>
						<SP ID="P150_SP00159" HPOS="812" VPOS="1076" WIDTH="27"/>
						<String ID="P150_ST00178" HPOS="839" VPOS="1035" WIDTH="97" HEIGHT="40" CONTENT="Objeté" WC="0.71" CC="560301"/>
						<SP ID="P150_SP00160" HPOS="936" VPOS="1076" WIDTH="17"/>
						<String ID="P150_ST00179" HPOS="953" VPOS="1046" WIDTH="54" HEIGHT="31" CONTENT="que" WC="1.00" CC="000"/>
						<SP ID="P150_SP00161" HPOS="1007" VPOS="1077" WIDTH="14"/>
						<String ID="P150_ST00180" HPOS="1021" VPOS="1062" WIDTH="5" HEIGHT="8" CONTENT="," WC="0.73" CC="2"/>
						<SP ID="P150_SP00162" HPOS="1026" VPOS="1077" WIDTH="20"/>
						<String ID="P150_ST00181" HPOS="1046" VPOS="1047" WIDTH="101" HEIGHT="31" CONTENT="porque" WC="0.81" CC="053010"/>
					</TextLine>
					<TextLine ID="P150_TL00018" HPOS="120" VPOS="1091" WIDTH="1027" HEIGHT="43">
						<String ID="P150_ST00182" HPOS="120" VPOS="1104" WIDTH="34" HEIGHT="19" CONTENT="no" WC="0.59" CC="70"/>
						<SP ID="P150_SP00163" HPOS="154" VPOS="1123" WIDTH="17"/>
						<String ID="P150_ST00183" HPOS="171" VPOS="1094" WIDTH="80" HEIGHT="29" CONTENT="(raían" WC="0.87" CC="000042"/>
						<SP ID="P150_SP00164" HPOS="251" VPOS="1123" WIDTH="17"/>
						<String ID="P150_ST00184" HPOS="268" VPOS="1099" WIDTH="71" HEIGHT="24" CONTENT="otras" WC="0.70" CC="27040"/>
						<SP ID="P150_SP00165" HPOS="339" VPOS="1123" WIDTH="15"/>
						<String ID="P150_ST00185" HPOS="354" VPOS="1092" WIDTH="82" HEIGHT="30" CONTENT="desde" WC="0.90" CC="00400"/>
						<SP ID="P150_SP00166" HPOS="436" VPOS="1123" WIDTH="16"/>
						<String ID="P150_ST00186" HPOS="452" VPOS="1092" WIDTH="51" HEIGHT="30" CONTENT="allá" WC="0.65" CC="6160"/>
						<SP ID="P150_SP00167" HPOS="503" VPOS="1123" WIDTH="13"/>
						<String ID="P150_ST00187" HPOS="516" VPOS="1101" WIDTH="64" HEIGHT="32" CONTENT="para" WC="0.64" CC="0653"/>
						<SP ID="P150_SP00168" HPOS="580" VPOS="1133" WIDTH="16"/>
						<String ID="P150_ST00188" HPOS="596" VPOS="1091" WIDTH="157" HEIGHT="31" CONTENT="llevárselos" WC="0.71" CC="00600095052"/>
						<SP ID="P150_SP00169" HPOS="753" VPOS="1133" WIDTH="15"/>
						<String ID="P150_ST00189" HPOS="768" VPOS="1102" WIDTH="5" HEIGHT="23" CONTENT=";" WC="0.48" CC="5"/>
						<SP ID="P150_SP00170" HPOS="773" VPOS="1133" WIDTH="28"/>
						<String ID="P150_ST00190" HPOS="801" VPOS="1092" WIDTH="14" HEIGHT="30" CONTENT="á" WC="1.00" CC="0"/>
						<SP ID="P150_SP00171" HPOS="815" VPOS="1133" WIDTH="16"/>
						<String ID="P150_ST00191" HPOS="831" VPOS="1091" WIDTH="26" HEIGHT="30" CONTENT="lo" WC="0.44" CC="55"/>
						<SP ID="P150_SP00172" HPOS="857" VPOS="1133" WIDTH="17"/>
						<String ID="P150_ST00192" HPOS="874" VPOS="1103" WIDTH="52" HEIGHT="30" CONTENT="que" WC="0.80" CC="050"/>
						<SP ID="P150_SP00173" HPOS="926" VPOS="1133" WIDTH="18"/>
						<String ID="P150_ST00193" HPOS="944" VPOS="1094" WIDTH="102" HEIGHT="40" CONTENT="replicó" WC="0.75" CC="0196000"/>
						<SP ID="P150_SP00174" HPOS="1046" VPOS="1134" WIDTH="16"/>
						<String ID="P150_ST00194" HPOS="1062" VPOS="1118" WIDTH="5" HEIGHT="11" CONTENT="," WC="1.00" CC="0"/>
						<SP ID="P150_SP00175" HPOS="1067" VPOS="1134" WIDTH="29"/>
						<String ID="P150_ST00195" HPOS="1096" VPOS="1104" WIDTH="51" HEIGHT="30" CONTENT="que" WC="0.81" CC="050"/>
					</TextLine>
					<TextLine ID="P150_TL00019" HPOS="120" VPOS="1147" WIDTH="1024" HEIGHT="42">
						<String ID="P150_ST00196" HPOS="120" VPOS="1150" WIDTH="26" HEIGHT="29" CONTENT="lo" WC="0.55" CC="35"/>
						<SP ID="P150_SP00176" HPOS="146" VPOS="1179" WIDTH="16"/>
						<String ID="P150_ST00197" HPOS="162" VPOS="1149" WIDTH="92" HEIGHT="29" CONTENT="habría" WC="0.69" CC="237004"/>
						<SP ID="P150_SP00177" HPOS="254" VPOS="1179" WIDTH="14"/>
						<String ID="P150_ST00198" HPOS="268" VPOS="1148" WIDTH="83" HEIGHT="30" CONTENT="hecho" WC="0.54" CC="61067"/>
						<SP ID="P150_SP00178" HPOS="351" VPOS="1179" WIDTH="12"/>
						<String ID="P150_ST00199" HPOS="363" VPOS="1149" WIDTH="15" HEIGHT="29" CONTENT="á" WC="1.00" CC="0"/>
						<SP ID="P150_SP00179" HPOS="378" VPOS="1179" WIDTH="11"/>
						<String ID="P150_ST00200" HPOS="389" VPOS="1148" WIDTH="78" HEIGHT="30" CONTENT="saber" WC="0.73" CC="05070"/>
						<SP ID="P150_SP00180" HPOS="467" VPOS="1179" WIDTH="12"/>
						<String ID="P150_ST00201" HPOS="479" VPOS="1147" WIDTH="105" HEIGHT="42" CONTENT="aquella" WC="0.63" CC="3070435"/>
						<SP ID="P150_SP00181" HPOS="584" VPOS="1189" WIDTH="16"/>
						<String ID="P150_ST00202" HPOS="600" VPOS="1147" WIDTH="104" HEIGHT="31" CONTENT="medida" WC="0.91" CC="500000"/>
						<SP ID="P150_SP00182" HPOS="704" VPOS="1189" WIDTH="15"/>
						<String ID="P150_ST00203" HPOS="719" VPOS="1147" WIDTH="42" HEIGHT="31" CONTENT="del" WC="0.74" CC="006"/>
						<SP ID="P150_SP00183" HPOS="761" VPOS="1189" WIDTH="14"/>
						<String ID="P150_ST00204" HPOS="775" VPOS="1148" WIDTH="157" HEIGHT="30" CONTENT="Intendente" WC="0.73" CC="3000600636"/>
						<SP ID="P150_SP00184" HPOS="932" VPOS="1189" WIDTH="11"/>
						<String ID="P150_ST00205" HPOS="943" VPOS="1149" WIDTH="33" HEIGHT="30" CONTENT="de" WC="0.82" CC="03"/>
						<SP ID="P150_SP00185" HPOS="976" VPOS="1189" WIDTH="14"/>
						<String ID="P150_ST00206" HPOS="990" VPOS="1150" WIDTH="154" HEIGHT="36" CONTENT="Kamiesch;" WC="0.63" CC="006509270"/>
					</TextLine>
					<TextLine ID="P150_TL00020" HPOS="121" VPOS="1204" WIDTH="1026" HEIGHT="44">
						<String ID="P150_ST00207" HPOS="121" VPOS="1217" WIDTH="63" HEIGHT="30" CONTENT="pero" WC="0.84" CC="0600"/>
						<SP ID="P150_SP00186" HPOS="184" VPOS="1247" WIDTH="17"/>
						<String ID="P150_ST00208" HPOS="201" VPOS="1216" WIDTH="50" HEIGHT="29" CONTENT="que" WC="0.89" CC="030"/>
						<SP ID="P150_SP00187" HPOS="251" VPOS="1247" WIDTH="15"/>
						<String ID="P150_ST00209" HPOS="266" VPOS="1206" WIDTH="23" HEIGHT="28" CONTENT="la" WC="0.77" CC="04"/>
						<SP ID="P150_SP00188" HPOS="289" VPOS="1247" WIDTH="16"/>
						<String ID="P150_ST00210" HPOS="305" VPOS="1205" WIDTH="128" HEIGHT="40" CONTENT="ignoraba" WC="0.70" CC="00056470"/>
						<SP ID="P150_SP00189" HPOS="433" VPOS="1247" WIDTH="17"/>
						<String ID="P150_ST00211" HPOS="450" VPOS="1228" WIDTH="5" HEIGHT="12" CONTENT="," WC="1.00" CC="0"/>
						<SP ID="P150_SP00190" HPOS="455" VPOS="1247" WIDTH="16"/>
						<String ID="P150_ST00212" HPOS="471" VPOS="1215" WIDTH="47" HEIGHT="30" CONTENT="por" WC="0.91" CC="020"/>
						<SP ID="P150_SP00191" HPOS="518" VPOS="1247" WIDTH="17"/>
						<String ID="P150_ST00213" HPOS="535" VPOS="1215" WIDTH="42" HEIGHT="19" CONTENT="ser" WC="0.65" CC="900"/>
						<SP ID="P150_SP00192" HPOS="577" VPOS="1247" WIDTH="17"/>
						<String ID="P150_ST00214" HPOS="594" VPOS="1204" WIDTH="23" HEIGHT="30" CONTENT="la" WC="0.90" CC="02"/>
						<SP ID="P150_SP00193" HPOS="617" VPOS="1247" WIDTH="17"/>
						<String ID="P150_ST00215" HPOS="634" VPOS="1205" WIDTH="118" HEIGHT="40" CONTENT="primera" WC="0.70" CC="0006067"/>
						<SP ID="P150_SP00194" HPOS="752" VPOS="1247" WIDTH="18"/>
						<String ID="P150_ST00216" HPOS="770" VPOS="1215" WIDTH="47" HEIGHT="19" CONTENT="vez" WC="0.61" CC="074"/>
						<SP ID="P150_SP00195" HPOS="817" VPOS="1247" WIDTH="16"/>
						<String ID="P150_ST00217" HPOS="833" VPOS="1215" WIDTH="53" HEIGHT="30" CONTENT="que" WC="0.72" CC="080"/>
						<SP ID="P150_SP00196" HPOS="886" VPOS="1247" WIDTH="13"/>
						<String ID="P150_ST00218" HPOS="899" VPOS="1216" WIDTH="29" HEIGHT="19" CONTENT="se" WC="0.99" CC="00"/>
						<SP ID="P150_SP00197" HPOS="928" VPOS="1247" WIDTH="18"/>
						<String ID="P150_ST00219" HPOS="946" VPOS="1206" WIDTH="23" HEIGHT="29" CONTENT="le" WC="0.81" CC="30"/>
						<SP ID="P150_SP00198" HPOS="969" VPOS="1247" WIDTH="17"/>
						<String ID="P150_ST00220" HPOS="986" VPOS="1207" WIDTH="161" HEIGHT="41" CONTENT="presentaba" WC="0.75" CC="0006060272"/>
					</TextLine>
					<TextLine ID="P150_TL00021" HPOS="120" VPOS="1260" WIDTH="1028" HEIGHT="45">
						<String ID="P150_ST00221" HPOS="120" VPOS="1267" WIDTH="55" HEIGHT="26" CONTENT="esle" WC="0.86" CC="0500"/>
						<SP ID="P150_SP00199" HPOS="175" VPOS="1293" WIDTH="13"/>
						<String ID="P150_ST00222" HPOS="188" VPOS="1272" WIDTH="61" HEIGHT="19" CONTENT="caso" WC="0.67" CC="0606"/>
						<SP ID="P150_SP00200" HPOS="249" VPOS="1293" WIDTH="14"/>
						<String ID="P150_ST00223" HPOS="263" VPOS="1286" WIDTH="5" HEIGHT="10" CONTENT="," WC="1.00" CC="0"/>
						<SP ID="P150_SP00201" HPOS="268" VPOS="1296" WIDTH="16"/>
						<String ID="P150_ST00224" HPOS="284" VPOS="1272" WIDTH="17" HEIGHT="30" CONTENT="y" WC="1.00" CC="0"/>
						<SP ID="P150_SP00202" HPOS="301" VPOS="1302" WIDTH="13"/>
						<String ID="P150_ST00225" HPOS="314" VPOS="1262" WIDTH="37" HEIGHT="28" CONTENT="así" WC="0.45" CC="690"/>
						<String ID="P150_ST00226" HPOS="366" VPOS="1286" WIDTH="6" HEIGHT="11" CONTENT="," WC="0.78" CC="2"/>
						<SP ID="P150_SP00203" HPOS="372" VPOS="1302" WIDTH="18"/>
						<String ID="P150_ST00227" HPOS="390" VPOS="1261" WIDTH="95" HEIGHT="40" CONTENT="repilió" WC="0.68" CC="0090704"/>
						<SP ID="P150_SP00204" HPOS="485" VPOS="1302" WIDTH="15"/>
						<String ID="P150_ST00228" HPOS="500" VPOS="1285" WIDTH="5" HEIGHT="10" CONTENT="," WC="1.00" CC="0"/>
						<SP ID="P150_SP00205" HPOS="505" VPOS="1302" WIDTH="17"/>
						<String ID="P150_ST00229" HPOS="522" VPOS="1271" WIDTH="52" HEIGHT="30" CONTENT="que" WC="0.85" CC="040"/>
						<SP ID="P150_SP00206" HPOS="574" VPOS="1302" WIDTH="16"/>
						<String ID="P150_ST00230" HPOS="590" VPOS="1260" WIDTH="99" HEIGHT="30" CONTENT="hiciera" WC="0.76" CC="1206600"/>
						<SP ID="P150_SP00207" HPOS="689" VPOS="1302" WIDTH="20"/>
						<String ID="P150_ST00231" HPOS="709" VPOS="1261" WIDTH="23" HEIGHT="29" CONTENT="la" WC="0.92" CC="10"/>
						<SP ID="P150_SP00208" HPOS="732" VPOS="1302" WIDTH="22"/>
						<String ID="P150_ST00232" HPOS="754" VPOS="1261" WIDTH="89" HEIGHT="40" CONTENT="gracia" WC="0.78" CC="901001"/>
						<SP ID="P150_SP00209" HPOS="843" VPOS="1302" WIDTH="23"/>
						<String ID="P150_ST00233" HPOS="866" VPOS="1261" WIDTH="33" HEIGHT="31" CONTENT="de" WC="0.65" CC="06"/>
						<SP ID="P150_SP00210" HPOS="899" VPOS="1302" WIDTH="16"/>
						<String ID="P150_ST00234" HPOS="915" VPOS="1263" WIDTH="147" HEIGHT="40" CONTENT="prestarlas" WC="0.68" CC="0016860414"/>
						<SP ID="P150_SP00211" HPOS="1062" VPOS="1303" WIDTH="14"/>
						<String ID="P150_ST00235" HPOS="1076" VPOS="1289" WIDTH="5" HEIGHT="10" CONTENT="," WC="1.00" CC="0"/>
						<SP ID="P150_SP00212" HPOS="1081" VPOS="1303" WIDTH="20"/>
						<String ID="P150_ST00236" HPOS="1101" VPOS="1275" WIDTH="47" HEIGHT="30" CONTENT="por" WC="0.50" CC="095"/>
					</TextLine>
					<TextLine ID="P150_TL00022" HPOS="123" VPOS="1317" WIDTH="1024" HEIGHT="43">
						<String ID="P150_ST00237" HPOS="123" VPOS="1325" WIDTH="95" HEIGHT="25" CONTENT="cuanto" WC="0.57" CC="075606"/>
						<SP ID="P150_SP00213" HPOS="218" VPOS="1350" WIDTH="13"/>
						<String ID="P150_ST00238" HPOS="231" VPOS="1328" WIDTH="43" HEIGHT="21" CONTENT="era" WC="0.53" CC="634"/>
						<SP ID="P150_SP00214" HPOS="274" VPOS="1350" WIDTH="18"/>
						<String ID="P150_ST00239" HPOS="292" VPOS="1328" WIDTH="31" HEIGHT="31" CONTENT="ya" WC="1.00" CC="00"/>
						<SP ID="P150_SP00215" HPOS="323" VPOS="1359" WIDTH="17"/>
						<String ID="P150_ST00240" HPOS="340" VPOS="1329" WIDTH="62" HEIGHT="31" CONTENT="muy" WC="0.72" CC="610"/>
						<SP ID="P150_SP00216" HPOS="402" VPOS="1360" WIDTH="17"/>
						<String ID="P150_ST00241" HPOS="419" VPOS="1317" WIDTH="72" HEIGHT="32" CONTENT="tarde" WC="0.69" CC="80007"/>
						<SP ID="P150_SP00217" HPOS="491" VPOS="1360" WIDTH="14"/>
						<String ID="P150_ST00242" HPOS="505" VPOS="1328" WIDTH="62" HEIGHT="31" CONTENT="para" WC="0.76" CC="0206"/>
						<SP ID="P150_SP00218" HPOS="567" VPOS="1360" WIDTH="17"/>
						<String ID="P150_ST00243" HPOS="584" VPOS="1318" WIDTH="24" HEIGHT="29" CONTENT="ir" WC="0.68" CC="06"/>
						<String ID="P150_ST00244" HPOS="621" VPOS="1343" WIDTH="6" HEIGHT="10" CONTENT="," WC="1.00" CC="0"/>
						<SP ID="P150_SP00219" HPOS="627" VPOS="1360" WIDTH="20"/>
						<String ID="P150_ST00245" HPOS="647" VPOS="1323" WIDTH="41" HEIGHT="25" CONTENT="lan" WC="0.55" CC="705"/>
						<SP ID="P150_SP00220" HPOS="688" VPOS="1360" WIDTH="17"/>
						<String ID="P150_ST00246" HPOS="705" VPOS="1318" WIDTH="115" HEIGHT="31" CONTENT="distante" WC="0.69" CC="05406305"/>
						<SP ID="P150_SP00221" HPOS="820" VPOS="1360" WIDTH="17"/>
						<String ID="P150_ST00247" HPOS="837" VPOS="1329" WIDTH="75" HEIGHT="21" CONTENT="como" WC="0.60" CC="0563"/>
						<SP ID="P150_SP00222" HPOS="912" VPOS="1360" WIDTH="17"/>
						<String ID="P150_ST00248" HPOS="929" VPOS="1321" WIDTH="92" HEIGHT="30" CONTENT="estaba" WC="0.75" CC="000572"/>
						<SP ID="P150_SP00223" HPOS="1021" VPOS="1360" WIDTH="18"/>
						<String ID="P150_ST00249" HPOS="1039" VPOS="1322" WIDTH="23" HEIGHT="30" CONTENT="el" WC="0.50" CC="54"/>
						<SP ID="P150_SP00224" HPOS="1062" VPOS="1360" WIDTH="15"/>
						<String ID="P150_ST00250" HPOS="1077" VPOS="1322" WIDTH="70" HEIGHT="31" CONTENT="hos" SUBS_TYPE="HypPart1" SUBS_CONTENT="hospilal," WC="0.48" CC="6642"/>
						<HYP CONTENT="-"/>
					</TextLine>
					<TextLine ID="P150_TL00023" HPOS="126" VPOS="1374" WIDTH="1022" HEIGHT="47">
						<String ID="P150_ST00251" HPOS="126" VPOS="1376" WIDTH="84" HEIGHT="41" CONTENT="pilal," SUBS_TYPE="HypPart2" SUBS_CONTENT="hospilal," WC="0.70" CC="060700"/>
						<SP ID="P150_SP00225" HPOS="210" VPOS="1417" WIDTH="16"/>
						<String ID="P150_ST00252" HPOS="226" VPOS="1377" WIDTH="14" HEIGHT="28" CONTENT="á" WC="1.00" CC="0"/>
						<SP ID="P150_SP00226" HPOS="240" VPOS="1417" WIDTH="15"/>
						<String ID="P150_ST00253" HPOS="255" VPOS="1382" WIDTH="67" HEIGHT="23" CONTENT="Iraer" WC="0.68" CC="30605"/>
						<SP ID="P150_SP00227" HPOS="322" VPOS="1417" WIDTH="16"/>
						<String ID="P150_ST00254" HPOS="338" VPOS="1381" WIDTH="69" HEIGHT="24" CONTENT="otras" WC="0.83" CC="00304"/>
						<String ID="P150_ST00255" HPOS="421" VPOS="1388" WIDTH="6" HEIGHT="22" CONTENT=";" WC="1.00" CC="0"/>
						<SP ID="P150_SP00228" HPOS="427" VPOS="1417" WIDTH="20"/>
						<String ID="P150_ST00256" HPOS="447" VPOS="1374" WIDTH="224" HEIGHT="42" CONTENT="prometiéndome" WC="0.76" CC="0450500000653"/>
						<SP ID="P150_SP00229" HPOS="671" VPOS="1417" WIDTH="16"/>
						<String ID="P150_ST00257" HPOS="687" VPOS="1399" WIDTH="6" HEIGHT="12" CONTENT="," WC="1.00" CC="0"/>
						<SP ID="P150_SP00230" HPOS="693" VPOS="1417" WIDTH="17"/>
						<String ID="P150_ST00258" HPOS="710" VPOS="1385" WIDTH="31" HEIGHT="31" CONTENT="ya" WC="1.00" CC="00"/>
						<SP ID="P150_SP00231" HPOS="741" VPOS="1417" WIDTH="14"/>
						<String ID="P150_ST00259" HPOS="755" VPOS="1386" WIDTH="53" HEIGHT="30" CONTENT="que" WC="0.83" CC="005"/>
						<SP ID="P150_SP00232" HPOS="808" VPOS="1417" WIDTH="13"/>
						<String ID="P150_ST00260" HPOS="821" VPOS="1377" WIDTH="59" HEIGHT="29" CONTENT="veia" WC="0.73" CC="7030"/>
						<SP ID="P150_SP00233" HPOS="880" VPOS="1417" WIDTH="16"/>
						<String ID="P150_ST00261" HPOS="896" VPOS="1377" WIDTH="35" HEIGHT="30" CONTENT="mi" WC="0.76" CC="40"/>
						<SP ID="P150_SP00234" HPOS="931" VPOS="1417" WIDTH="19"/>
						<String ID="P150_ST00262" HPOS="950" VPOS="1383" WIDTH="86" HEIGHT="26" CONTENT="temor" WC="0.53" CC="12792"/>
						<SP ID="P150_SP00235" HPOS="1036" VPOS="1417" WIDTH="14"/>
						<String ID="P150_ST00263" HPOS="1050" VPOS="1379" WIDTH="33" HEIGHT="30" CONTENT="de" WC="0.71" CC="05"/>
						<SP ID="P150_SP00236" HPOS="1083" VPOS="1417" WIDTH="13"/>
						<String ID="P150_ST00264" HPOS="1096" VPOS="1390" WIDTH="52" HEIGHT="31" CONTENT="que" WC="0.84" CC="040"/>
					</TextLine>
					<TextLine ID="P150_TL00024" HPOS="119" VPOS="1431" WIDTH="1026" HEIGHT="46">
						<String ID="P150_ST00265" HPOS="119" VPOS="1444" WIDTH="29" HEIGHT="19" CONTENT="se" WC="1.00" CC="00"/>
						<SP ID="P150_SP00237" HPOS="148" VPOS="1463" WIDTH="13"/>
						<String ID="P150_ST00266" HPOS="161" VPOS="1432" WIDTH="162" HEIGHT="30" CONTENT="eslraviaran" WC="0.63" CC="36601015922"/>
						<SP ID="P150_SP00238" HPOS="323" VPOS="1463" WIDTH="17"/>
						<String ID="P150_ST00267" HPOS="340" VPOS="1433" WIDTH="14" HEIGHT="28" CONTENT="ó" WC="0.38" CC="6"/>
						<SP ID="P150_SP00239" HPOS="354" VPOS="1463" WIDTH="13"/>
						<String ID="P150_ST00268" HPOS="367" VPOS="1431" WIDTH="32" HEIGHT="30" CONTENT="de" WC="0.70" CC="05"/>
						<SP ID="P150_SP00240" HPOS="399" VPOS="1463" WIDTH="13"/>
						<String ID="P150_ST00269" HPOS="412" VPOS="1443" WIDTH="52" HEIGHT="29" CONTENT="que" WC="0.68" CC="081"/>
						<SP ID="P150_SP00241" HPOS="464" VPOS="1472" WIDTH="14"/>
						<String ID="P150_ST00270" HPOS="478" VPOS="1442" WIDTH="32" HEIGHT="19" CONTENT="no" WC="0.50" CC="54"/>
						<SP ID="P150_SP00242" HPOS="510" VPOS="1472" WIDTH="17"/>
						<String ID="P150_ST00271" HPOS="527" VPOS="1443" WIDTH="28" HEIGHT="18" CONTENT="se" WC="0.45" CC="46"/>
						<SP ID="P150_SP00243" HPOS="555" VPOS="1472" WIDTH="15"/>
						<String ID="P150_ST00272" HPOS="570" VPOS="1432" WIDTH="145" HEIGHT="29" CONTENT="acordasen" WC="0.83" CC="000001246"/>
						<SP ID="P150_SP00244" HPOS="715" VPOS="1472" WIDTH="17"/>
						<String ID="P150_ST00273" HPOS="732" VPOS="1432" WIDTH="33" HEIGHT="29" CONTENT="de" WC="0.50" CC="09"/>
						<SP ID="P150_SP00245" HPOS="765" VPOS="1472" WIDTH="13"/>
						<String ID="P150_ST00274" HPOS="778" VPOS="1432" WIDTH="171" HEIGHT="33" CONTENT="devolverlas" WC="0.84" CC="06005000050"/>
						<SP ID="P150_SP00246" HPOS="949" VPOS="1472" WIDTH="16"/>
						<String ID="P150_ST00275" HPOS="965" VPOS="1460" WIDTH="6" HEIGHT="11" CONTENT="," WC="0.58" CC="4"/>
						<SP ID="P150_SP00247" HPOS="971" VPOS="1472" WIDTH="20"/>
						<String ID="P150_ST00276" HPOS="991" VPOS="1446" WIDTH="52" HEIGHT="31" CONTENT="que" WC="0.74" CC="070"/>
						<SP ID="P150_SP00248" HPOS="1043" VPOS="1477" WIDTH="15"/>
						<String ID="P150_ST00277" HPOS="1058" VPOS="1461" WIDTH="6" HEIGHT="11" CONTENT="," WC="0.89" CC="1"/>
						<SP ID="P150_SP00249" HPOS="1064" VPOS="1477" WIDTH="19"/>
						<String ID="P150_ST00278" HPOS="1083" VPOS="1436" WIDTH="62" HEIGHT="41" CONTENT="bajo" WC="0.74" CC="0504"/>
					</TextLine>
					<TextLine ID="P150_TL00025" HPOS="119" VPOS="1488" WIDTH="963" HEIGHT="41">
						<String ID="P150_ST00279" HPOS="119" VPOS="1488" WIDTH="108" HEIGHT="41" CONTENT="palabra" WC="0.69" CC="0006734"/>
						<SP ID="P150_SP00250" HPOS="227" VPOS="1529" WIDTH="17"/>
						<String ID="P150_ST00280" HPOS="244" VPOS="1489" WIDTH="32" HEIGHT="30" CONTENT="de" WC="1.00" CC="00"/>
						<SP ID="P150_SP00251" HPOS="276" VPOS="1529" WIDTH="16"/>
						<String ID="P150_ST00281" HPOS="292" VPOS="1488" WIDTH="134" HEIGHT="31" CONTENT="caballero" WC="0.53" CC="447067640"/>
						<SP ID="P150_SP00252" HPOS="426" VPOS="1529" WIDTH="14"/>
						<String ID="P150_ST00282" HPOS="440" VPOS="1514" WIDTH="6" HEIGHT="11" CONTENT="," WC="1.00" CC="0"/>
						<SP ID="P150_SP00253" HPOS="446" VPOS="1529" WIDTH="20"/>
						<String ID="P150_ST00283" HPOS="466" VPOS="1499" WIDTH="40" HEIGHT="20" CONTENT="me" WC="0.70" CC="60"/>
						<SP ID="P150_SP00254" HPOS="506" VPOS="1529" WIDTH="17"/>
						<String ID="P150_ST00284" HPOS="523" VPOS="1489" WIDTH="38" HEIGHT="30" CONTENT="las" WC="0.36" CC="657"/>
						<SP ID="P150_SP00255" HPOS="561" VPOS="1529" WIDTH="13"/>
						<String ID="P150_ST00285" HPOS="574" VPOS="1489" WIDTH="75" HEIGHT="31" CONTENT="baria" WC="0.70" CC="70600"/>
						<SP ID="P150_SP00256" HPOS="649" VPOS="1529" WIDTH="16"/>
						<String ID="P150_ST00286" HPOS="665" VPOS="1489" WIDTH="127" HEIGHT="31" CONTENT="recobrar" WC="0.68" CC="50067600"/>
						<SP ID="P150_SP00257" HPOS="792" VPOS="1529" WIDTH="12"/>
						<String ID="P150_ST00287" HPOS="804" VPOS="1496" WIDTH="76" HEIGHT="25" CONTENT="antes" WC="0.53" CC="53472"/>
						<SP ID="P150_SP00258" HPOS="880" VPOS="1529" WIDTH="12"/>
						<String ID="P150_ST00288" HPOS="892" VPOS="1492" WIDTH="33" HEIGHT="29" CONTENT="de" WC="0.81" CC="03"/>
						<SP ID="P150_SP00259" HPOS="925" VPOS="1529" WIDTH="19"/>
						<String ID="P150_ST00289" HPOS="944" VPOS="1493" WIDTH="23" HEIGHT="29" CONTENT="la" WC="0.86" CC="20"/>
						<SP ID="P150_SP00260" HPOS="967" VPOS="1529" WIDTH="18"/>
						<String ID="P150_ST00290" HPOS="985" VPOS="1494" WIDTH="97" HEIGHT="30" CONTENT="noche." WC="0.71" CC="440700"/>
					</TextLine>
				</TextBlock>
				<TextBlock ID="P150_TB00005" HPOS="117" VPOS="1545" WIDTH="1032" HEIGHT="368" STYLEREFS="TXT_1 PAR_LEFT">
					<TextLine ID="P150_TL00026" HPOS="159" VPOS="1545" WIDTH="987" HEIGHT="42">
						<String ID="P150_ST00291" HPOS="159" VPOS="1545" WIDTH="163" HEIGHT="31" CONTENT="Haciéndole" WC="0.65" CC="6570930002"/>
						<SP ID="P150_SP00261" HPOS="322" VPOS="1576" WIDTH="21"/>
						<String ID="P150_ST00292" HPOS="343" VPOS="1546" WIDTH="99" HEIGHT="40" CONTENT="repetir" WC="0.62" CC="3094009"/>
						<SP ID="P150_SP00262" HPOS="442" VPOS="1586" WIDTH="20"/>
						<String ID="P150_ST00293" HPOS="462" VPOS="1551" WIDTH="55" HEIGHT="24" CONTENT="esla" WC="0.65" CC="1560"/>
						<SP ID="P150_SP00263" HPOS="517" VPOS="1586" WIDTH="18"/>
						<String ID="P150_ST00294" HPOS="535" VPOS="1555" WIDTH="120" HEIGHT="31" CONTENT="promesa" WC="0.90" CC="0050100"/>
						<SP ID="P150_SP00264" HPOS="655" VPOS="1586" WIDTH="16"/>
						<String ID="P150_ST00295" HPOS="671" VPOS="1571" WIDTH="4" HEIGHT="9" CONTENT="," WC="1.00" CC="0"/>
						<SP ID="P150_SP00265" HPOS="675" VPOS="1586" WIDTH="30"/>
						<String ID="P150_ST00296" HPOS="705" VPOS="1548" WIDTH="120" HEIGHT="28" CONTENT="consenlí" WC="0.58" CC="05256660"/>
						<SP ID="P150_SP00266" HPOS="825" VPOS="1586" WIDTH="17"/>
						<String ID="P150_ST00297" HPOS="842" VPOS="1558" WIDTH="52" HEIGHT="29" CONTENT="que" WC="0.85" CC="040"/>
						<SP ID="P150_SP00267" HPOS="894" VPOS="1587" WIDTH="16"/>
						<String ID="P150_ST00298" HPOS="910" VPOS="1559" WIDTH="29" HEIGHT="19" CONTENT="se" WC="0.53" CC="27"/>
						<SP ID="P150_SP00268" HPOS="939" VPOS="1587" WIDTH="17"/>
						<String ID="P150_ST00299" HPOS="956" VPOS="1548" WIDTH="40" HEIGHT="31" CONTENT="las" WC="0.80" CC="203"/>
						<SP ID="P150_SP00269" HPOS="996" VPOS="1587" WIDTH="17"/>
						<String ID="P150_ST00300" HPOS="1013" VPOS="1550" WIDTH="133" HEIGHT="37" CONTENT="llevaran," WC="0.67" CC="841061320"/>
					</TextLine>
					<TextLine ID="P150_TL00027" HPOS="119" VPOS="1602" WIDTH="1027" HEIGHT="45">
						<String ID="P150_ST00301" HPOS="119" VPOS="1612" WIDTH="33" HEIGHT="20" CONTENT="no" WC="0.34" CC="76"/>
						<SP ID="P150_SP00270" HPOS="152" VPOS="1632" WIDTH="15"/>
						<String ID="P150_ST00302" HPOS="167" VPOS="1608" WIDTH="68" HEIGHT="23" CONTENT="lanto" WC="0.62" CC="05084"/>
						<SP ID="P150_SP00271" HPOS="235" VPOS="1632" WIDTH="16"/>
						<String ID="P150_ST00303" HPOS="251" VPOS="1613" WIDTH="48" HEIGHT="29" CONTENT="por" WC="0.79" CC="006"/>
						<SP ID="P150_SP00272" HPOS="299" VPOS="1642" WIDTH="13"/>
						<String ID="P150_ST00304" HPOS="312" VPOS="1602" WIDTH="176" HEIGHT="40" CONTENT="complacerle" WC="0.83" CC="10701006000"/>
						<SP ID="P150_SP00273" HPOS="488" VPOS="1642" WIDTH="14"/>
						<String ID="P150_ST00305" HPOS="502" VPOS="1604" WIDTH="14" HEIGHT="27" CONTENT="ó" WC="0.53" CC="4"/>
						<SP ID="P150_SP00274" HPOS="516" VPOS="1642" WIDTH="14"/>
						<String ID="P150_ST00306" HPOS="530" VPOS="1612" WIDTH="195" HEIGHT="20" CONTENT="convencerme" WC="0.70" CC="07006500650"/>
						<SP ID="P150_SP00275" HPOS="725" VPOS="1642" WIDTH="13"/>
						<String ID="P150_ST00307" HPOS="738" VPOS="1614" WIDTH="46" HEIGHT="18" CONTENT="sus" WC="0.70" CC="350"/>
						<SP ID="P150_SP00276" HPOS="784" VPOS="1642" WIDTH="14"/>
						<String ID="P150_ST00308" HPOS="798" VPOS="1604" WIDTH="149" HEIGHT="31" CONTENT="atendibles" WC="0.59" CC="0065820690"/>
						<SP ID="P150_SP00277" HPOS="947" VPOS="1642" WIDTH="13"/>
						<String ID="P150_ST00309" HPOS="960" VPOS="1613" WIDTH="186" HEIGHT="34" CONTENT="argumentos," WC="0.71" CC="06083005420"/>
					</TextLine>
					<TextLine ID="P150_TL00028" HPOS="119" VPOS="1659" WIDTH="1030" HEIGHT="43">
						<String ID="P150_ST00310" HPOS="119" VPOS="1669" WIDTH="74" HEIGHT="20" CONTENT="como" WC="0.73" CC="0251"/>
						<SP ID="P150_SP00278" HPOS="193" VPOS="1689" WIDTH="14"/>
						<String ID="P150_ST00311" HPOS="207" VPOS="1670" WIDTH="47" HEIGHT="29" CONTENT="por" WC="0.65" CC="045"/>
						<SP ID="P150_SP00279" HPOS="254" VPOS="1699" WIDTH="15"/>
						<String ID="P150_ST00312" HPOS="269" VPOS="1659" WIDTH="153" HEIGHT="40" CONTENT="compasión" WC="0.66" CC="056063007"/>
						<SP ID="P150_SP00280" HPOS="422" VPOS="1699" WIDTH="16"/>
						<String ID="P150_ST00313" HPOS="438" VPOS="1659" WIDTH="33" HEIGHT="30" CONTENT="de" WC="1.00" CC="00"/>
						<SP ID="P150_SP00281" HPOS="471" VPOS="1699" WIDTH="13"/>
						<String ID="P150_ST00314" HPOS="484" VPOS="1659" WIDTH="121" HEIGHT="41" CONTENT="aquellos" WC="0.65" CC="20605606"/>
						<SP ID="P150_SP00282" HPOS="605" VPOS="1700" WIDTH="16"/>
						<String ID="P150_ST00315" HPOS="621" VPOS="1659" WIDTH="208" HEIGHT="40" CONTENT="desgraciados," WC="0.71" CC="0769060000500"/>
						<SP ID="P150_SP00283" HPOS="829" VPOS="1700" WIDTH="16"/>
						<String ID="P150_ST00316" HPOS="845" VPOS="1660" WIDTH="114" HEIGHT="42" CONTENT="algunos" WC="0.73" CC="0405033"/>
						<SP ID="P150_SP00284" HPOS="959" VPOS="1702" WIDTH="14"/>
						<String ID="P150_ST00317" HPOS="973" VPOS="1663" WIDTH="33" HEIGHT="31" CONTENT="de" WC="1.00" CC="00"/>
						<SP ID="P150_SP00285" HPOS="1006" VPOS="1702" WIDTH="19"/>
						<String ID="P150_ST00318" HPOS="1025" VPOS="1664" WIDTH="39" HEIGHT="30" CONTENT="los" WC="0.61" CC="136"/>
						<SP ID="P150_SP00286" HPOS="1064" VPOS="1702" WIDTH="17"/>
						<String ID="P150_ST00319" HPOS="1081" VPOS="1675" WIDTH="68" HEIGHT="20" CONTENT="cua" SUBS_TYPE="HypPart1" SUBS_CONTENT="cuales" WC="0.80" CC="0403"/>
						<HYP CONTENT="-"/>
					</TextLine>
					<TextLine ID="P150_TL00029" HPOS="119" VPOS="1714" WIDTH="1030" HEIGHT="47">
						<String ID="P150_ST00320" HPOS="119" VPOS="1714" WIDTH="38" HEIGHT="30" CONTENT="les" SUBS_TYPE="HypPart2" SUBS_CONTENT="cuales" WC="0.81" CC="005"/>
						<SP ID="P150_SP00287" HPOS="157" VPOS="1744" WIDTH="12"/>
						<String ID="P150_ST00321" HPOS="169" VPOS="1740" WIDTH="7" HEIGHT="10" CONTENT="," WC="0.68" CC="3"/>
						<SP ID="P150_SP00288" HPOS="176" VPOS="1750" WIDTH="21"/>
						<String ID="P150_ST00322" HPOS="197" VPOS="1725" WIDTH="48" HEIGHT="20" CONTENT="con" WC="0.61" CC="064"/>
						<SP ID="P150_SP00289" HPOS="245" VPOS="1750" WIDTH="15"/>
						<String ID="P150_ST00323" HPOS="260" VPOS="1715" WIDTH="39" HEIGHT="30" CONTENT="los" WC="0.57" CC="255"/>
						<SP ID="P150_SP00290" HPOS="299" VPOS="1750" WIDTH="16"/>
						<String ID="P150_ST00324" HPOS="315" VPOS="1715" WIDTH="56" HEIGHT="40" CONTENT="ojos" WC="0.59" CC="0069"/>
						<SP ID="P150_SP00291" HPOS="371" VPOS="1755" WIDTH="16"/>
						<String ID="P150_ST00325" HPOS="387" VPOS="1715" WIDTH="118" HEIGHT="30" CONTENT="bañados" WC="0.68" CC="0066045"/>
						<SP ID="P150_SP00292" HPOS="505" VPOS="1755" WIDTH="23"/>
						<String ID="P150_ST00326" HPOS="528" VPOS="1726" WIDTH="32" HEIGHT="19" CONTENT="en" WC="0.81" CC="03"/>
						<SP ID="P150_SP00293" HPOS="560" VPOS="1755" WIDTH="14"/>
						<String ID="P150_ST00327" HPOS="574" VPOS="1715" WIDTH="130" HEIGHT="41" CONTENT="lágrimas" WC="0.70" CC="07900051"/>
						<SP ID="P150_SP00294" HPOS="704" VPOS="1756" WIDTH="14"/>
						<String ID="P150_ST00328" HPOS="718" VPOS="1741" WIDTH="6" HEIGHT="11" CONTENT="," WC="1.00" CC="0"/>
						<SP ID="P150_SP00295" HPOS="724" VPOS="1756" WIDTH="30"/>
						<String ID="P150_ST00329" HPOS="754" VPOS="1727" WIDTH="42" HEIGHT="20" CONTENT="me" WC="0.53" CC="62"/>
						<SP ID="P150_SP00296" HPOS="796" VPOS="1756" WIDTH="17"/>
						<String ID="P150_ST00330" HPOS="813" VPOS="1716" WIDTH="24" HEIGHT="31" CONTENT="lo" WC="0.36" CC="75"/>
						<SP ID="P150_SP00297" HPOS="837" VPOS="1756" WIDTH="17"/>
						<String ID="P150_ST00331" HPOS="854" VPOS="1719" WIDTH="110" HEIGHT="30" CONTENT="estaban" WC="0.62" CC="0644604"/>
						<SP ID="P150_SP00298" HPOS="964" VPOS="1756" WIDTH="16"/>
						<String ID="P150_ST00332" HPOS="980" VPOS="1720" WIDTH="169" HEIGHT="41" CONTENT="implorando" WC="0.92" CC="2000000005"/>
					</TextLine>
					<TextLine ID="P150_TL00030" HPOS="118" VPOS="1770" WIDTH="1031" HEIGHT="46">
						<String ID="P150_ST00333" HPOS="118" VPOS="1780" WIDTH="48" HEIGHT="32" CONTENT="por" WC="0.88" CC="030"/>
						<SP ID="P150_SP00299" HPOS="166" VPOS="1812" WIDTH="16"/>
						<String ID="P150_ST00334" HPOS="182" VPOS="1770" WIDTH="196" HEIGHT="39" CONTENT="misericordia," WC="0.45" CC="7457787550560"/>
						<SP ID="P150_SP00300" HPOS="378" VPOS="1812" WIDTH="28"/>
						<String ID="P150_ST00335" HPOS="406" VPOS="1782" WIDTH="48" HEIGHT="20" CONTENT="con" WC="0.59" CC="056"/>
						<SP ID="P150_SP00301" HPOS="454" VPOS="1812" WIDTH="14"/>
						<String ID="P150_ST00336" HPOS="468" VPOS="1772" WIDTH="24" HEIGHT="30" CONTENT="el" WC="1.00" CC="00"/>
						<SP ID="P150_SP00302" HPOS="492" VPOS="1812" WIDTH="19"/>
						<String ID="P150_ST00337" HPOS="511" VPOS="1777" WIDTH="82" HEIGHT="25" CONTENT="temor" WC="0.72" CC="30640"/>
						<SP ID="P150_SP00303" HPOS="593" VPOS="1812" WIDTH="16"/>
						<String ID="P150_ST00338" HPOS="609" VPOS="1783" WIDTH="51" HEIGHT="30" CONTENT="que" WC="0.72" CC="080"/>
						<SP ID="P150_SP00304" HPOS="660" VPOS="1813" WIDTH="17"/>
						<String ID="P150_ST00339" HPOS="677" VPOS="1772" WIDTH="164" HEIGHT="41" CONTENT="abrigaban," WC="0.57" CC="2653076053"/>
						<SP ID="P150_SP00305" HPOS="841" VPOS="1813" WIDTH="26"/>
						<String ID="P150_ST00340" HPOS="867" VPOS="1774" WIDTH="34" HEIGHT="31" CONTENT="de" WC="0.35" CC="93"/>
						<SP ID="P150_SP00306" HPOS="901" VPOS="1813" WIDTH="16"/>
						<String ID="P150_ST00341" HPOS="917" VPOS="1786" WIDTH="53" HEIGHT="30" CONTENT="que" WC="0.79" CC="041"/>
						<SP ID="P150_SP00307" HPOS="970" VPOS="1816" WIDTH="15"/>
						<String ID="P150_ST00342" HPOS="985" VPOS="1802" WIDTH="6" HEIGHT="10" CONTENT="," WC="0.85" CC="1"/>
						<SP ID="P150_SP00308" HPOS="991" VPOS="1816" WIDTH="16"/>
						<String ID="P150_ST00343" HPOS="1007" VPOS="1777" WIDTH="23" HEIGHT="30" CONTENT="si" WC="0.58" CC="43"/>
						<SP ID="P150_SP00309" HPOS="1030" VPOS="1816" WIDTH="16"/>
						<String ID="P150_ST00344" HPOS="1046" VPOS="1788" WIDTH="34" HEIGHT="20" CONTENT="no" WC="0.45" CC="55"/>
						<SP ID="P150_SP00310" HPOS="1080" VPOS="1816" WIDTH="16"/>
						<String ID="P150_ST00345" HPOS="1096" VPOS="1787" WIDTH="53" HEIGHT="21" CONTENT="ce" SUBS_TYPE="HypPart1" SUBS_CONTENT="cedia" WC="0.89" CC="003"/>
						<HYP CONTENT="-"/>
					</TextLine>
					<TextLine ID="P150_TL00031" HPOS="119" VPOS="1826" WIDTH="1030" HEIGHT="45">
						<String ID="P150_ST00346" HPOS="119" VPOS="1826" WIDTH="43" HEIGHT="31" CONTENT="dia" SUBS_TYPE="HypPart2" SUBS_CONTENT="cedia" WC="0.53" CC="453"/>
						<SP ID="P150_SP00311" HPOS="162" VPOS="1857" WIDTH="10"/>
						<String ID="P150_ST00347" HPOS="172" VPOS="1851" WIDTH="6" HEIGHT="12" CONTENT="," WC="0.59" CC="4"/>
						<SP ID="P150_SP00312" HPOS="178" VPOS="1863" WIDTH="24"/>
						<String ID="P150_ST00348" HPOS="202" VPOS="1838" WIDTH="29" HEIGHT="20" CONTENT="se" WC="0.73" CC="31"/>
						<SP ID="P150_SP00313" HPOS="231" VPOS="1863" WIDTH="22"/>
						<String ID="P150_ST00349" HPOS="253" VPOS="1828" WIDTH="41" HEIGHT="30" CONTENT="los" WC="0.88" CC="003"/>
						<SP ID="P150_SP00314" HPOS="294" VPOS="1863" WIDTH="21"/>
						<String ID="P150_ST00350" HPOS="315" VPOS="1828" WIDTH="129" HEIGHT="31" CONTENT="llevarían" WC="0.89" CC="000000423"/>
						<SP ID="P150_SP00315" HPOS="444" VPOS="1863" WIDTH="16"/>
						<String ID="P150_ST00351" HPOS="460" VPOS="1828" WIDTH="183" HEIGHT="31" CONTENT="descubiertos" WC="0.83" CC="000080000065"/>
						<String ID="P150_ST00352" HPOS="658" VPOS="1853" WIDTH="6" HEIGHT="12" CONTENT="," WC="0.88" CC="1"/>
						<SP ID="P150_SP00316" HPOS="664" VPOS="1865" WIDTH="27"/>
						<String ID="P150_ST00353" HPOS="691" VPOS="1830" WIDTH="14" HEIGHT="29" CONTENT="á" WC="1.00" CC="0"/>
						<SP ID="P150_SP00317" HPOS="705" VPOS="1865" WIDTH="24"/>
						<String ID="P150_ST00354" HPOS="729" VPOS="1830" WIDTH="89" HEIGHT="41" CONTENT="riesgo" WC="0.92" CC="000004"/>
						<SP ID="P150_SP00318" HPOS="818" VPOS="1871" WIDTH="21"/>
						<String ID="P150_ST00355" HPOS="839" VPOS="1830" WIDTH="34" HEIGHT="32" CONTENT="de" WC="0.50" CC="90"/>
						<SP ID="P150_SP00319" HPOS="873" VPOS="1871" WIDTH="16"/>
						<String ID="P150_ST00356" HPOS="889" VPOS="1833" WIDTH="81" HEIGHT="30" CONTENT="morir" WC="0.58" CC="74404"/>
						<SP ID="P150_SP00320" HPOS="970" VPOS="1871" WIDTH="16"/>
						<String ID="P150_ST00357" HPOS="986" VPOS="1833" WIDTH="33" HEIGHT="31" CONTENT="de" WC="0.95" CC="01"/>
						<SP ID="P150_SP00321" HPOS="1019" VPOS="1871" WIDTH="15"/>
						<String ID="P150_ST00358" HPOS="1034" VPOS="1846" WIDTH="47" HEIGHT="19" CONTENT="sus" WC="0.99" CC="000"/>
						<SP ID="P150_SP00322" HPOS="1081" VPOS="1871" WIDTH="16"/>
						<String ID="P150_ST00359" HPOS="1097" VPOS="1845" WIDTH="52" HEIGHT="20" CONTENT="re" SUBS_TYPE="HypPart1" SUBS_CONTENT="resultas." WC="0.86" CC="004"/>
						<HYP CONTENT="-"/>
					</TextLine>
					<TextLine ID="P150_TL00032" HPOS="119" VPOS="1884" WIDTH="92" HEIGHT="29">
						<String ID="P150_ST00360" HPOS="119" VPOS="1884" WIDTH="92" HEIGHT="29" CONTENT="sultas." SUBS_TYPE="HypPart2" SUBS_CONTENT="resultas." WC="0.78" CC="0436000"/>
					</TextLine>
				</TextBlock>
			</PrintSpace>
		</Page>
	</Layout>
</alto>
