1241 2180
574 123 161 27 90

186 190 70 41 Aquí
271 214 5 10 ,
295 186 166 33 observaban
475 212 6 11 ,
499 185 196 42 anteponiendo
706 181 256 43 susceptibilidades
977 206 6 10 ,
1002 180 40 31 las
1054 180 120 31 estrictas

145 247 74 41 leyes
236 246 138 31 sanitarias
389 270 6 11 ,
414 250 41 25 tan
473 244 109 30 inútiles
603 253 75 20 como
700 241 141 31 enfadosas
859 250 32 19 en
908 237 121 42 aquellas
1046 238 128 30 circuns-

145 304 111 31 tancias.
272 302 124 31 Mientras
410 312 51 30 que
477 311 33 20 en
527 298 218 42 Constantinopla
761 297 57 31 solo
840 296 43 30 iba
899 296 14 30 á
930 296 24 29 la
971 294 107 41 llegada
1090 293 33 31 de
1140 305 34 19 un

145 360 90 41 buque
250 384 6 11 ,
274 370 35 20 un
325 358 108 31 celador
449 358 33 30 de
498 362 94 36 puerto
607 381 5 11 ,
632 365 63 32 para
710 360 83 24 lomar
805 359 61 25 ñola
885 358 41 25 tan
941 352 57 31 solo
1015 351 34 31 de
1066 362 31 20 su
1114 362 60 31 pro-

145 416 127 30 cedencia
287 426 17 30 y
319 425 80 31 cargo
413 440 6 11 ,
438 415 61 40 aquí
513 413 93 31 siendo
622 417 82 36 punto
720 412 33 29 de
771 416 43 25 tan
830 409 110 31 inferior
960 408 177 41 importancia
1158 409 15 30 á

145 473 78 40 aquel
239 497 5 12 ,
263 483 28 19 se
308 473 76 29 venia
399 472 22 29 la
439 473 77 39 junta
532 481 33 19 en
581 471 80 40 pleno
678 469 33 30 de
729 467 115 32 Sanidad
858 492 6 10 ,
884 477 49 20 con
957 466 97 30 mucha
1070 476 102 30 proso-

146 539 103 31 popeya
265 553 6 11 ,
289 529 14 29 á
320 538 114 20 evacuar
458 528 39 29 las
523 527 109 41 prolijas
646 524 190 32 formalidades
853 523 33 30 de
902 533 31 20 su
946 522 150 30 ministerio
1111 548 5 10 ,
1142 533 4 29 ¡
1158 534 16 30 y

146 585 113 29 cuidado
271 596 47 18 con
336 595 32 19 no
385 583 173 31 obedecerles
575 585 5 28 !

186 640 188 41 Dispensamos
390 641 14 29 á
417 649 45 20 esa
478 638 82 42 pobre
574 643 78 35 gente
673 643 42 24 tan
729 635 173 31 insustancial
920 634 115 31 vanidad
1051 660 6 11 ,
1076 645 94 20 some-

146 696 138 31 tiéndonos
300 696 157 39 resignados
473 696 14 30 á
504 706 45 20 sus
567 695 141 40 exigentes
721 694 156 40 requisitos.

187 753 148 29 Admitidos
351 763 51 30 que
418 752 96 30 fuimos
528 776 6 11 ,
564 762 47 31 por
626 751 93 30 último
731 775 6 11 ,
755 752 15 28 á
793 749 68 30 libre
877 749 118 40 práctica
1012 772 6 12 ,
1045 747 97 31 fuimos
1159 749 13 28 á

146 807 25 30 la
187 807 168 30 intendencia
371 816 63 32 para
446 806 88 30 avisar
557 816 52 30 que
622 815 28 20 se
667 804 119 31 hicieran
803 814 80 30 cargo
897 803 33 29 de
953 803 40 29 los
1008 802 160 30 licenciados

146 874 52 29 que
212 865 134 28 traíamos.

188 920 123 28 Mientras
328 929 28 19 se
379 918 104 30 atendía
499 919 15 29 á
538 917 237 31 desembarcarnos
792 925 44 22 esa
858 921 79 36 genle
952 941 6 10 ,
981 915 98 31 fuimos
1096 917 14 30 á
1125 915 46 32 dar

146 986 34 20 un
195 976 99 30 vistazo
308 986 47 30 por
372 975 22 30 la
409 975 154 41 población.

186 1035 51 28 Nos
249 1033 136 30 habíamos
402 1032 98 42 parado
514 1043 32 19 en
563 1041 52 21 una
628 1031 113 42 esquina
756 1055 6 12 ,
781 1031 24 30 al
821 1031 98 40 tiempo
932 1041 53 31 que
1001 1030 84 31 oimos
1102 1031 14 30 á
1136 1041 34 20 un

145 1090 129 40 chiquillo
289 1114 6 11 ,
313 1089 181 41 dirigiéndose
508 1090 13 29 á
539 1099 34 20 un
598 1088 111 31 hombre
725 1098 51 31 que
792 1097 77 21 cerca
883 1087 34 30 de
940 1087 24 31 él
981 1087 101 41 pasaba
1097 1113 6 10 ,
1121 1087 50 30 ha-

146 1146 59 29 blar
216 1157 31 18 en
264 1146 97 40 lengua
373 1146 144 29 castellana
533 1145 112 40 algunas
659 1144 135 41 palabras.
815 1146 38 28 De
875 1150 111 35 pronto,
1002 1145 115 29 creímos
1139 1154 33 20 no

146 1202 83 30 haber
244 1202 60 29 oído
328 1202 61 29 bien
405 1213 5 17 :
438 1211 122 31 paramos
577 1202 120 29 atención
722 1212 32 18 en
771 1201 67 29 ellos
854 1224 6 12 ,
890 1212 17 29 y
923 1212 48 19 nos
995 1202 179 29 cercioramos

146 1270 53 30 que
212 1284 6 11 ,
236 1259 200 30 efeclivamenle
450 1283 7 12 ,
477 1268 44 20 era
537 1258 144 30 castellano
699 1268 52 31 que
768 1257 145 31 hablabein.
934 1259 49 29 Por
1000 1268 30 21 su
1046 1259 66 40 traje
1129 1259 44 30 in-

146 1316 108 30 ferimos
270 1316 85 29 serian
369 1314 91 40 judíos
472 1340 6 11 ,
497 1326 17 28 y
529 1315 25 30 lo
571 1324 62 21 eran
648 1325 31 20 en
693 1315 96 30 efecto.

187 1372 163 30 Informados
363 1372 115 40 después
490 1373 119 40 supimos
622 1383 63 30 que,
704 1372 104 30 cuando
824 1373 25 28 la
866 1372 137 41 espulsion
1020 1373 33 30 de
1068 1373 39 31 los
1119 1373 54 41 ju-

146 1431 57 29 díos
217 1430 32 30 de
260 1432 115 38 España,
394 1429 23 31 la
434 1439 92 31 mayor
543 1435 72 35 parle
631 1429 33 30 de
680 1430 121 40 aquellos
817 1430 157 40 proscritos,
993 1430 182 42 dirigiéndose

146 1486 25 30 al
183 1486 119 35 Orienle,
322 1491 116 25 tomaron
455 1486 101 30 asiento
570 1495 32 20 en
614 1486 37 30 las
668 1485 171 40 poblaciones
855 1490 104 32 turcas;
976 1488 197 34 conservando,

146 1552 33 20 no
196 1543 129 34 obstante,
343 1542 24 30 el
383 1541 78 31 habla
484 1541 34 31 de
545 1552 45 20 sus
609 1541 95 41 padres
720 1541 33 30 de
769 1543 160 39 generación
947 1553 33 19 en
1002 1544 171 39 generación,

146 1598 57 29 solo
218 1609 63 29 que,
300 1597 139 41 apartados
455 1597 33 30 de
505 1599 113 39 España,
637 1608 28 19 se
689 1598 50 30 han
756 1598 101 41 pasado
869 1598 221 42 desapercibidas
1113 1610 63 32 para

146 1654 105 41 aquella
265 1660 89 33 genle,
379 1654 39 30 las
434 1654 216 31 modificaciones
676 1665 52 31 que
756 1665 28 20 se
808 1654 51 31 han
884 1655 171 32 introducido
1072 1668 33 20 en
1122 1661 54 27 esta

145 1712 56 30 rica
217 1711 94 41 lengua
328 1710 83 31 desde
423 1711 25 30 el
466 1711 95 42 tiempo
578 1711 33 31 de
626 1723 32 19 su
672 1712 136 41 espulsion
819 1726 7 22 ;
845 1723 17 30 y
878 1714 40 29 así
930 1723 30 20 es
974 1725 53 29 que
1041 1715 23 29 la
1078 1715 97 31 hablan

146 1778 63 30 muy
222 1766 150 37 anticuada,
388 1778 16 30 y
419 1768 15 30 á
446 1778 55 20 mas
517 1768 145 30 rozándose
679 1769 157 29 muchísimo
853 1779 49 20 con
932 1770 25 30 la
985 1770 122 39 italiana,
1125 1782 51 32 que

146 1834 29 20 es
188 1823 25 30 la
229 1833 51 30 que
292 1824 55 29 está
364 1833 55 20 mas
429 1834 33 19 en
479 1835 48 19 uso
543 1836 32 18 en
587 1826 23 29 el
626 1826 128 35 Levante,
774 1826 51 29 han
839 1826 135 32 mezclado
989 1829 111 30 muchas
1114 1829 62 31 fra-

146 1890 44 21 ses
205 1879 33 30 de
248 1879 63 35 ella,
327 1889 15 30 y
356 1879 49 30 han
416 1881 141 30 concluido
574 1892 47 31 por
632 1881 79 31 hacer
726 1892 36 20 un
778 1882 146 32 castellano
940 1884 167 41 imperfecto.
