1241 2180
552 112 182 28 128

135 181 63 31 dera
219 180 121 40 angustia
357 204 5 10 ,
381 178 133 30 temiendo
528 188 52 30 que
593 186 95 32 cayera
706 176 23 31 el
748 175 129 42 proyectil
896 186 32 19 en
946 175 22 29 el
985 175 95 29 mismo
1104 173 58 30 lado

136 238 41 30 del
197 242 134 36 parapeto,
353 246 101 30 porque
475 235 57 30 solo
545 234 33 30 de
591 234 84 29 frente
696 243 47 20 nos
765 231 145 36 defendía,
936 241 62 31 pero
1012 230 150 31 felizmente

136 294 44 30 fué
195 296 13 28 á
229 303 61 21 caer
306 293 23 30 al
344 298 68 29 otro,
431 293 13 29 á
458 302 51 20 una
522 291 129 30 distancia
677 291 147 29 solamente
840 289 32 30 de
887 291 16 28 8
919 291 14 27 ó
953 291 36 27 10
1003 298 89 30 pasos.

179 349 108 31 Cuando
304 349 39 30 los
359 349 116 30 oficiales
491 348 147 34 franceses,
657 357 75 20 como
749 356 56 20 mas
822 345 242 41 esperimentados,
1080 354 84 19 anun-

137 407 90 30 ciaron
245 406 22 30 la
284 406 183 41 desaparición
488 405 41 30 del
544 405 104 40 peligro
661 429 6 11 ,
687 414 28 20 es
735 402 92 36 decir,
847 402 33 31 de
897 402 84 30 haber
997 400 146 31 rebenlado
1157 425 6 11 ,

140 470 124 24 entonces
281 463 138 30 unánimes
435 462 97 30 fuimos
556 461 33 29 de
613 461 108 40 opinión
738 460 32 30 de
787 459 156 30 reiroceder
957 484 5 11 ,
982 457 183 41 sospechando

140 532 51 29 que
208 521 38 29 los
269 530 76 20 rusos
365 530 48 19 nos
439 518 110 30 habrían
566 517 121 31 atisbado
710 517 83 30 desde
812 517 98 40 alguna
926 516 104 30 batería
1047 539 6 11 ,
1083 525 15 31 y
1120 525 45 20 nos

141 578 109 39 querían
267 576 47 30 dar
330 586 50 19 una
397 576 101 29 lección
516 574 33 31 de
565 575 187 30 escarmiento.

185 634 45 29 Sin
252 633 127 40 embargo
401 632 33 29 de
447 643 52 29 que
516 656 5 10 ,
540 632 95 29 con»el
653 641 83 31 apuro
763 631 33 29 de
813 632 67 28 irme
896 640 76 20 como
989 630 40 30 los
1045 629 92 31 demás
1152 630 13 29 á

142 689 140 37 esconder,
301 688 129 31 vaciando
443 688 32 31 de
492 699 33 19 un
539 688 77 40 golpe
633 688 24 30 el
675 688 113 41 pañuelo
814 688 88 29 donde
929 688 69 29 tenia
1023 687 39 29 los
1078 696 90 20 cascos

143 747 136 35 reunidos,
298 746 95 41 dijera,
413 756 48 20 con
478 756 34 19 un
529 755 132 31 arranque
677 745 33 30 de
727 744 107 37 enfado,
853 745 100 41 «quien
968 745 94 40 quiere
1079 754 90 20 cascos

143 815 52 29 que
208 814 28 19 se
252 804 39 28 los
313 812 84 31 venga
422 804 13 28 á
461 802 141 35 buscar»;
626 812 33 20 no
682 802 131 34 obstante,
829 801 33 31 de
884 811 76 31 paso,
987 801 24 30 al
1030 801 140 30 volvernos

143 860 70 30 atrás
231 859 35 30 fui
279 858 159 41 recogiendo
465 859 113 39 algunos
590 883 5 10 ,
614 869 34 19 no
676 859 39 29 sin
741 859 80 29 mirar
837 868 49 20 con
903 858 116 30 cuidado
1040 858 75 29 hacia
1133 858 37 29 las

144 916 115 30 balerías
275 926 86 19 rusas.
382 915 95 30 Estaba
492 914 146 41 empeñada
653 915 34 29 mi
705 914 109 41 palabra
832 914 33 30 de
882 915 85 29 llevar
989 925 104 25 cascos,
1108 924 16 30 y
1139 925 31 19 no

147 972 98 31 titubeé
261 982 32 20 en
309 982 158 28 esponerme
484 981 62 29 para
563 972 154 38 cumplirla.

187 1027 143 36 Mercadal,
350 1028 23 30 al
390 1028 79 29 sallar
481 1027 93 30 dentro
590 1028 24 29 el
628 1027 56 30 foso
700 1027 68 31 déla
787 1027 144 36 trinchera,
948 1038 28 19 se
992 1028 71 35 hizo,
1082 1027 92 31 resba-

146 1085 78 31 lando
239 1111 5 8 ,
263 1095 34 19 un
314 1089 114 35 rasguño
452 1095 31 18 en
500 1084 24 29 la
545 1084 94 29 rodilla
662 1084 114 29 derecha
791 1096 5 17 :
814 1084 57 29 diré
888 1084 82 30 ahora
987 1095 53 29 que
1056 1095 75 18 como
1148 1084 24 29 lo

148 1141 202 31 escribiéramos
364 1151 48 29 por
427 1140 103 34 broma,
549 1150 31 19 en
599 1150 33 19 un
644 1139 105 30 sentido
762 1141 144 39 equívoco,
921 1141 14 28 á
951 1151 52 18 uno
1016 1140 33 29 de
1066 1140 39 29 los
1121 1150 53 20 co-

150 1197 108 31 nocidos
272 1202 121 25 nuestros
409 1196 33 30 de
452 1196 135 35 Marsella,
605 1196 33 29 de
655 1198 63 38 aquí
733 1196 24 30 la
773 1197 167 40 equivocada
959 1197 97 30 noticia
1073 1208 52 30 que
1147 1207 28 20 se

150 1256 110 39 divulgó
272 1261 72 23 entre
357 1255 38 29 los
412 1254 91 30 demás
516 1254 142 30 conocidos
676 1254 34 30 de
726 1265 45 19 ese
784 1261 81 34 punto
878 1266 15 29 y
910 1256 40 29 los
966 1255 33 30 de
1014 1257 117 39 España,
1144 1255 32 30 de

151 1323 51 28 que
219 1312 22 28 el
258 1312 104 39 capilan
376 1311 77 29 habia
467 1310 57 30 sido
541 1311 92 29 herido
651 1322 48 29 por
712 1311 38 30 los
765 1322 87 19 rusos.

195 1368 134 30 Volvimos
340 1368 69 29 atrás
423 1367 73 30 hasta
512 1367 132 30 situarnos
663 1378 31 19 en
719 1378 33 19 un
775 1373 81 36 punió
872 1367 89 32 donde
986 1379 59 20 rara
1070 1380 57 26 vez,
1146 1380 31 20 en

153 1425 60 31 lodo
229 1425 23 29 el
266 1425 95 39 tiempo
377 1423 42 30 del
433 1424 70 32 sitio,
522 1423 78 30 habia
617 1423 107 41 llegado
749 1425 129 41 proyectil
897 1426 111 40 alguno,
1033 1437 63 30 para
1108 1438 71 20 con-

156 1483 109 39 templar
277 1481 81 30 desde
375 1481 45 30 allí
435 1481 38 30 las
484 1481 78 30 obras
575 1481 33 30 de
622 1482 109 30 sitiados
748 1494 16 29 y
780 1483 152 30 sitiadores.
953 1484 82 30 Como
1053 1485 126 31 llevába-

153 1550 57 20 mos
226 1540 39 29 los
281 1539 130 40 gemelos,
430 1549 48 20 con
503 1538 88 41 ayuda
616 1538 33 31 de
674 1539 67 31 ellos
770 1540 24 30 lo
817 1539 208 42 distinguíamos
1041 1543 138 40 perfecla-

155 1602 101 25 menle:
276 1596 74 30 hasla
364 1597 118 29 veíamos
496 1595 23 30 el
533 1595 132 30 centinela
681 1606 62 20 ruso
756 1606 124 31 pasearse
894 1608 48 30 por
955 1598 38 30 las
1008 1600 128 31 murallas
1147 1600 32 31 de

156 1652 169 38 Sebastopol.

197 1708 135 30 Poniendo
357 1708 114 30 cuidado
489 1710 14 28 á
528 1709 79 29 mirar
623 1710 23 28 el
663 1709 85 30 efecto
764 1721 52 29 que
832 1711 136 32 causaban
992 1713 39 30 las
1057 1714 124 36 bombas,

159 1767 84 29 vimos
259 1776 51 19 una
326 1776 52 30 que
394 1767 67 39 cayó
473 1776 31 19 en
520 1765 88 31 medio
621 1766 32 30 de
666 1777 35 19 un
725 1766 129 37 batallón,
873 1768 120 31 formado
1006 1781 31 20 en
1055 1782 34 19 un
1106 1777 79 36 punto

158 1822 32 30 de
210 1822 36 29 las
263 1822 156 35 trincheras,
435 1832 15 30 y
462 1822 252 40 apresuradamente
731 1824 105 29 cambió
851 1824 34 30 de
903 1827 120 39 posición
1040 1853 6 11 ,
1066 1830 12 29 á
1102 1831 34 28 sin
1153 1829 32 31 de

159 1879 112 29 librarse
287 1878 33 30 de
337 1889 42 19 ser
395 1878 96 41 cogido
507 1889 48 19 con
572 1885 56 23 olra
645 1879 109 30 lanzada
771 1891 49 19 con
834 1881 73 41 igual
924 1884 177 38 graduación.
