1241 2180
491 126 182 28 121

72 198 187 30 apresurarme
276 198 66 25 mas,
367 199 48 30 por
437 189 40 30 oir
491 199 32 31 ya
541 189 132 31 viólenlos
690 200 15 31 y
729 189 134 41 repetidos
878 189 119 40 choques
1011 199 49 20 con
1077 188 24 31 el

72 254 81 30 vapor
167 245 43 30 del
228 244 72 37 lado,
315 255 33 20 no
362 255 41 21 me
412 246 83 30 acabé
510 245 33 31 de
558 246 95 35 vestir,
669 247 58 29 sino
747 256 63 31 que,
828 245 195 41 abrigándome
1049 255 52 20 con

71 313 34 18 un
119 312 98 30 grueso
233 309 104 33 capote
351 303 102 39 griego
467 313 52 30 que
536 304 79 34 tenia,
642 303 80 34 subo,
737 304 107 39 empujo
871 304 24 29 la
917 309 95 35 puerta
1028 303 32 30 de
1077 303 25 29 la

72 360 104 29 cámara
193 370 52 30 que
259 359 90 30 estaba
363 359 156 35 entornada,
537 370 86 30 pongo
635 370 48 19 con
700 360 107 41 rapidez
829 359 24 31 el
882 360 43 40 pié
941 370 31 20 en
1001 360 24 29 la
1050 370 51 20 cu-

72 415 97 35 bierta,
190 426 14 30 y
346 416 99 41 ¿quién
459 427 32 19 no
506 416 96 30 sentirá
617 418 34 28 mi
672 415 176 31 descalabro?
870 416 106 30 resbalé
1003 426 31 20 en
1052 425 52 20 una

73 482 95 31 espesa
182 482 65 31 capa
269 473 32 29 de
317 474 78 29 nieve
411 484 53 29 que
486 485 27 17 se
530 473 77 29 habia
625 483 32 30 ya
673 472 119 31 formado
815 483 32 19 en
861 473 25 29 la
901 472 132 36 cubierta,
1052 482 52 31 que

74 539 49 20 con
141 529 24 29 la
178 529 143 30 oscuridad
339 530 33 29 de
386 530 23 29 la
423 529 84 30 noche
523 540 32 18 no
573 529 71 41 pude
663 535 85 29 notar,
768 540 15 29 y
799 530 40 29 caí
862 534 43 24 lan
931 528 74 41 largo
1027 538 76 20 como

78 596 44 19 era
139 596 32 19 en
188 586 87 29 medio
291 585 33 30 de
337 592 54 23 este
407 585 49 30 frió
469 586 80 29 baño.

119 643 73 29 Senlí
206 652 31 20 en
257 642 59 30 lodo
337 644 36 29 mi
388 653 100 31 cuerpo
502 654 30 19 su
548 643 84 30 efecto
653 643 110 40 glacial,
784 653 15 30 y
815 641 98 31 viendo
932 651 52 31 que
1001 640 106 31 nevaba

76 699 199 40 copiosamente
289 723 4 9 ,
314 708 32 20 no
364 699 100 30 titubeé
479 710 35 19 un
530 700 115 29 inslante
662 709 31 20 en
711 703 125 26 melerme
863 703 55 25 olra
939 708 47 19 vez
1008 697 33 30 de
1057 707 52 20 re-

77 761 78 34 pente
172 756 97 39 abajo,
287 765 53 20 aun
356 756 14 29 á
387 756 88 40 riesgo
497 756 33 29 de
546 767 33 18 no
596 767 42 19 ser
659 766 55 19 mas
734 755 113 41 puntual
868 765 52 30 que
941 754 39 30 los
997 754 107 30 demás:

78 822 45 20 era
144 812 143 41 imposible
313 818 122 35 soportar
451 812 23 30 la
496 813 173 30 inclemencia
693 812 42 30 del
760 812 96 40 tiempo
877 812 15 29 á
912 810 88 30 medio
1027 810 83 29 vestir

79 878 76 20 como
168 868 91 30 estaba
272 893 7 10 ,
298 879 17 30 y
331 878 50 20 aun
395 868 25 30 la
436 878 66 31 poca
519 878 63 31 ropa
596 878 52 31 que
665 869 64 29 traía
743 892 5 11 ,
768 867 169 41 quedábame
954 891 6 11 ,
979 876 32 19 no
1027 866 82 29 chor-

83 932 92 23 reante
189 950 7 10 ,
222 935 67 30 pues
306 925 91 30 helóse
418 935 33 20 en
466 925 111 40 seguida
590 949 6 12 ,
619 924 59 31 sino
698 924 75 30 hasta
789 934 31 20 en
837 928 88 36 parles
942 927 56 26 rota
1016 932 48 21 con
1086 922 24 30 la

83 983 88 29 fuerza
186 983 33 29 de
236 983 24 29 la
272 983 87 29 caida.

122 1041 41 29 Me
180 1040 24 29 la
217 1039 104 30 cambié
337 1039 254 41 apresuradamenle
604 1049 48 20 con
670 1044 55 25 otra
741 1038 33 30 de
787 1038 71 30 buen
872 1038 94 40 abrigo
981 1062 5 10 ,
1008 1036 102 30 lardan-

81 1097 35 29 do
132 1107 67 30 poco
215 1108 32 18 en
271 1097 106 35 acudir,
393 1108 17 29 y
434 1107 51 20 aun
504 1103 40 23 tan
561 1102 94 35 pronto
677 1106 75 20 como
768 1096 39 30 los
829 1095 104 35 demás,
953 1096 13 29 á
983 1093 87 31 donde
1087 1093 23 30 el

81 1154 83 29 deber
180 1164 47 19 nos
246 1154 125 29 llamaba.

122 1210 115 41 Aquella
255 1215 126 25 lorraenla
396 1220 27 20 se
437 1210 78 30 babia
531 1209 195 31 desenfrenado
749 1220 48 19 con
821 1218 74 20 suma
915 1206 136 42 prontitud
1068 1205 44 31 del

82 1268 96 33 Norte,
208 1277 15 30 y
244 1273 76 28 este,
346 1267 54 30 casi
417 1267 115 40 siempre
547 1291 5 10 ,
579 1265 128 31 indómilo
731 1266 107 33 viento,
861 1262 205 41 acompañando
1088 1262 25 30 la

83 1333 96 31 gruesa
195 1333 57 20 mar
274 1334 52 30 que
342 1324 23 29 él
383 1324 95 29 mismo
493 1324 100 40 agitara
606 1347 6 11 ,
639 1322 128 30 entrando
790 1321 33 30 de
845 1321 72 29 lleno
941 1330 47 30 por
1006 1320 24 28 la
1047 1319 66 29 boca

82 1380 43 30 del
147 1386 94 35 puerlo
254 1404 6 10 ,
287 1380 157 29 ocasionaba
470 1380 110 29 muchos
596 1379 119 40 choques
739 1383 73 25 entre
831 1377 41 31 los
894 1376 89 30 varios
1008 1375 105 40 buques

83 1447 52 31 que
150 1437 110 30 estaban
276 1436 120 31 situados
409 1447 76 19 como
501 1441 133 25 nosotros.

122 1493 109 31 Gracias
252 1503 52 20 aun
327 1493 25 30 al
375 1493 180 41 rompe-olas
570 1503 54 31 que
640 1493 78 30 habia
738 1502 32 21 en
794 1491 23 31 la
832 1490 108 31 entrada
952 1514 5 11 ,
977 1498 87 31 segun
1082 1497 32 32 ya

83 1550 124 41 esplique
219 1574 7 11 ,
250 1561 52 29 que
321 1550 104 30 mataba
439 1575 6 10 ,
464 1551 21 28 si
500 1549 87 41 puedo
601 1559 168 31 espresarme
791 1549 39 30 así
844 1573 6 10 ,
875 1547 23 30 la
916 1546 90 29 viveza
1023 1544 35 30 de
1075 1544 39 30 los

84 1607 93 41 golpes
193 1606 33 30 de
247 1617 69 20 mar:
336 1607 45 30 allí
398 1618 27 19 se
447 1607 142 30 estrellaba
615 1618 31 18 su
663 1608 99 38 ímpetu
778 1631 6 10 ,
802 1614 65 31 para
887 1604 141 30 continuar
1044 1601 70 30 des-

84 1674 67 31 pués
166 1673 49 21 con
232 1673 45 20 sus
297 1663 103 31 fuerzas
423 1665 54 30 casi
494 1663 179 42 aniquiladas.
694 1663 45 31 Sin
756 1662 127 39 embargo
897 1686 6 11 ,
921 1670 54 20 aun
994 1657 120 32 causaba

84 1721 120 30 bastante
220 1726 126 24 lorraenlo
362 1732 30 19 su
406 1721 147 30 debilitado
569 1722 120 39 empuje.

125 1779 52 29 Las
193 1778 93 29 rachas
302 1778 32 29 de
351 1778 89 30 viento
458 1778 113 30 lambien
588 1778 125 40 impelían
728 1788 66 19 unos
806 1776 105 40 buques
928 1773 78 32 sobre
1020 1778 71 25 oíros
1105 1795 7 11 ,

84 1836 40 30 sin
140 1834 83 32 haber
239 1835 101 31 medios
353 1845 61 31 para
431 1836 85 30 evitar
530 1836 25 30 el
571 1835 155 31 abordarse.
746 1834 74 31 Todo
833 1844 62 20 eran
912 1833 83 40 gritos
1011 1856 5 10 ,
1039 1840 73 21 con-

83 1893 88 32 fusión
182 1916 6 13 ,
204 1899 120 35 espanto.
344 1894 52 30 Los
411 1894 97 30 faroles
522 1904 63 30 para
600 1893 137 30 alumbrar
753 1893 39 29 las
806 1890 151 31 maniobras
969 1914 5 11 ,
990 1888 39 30 los
1043 1897 67 31 apa-

974 1939 22 20 16
