1241 2180
567 117 181 27 112

145 191 63 32 para
224 180 103 32 cuando
340 191 100 30 apenas
455 191 121 20 asomara
592 180 23 30 el
629 180 71 30 buen
719 180 108 41 tiempo,
842 180 24 29 la
881 180 163 40 primavera,
1064 189 33 19 no
1120 178 56 31 de-

140 239 82 40 jaban
239 239 142 29 descansar
398 248 55 20 mas
469 249 52 30 que
537 238 24 30 lo
579 238 102 40 preciso
707 246 63 32 para
787 246 143 31 recuperar
957 246 102 20 nuevas
1076 235 102 31 fuerzas

143 295 24 30 al
185 295 82 40 pobre
279 295 126 36 soldado;
424 295 173 35 intercalada,
612 294 149 40 digámoslo
777 295 50 33 así,
857 299 56 24 esta
929 293 66 30 ruda
1013 298 86 31 tarea,
1131 303 47 31 por

144 352 39 30 las
198 352 219 31 tenaces'salidas
433 358 143 25 nocturnas
592 351 33 31 de
642 352 39 30 los
695 362 88 26 rusos,
802 362 48 20 con
869 351 88 41 objeto
982 351 34 30 de
1043 356 137 25 mantener

145 419 50 20 una
214 415 72 35 parte
300 409 42 30 del
360 410 107 40 ejército
484 409 110 30 sitiador
608 419 30 20 en
656 418 116 32 perenne
786 408 155 41 vigilancia,
961 407 151 43 apartando
1140 411 38 27 así

145 466 23 29 la
181 467 174 39 cooperación
368 477 52 30 que
437 467 128 39 prestaría
582 471 55 24 esta
653 467 105 29 sección
786 465 33 29 de
844 471 99 34 Iropas,
963 467 12 28 á
994 465 39 29 los
1064 465 114 40 trabajos

143 521 33 30 de
190 522 69 29 silio.

184 579 38 29 Ya
236 578 25 29 lo
279 583 76 35 lengo
372 577 173 31 manifestado
563 588 14 30 y
593 588 32 20 no
641 578 121 30 obstante
787 578 25 30 lo
839 578 129 41 repetiré:
990 577 39 31 los
1055 588 78 20 rusos
1148 588 27 20 se

142 640 184 35 presentaron,
345 645 32 20 en
395 635 73 30 lodos
484 645 87 26 casos,
586 635 95 41 dignos
698 635 103 30 émulos
814 635 33 30 de
864 636 39 29 los
917 634 139 31 afamados
1073 634 102 31 france-

143 701 42 20 ses
198 693 14 28 é
228 692 130 40 ingleses:
372 693 121 39 aquellos
506 703 48 30 por
567 703 31 19 su
612 693 99 40 pericia
726 693 109 34 militar,
852 704 15 29 y
884 698 70 24 estos
982 702 47 30 por
1057 692 25 30 el
1110 702 64 20 ma-

142 748 176 39 quiavelismo
335 759 52 29 que
401 748 133 40 profesan.

184 805 133 41 Apartado
333 816 33 19 un
383 811 143 31 momento,
546 817 47 30 por
609 806 23 30 la
648 806 96 30 ilación
760 806 33 31 de
811 807 48 30 mis
884 806 86 36 ideas,
985 806 34 31 de
1036 807 37 30 mi
1090 807 81 41 prin-

140 862 69 40 cipal
227 862 97 40 objelo,
344 862 67 30 debo
426 873 107 30 esperar
549 874 44 19 ser
608 863 174 40 dispensado,
802 874 31 19 en
847 864 122 30 atención
987 864 14 29 á
1018 875 65 30 que,
1104 870 67 25 estas

141 929 16 29 y
168 924 70 23 otras
254 919 157 29 reflexiones
428 919 38 30 las
482 920 91 36 emito,
589 919 236 31 considerándolas
856 919 152 32 adecuadas
1039 921 23 31 al
1088 922 83 41 mejor

141 975 104 31 sentido
261 975 32 29 de
310 975 49 30 mis
372 975 204 40 esplicaciones.

181 1033 76 28 Resta
272 1031 72 31 decir
357 1032 145 31 solamente
515 1043 31 20 en
564 1033 155 30 conclusión
732 1035 23 28 al
772 1040 122 34 presente
906 1035 128 40 capítulo,
1056 1046 53 30 que
1124 1046 46 30 por

140 1087 24 30 la
178 1092 109 25 mañana
304 1087 41 31 del
364 1089 173 30 mencionado
554 1091 37 28 12
605 1090 33 29 de
653 1090 117 35 febrero,
790 1102 47 18 nos
850 1092 87 30 vimos
954 1097 56 25 otra
1026 1102 48 21 vez
1090 1092 79 31 abri-

140 1143 82 41 gados
239 1154 31 19 en
284 1144 22 29 el
325 1151 92 34 puerto
429 1146 32 29 de
474 1146 157 36 Kamiesch;
651 1148 132 36 ansiosos,
802 1159 76 20 como
895 1159 28 20 es
937 1149 33 30 de
989 1160 128 30 suponer,
1136 1151 32 30 de

140 1201 90 28 visitar
243 1207 95 23 cuanto
350 1207 74 25 antes
438 1202 39 30 los
489 1202 137 32 adelantos
639 1215 52 30 que
708 1216 27 18 se
747 1205 132 31 hubiesen
895 1208 166 41 conseguido
1087 1218 32 21 en
1142 1209 24 31 el

139 1262 107 35 aparato
257 1256 42 31 del
313 1258 72 36 sitio,
405 1269 15 28 y
436 1259 58 30 lodo
509 1259 24 30 lo
544 1259 92 31 demás
649 1261 143 31 adherente
809 1263 15 29 á
837 1263 35 30 él.
