1241 2180
540 136 147 19 XI

141 189 62 30 Esla
215 189 125 30 tentativa
358 189 44 31 fué
413 189 23 31 el
453 191 99 40 primer
568 196 58 25 acto
638 190 33 31 de
684 191 144 31 hostilidad
841 192 113 30 efectiva
970 203 52 30 que
1038 193 61 30 vino
1110 194 12 29 á

101 250 197 36 comprometer
312 244 59 32 todo
382 246 106 40 arreglo
502 248 110 39 pacífico
622 252 73 25 enlre
712 247 39 30 los
767 247 198 40 diplomáticos.

143 302 143 31 Celébrase
301 313 32 19 en
347 303 88 29 Varna
447 313 33 19 en
505 303 24 30 el
550 313 56 19 mes
629 303 33 29 de
678 314 78 30 mayo
772 304 24 30 el
806 305 107 41 consejo
929 305 34 31 de
975 306 145 40 jenerales,

102 370 52 31 que
174 359 104 31 decidió
293 359 106 31 invadir
415 360 22 30 la
451 360 103 31 Crimea
568 370 16 31 y
599 366 88 25 atacar
703 361 174 42 Sebastopol;
898 374 14 29 y
929 363 125 30 reunidas
1071 374 51 30 que

100 417 152 29 estuvieron
270 416 38 31 las
334 421 88 36 tropas
443 426 32 20 en
500 419 111 28 número
626 417 33 30 de
676 428 67 20 unos
764 424 104 24 sesenta
886 419 45 29 mil
948 419 124 30 hombres
1088 430 32 20 en

103 474 84 29 Varna
200 484 16 29 y
229 473 136 36 Balchisk,
381 485 16 29 y
410 484 35 19 un
458 484 103 30 convoy
576 474 33 30 de
621 484 56 21 mas
701 475 33 30 de
750 477 58 29 100
826 475 116 42 buques,
960 486 29 21 se
1004 476 118 41 dirigie-

100 540 48 20 ron
164 530 14 30 á
192 530 23 30 la
227 530 104 31 Crimea
345 530 154 42 protegidos
515 541 48 31 por
574 530 60 32 toda
651 531 23 30 la
691 531 129 32 escuadra
834 532 44 31 del
894 535 55 28 Mar
961 535 96 38 Negro.

142 587 29 29 El
188 586 43 31 dia
244 589 37 28 14
298 586 142 32 setiembre
456 586 117 32 hicieron
586 587 25 31 el
626 586 174 33 desembarco
815 599 76 20 cerca
912 590 155 40 Eupaloria,
1082 591 38 30 sin

102 648 72 25 tener
204 654 53 30 que
282 643 81 30 sufrir
392 644 25 29 la
447 654 90 19 menor
553 644 140 41 inquietud
710 656 47 30 por
779 646 63 35 ello,
868 646 62 31 bien
943 657 52 30 que
1012 646 108 31 eslaban

99 701 137 40 apoyados
252 712 48 29 por
311 703 57 28 800
384 701 88 40 piezas
485 701 32 30 de
530 706 83 25 cañón
630 712 53 30 que
698 702 156 31 ostentaban
870 703 39 31 los
925 705 92 29 navios
1028 705 14 29 á
1056 715 64 19 unos

101 758 58 28 500
171 762 98 24 metros
285 756 145 30 solamente
442 756 32 30 de
488 756 24 30 la
525 757 87 29 orilla.

141 815 23 28 A
180 819 56 25 esla
253 813 150 42 respetable
419 817 98 26 enseña
534 824 32 20 no
582 823 95 22 osaron
690 815 39 30 los
745 826 77 19 rusos
839 826 99 30 oponer
950 817 167 35 resistencia,

100 870 195 31 reservándose
308 879 62 32 para
394 870 107 30 ocasión
517 880 56 20 mas
590 872 117 39 propicia
723 872 40 30 los
778 872 102 31 medios
892 883 18 30 y
924 872 72 31 valor
1010 872 33 31 de
1056 872 63 32 dis-

100 926 120 39 putarles
237 925 22 30 el
276 935 75 30 paso.

143 983 51 30 Las
212 988 86 35 tropas
315 993 51 30 que
379 983 221 30 desembarcaron
617 983 92 30 fueron
724 983 93 30 treinta
831 994 14 30 y
855 983 76 31 cinco
947 984 45 30 mil
1004 984 111 35 aliados,

100 1040 25 30 al
142 1040 95 30 mando
253 1040 33 30 de
303 1040 39 30 los
358 1041 138 39 generales
515 1041 218 36 Saint-Arnaud,
749 1052 17 28 y
782 1040 57 31 lord
855 1041 114 39 Raglán.

139 1099 109 28 Puestas
265 1108 31 19 en
313 1098 106 30 marcha
431 1098 76 30 hacia
521 1098 169 40 Sebastopol,
706 1098 121 30 tuvieron
844 1109 31 19 en
891 1099 75 29 Alma
979 1099 24 29 el
1017 1101 37 28 20
1067 1109 51 21 se-

97 1154 112 32 tiembre
226 1154 33 31 de
276 1157 79 28 1854
372 1155 24 30 el
412 1160 145 26 encuentro
573 1165 49 21 con
651 1155 40 31 los
713 1166 88 26 rusos,
825 1155 154 31 llevándose
1000 1161 71 26 eslos
1095 1156 23 31 la

97 1223 66 30 peor
176 1218 83 35 parte,
276 1222 66 31 pues
354 1212 93 30 fueron
459 1212 161 31 rechazados
631 1212 33 30 de
676 1212 122 41 aquellas
814 1213 171 40 importantes
996 1214 122 39 posicio-

96 1278 58 25 nes,
173 1280 17 28 y
205 1279 49 19 con
270 1280 32 18 su
319 1268 114 31 retirada
446 1268 108 41 dejaron
572 1279 32 30 ya
615 1269 69 30 libre
695 1269 24 30 el
736 1279 64 30 paso
817 1279 63 31 para
895 1269 98 31 formar
1014 1270 23 30 el
1059 1270 59 30 sitio

95 1326 15 30 á
124 1325 168 39 Sebastopol.
646 1342 11 13 *

137 1384 55 30 Con
205 1383 96 30 mucho
313 1382 176 31 desconsuelo
500 1393 63 31 para
580 1383 40 30 los
637 1384 123 40 ejércitos
776 1383 101 30 aliados
894 1383 44 30 fué
953 1383 109 31 atacado
1075 1383 41 31 del

94 1440 89 31 cólera
194 1440 24 30 el
229 1440 107 40 general
353 1450 33 19 en
398 1439 54 41 jefe
466 1439 213 36 Saint-Arnaud,
704 1440 24 30 al
756 1440 132 40 siguiente
910 1439 44 30 dia
977 1440 34 30 de
1034 1440 83 31 haber

93 1496 141 40 reportado
251 1496 66 30 ellos
329 1496 107 40 aquella
459 1496 126 30 señalada
601 1496 120 29 victoria.

133 1552 126 32 Postrado
276 1562 44 32 ya,
338 1554 110 39 entregó
464 1551 23 31 el
502 1551 95 31 mando
611 1562 31 20 en
655 1551 59 41 gefe
723 1551 24 31 al
758 1551 108 41 general
879 1551 156 37 Canrobert,
1054 1563 17 30 y
1087 1564 27 20 se

90 1611 26 29 le
129 1610 124 30 embarcó
266 1619 32 21 en
314 1619 34 20 un
362 1618 84 31 vapor
463 1618 63 32 para
542 1608 22 30 ir
580 1609 14 29 á
616 1618 107 21 curarse
753 1608 14 30 á
793 1608 217 41 Constantinopla
1024 1622 7 23 ;
1049 1619 65 31 pero

87 1667 25 31 la
138 1666 128 31 fatalidad
283 1666 23 30 le
320 1666 71 30 llevó
403 1667 15 29 á
432 1666 103 40 espirar
548 1676 32 19 en
602 1664 89 31 medio
704 1664 43 31 del
765 1675 56 20 mar
841 1665 24 30 el
887 1664 43 31 dia
957 1667 36 28 29
1021 1665 34 30 de
1071 1676 43 20 se-

92 1716 123 29 tiembre.

132 1772 62 31 Solo
206 1772 87 41 queda
306 1772 13 30 á
333 1771 94 30 referir
440 1782 52 30 que
509 1781 85 30 segun
607 1770 24 30 el
646 1771 99 29 tratado
758 1771 34 30 de
808 1771 25 29 la
850 1771 121 31 Sublime
983 1773 96 29 Puerta
1098 1783 14 31 y

89 1829 25 32 el
130 1829 123 42 gabinete
274 1829 33 30 de
332 1828 94 35 Viena,
446 1837 113 32 pasaron
582 1827 39 31 las
651 1833 87 35 Iropas
755 1828 145 30 austríacas
917 1829 13 29 á
947 1839 100 31 ocupar
1072 1829 40 32 los

88 1887 171 40 principados
270 1884 166 32 retirándose
452 1884 39 31 los
507 1894 89 26 rusos,
612 1895 17 30 y
641 1883 176 43 prohibiendo
833 1886 14 30 á
863 1885 179 42 Omer-Bajá,
1060 1897 52 30 ge-
