1241 2180
511 117 158 27 97

112 178 50 29 Por
178 187 52 20 una
243 183 87 35 parle,
347 180 139 27 temíamos
502 189 53 30 que
572 189 47 19 nos
636 179 158 29 sometieran
817 179 15 28 á
857 178 97 40 alguna
972 178 131 30 observa-

71 234 70 34 ción,
159 244 104 30 porque
289 244 29 20 se
345 234 96 30 habian
456 234 143 30 declarado
617 235 38 29 las
671 235 118 29 viruelas
812 235 15 29 á
844 235 95 30 bordo.
960 236 51 29 Las
1027 235 78 30 habia

73 290 89 31 tenido
178 300 35 19 un
231 289 127 36 soldado,
380 301 14 29 y
411 301 29 19 se
457 290 122 40 contagió
594 301 35 19 un
646 290 145 36 marinero,
810 290 23 30 el
850 291 60 30 cual
927 291 103 36 estaba,
1056 301 49 22 en-

75 352 101 32 tonces,
192 356 32 20 en
241 346 24 30 el
281 346 99 41 primer
391 346 110 41 período
513 346 33 31 de
559 346 76 31 ellas.
653 346 100 31 Ambos
767 357 127 27 curaron,
910 349 40 29 sin
965 348 139 41 embargo,

76 415 50 20 con
137 414 81 31 pocos
236 403 226 36 medicamentos;
484 404 123 30 teniendo
621 405 24 29 la
660 410 89 24 suerte
766 415 52 30 que
835 415 32 20 no
882 415 28 19 se
931 405 174 31 desarrollase

79 461 33 29 tal
133 459 174 31 enfermedad
324 461 13 28 á
352 459 95 31 bordo.

119 517 53 31 Con
190 516 39 30 los
245 517 208 41 contratiempos
478 516 129 36 sufridos,
634 516 23 31 la
687 518 125 40 máquina
829 527 28 21 se
873 517 79 31 habia
969 517 137 31 resentido

81 575 133 35 bastante,
231 584 15 31 y
259 584 27 20 se
301 574 74 31 hacia
393 575 138 30 necesario
544 574 134 41 repasarla
689 588 6 22 ;
710 586 47 30 por
771 575 24 30 lo
809 586 51 30 que
873 574 120 42 pedimos
1005 576 25 29 al
1043 577 63 28 cón-

82 632 41 30 sul
136 631 103 30 francés
261 641 49 19 nos
327 631 159 30 concediera
502 632 76 29 cinco
595 632 57 29 dias
668 632 33 29 de
717 632 138 29 detension
872 642 63 30 para
947 632 159 29 verificarlo.

82 690 50 29 Nos
148 688 39 30 los
199 691 103 39 otorgó,
323 699 15 30 y
351 693 128 26 entonces
503 688 124 41 pudimos
642 688 164 41 aprovechar
832 688 78 41 aquel
935 688 96 39 tiempo
1055 698 50 19 re-

84 744 164 32 creándonos
259 755 49 21 con
322 751 111 25 cuantas
449 745 192 30 distracciones
657 755 87 20 senos
757 749 184 35 presentasen.

126 804 35 28 La
173 802 113 40 primera
301 802 83 30 noche
395 827 5 11 ,
413 803 23 29 la
449 812 122 30 pasamos
584 802 33 29 de
631 802 75 29 visita
720 812 48 19 con
783 802 22 29 la
816 801 100 30 familia
924 801 180 36 deQuinlana,

87 869 51 30 que
154 868 44 20 era
214 869 48 19 con
277 859 23 29 la
313 870 51 29 que
380 858 138 30 habíamos
530 858 136 30 contraído
682 858 120 29 estrecha
818 858 122 29 amistad.

129 915 37 29 La
193 914 128 41 segunda,
340 914 98 31 fuimos
453 914 25 30 al
496 919 91 25 teatro.
607 914 229 40 Representábase
852 914 23 29 el
903 914 112 29 Poliuto.
1048 915 61 28 Esla

92 970 69 31 bella
176 971 176 41 composición
374 970 32 30 de
422 970 140 34 Donizetti,
582 969 124 33 endulzó,
729 980 47 30 por
795 969 100 30 decirlo
920 970 50 35 así,
989 975 120 24 nuestros

91 1036 156 27 corazones,
264 1026 125 40 agriados
405 1036 52 30 que
474 1035 51 21 aun
542 1025 121 35 estaban,
684 1035 46 30 por
756 1024 38 30 los
810 1024 151 30 sinsabores
983 1024 43 31 del
1043 1035 66 19 mar.

130 1085 36 28 La
179 1084 143 40 siguiente,
339 1082 95 31 fuimos
447 1082 133 30 invitados
591 1082 15 30 á
619 1081 104 41 pasarla
737 1080 32 31 de
788 1081 104 30 tertulia
905 1091 32 20 en
954 1091 61 20 casa
1038 1081 33 30 de
1089 1081 21 30 la

92 1140 84 30 citada
193 1140 111 30 familia.

132 1200 34 29 La
183 1199 114 30 señorita
314 1199 133 35 Quintana
461 1199 88 33 cantó,
565 1195 229 42 acompañándose
821 1205 32 19 en
875 1196 22 28 el
913 1196 89 39 piano,
1029 1195 83 30 bellos

93 1262 83 24 trozos
188 1256 32 29 de
237 1258 106 39 óperas,
362 1266 13 30 y
389 1255 113 40 algunas
515 1253 142 31 canciones
671 1252 140 41 españolas
827 1262 63 31 para
906 1251 97 31 honrar
1018 1251 24 30 la
1056 1262 56 20 me-

93 1312 81 31 moria
189 1312 34 30 de
236 1312 24 30 la
279 1312 92 40 patria.

130 1371 119 40 Después
264 1368 182 43 acompañada
460 1367 32 31 de
503 1378 33 19 un
553 1367 88 39 amigo
666 1365 70 30 déla
758 1375 73 25 casa,
854 1364 68 30 buen
948 1364 118 41 profesor
1079 1364 32 30 de

93 1427 93 36 violin,
203 1437 29 19 se
250 1432 105 24 locaron
380 1424 141 42 escogidas
538 1423 97 42 piezas.
653 1422 56 29 Mas
724 1420 72 31 larde
809 1431 28 19 se
850 1420 83 36 bailó,
951 1431 14 30 y
982 1421 13 29 á
1013 1420 38 30 las
1067 1420 47 30 dos

91 1483 33 31 de
140 1483 24 31 la
181 1483 164 41 madrugada
359 1493 28 19 se
403 1482 82 30 sirvió
503 1491 34 19 un
551 1479 85 31 buffet
646 1504 5 9 ,
668 1477 184 31 retirándonos
868 1478 15 29 á
907 1477 143 29 descansar
1065 1487 51 20 una

91 1541 63 30 hora
168 1540 128 42 después,
315 1550 64 31 muy
390 1537 157 32 satisfechos
558 1536 42 30 del
617 1534 131 42 obsequio
764 1544 52 31 que
832 1543 46 20 nos
891 1533 78 30 habia
985 1533 130 31 tributado

92 1598 107 40 aquella
214 1597 88 30 buena
329 1596 111 36 familia,
467 1605 15 31 y
508 1591 234 44 proponiéndonos
767 1589 206 42 reciprocárselo
998 1589 118 32 debida-

97 1660 97 24 mente.

136 1712 31 30 Al
185 1712 98 36 efecto,
301 1712 23 30 la
340 1711 143 31 invitamos
496 1709 14 30 á
523 1706 121 33 celebrar
660 1706 14 30 á
690 1704 83 31 bordo
789 1704 24 30 el
829 1703 44 31 dia
892 1703 32 31 de
948 1704 56 31 Año
1032 1715 86 20 nuevo

95 1781 35 19 en
141 1770 126 30 amistosa
284 1768 123 31 reunión.

137 1827 83 41 Llegó
232 1827 25 30 el
274 1826 115 42 primero
405 1825 33 29 de
460 1833 92 25 enero,
571 1821 43 31 dia
631 1818 151 37 destinado,
811 1827 64 32 para
899 1818 122 36 muchos,
1046 1829 74 20 como

94 1886 35 31 de
144 1884 160 41 aguinaldos
316 1897 6 24 ;
341 1882 138 31 dándonos
490 1880 63 31 Dios
566 1880 14 30 á
596 1883 121 26 nosotros
733 1876 24 31 el
772 1875 33 32 de
817 1886 52 21 una
895 1876 107 42 copiosa
1026 1876 94 36 lluvia,

982 1926 25 19 13
