1241 2180
508 118 159 26 99

111 181 38 28 Ya
165 190 66 30 muy
245 179 112 30 entrada
374 180 23 29 la
412 180 84 29 noche
510 208 5 6 ,
535 191 48 19 nos
599 191 153 29 separamos
768 192 16 29 y
798 180 170 40 despedimos
983 180 24 29 al
1028 181 73 29 mis-

72 247 42 20 mo
128 236 99 40 tiempo
243 246 64 30 para
320 236 24 29 el
361 236 71 40 viaje
446 261 6 11 ,
470 236 165 40 dejándonos
652 237 121 40 aquellas
789 236 104 31 francas
905 247 15 30 y
937 236 164 41 placenteras

70 294 146 30 reuniones
230 318 6 10 ,
257 292 156 31 indelebles
429 293 144 31 recuerdos
590 303 32 20 en
639 298 122 25 nuestras
777 294 151 30 memorias.

116 352 121 38 Después
258 348 34 30 de
308 349 39 30 los
364 349 84 30 malos
462 354 69 25 ralos
545 348 116 31 sufridos
677 348 111 31 durante
804 349 79 41 aquel
896 350 112 30 nómada
1021 351 80 40 viaje,

76 418 17 30 y
108 417 50 20 aun
172 412 42 24 tan
232 406 57 29 solo
306 405 80 30 sobre
404 405 39 30 los
464 415 56 20 mas
536 407 130 29 recientes
680 430 6 11 ,
713 417 13 28 ¿
739 417 33 18 no
788 416 44 20 era
844 407 73 39 justo
934 418 15 29 y
966 408 135 31 necesario

77 464 77 40 aquel
171 462 139 41 desahogo
328 473 15 30 y
356 462 160 30 distracción
529 465 12 28 ?

117 521 29 30 El
173 523 15 28 2
206 519 33 31 de
256 529 80 21 enero
352 519 34 30 de
408 521 80 29 1855
505 545 6 11 ,
529 519 43 31 dia
590 519 126 31 señalado
739 529 62 32 para
818 520 64 31 salir
897 522 14 29 á
935 521 25 30 la
982 531 57 20 mar
1053 545 6 13 ,
1077 532 28 20 se

81 578 107 31 destacó
204 583 43 24 lan
265 583 184 34 tempestuoso
466 578 88 28 viento
568 601 6 9 ,
594 587 51 30 que
662 587 48 19 nos
726 576 111 41 impidió
853 577 23 29 la
893 577 83 30 salida
998 578 24 29 la
1039 589 66 19 mu-

82 636 48 30 cha
145 634 147 41 rompiente
309 644 53 31 que
375 633 138 31 formaban
530 633 38 31 las
585 633 57 31 olas
655 633 24 30 al
696 633 152 31 estrellarse
860 644 33 20 en
907 634 38 31 los
959 634 84 41 bajíos
1054 645 51 31 que

84 701 149 32 guarnecen
250 690 25 31 la
291 690 67 31 boca
375 690 42 30 del
435 695 94 36 puerlo
543 716 5 9 ,
568 690 146 30 viéndonos
731 689 153 42 precisados
900 691 15 30 á
931 700 108 32 esperar
1054 702 51 31 que

82 758 99 20 cesara.

122 805 87 41 Aquel
225 804 101 30 furioso
340 804 88 29 viento
442 828 6 11 ,
464 814 53 29 que
537 803 75 40 sopló
626 813 47 30 por
689 803 106 40 espacio
811 802 33 31 de
861 805 38 28 24
919 804 78 30 horas
1011 829 6 10 ,
1036 814 69 21 oca-

82 863 74 30 sionó
171 887 6 11 ,
197 872 84 31 segun
297 861 116 41 después
427 861 119 40 supimos
560 886 6 10 ,
591 860 23 30 la
632 860 110 41 pérdida
758 860 79 30 sobre
852 860 25 30 la
893 866 72 25 costa
982 861 33 31 de
1033 863 72 29 fier-

82 920 73 30 bería
168 943 7 12 ,
192 919 33 30 de
247 929 66 30 gran
336 920 110 28 número
463 918 32 30 de
511 917 106 41 buques
630 943 6 11 ,
656 927 51 20 uno
721 917 33 30 de
776 917 67 30 ellos
858 918 14 30 á
889 927 83 32 vapor
984 932 7 22 ;
1010 929 48 30 por
1081 919 24 30 lo

83 987 52 30 que
147 987 47 20 nos
210 976 216 40 congratulamos
440 976 12 28 á
465 976 20 28 sí
502 975 108 28 mismos
626 974 33 29 de
669 973 110 30 haberlo
793 974 101 40 pasado
914 974 144 41 abrigados
1074 986 31 19 en

83 1033 26 31 el
122 1038 43 26 tan
181 1042 98 30 seguro
292 1042 76 21 como
380 1031 92 41 alegre
489 1036 93 35 puerto
595 1030 33 29 de
640 1029 90 30 Malla.
