1241 2180
548 136 181 28 184

126 204 56 29 diré
196 204 22 28 la
236 203 32 29 de
284 213 63 30 que,
365 212 50 20 aun
432 201 53 41 hoy
507 199 43 31 dia
562 224 6 13 ,
598 200 85 30 siento
698 199 24 29 el
750 195 216 32 remordimiento
991 193 34 30 de
1038 193 35 29 mi
1095 192 50 29 mal

126 261 154 41 procederá
297 260 22 30 la
337 260 42 41 ley
391 259 33 31 de
437 270 29 19 su
485 259 85 30 buena
587 257 124 30 amistad.

168 319 21 29 A
207 319 22 29 la
247 329 45 19 vez
308 328 52 30 que
377 328 33 31 yo
425 317 25 30 lo
463 317 59 30 hice
534 341 7 10 ,
561 315 113 30 lambien
689 324 28 19 se
729 311 189 35 desembarcó,
943 320 63 31 para
1022 317 125 31 regresar

127 375 181 41 igoalmenteá
322 374 152 34 Barcelona,
489 374 23 29 el
523 378 57 25 olro
593 370 133 42 segundo;
740 370 89 39 amigo
839 380 32 18 no
886 377 91 20 menos
991 365 94 31 íntimo
1098 375 50 28 que

128 444 41 20 me
182 442 59 24 era.
260 443 16 28 y
289 442 67 29 cuya
373 430 111 31 amistad
501 440 128 20 conservo
644 427 114 31 lambien
782 436 51 20 aun
849 436 49 20 con
918 424 58 30 toda
994 434 30 19 su
1039 431 108 32 pureza.

170 491 27 29 El
212 492 9 27 1
231 492 16 27 3
259 490 33 29 de
305 499 88 31 mayo,
406 499 47 20 con
467 488 22 30 el
502 497 82 31 vapor
597 500 11 13 «
615 485 127 31 Vifredo»
755 484 89 40 llegué
854 483 33 30 de
901 491 108 31 regreso
1022 480 33 29 de
1068 489 81 31 aque-

129 547 35 31 lla
187 547 165 39 espcdicion
369 547 11 29 á
398 546 24 29 la
435 544 137 41 simpálica
586 542 143 31 Barcelona
742 566 6 10 ,
766 542 13 29 á
797 550 43 21 esa
859 539 72 41 perla
944 537 33 31 de
995 537 22 30 la
1035 538 114 39 España.

170 606 54 29 Fué
239 602 152 33 casualidad
408 612 63 31 que,
489 612 75 19 como
580 611 28 19 se
623 598 204 42 comprenderá,
844 607 40 20 rae
900 596 134 40 disgustó,
1054 593 24 31 al
1096 593 57 30 ba-

126 662 43 39 jar
182 662 21 28 la
226 660 116 30 escalera
358 659 42 30 del
420 657 144 31 «Vifredo»
579 667 61 31 para
654 657 65 28 irme
734 657 14 28 á
766 656 77 28 tierra
858 679 6 10 ,
894 663 28 20 se
938 652 92 30 desató
1046 651 107 39 impen-

130 718 150 30 sadamente
303 717 22 28 el
340 716 103 40 saquilo
459 725 52 31 que
529 717 62 27 traía
606 715 13 29 á
634 713 22 30 la
670 723 76 19 mano
758 722 31 19 en
804 712 23 28 el
845 721 53 30 que
912 709 61 31 iban
991 718 67 21 unos
1071 717 82 20 cuan-

132 780 38 25 tos
182 784 92 21 cascos
304 773 33 30 de
356 772 110 30 bombas
482 781 75 20 rusas
570 771 32 29 de
620 770 39 30 los
670 780 52 31 que
733 768 136 40 recogiera
886 778 30 18 en
935 767 23 29 la
975 766 102 30 Crimea
1090 773 63 32 para

132 843 55 29 reg:
198 832 49 35 lar,
272 842 14 30 y
311 841 27 20 se
354 840 114 31 cayeron
482 829 53 30 casi
554 828 73 30 lodos
639 828 23 29 al
674 837 80 30 agua.
770 827 46 29 Así
831 825 42 31 fué
887 835 51 30 que
954 825 13 29 á
983 833 80 31 pocas
1086 832 68 30 per-

133 899 78 21 sonas
229 888 68 40 piule
313 888 79 29 hacer
406 887 22 29 el
446 886 129 41 obsequio
590 910 5 10 ,
623 891 126 24 entonces
763 894 62 29 muy
841 881 168 42 apreciable,
1027 878 33 31 de
1076 878 78 31 ofre-

133 945 70 31 cerle
218 955 33 19 un
274 944 155 38 fragmento.

176 1002 19 28 A
214 1001 74 29 título
304 999 32 30 de
350 999 128 30 recuerdo
494 1009 129 20 conservo
641 998 103 30 todavía
761 1007 53 20 uno
827 1007 52 31 que
893 1006 41 20 me
948 995 107 30 reservé
1069 1018 6 10 ,
1091 1004 15 29 y
1120 1003 34 19 un

134 1058 113 30 bolecilo
262 1058 68 29 lleno
347 1057 32 30 de
394 1056 106 41 pólvora
512 1081 6 10 ,
538 1055 94 31 sacada
645 1055 33 30 de
693 1065 50 20 una
755 1054 96 30 bomba
865 1063 61 20 rusa
941 1063 52 30 que
1007 1056 147 26 encontra-

134 1126 56 19 mos
206 1115 39 29 sin
264 1115 122 29 rebentar
402 1125 31 18 en
450 1115 23 29 el
490 1124 94 29 campo
600 1112 187 31 atrincherado
803 1111 33 30 de
854 1111 39 29 los
909 1111 146 30 franceses.

176 1172 79 29 Como
272 1171 64 29 siete
352 1181 86 20 meses
461 1171 94 30 invertí
572 1181 31 19 en
617 1169 121 42 aquellos
759 1169 140 30 señalados
915 1169 84 40 viajes
1016 1178 52 31 que
1081 1168 13 30 á
1109 1176 49 31 po-

136 1237 45 20 cos
193 1227 140 41 españoles
350 1226 43 31 fué
413 1226 69 31 dado
498 1227 130 30 verificar.
656 1228 37 28 De
716 1226 66 30 ellos
796 1231 141 34 mantengo
950 1236 51 19 aun
1015 1226 77 28 vivas
1107 1235 51 19 re-

137 1285 194 29 miniscencias.
352 1286 139 28 Paréceme
516 1295 51 30 que
590 1284 60 41 oigo
673 1284 104 30 todavía
794 1284 23 30 el
832 1284 124 30 zumbido
972 1284 33 30 de
1017 1284 38 30 las
1070 1283 86 36 balas,

137 1342 22 29 el
184 1352 46 19 eco
246 1342 32 29 de
296 1342 37 29 los
347 1341 121 40 disparos
491 1352 16 29 y
523 1342 23 29 el
564 1341 93 29 sonido
678 1341 33 30 de
729 1341 37 29 los
782 1341 132 29 tambores
932 1352 15 29 y
963 1346 123 24 cornetas
1099 1365 6 10 ,
1124 1350 32 20 en

137 1399 121 40 aquellos
275 1400 87 28 tristes
379 1398 106 40 lugares
498 1409 5 19 :
531 1408 51 22 aun
599 1408 28 20 se
650 1403 153 36 representa
828 1398 15 30 á
871 1398 34 30 mi
931 1398 178 41 imaginación
1133 1397 25 30 el

137 1462 106 34 apáralo
259 1466 142 30 guerrero,
419 1455 23 30 la
459 1455 195 41 aglomeración
673 1455 160 30 tumultuosa
849 1454 33 31 de
905 1454 99 31 efectos
1019 1480 5 11 ,
1051 1456 22 29 el
1092 1465 65 31 gran

137 1513 169 29 movimiento
322 1513 144 29 marítimo:
491 1512 107 40 percibo
615 1511 115 30 también
757 1522 51 20 aun
826 1513 51 39 hoy
904 1512 24 30 la
952 1513 146 40 impresión
1124 1513 33 30 de

137 1569 120 40 aquellos
273 1569 137 30 dolorosos
426 1568 134 41 episodios
574 1593 6 10 ,
600 1568 67 30 fruto
681 1568 33 30 de
730 1568 174 31 encarnizada
919 1569 77 31 lucha
1010 1595 6 11 ,
1035 1581 52 30 que
1102 1576 55 24 tan-

140 1633 37 23 las
194 1636 77 20 veces
289 1631 59 25 luve
364 1635 50 31 que
432 1625 160 41 presenciar.
620 1627 36 28 En
673 1627 33 28 sin
719 1650 6 11 ,
744 1625 23 30 la
784 1625 104 41 imagen
905 1625 33 31 de
956 1626 22 30 la
995 1636 98 31 guerra
1109 1651 6 11 ,
1134 1627 24 29 el

139 1684 94 41 rugido
245 1684 32 29 de
291 1684 38 29 las
341 1683 186 40 tempestades,
543 1683 37 29 los
594 1682 163 41 naufragios,
774 1684 23 28 la
813 1683 113 30 crudeza
943 1684 43 29 del
1002 1684 63 36 frío,
1085 1684 72 37 lodo,

141 1741 59 31 lodo
216 1740 87 41 quedó
326 1740 118 41 grabado
460 1750 30 20 en
509 1740 34 30 mi
557 1740 126 30 memoria
699 1751 49 19 con
766 1740 22 30 la
805 1747 55 24 mas
878 1740 85 31 honda
980 1742 156 39 impresión.

181 1800 34 28 Es
231 1797 190 30 incontestable
434 1807 52 31 que
502 1803 55 24 olro
574 1797 60 30 silio
650 1807 75 20 como
741 1797 24 30 el
781 1797 33 30 de
831 1797 156 42 Sebastopol
1002 1824 6 11 ,
1026 1800 27 29 ni
1070 1810 28 19 se
1114 1800 46 29 ha-

142 1855 42 31 bia
201 1855 67 29 visto
284 1865 31 19 en
331 1855 100 39 ningún
446 1854 111 40 tiempo,
577 1854 25 29 ni
616 1864 29 19 es
661 1853 33 30 de
707 1864 109 31 esperar
831 1865 51 30 que
896 1855 25 31 lo
933 1855 70 42 haya
1019 1866 32 21 en
1066 1856 26 31 lo
1109 1866 53 22 ve-

142 1912 107 36 nidero;
264 1912 15 30 á
295 1910 24 31 lo
336 1921 91 20 menos
442 1921 33 21 no
491 1910 25 31 lo
530 1913 109 38 permita
655 1911 73 31 Dios.
