1241 2180
543 132 185 28 132

130 199 71 31 hubo
214 199 22 30 el
252 224 5 10 ,
273 197 134 43 preferido
423 197 32 30 de
477 196 39 31 los
531 196 133 31 franceses
678 220 6 10 ,
703 205 85 31 queso
810 193 32 31 de
865 194 137 40 Gruyere,
1027 192 77 41 higos
1120 192 32 31 de

129 256 119 30 Esmirna
265 281 5 9 ,
287 266 15 30 y
316 255 79 40 algún
409 254 88 30 dulce.
514 254 27 28 El
560 253 61 29 vino
634 262 106 31 aunque
756 257 104 25 costase
877 252 12 29 á
910 261 34 20 un
959 250 42 41 ojo
1015 249 32 31 de
1064 249 24 30 la
1099 260 53 20 ca-

125 322 30 21 ra
168 337 5 11 ,
193 322 27 20 se
233 311 158 31 encontraba
407 321 31 20 en
453 310 24 31 la
493 320 71 21 mesa
577 309 167 36 abundante,
760 320 16 29 y
790 308 103 30 buenos
907 307 95 31 sorbos
1019 317 28 20 se
1059 306 93 31 hacían

125 380 47 19 con
188 369 34 30 él.

167 425 77 32 Hubo
260 425 102 31 brindis
379 436 17 30 y
414 425 131 39 alegría:
572 423 106 41 aquella
706 422 83 42 pobre
810 426 79 37 gente
917 421 100 31 trataba
1043 420 33 31 de
1092 420 56 32 dis-

124 488 97 26 traerse
242 482 32 30 de
298 482 39 30 las
357 481 173 42 penalidades
546 480 32 30 de
595 491 29 19 su
642 481 129 28 situación
783 504 6 11 ,
809 490 17 30 y
842 479 42 30 del
901 479 148 29 inminente
1062 478 86 41 riesgo

122 549 51 30 que
186 564 5 10 ,
209 539 54 30 casi
276 538 189 35 diariamente,
480 537 84 31 corría
581 547 31 20 su
624 536 155 30 existencia.

165 596 75 38 ¡Bien
258 595 24 29 lo
298 595 133 29 merecían
442 596 4 28 !

166 652 86 29 Todos
265 652 90 29 vieron
366 651 125 30 acabarse
508 661 46 19 sus
565 650 57 29 dias
635 660 32 19 en
679 649 104 42 aquella
801 649 115 41 gloriosa
935 648 87 31 lucha.
1052 648 29 30 Ni
1096 658 49 20 uno

121 707 56 30 solo
192 709 106 37 regresó
309 709 13 27 á
337 718 28 18 su
382 707 82 39 patria
480 730 5 11 ,
500 716 47 19 con
563 706 22 29 la
600 716 51 30 que
667 711 68 24 lanío
751 705 145 41 pensaban.

162 765 37 28 No
213 763 85 41 puede
311 773 43 20 ser
372 763 103 40 ingralo
491 762 34 30 mi
541 772 110 19 corazón
664 763 14 29 á
691 762 38 29 las
746 762 137 29 bondades
901 772 52 30 que
970 771 48 20 nos
1033 761 111 40 dispen-

121 829 88 21 saron.
229 820 28 29 El
270 819 153 41 compasivo
440 818 129 31 recuerdo
580 829 51 30 que
647 818 35 30 mi
700 818 125 30 memoria
841 818 38 30 les
897 818 97 30 tributa
1010 842 6 11 ,
1035 818 109 31 sírvales

118 878 33 29 de
164 877 133 30 merecido
310 877 141 39 galardón.

160 934 39 29 Ya
215 933 136 30 oscurecía
365 933 103 30 cuando
491 944 48 19 nos
552 933 163 29 levantamos
728 932 33 30 de
782 933 23 29 la
823 942 83 20 mesa.
926 935 122 38 Después
1060 932 33 30 de
1110 942 35 20 un

119 995 56 25 ralo
192 989 194 41 emprendimos
403 995 108 24 nueslro
527 1000 108 30 regreso
651 990 14 29 á
679 989 99 35 bordo,
798 989 251 41 acompañándonos
1066 989 22 30 el
1103 999 42 20 ca-

119 1046 71 40 pitán
204 1048 75 27 Mells
299 1045 73 30 hasla
385 1055 55 21 mas
457 1046 51 30 allá
521 1045 42 31 del
578 1046 160 30 cementerio
752 1046 197 41 perteneciente
966 1047 13 30 á
994 1046 24 31 la
1037 1047 42 30 4.°
1095 1045 50 31 di-

118 1104 86 29 visión
218 1127 6 11 ,
238 1103 23 29 el
279 1103 58 29 cual
354 1112 43 20 era
413 1108 164 25 sumamente
591 1108 116 25 eslenso.

158 1160 22 28 A
193 1160 82 29 bordo
292 1160 127 39 llegamos
431 1170 52 30 que
496 1170 44 19 era
568 1170 30 30 ya
612 1160 33 29 de
662 1160 98 35 noche,
790 1160 41 31 sin
858 1160 134 32 habernos
1016 1161 124 32 ocurrido

117 1226 49 29 por
182 1215 22 29 el
219 1215 101 29 camino
338 1215 22 29 la
375 1224 55 20 mas
442 1215 108 29 mínima
567 1215 131 30 novedad.

158 1271 21 30 A
200 1271 40 30 los
256 1271 47 30 dos
320 1271 56 29 dias
392 1271 164 30 concluimos
578 1277 105 24 nuestra
701 1271 128 43 descarga
843 1285 6 18 :
869 1275 40 28 sin
927 1274 115 30 dilación
1061 1286 16 29 y
1093 1285 49 19 con

117 1326 60 31 toda
194 1337 121 30 premura
331 1353 5 10 ,
366 1337 47 20 nos
438 1327 127 30 lastraron
580 1338 47 30 por
653 1328 39 30 los
709 1329 101 30 medios
827 1331 101 28 activos
954 1341 52 30 que
1032 1331 110 29 última-

116 1389 102 30 mente,
237 1389 76 34 tengo
324 1383 129 35 referido,
469 1394 28 19 se
510 1383 95 31 habían
619 1384 147 41 adoptado;
782 1386 207 31 ordenándonos
1003 1387 63 30 salir
1080 1397 62 32 para

116 1441 215 39 Constantinopla
350 1445 40 24 tan
408 1445 92 35 pronto
516 1451 75 19 como
609 1441 160 31 tuviéramos
786 1442 175 32 embarcados
989 1455 71 20 unos
1085 1447 57 28 150

116 1496 107 30 heridos
240 1507 52 28 que
304 1507 48 18 nos
365 1496 147 29 mandaban
525 1496 42 29 del
585 1503 193 34 campamento.

159 1553 87 40 Algún
266 1552 43 30 dia
336 1557 72 25 antes
435 1552 32 30 de
487 1553 78 34 salir,
591 1563 33 20 no
646 1564 42 19 me
713 1555 116 30 acuerdo
859 1563 183 26 exactamente
1069 1559 71 37 cual,

116 1609 95 30 fuimos
225 1610 12 29 á
253 1609 22 30 la
291 1609 130 39 capitanía
438 1608 42 30 del
494 1614 91 36 puerlo
602 1619 62 31 para
679 1611 118 30 solicitar
812 1623 35 19 un
862 1614 132 40 permiso,
1016 1627 16 30 y
1049 1618 92 28 mien-

115 1669 53 26 tras
190 1664 187 42 esperábamos
391 1675 30 20 en
438 1665 23 30 el
480 1675 100 31 zaguán
602 1668 105 29 ocasión
722 1668 33 30 de
771 1668 84 41 poder
871 1676 89 25 entrar
975 1682 31 19 en
1022 1673 24 29 la
1060 1673 81 30 ofici-

116 1731 32 20 na
161 1721 41 30 del
216 1721 54 41 jefe
281 1745 4 11 ,
301 1732 152 30 reparamos
465 1733 32 19 en
510 1722 48 31 dos
574 1723 148 31 caballeros
735 1735 53 31 que
801 1736 47 20 nos
861 1729 157 38 parecieron
1033 1730 107 31 milita-

116 1789 41 20 res
171 1803 5 10 ,
196 1789 62 30 pero
275 1789 32 19 no
324 1779 116 40 ingleses
456 1780 26 30 ni
506 1779 132 32 franceses
661 1792 83 30 segun
767 1783 122 31 indicaba
912 1796 31 20 su
966 1787 170 31 vestimenta.

115 1835 113 30 Estaban
240 1836 123 30 sentados
379 1838 13 29 á
408 1847 35 20 un
455 1836 58 31 lado
526 1837 43 30 del
580 1843 91 24 cuarto
687 1839 40 29 sin
741 1842 162 37 pronunciar
918 1843 109 40 palabra
1042 1869 5 11 ,
1063 1855 76 20 como

116 1901 52 32 que
185 1901 141 32 esperasen
340 1892 107 41 alguien
463 1893 121 31 absortos
600 1904 32 20 en
651 1905 45 20 sus
712 1897 206 38 pensamientos.
939 1900 65 30 Iban
1021 1901 120 32 envuel-
