1241 2180
509 117 161 27 47

76 183 38 26 tes
130 188 50 20 una
193 178 72 35 bala,
278 180 25 34 ó,
322 189 75 19 como
414 179 25 29 lo
452 178 165 30 nombraban
630 179 78 36 ellos,
723 179 155 41 cualquiera
890 179 33 30 de
938 180 39 29 los
988 179 109 31 muchos

75 235 104 41 regalos
192 235 33 31 de
240 235 39 30 los
289 246 89 25 rusos,
394 235 14 30 á
424 235 143 31 ofrecerles
583 235 66 31 siete
664 235 103 41 palmos
779 236 33 30 de
824 241 103 26 terreno
938 237 6 29 !

117 293 32 30 Al
166 293 106 41 ejército
289 303 27 20 se
333 292 24 31 le
374 293 102 41 pagaba
492 293 67 30 cada
574 295 36 28 15
633 293 73 30 dias:
739 293 74 30 hasla
839 294 14 29 á
869 293 39 30 los
924 291 125 32 soldados
1073 291 25 30 lo

76 350 92 30 hacían
182 360 47 20 con
243 360 56 26 oro,
318 361 63 30 que,
399 360 62 30 para
478 350 24 30 el
516 360 73 26 caso,
607 354 133 26 acuñaron
755 360 32 20 en
800 350 110 29 Francia
926 359 64 31 gran
1007 348 91 31 canti-

76 406 51 30 dad
143 417 31 19 en
190 406 126 30 monedas
327 406 33 30 de
371 406 75 30 cinco
458 406 120 35 francos;
599 406 169 40 yeslohacia
785 405 151 31 dificultoso
952 405 23 30 el
992 405 105 31 cambio

76 472 31 20 en
121 461 38 31 las
173 462 207 34 transacciones,
392 472 101 30 porque
507 472 28 20 se
548 462 102 30 carecía
668 461 32 31 de
712 461 68 41 plata
797 461 125 30 menuda.

118 519 36 30 Lo
168 528 55 22 mas
237 530 51 31 que
301 520 84 30 corría
399 528 61 21 eran
475 519 89 41 piezas
575 519 33 30 de
622 528 45 21 oro
678 518 32 31 de
723 520 36 29 20
773 517 114 32 francos.
900 518 55 30 Con
970 522 68 25 tanto
1049 517 49 31 bu-

75 585 52 31 que
143 585 75 20 como
232 575 70 41 llegó
315 576 14 29 á
341 575 118 30 reunirse
471 585 32 20 en
515 574 24 31 el
553 580 94 36 puerto
659 586 28 19 se
699 575 139 41 consiguió
852 584 47 21 ver
908 574 115 31 circular
1039 574 56 41 pie-

75 641 42 21 zas
133 632 32 31 de
179 632 70 41 plata
262 643 52 31 que
329 632 151 31 facilitaban
499 633 38 30 los
550 632 96 31 cobros
662 643 17 30 y
695 643 99 30 pagos;
812 643 64 30 pero
900 632 44 29 allí
969 641 62 20 eran
1058 631 40 30 los

74 699 96 31 apuros
187 700 62 31 para
265 698 93 23 contar
385 695 69 26 tanta
471 690 125 31 variedad
611 689 32 31 de
666 689 126 31 monedas
808 689 33 30 de
854 699 51 21 uno
919 690 14 29 á
946 694 56 25 otro
1025 699 72 20 con-

72 748 35 28 fín
124 747 41 30 del
182 747 90 40 globo,
288 757 105 32 aunque
407 748 24 30 lo
444 758 52 30 que
513 757 55 21 mas
584 747 142 30 abundaba
742 757 62 20 eran
825 747 115 35 francos,
970 747 124 40 piastras,

73 803 138 36 shellines,
227 804 103 35 rublos,
348 809 105 35 péselas
468 815 15 29 y
500 804 117 30 florines.

116 860 73 31 Todo
204 861 67 29 tenia
281 870 77 21 curso
369 871 48 20 con
431 860 104 30 valores
547 859 164 31 arbitrarios.
731 861 65 28 Para
812 869 32 19 no
861 858 63 30 salir
937 858 158 40 perjudica-

73 916 45 37 do,
137 927 43 20 era
195 923 132 24 menester
339 917 94 30 mucha
450 917 124 30 memoria
594 927 15 28 y
624 916 88 31 buena
725 916 157 31 aritmética.

115 975 50 29 Las
181 984 74 20 casas
266 974 33 29 de
314 974 25 30 la
353 974 138 41 población
503 973 32 30 de
552 973 154 35 Kamiesch,
722 983 52 30 que
790 972 39 30 los
845 972 133 30 franceses
992 971 101 31 distin-

73 1031 80 41 guían
169 1030 144 32 solamente
329 1041 48 20 con
393 1030 24 31 el
434 1030 110 31 nombre
556 1030 99 41 pueblo
669 1030 50 39 (La
735 1030 78 38 ville)
827 1054 6 10 ,
851 1040 33 19 no
900 1039 62 19 eran
974 1038 55 20 mas
1043 1038 50 31 que

72 1087 101 31 tiendas
187 1088 32 29 de
229 1092 127 36 campaña
368 1099 15 29 y
400 1093 86 25 toscas
502 1087 135 35 barracas,
653 1087 61 30 bien
731 1085 147 37 alineadas,
894 1096 120 29 empero,
1032 1085 61 29 for-

70 1144 96 30 mando
179 1150 85 24 rectas
276 1155 17 30 y
309 1144 163 30 anchurosas
488 1143 96 30 calles:
605 1142 74 31 todas
695 1152 61 21 eran
774 1143 120 40 especies
907 1141 34 31 de
957 1141 136 41 pulperías

71 1212 17 30 y
103 1201 155 40 bodegones
273 1200 24 30 al
318 1201 95 28 mismo
427 1201 108 39 tiempo,
554 1199 109 30 estando
680 1199 61 30 bien
768 1198 167 31 abastecidas
960 1198 32 30 de
1021 1197 69 31 lodo.

69 1258 23 30 A
108 1258 39 30 las
164 1257 123 41 espaldas
303 1256 33 31 de
353 1256 65 30 ellas
435 1267 27 19 se
477 1256 75 29 veian
566 1256 38 28 los
618 1255 124 30 soldados
767 1265 53 30 que
850 1254 109 30 estaban
988 1254 105 30 francos

69 1316 78 40 aquel
165 1315 54 35 dia,
249 1314 123 31 sentados
389 1324 31 21 en
438 1314 23 30 el
483 1313 74 31 suelo
574 1312 136 31 formando
732 1323 86 25 corro,
844 1312 138 30 comiendo
999 1323 17 29 y
1038 1312 55 30 be-

68 1372 97 30 biendo
182 1371 102 30 buenos
301 1376 88 35 Iragos
402 1369 33 31 de
451 1380 34 20 un
502 1369 61 30 vino
580 1379 63 30 muy
656 1368 163 31 católico....
839 1378 48 30 por
904 1367 23 30 lo
940 1378 64 30 muy
1017 1367 75 30 bau-

69 1428 94 31 tizado.
182 1430 36 27 No
231 1427 121 30 obstante
369 1437 43 20 era
425 1436 81 30 capaz
522 1436 51 19 aun
590 1425 33 30 de
639 1425 78 30 hacer
733 1424 95 41 perder
844 1424 39 30 los
895 1423 113 32 estribos
1025 1425 13 29 á
1052 1425 40 30 los

68 1494 57 20 mas
138 1483 171 36 aficionados,
326 1494 67 30 pues
407 1483 78 30 habia
498 1482 34 29 de
543 1482 66 30 ellos
625 1492 52 30 que
689 1481 161 40 regresaban
866 1481 23 29 al
907 1487 184 34 campamento

68 1541 238 36 bamboleándose;
325 1552 17 30 y
358 1541 73 30 hasta
448 1539 88 42 puedo
561 1549 127 30 asegurar
718 1549 52 29 que
792 1538 97 40 alguno
917 1548 28 20 se
969 1538 120 40 quedaba

69 1609 31 20 en
117 1599 23 29 el
157 1599 102 29 camino
275 1599 13 29 á
302 1598 99 29 dormir
418 1597 23 29 la
458 1606 77 20 mona
546 1595 73 31 hasla
632 1595 22 30 el
669 1595 42 30 dia
728 1595 142 39 siguiente.

110 1657 54 38 ¿Se
180 1654 33 31 ha
235 1654 32 31 de
284 1655 136 40 vituperar
435 1654 79 41 aquel
530 1653 70 29 vicio
614 1663 52 30 que
679 1652 33 30 lal
731 1662 46 19 vez
793 1653 110 29 muchos
919 1652 169 41 adquirieran

66 1712 52 31 allá
132 1737 6 11 ,
154 1722 48 30 por
218 1712 24 29 la
254 1711 63 31 falta
328 1711 123 31 absoluta
468 1709 33 31 de
518 1709 60 31 loda
590 1714 56 25 otra
658 1709 161 30 distracción
829 1709 13 28 ?

108 1771 36 29 Lo
161 1770 143 41 particular
328 1779 44 20 era
397 1779 52 31 que
466 1768 25 30 al
504 1777 64 31 paso
585 1777 53 31 que
654 1767 40 30 los
711 1766 117 41 ingleses
844 1776 28 20 se
885 1765 143 42 alegraban
1040 1777 47 20 con

65 1826 111 32 bebidas
189 1826 160 32 alcohólicas
363 1850 7 11 ,
389 1825 38 31 los
441 1825 135 31 franceses
592 1835 28 19 se
637 1823 140 30 limitaban
794 1822 23 31 al
835 1833 76 20 zumo
923 1823 32 30 de
971 1823 26 31 la
1014 1824 71 30 viña.
