1241 2180
530 127 183 27 165

111 188 124 28 Notamos
248 198 53 29 que
318 188 39 29 los
369 198 77 20 rusos
463 198 27 20 se
507 188 120 30 cebaban
650 199 33 19 en
698 189 135 31 mallralar
849 190 22 31 la
885 189 101 32 balería
1002 201 52 31 que
1070 190 66 31 tenia

108 244 15 31 á
139 255 31 19 su
182 254 82 29 cargo
281 255 49 19 una
348 244 106 31 sección
470 244 33 31 de
520 245 40 30 los
573 245 116 31 marinos
706 245 32 31 de
755 246 23 31 la
795 247 141 30 escuadra.

150 302 96 39 ¿Seria
261 302 97 41 ojeriza
372 312 52 31 que
442 313 28 19 se
487 302 39 30 les
544 302 121 30 tendría?
683 305 41 38 ¿Y
739 306 129 39 porqué?
885 307 64 29 Para
966 307 35 29 mí
1020 316 51 20 aun
1087 305 51 42 hoy

108 359 25 31 lo
150 370 49 19 veo
215 359 156 30 encubierto
384 370 49 19 con
447 360 24 29 el
486 360 59 29 velo
557 360 42 29 del
616 360 130 30 misterio.

149 416 248 31 Estremecimiento
419 416 117 31 causaba
552 417 58 40 fijar
627 417 23 30 la
675 417 179 41 imaginación
882 429 33 19 en
935 419 24 29 el
980 420 110 29 número
1107 419 31 30 de

108 475 122 30 víctimas
244 484 52 30 que
313 474 75 29 hacia
401 474 65 29 cada
480 474 100 30 minuto
597 474 78 40 aquel
693 479 105 35 estrago
811 475 42 30 del
867 476 84 39 poder
966 476 126 31 humano.

149 532 38 28 En
205 531 79 29 tierra
298 541 47 30 por
359 531 38 29 las
410 531 207 29 inmediaciones
634 530 42 30 del
694 536 92 35 puerlo
800 556 5 10 ,
824 531 60 30 lodo
907 532 24 30 el
944 532 99 31 mundo
1060 543 79 21 mos-

110 588 73 31 traba
197 588 122 40 aquellos
336 587 57 30 dias
408 613 6 10 ,
434 597 51 20 una
498 587 141 41 inquietud
650 587 156 31 indefinible
822 614 5 10 ,
843 598 51 21 una
911 598 68 32 vaga
1000 590 139 40 aprehen-

109 645 57 30 sión
178 658 6 22 ;
210 644 33 30 de
259 654 109 20 manera
384 654 51 31 que
452 654 34 20 un
503 644 90 30 recelo
617 645 12 29 á
648 645 147 40 semejanza
825 644 33 30 de
884 655 98 31 pavor,
1014 646 125 40 apartaba

109 701 75 30 hasta
200 701 24 30 el
238 710 55 20 mas
311 700 132 41 profundo
460 700 80 30 deseo
554 700 33 30 de
603 700 25 30 la
651 706 87 24 mente
754 700 33 30 de
803 701 156 40 cualquiera
972 713 52 29 que
1037 708 102 24 enten-

110 757 48 31 der
173 768 34 19 no
222 757 101 30 tuviera
340 768 49 19 con
406 757 24 30 la
446 763 74 35 parte
536 757 86 30 activa
638 757 33 29 de
687 757 24 30 la
728 767 95 30 guerra
836 770 7 23 ;
862 757 125 40 apartaba
1002 757 24 30 el
1042 757 94 37 deseo,

109 815 63 41 digo
183 840 6 11 ,
203 814 33 31 de
253 815 94 30 visitar
358 815 23 30 el
393 819 185 37 campamento
594 813 112 31 durante
723 814 22 30 el
763 813 109 42 período
888 813 33 31 de
935 819 41 25 tan
988 813 151 32 desastrosa

109 873 103 29 acción.

151 930 52 29 Los
219 929 95 29 navios
330 928 94 30 hacian
441 928 14 30 á
471 928 75 29 favor
562 927 33 30 de
612 938 46 19 sus
674 927 146 41 poderosas
847 928 140 39 máquinas
1002 928 136 29 continuas

110 985 173 31 evoluciones
297 1010 6 10 ,
321 984 180 41 aparentando
520 994 97 31 querer
633 989 89 24 entrar
737 994 31 19 en
784 984 92 29 acción
889 993 64 30 para
969 994 129 30 cooperar
1114 981 24 32 al

109 1042 165 30 bombardeo
290 1042 109 41 general
413 1067 6 10 ,
446 1051 49 21 con
512 1041 23 30 el
552 1039 155 42 primordial
725 1039 88 41 objeto
829 1039 33 31 de
878 1044 117 26 atraerse
1018 1040 24 30 la
1055 1045 83 26 aten-

109 1100 58 31 ción
181 1099 33 30 de
231 1109 51 19 una
302 1104 74 34 parte
392 1098 34 30 de
453 1098 39 29 los
518 1097 99 30 fuertes
633 1097 152 40 enemigos,
819 1096 122 31 librando
969 1099 14 28 ó
1001 1097 137 30 aliviando

109 1168 48 20 con
175 1156 52 31 ello
243 1157 14 28 á
271 1155 39 31 las
324 1155 115 30 balerías
456 1155 33 29 de
505 1155 95 33 tierra,
615 1153 33 31 de
662 1164 93 29 mayor
772 1154 215 39 hostigamiento.

151 1215 21 29 A
189 1223 79 32 pesar
292 1213 33 30 de
342 1212 78 36 lodo,
446 1222 28 20 se
490 1211 44 31 fué
547 1210 167 32 observando
731 1221 48 30 por
790 1210 93 31 último
897 1221 52 31 que
967 1212 23 30 el
1009 1211 80 42 fuego
1105 1211 33 32 de

108 1271 40 31 los
159 1270 111 31 sitiados
286 1269 143 29 dominaba
443 1277 52 21 aun
508 1268 24 30 al
549 1266 33 32 de
593 1267 39 30 los
645 1266 153 38 sitiadores,
813 1277 29 20 es
857 1267 89 35 decir,
964 1279 52 30 que
1030 1269 24 29 el
1070 1269 68 30 daño

109 1327 92 32 estaba
231 1325 188 42 reciprocado;
451 1335 47 30 por
524 1325 26 29 lo
566 1334 51 31 que
634 1334 29 20 se
679 1326 83 39 pensó
781 1323 107 31 desistir
911 1324 43 30 del
972 1325 83 29 asalto
1076 1335 62 30 para

108 1394 128 32 preparar
248 1384 85 40 mejor
348 1393 31 20 su
396 1383 81 30 éxito.

151 1444 34 28 Se
201 1441 80 30 habia
293 1439 181 42 conseguido,
490 1443 42 26 tan
545 1437 161 37 solamente,
724 1448 48 30 por
787 1442 75 36 parte
881 1436 32 31 de
930 1436 39 31 los
983 1436 116 37 aliados,
1114 1436 24 31 la

108 1498 182 32 consumición
320 1497 34 30 de
370 1496 129 30 infinidad
525 1494 33 31 de
586 1494 165 31 municiones
777 1493 39 31 sin
843 1493 69 30 fruto
929 1493 115 41 alguno;
1064 1498 74 25 antes

107 1556 63 31 bien
186 1555 98 31 habían
308 1552 215 43 esperimentado
540 1552 23 29 la
578 1551 119 40 segunda
715 1550 104 30 lección
836 1551 33 29 de
885 1549 172 31 inferioridad
1076 1559 62 21 ma-

108 1613 86 32 terial.
214 1613 22 28 Y
252 1622 33 19 no
297 1611 44 30 fué
357 1620 52 21 aun
423 1619 45 21 esa
484 1608 102 31 lección
603 1608 24 29 la
640 1608 93 30 última
750 1607 27 29 ni
791 1607 24 30 la
837 1616 56 20 mas
917 1607 152 40 sangrienta
1086 1617 52 30 que

107 1671 131 31 sufrieron
249 1681 5 18 :
279 1668 23 31 el
314 1667 164 32 bombardeo
491 1663 182 44 acompañado
686 1663 33 31 de
736 1663 25 31 la
777 1663 127 31 tentativa
921 1663 33 31 de
971 1663 83 30 asalto
1067 1673 32 20 en
1114 1663 24 30 el

105 1739 57 19 mes
178 1727 32 30 de
224 1727 77 39 junio
314 1726 121 40 próximo
449 1750 6 11 ,
472 1724 25 30 lo
510 1723 129 41 justifica.

146 1784 32 31 Al
203 1786 34 28 fin
254 1784 108 41 aquella
376 1781 170 42 granizada
570 1779 33 31 de
628 1778 161 43 proyectiles
802 1777 33 31 de
863 1777 73 30 todas
952 1777 88 30 clases
1068 1788 68 30 que,

104 1843 116 41 repetiré
242 1840 125 32 diciendo
378 1865 6 10 ,
412 1840 40 30 sin
477 1848 75 22 cesar
568 1838 26 30 ni
609 1847 48 31 por
673 1846 34 21 un
725 1840 133 26 momento
883 1845 28 20 se
938 1834 100 31 hiciera
1055 1834 82 31 sentir

104 1909 49 30 por
165 1899 107 40 espacio
286 1897 33 31 de
332 1902 53 26 tres
402 1896 57 31 dias
474 1920 7 13 ,
500 1895 101 31 recibió
617 1895 24 29 la
658 1893 74 30 señal
748 1892 34 31 de
794 1892 92 41 aflojar
899 1902 32 20 en
948 1902 30 20 su
993 1890 141 43 fogosidad
