1241 2180
501 115 182 28 119

79 174 90 30 cibido
181 175 25 30 la
219 181 55 25 otra
289 187 46 19 vez
349 201 6 10 ,
371 187 49 30 por
432 177 22 29 ir
467 177 72 30 solos
554 202 6 11 ,
576 177 177 40 aguardamos
770 188 55 20 mas
836 177 62 31 bien
910 203 6 12 ,
932 188 46 21 ver
990 184 73 25 antes
1080 179 25 30 al

79 232 110 40 antiguo
205 233 89 40 amigo
310 234 105 40 capilan
431 235 78 29 Metls
523 259 5 10 ,
543 244 62 31 para
627 245 52 30 que
692 245 47 20 nos
758 235 142 30 informara
916 237 14 28 ó
954 237 92 39 guiara
1062 260 5 12 ,
1093 237 15 29 á

79 289 36 30 fin
127 288 33 32 de
176 289 23 31 ir
214 300 48 20 con
278 289 59 31 toda
350 290 160 39 seguridad.

121 348 24 29 A
161 347 39 30 los
216 348 76 29 cinco
305 348 57 29 dias
378 348 33 30 de
427 353 71 25 eslar
513 359 32 18 en
569 348 153 36 Kamiesch,
741 359 48 20 nos
805 349 62 30 vino
892 350 15 29 á
930 360 48 20 ver
993 350 14 30 á
1023 349 83 31 bordo

79 403 79 31 dicho
175 404 100 41 amigo,
295 415 15 30 y
327 404 117 41 después
457 404 32 31 de
507 405 39 30 los
559 406 151 40 recíprocos
726 406 122 40 agasajos
864 406 33 30 de
919 407 122 39 simpatía
1055 416 51 31 que

79 471 34 20 no
130 461 138 41 podíamos
280 472 92 19 menos
385 461 33 30 de
432 460 213 37 manifestarnos,
658 468 133 24 entramos
804 473 31 19 en
851 464 189 29 conversación
1051 474 56 29 ge-

80 518 84 30 neral.
185 519 115 29 Tocante
317 519 13 29 á
354 524 108 24 nuestro
478 518 92 34 deseo,
598 519 23 29 el
638 519 59 29 cual
714 519 24 29 le
752 519 209 35 manifestamos,
979 530 48 19 nos
1053 519 54 41 dijo

80 586 65 31 que,
153 575 106 31 cuando
276 576 119 30 volviera
409 577 13 29 á
437 582 70 25 eslar
517 576 91 31 franco
621 587 75 20 como
708 576 24 30 lo
749 576 91 31 estaba
852 577 78 40 aquel
945 577 94 30 mismo
1051 576 55 36 dia,

79 632 112 31 vendría
208 632 62 30 bien
288 638 136 36 temprano
442 643 47 31 por
505 633 24 29 la
546 637 112 25 mañana
676 642 63 32 para
753 637 209 37 acompañarnos
974 633 24 30 él
1012 633 95 29 mismo

80 691 15 30 á
108 690 80 31 hacer
200 700 52 20 una
269 690 137 30 escursion
422 701 48 29 por
482 690 39 30 las
535 690 159 37 trincheras,
714 701 16 30 y
746 701 52 30 que
822 692 173 28 comeríamos
1012 701 48 19 con
1083 690 24 30 él

81 757 31 21 en
129 758 32 19 su
175 746 88 31 tienda
280 747 33 30 de
329 751 141 35 campaña.

122 806 51 28 Nos
189 813 155 32 separamos
360 814 50 20 con
427 803 24 30 la
467 813 144 32 esperanza
623 803 33 31 de
672 804 142 30 volvernos
827 805 15 29 á
857 814 47 20 ver
919 809 93 36 pronto
1030 814 17 30 y
1062 814 47 20 ver

80 860 152 40 cumplidos
246 864 124 28 nuestros
382 860 108 29 deseos.

125 917 155 40 Seguimos,
294 916 122 30 forzados
429 916 13 29 á
455 915 144 41 descargar
616 916 236 40 paulatinamente,
871 916 40 29 sin
929 915 82 30 haber
1034 916 75 29 teni-

81 973 33 31 do
126 974 25 30 la
165 984 92 19 menor
269 972 123 31 novedad
405 972 75 30 hasta
496 972 23 30 el
537 972 42 29 dia
598 974 50 33 20,
675 983 53 29 que
745 982 122 31 pasamos
884 983 51 19 uno
952 972 32 30 de
1001 972 39 29 los
1053 981 56 20 mas

81 1030 86 30 malos
183 1035 70 25 ratos
269 1029 33 30 de
321 1028 56 30 loda
392 1028 107 40 aquella
512 1032 129 36 campaña
658 1027 221 41 espedicionaria.

123 1088 52 28 Por
186 1087 24 29 la
222 1086 85 30 noche
323 1084 43 31 del
378 1084 174 31 mencionado
568 1084 54 36 dia,
638 1084 117 41 después
771 1083 33 31 de
828 1083 83 31 haber
927 1084 91 30 estado
1040 1094 69 20 reu-

79 1143 77 30 nidos
173 1142 94 30 dentro
280 1142 25 29 la
316 1143 105 28 cámara
437 1143 14 28 á
464 1150 79 32 pasar
559 1141 24 29 la
597 1140 95 30 velada
708 1150 75 20 cerca
801 1140 23 30 la
838 1139 100 37 estufa,
957 1139 152 31 costumbre

80 1210 52 31 que
145 1199 138 30 habíamos
300 1197 132 41 adoptado
445 1206 64 31 para
522 1197 74 29 todos
609 1197 39 29 los
664 1196 59 30 dias
747 1195 158 31 careciendo
922 1196 33 30 de
968 1201 55 25 olra
1045 1196 64 30 dis-

81 1258 127 34 tracción,
223 1267 49 19 nos
289 1256 132 34 subimos,
440 1255 87 30 serian
543 1254 39 30 las
598 1264 98 25 nueve,
716 1253 78 30 sobre
822 1253 131 36 cubierta,
977 1263 64 31 para
1063 1263 46 20 ver

80 1314 25 31 el
121 1320 107 35 aspecto
245 1324 52 29 que
311 1317 154 37 presentara
476 1311 25 31 el
521 1312 95 40 tiempo
630 1324 7 23 ;
665 1320 62 21 cosa
754 1320 53 31 que
829 1320 34 20 no
886 1309 223 31 descuidábamos

79 1372 81 30 hacer
172 1371 74 31 todas
261 1371 39 29 las
316 1369 100 31 noches
432 1374 74 24 antes
517 1368 33 29 de
565 1373 165 24 acostarnos.

121 1429 30 30 El
167 1429 69 30 cielo
249 1427 91 31 estaba
352 1437 36 20 un
405 1431 72 26 tanto
490 1424 164 41 encapotado
670 1435 17 29 y
703 1422 225 42 relampagueaba
945 1433 31 19 en
993 1423 24 29 el
1034 1422 75 30 hori-

80 1491 86 30 zonte,
185 1485 105 30 señales
307 1494 53 31 que
376 1493 33 20 no
426 1492 62 21 eran
516 1491 63 30 muy
596 1480 33 30 de
645 1479 131 41 agradar;
795 1489 63 30 pero
874 1479 24 29 el
924 1478 88 30 viento
1028 1478 81 39 dejá-

79 1543 65 31 base
160 1541 56 31 solo
233 1541 82 30 sentir
331 1550 84 20 suave
427 1540 15 28 é
458 1538 85 41 igual,
562 1537 24 30 el
599 1536 151 31 barómetro
766 1535 169 41 permanecía
951 1545 52 19 aun
1025 1544 32 20 en
1073 1545 36 19 un

79 1601 124 30 mediano
216 1608 122 26 ascenso,
353 1608 17 31 y
388 1607 48 30 por
452 1601 56 24 olra
532 1599 75 36 parte
620 1593 151 30 estábamos
787 1591 60 31 bien
863 1590 163 35 amarrados,
1045 1600 64 31 para

79 1658 75 39 dejar
169 1656 33 31 de
218 1656 48 30 irá
278 1655 145 30 descansar
435 1652 41 31 sin
493 1651 127 32 cuidado.

119 1717 81 33 Pues,
215 1713 179 34 cabalmente,
412 1710 107 41 aquella
532 1708 83 31 noche
629 1717 29 20 se
674 1706 107 30 declaró
798 1715 53 20 una
864 1709 121 26 muestra
1001 1704 42 30 del
1065 1704 44 30 ri-

79 1783 99 31 guroso
189 1772 122 30 invierno
322 1780 33 20 en
366 1769 23 31 el
406 1769 57 29 Mar
478 1768 98 38 Negro,
592 1776 17 29 y
631 1774 29 20 se
675 1762 133 43 patentizó
825 1762 24 30 la
868 1761 173 41 inseguridad
1065 1761 44 31 del

78 1835 95 37 puerto
189 1828 33 31 de
237 1826 156 36 Kamiesch,
409 1835 48 31 por
469 1824 25 30 lo
507 1833 102 24 menos,
626 1830 64 32 para
703 1820 38 30 los
758 1828 114 32 vapores
885 1828 51 31 que
952 1828 47 20 nos
1016 1817 92 31 tocaba

79 1894 70 25 eslar
164 1897 58 20 mas
238 1895 77 21 cerca
331 1884 34 31 de
389 1883 25 31 la
429 1883 67 30 boca
520 1892 15 29 y
559 1878 142 32 colocados
717 1877 33 31 de
775 1878 88 29 través
874 1877 14 30 á
904 1876 66 37 ella;
989 1876 119 41 posición
