1241 2180
553 115 38 27 77

53 174 82 31 usada
150 184 50 20 con
213 181 121 24 nosotros
348 188 6 23 ;
370 175 62 30 bien
445 187 51 29 que
510 188 31 18 su
554 177 92 29 estado
659 177 60 40 algo
740 177 86 30 beodo
842 188 32 19 en
887 177 121 41 aquellas
1025 177 57 31 ho-

53 240 44 22 ras
110 255 6 12 ,
136 231 24 29 le
172 231 156 30 subsanaba
341 232 15 29 á
368 237 110 25 nuestro
487 233 95 39 juicio.

96 289 22 29 A
133 287 83 31 bordo
233 287 129 39 llegamos
374 289 15 29 á
403 288 38 31 las
452 299 87 20 nueve
550 288 33 31 de
595 289 25 30 la
630 289 97 36 noche,
741 300 48 20 con
808 295 69 25 lante
899 291 98 40 apetito
1010 300 75 20 como

57 344 140 31 cansancio
210 355 6 26 ;
237 344 235 41 proponiéndonos
485 355 32 20 no
534 345 93 30 volver
643 345 25 30 al
683 352 184 34 campamento
883 347 58 29 sino
957 357 49 19 con
1030 356 55 20 mas

58 400 172 41 prevención.

98 458 38 29 Ya
152 468 28 19 se
196 457 83 31 habrá
297 457 97 30 nolado
412 482 5 11 ,
436 469 49 29 por
508 458 25 30 lo
558 469 52 30 que
624 469 47 20 nos
686 458 55 41 dijo
763 459 24 30 el
804 459 143 40 gendarme
960 484 7 12 ,
986 469 52 31 que
1053 469 33 20 no

58 515 98 31 fuimos
173 520 120 26 nosotros
309 514 70 31 solos
395 515 40 30 los
449 515 184 31 inadvertidos
648 529 5 24 ;
674 527 64 30 pues
763 517 24 30 la
807 527 92 31 mayor
912 522 73 36 parle
998 516 33 31 de
1047 517 39 30 los

59 574 116 29 marinos
188 578 146 24 mercantes
351 583 51 30 que
417 572 110 30 estaban
540 573 53 30 allá
609 598 5 11 ,
633 573 132 31 sufrieron
782 574 71 39 igual
870 584 141 29 percance.

102 628 183 31 Consisliendo
298 634 108 24 nuestro
423 635 171 35 cargamento
607 640 32 19 en
655 640 125 20 carneros
800 630 76 30 vivos
891 654 6 11 ,
915 640 46 19 era
986 629 61 31 fácil
1064 629 24 30 la

59 686 126 41 descarga
201 712 5 10 ,
226 696 102 31 porque
342 686 118 41 guiando
475 697 54 20 uno
543 697 84 31 segun
644 688 128 30 conviene
786 712 7 11 ,
810 687 40 31 los
874 687 90 30 demás
991 687 95 40 siguen

58 743 249 30 voluntariamente.
330 744 46 29 Sin
393 743 129 41 embargo
539 743 33 30 de
588 749 55 24 esta
660 744 127 29 sencillez
801 768 6 12 ,
826 755 29 19 se
875 743 100 41 pasaba
991 753 35 20 un
1046 743 43 30 dia

59 804 53 24 tras
128 804 56 24 olro
207 799 39 29 sin
264 799 120 30 concluir
411 799 34 30 tal
478 800 143 40 operación
635 813 6 23 ;
661 811 12 28 ¿
688 811 14 29 y
718 801 102 40 porqué
832 802 13 27 ?
871 810 102 30 porque
992 799 97 30 habían

61 855 105 40 llegado
179 865 75 20 cosas
270 866 53 30 que
340 856 157 40 precisaban
512 866 55 20 mas
583 881 6 11 ,
615 867 17 30 y
660 867 33 19 no
716 856 80 31 habia
813 856 142 31 lanchones
972 866 63 31 para
1051 856 38 31 los

61 912 132 29 cautivos
209 921 136 20 carneros.

103 968 175 41 Disgustados
295 978 33 31 ya
340 973 121 26 nosotros
478 968 33 31 de
530 974 41 25 tan
585 968 73 41 larga
671 969 116 30 eslancia
799 979 49 31 por
860 979 32 20 no
906 968 108 31 haberla
1026 978 64 31 pre-

62 1027 69 29 visto
146 1051 6 11 ,
170 1036 32 19 en
219 1026 78 41 aquel
314 1032 82 34 punió
410 1026 62 29 falto
489 1026 33 30 de
538 1026 123 30 mercado
677 1026 88 30 donde
777 1037 163 29 proveernos
956 1025 32 30 de
1006 1027 85 28 víve-

61 1093 42 20 res
121 1082 100 31 frescos
235 1107 6 10 ,
260 1093 47 19 nos
323 1088 149 34 prestamos
488 1093 48 29 por
551 1082 93 30 último
660 1093 50 19 con
726 1082 61 30 loda
804 1087 105 25 nuestra
923 1082 107 29 eficacia
1047 1105 6 12 ,
1077 1082 14 29 á

62 1139 121 31 concluir
199 1139 25 29 la
237 1138 108 31 dichosa
359 1138 129 40 descarga
504 1149 16 29 y
533 1138 81 31 hacer
629 1138 80 31 lastre
725 1148 50 21 con
792 1148 74 20 suma
880 1137 145 31 brevedad.

104 1195 154 36 Quedamos
272 1195 75 30 listos
364 1204 62 30 para
439 1194 64 30 salir
519 1194 23 31 el
557 1194 42 31 dia
616 1197 36 28 13
668 1220 6 11 ,
693 1195 133 31 debiendo
839 1195 137 31 embarcar
994 1196 14 29 á
1031 1193 61 31 últi-

64 1262 43 20 ma
120 1252 65 30 hora
201 1277 6 10 ,
226 1262 84 30 segun
333 1262 28 19 se
377 1262 47 19 nos
445 1251 81 30 habia
550 1251 134 31 ordenado
699 1277 5 10 ,
732 1262 51 20 una
800 1263 114 20 remesa
936 1253 33 29 de
985 1251 107 31 heridos

66 1318 64 30 para
147 1308 38 30 los
203 1307 145 41 hospitales
361 1307 33 29 de
407 1307 227 40 Constantinopla.

106 1367 22 29 A
144 1365 39 30 las
196 1364 47 31 dos
258 1364 32 31 de
313 1364 24 30 la
360 1364 73 31 tarde
449 1364 43 31 del
515 1364 87 31 citado
616 1364 42 31 dia
671 1389 6 10 ,
697 1365 62 30 vino
775 1365 24 30 el
815 1364 99 42 primer
938 1369 98 36 pontón
1058 1363 33 30 de

64 1423 122 29 infelices
200 1421 119 31 lisiados.

106 1480 35 29 Es
157 1484 133 25 menester
302 1489 53 30 que
368 1478 68 40 haya
454 1488 52 20 uno
521 1477 112 30 asistido
647 1488 16 30 y
679 1477 174 41 presenciado
870 1476 78 42 aquel
962 1481 68 29 acto,
1044 1485 49 32 pa-

64 1546 28 21 ra
110 1536 82 31 sentir
209 1535 59 31 todo
285 1535 24 31 el
326 1546 67 31 peso
408 1535 34 30 de
459 1535 24 29 la
505 1535 122 30 aflicción
645 1545 52 31 que
710 1544 90 21 causa.
817 1535 29 29 Ni
863 1534 23 29 la
899 1534 91 40 pluma
1006 1533 87 30 alcan-

67 1604 29 20 za
113 1595 14 29 á
140 1593 115 41 pintarlo
271 1593 61 30 bien
349 1593 27 30 ni
393 1593 24 30 la
430 1592 179 41 imaginación
626 1593 13 29 á
655 1591 164 32 concebirlo.

104 1661 14 29 ¿
130 1651 37 29 En
181 1651 52 39 qué
249 1655 54 25 otra
318 1660 98 30 guerra
434 1649 53 30 han
501 1648 90 31 tenido
607 1648 40 30 los
660 1648 109 30 heridos
785 1647 115 42 después
922 1646 33 31 de
976 1645 119 32 recibida

63 1708 25 31 la
105 1707 115 42 primera
234 1717 62 20 cura
313 1731 6 12 ,
335 1717 52 31 que
404 1717 43 19 ser
463 1705 166 31 trasladados
643 1716 49 30 por
707 1705 83 30 mará
805 1705 59 29 cien
881 1703 93 41 leguas
989 1701 34 32 de
1033 1701 63 31 dis-

62 1766 85 29 tancia
162 1790 6 11 ,
190 1775 31 20 en
238 1765 25 29 el
279 1765 72 40 rigor
367 1764 33 30 de
417 1775 34 19 un
467 1763 84 31 crudo
567 1763 122 30 invierno
703 1787 6 9 ,
728 1773 16 30 y
760 1772 33 20 en
809 1772 35 19 un
858 1771 56 20 mar
929 1760 33 30 de
978 1761 22 29 sí
1021 1759 72 30 bor-

63 1833 106 20 rascoso
185 1833 6 23 ;
210 1822 75 30 hasta
301 1822 127 40 privados
444 1821 33 29 de
493 1819 150 31 merecidos
659 1818 128 32 cuidados
804 1843 6 11 ,
836 1828 15 30 y
868 1828 106 20 escasos
990 1817 34 30 de
1037 1817 59 29 mi-

62 1879 143 31 ramientos
220 1903 6 11 ,
247 1888 49 31 por
312 1877 39 31 las
367 1877 171 32 condiciones
552 1876 134 31 naturales
703 1875 33 30 de
749 1875 108 41 aquella
873 1878 129 38 campaña
1018 1875 12 28 ?
