1241 2180
597 124 160 27 24

159 202 73 20 zares
247 197 40 24 tan
304 188 191 32 renombrados
511 198 33 20 no
557 198 47 20 son
622 197 56 20 mas
691 196 52 31 que
756 185 144 30 reducidas
918 195 15 30 y
950 192 110 21 oscuras
1086 181 103 30 tiendas

159 248 40 30 sin
216 247 93 35 orden,
328 257 31 18 en
374 255 66 20 unas
456 245 82 30 calles
551 243 172 32 abovedadas
737 253 52 30 que
803 242 57 29 solo
877 240 108 30 reciben
1004 239 41 30 luz
1062 248 49 31 por
1126 237 63 32 cla-

158 304 115 40 raboyas
285 328 6 10 ,
310 314 15 29 y
339 313 68 30 cuyo
426 302 74 30 lecho
518 301 116 40 cargado
650 300 33 30 de
698 299 142 35 telarañas,
855 308 15 31 y
888 297 23 30 el
929 300 58 38 piso
1012 295 122 31 cubierto
1157 294 32 31 de

159 360 72 34 lodo,
248 359 82 31 hacen
345 369 96 29 pensar
457 358 22 30 si
493 369 28 19 se
538 358 70 30 halla
625 368 52 19 uno
689 367 32 19 en
738 367 34 18 un
787 354 133 31 hediondo
937 353 186 31 subterráneo.

200 416 64 30 Bien
280 416 58 30 hizo
354 415 77 41 aquel
449 415 98 40 inglés,
566 424 53 31 que
644 424 76 20 como
742 412 113 30 hombre
875 410 157 36 entendido,
1062 408 125 31 viniendo

159 472 83 30 desde
256 472 22 30 la
295 472 74 29 India
382 473 14 29 á
413 472 92 29 visitar
520 470 230 41 Constantinopla,
768 468 62 40 bajó
847 468 42 31 del
910 478 83 31 vapor
1005 468 13 29 á
1032 477 35 20 un
1083 475 104 32 «cayu-

159 540 62 24 co»,
237 532 81 38 paseó
334 529 23 30 el
374 529 104 30 Cuerno
495 528 33 30 de
544 539 57 25 oro,
623 539 13 29 y
654 538 28 19 se
699 527 89 30 volvió
810 528 13 29 á
840 525 86 32 bordo
943 526 39 30 sin
1006 534 85 32 poner
1103 524 22 29 el
1144 524 43 41 pié

160 596 32 18 en
211 586 87 28 tierra.

202 640 218 36 Efectivamente,
440 640 104 31 cuando
562 650 52 20 uno
645 639 101 31 admira
767 639 23 30 el
809 639 123 36 eslerior,
959 639 25 29 lo
1002 639 31 28 vé
1060 638 71 29 lleno
1155 637 32 30 de

160 704 126 29 encanto;
306 709 63 30 pero
396 699 24 29 al
437 704 190 24 encontrarnos
650 697 140 31 envueltos
807 706 31 21 en
855 696 24 31 el
895 696 112 30 interior
1031 695 44 30 del
1106 695 82 30 labe-

159 755 69 29 rinto
244 754 32 30 de
292 755 93 34 calles,
402 755 93 29 hemos
511 754 33 30 de
566 754 129 30 esclamar
711 764 47 30 por
783 753 89 30 fuerza
889 763 76 20 como
988 750 199 42 avergonzados

160 811 34 31 de
210 811 24 30 la
247 812 193 40 preocupación
459 822 52 30 que
526 811 224 30 conservábamos
766 810 44 30 del
821 810 110 33 Oriente
943 822 5 17 :
969 821 5 28 ¡
987 809 127 30 alabadas
1125 819 62 20 sean

160 874 122 25 nuestras
298 868 140 31 modernas
460 867 127 32 ciudades
612 867 42 31 del
678 866 160 32 Occidente!
857 867 81 38 ¿Qué
962 877 136 31 parangón
1124 866 64 30 cabe

160 930 74 24 enlre
250 931 69 23 estas
332 925 171 40 poblaciones
521 925 153 35 orientales,
695 935 16 30 y
728 924 39 30 las
786 924 153 41 espaciosas
962 923 128 31 ciudades
1104 924 32 29 de
1152 923 36 30 los

159 982 237 30 Estados-Unidos
412 982 33 30 de
461 982 145 30 América?
618 983 99 30 Canten
735 987 96 25 cuanto
853 982 111 39 quieran
982 982 39 29 los
1039 987 105 35 poetas:
1164 981 24 30 el

161 1039 127 41 prestigio
305 1039 109 30 oriental
426 1039 31 30 ha
471 1039 111 30 decaído
595 1044 60 25 ante
671 1039 22 30 la
706 1038 155 30 ilustración
880 1037 127 31 moderna
1023 1037 33 31 de
1070 1038 37 30 los
1122 1048 66 30 pro-

161 1096 86 28 saicos
260 1096 188 28 occidentales.
486 1119 5 5 .

202 1153 102 39 Apesar
316 1152 33 30 de
367 1158 40 24 lan
421 1152 119 30 atrevida
552 1153 183 35 aseveración,
750 1151 138 31 confesaré
902 1163 53 29 que
968 1153 122 29 encierra
1102 1153 85 29 Cons-

161 1208 143 41 tantinopla
327 1208 112 40 algunas
458 1219 87 24 cosas,
568 1219 51 30 que
636 1219 47 31 por
708 1219 30 20 su
755 1209 118 30 carácter
887 1209 121 40 peculiar
1029 1220 122 20 merecen
1165 1209 22 32 la

160 1265 121 30 atención
294 1265 42 30 del
352 1265 107 41 viajero.
479 1267 63 28 Pero
553 1271 74 25 antes
643 1265 33 30 de
689 1271 193 25 entretenerme
897 1267 13 29 á
923 1266 109 41 halagar
1049 1267 23 29 al
1092 1267 93 35 lector,

161 1321 115 42 después
292 1322 32 30 de
341 1321 109 31 haberle
462 1321 178 31 desvanecido
655 1322 22 30 la
700 1323 98 29 ilusión
813 1323 103 40 poética
940 1334 52 29 que
1010 1324 32 29 lal
1067 1335 46 19 vez
1136 1324 51 30 ali-

161 1385 133 28 menlara,
313 1384 133 24 menester
459 1389 28 18 es
504 1389 51 29 que
569 1379 56 39 siga
642 1379 23 28 el
683 1389 81 19 chivo
777 1378 33 30 de
827 1385 107 24 nuestro
951 1380 78 38 viaje.

203 1434 155 30 Fondeados
367 1436 13 28 á
392 1435 39 30 las
445 1437 14 28 9
474 1434 33 29 de
521 1434 23 30 la
558 1440 111 25 mañana
689 1435 39 30 sin
750 1434 122 31 novedad
889 1435 86 32 frente
987 1437 105 36 Cálala,
1108 1437 82 31 echa-

162 1501 56 20 mos
235 1491 23 29 el
270 1491 60 30 bote
343 1491 24 29 al
379 1501 67 30 agua
461 1502 14 29 y
487 1490 95 31 fuimos
594 1492 107 29 alomar
714 1490 113 32 órdenes
840 1491 42 31 del
899 1493 154 30 intendente
1068 1494 118 40 general.

161 1549 62 29 Este
234 1558 33 20 no
280 1548 57 30 hizo
354 1558 55 20 mas
424 1558 50 31 que
486 1548 112 30 escribir
611 1559 32 19 en
656 1548 22 30 la
690 1548 61 40 hoja
764 1547 32 31 de
809 1553 57 25 ruta
877 1573 5 11 ,
899 1549 160 31 documento
1074 1551 116 41 especial

163 1614 62 31 para
236 1605 105 40 aquella
355 1605 165 39 espedicion,
534 1615 51 29 que
601 1605 226 39 prosiguiésemos
839 1606 14 28 á
866 1606 154 32 Kamiesch.
1038 1609 109 38 ¿Dónde
1161 1619 28 20 es

162 1661 140 29 Kamiesch
316 1662 12 28 ?
341 1661 106 40 dijimos
464 1670 62 31 para
542 1666 108 24 nuestro
666 1666 93 35 capole
778 1661 24 29 al
820 1661 56 30 leer
893 1663 78 40 aquel
989 1669 106 25 estraño
1109 1675 81 19 nom-

161 1716 60 35 bre,
236 1727 52 28 que
299 1716 25 30 ni
336 1727 32 19 en
381 1716 136 31 derrotero
529 1716 24 30 ni
567 1727 32 19 en
614 1727 75 28 mapa
706 1717 99 38 alguno
828 1728 28 20 se
877 1726 143 23 encuentra
1048 1722 140 30 señalado.

204 1773 158 29 Temerosos
378 1772 32 30 de
422 1778 160 24 mostrarnos
598 1773 165 39 ignorantes,
783 1783 47 20 nos
844 1785 167 21 reservamos
1024 1777 24 30 el
1064 1788 127 31 pregun-

163 1828 67 31 tarlo
241 1829 13 29 á
266 1828 80 40 algún
361 1829 151 39 particular.
530 1831 35 28 La
590 1828 173 31 información
780 1839 47 21 nos
851 1830 24 30 la
896 1830 43 30 dio
957 1843 35 19 un
1015 1834 106 40 capilan
1139 1846 52 30 que

163 1896 51 20 con
224 1895 30 20 su
270 1885 91 41 buque
374 1885 117 30 acababa
508 1885 32 30 de
558 1886 83 40 llegar
654 1885 32 30 de
702 1886 62 29 allá.
780 1887 51 29 Nos
844 1887 55 41 dijo
917 1899 52 30 que
981 1900 44 20 era
1042 1902 34 20 un
1098 1898 93 34 puerlo
