1241 2180
498 125 160 27 17

64 185 51 31 dan
130 196 51 20 una
198 186 59 31 idea
269 187 33 30 de
319 188 125 40 aquellos
459 188 48 30 dos
522 188 116 40 grandes
654 188 135 31 hombres.
806 190 35 29 La
854 189 33 30 de
898 188 107 31 Villiers
1023 188 68 31 tiene

64 252 53 21 una
134 244 138 29 fisonomía
289 243 79 31 dulce
383 255 14 30 y
412 246 74 29 firme
499 246 13 29 á
527 244 23 30 la
568 255 46 20 vez
627 270 6 10 ,
651 256 15 29 y
682 256 45 19 sus
743 245 116 40 grandes
873 247 57 40 ojos
947 257 14 30 y
978 246 113 41 poblada

64 299 84 31 barba
162 299 172 32 demuestran
351 301 62 30 bien
428 326 6 10 ,
454 307 70 24 tanlo
539 302 22 29 al
580 301 76 30 sabio
672 302 172 40 diplomático
867 313 75 19 como
967 303 24 29 al
1008 302 85 31 suerte

64 367 138 30 guerrero.
227 359 36 28 La
279 357 33 30 de
329 358 135 30 Lavalelle
479 383 6 10 ,
504 369 29 19 es
550 358 57 30 toda
626 358 23 30 la
671 358 41 30 del
732 358 149 31 verdadero
907 359 110 31 soldado
1040 370 52 30 que

64 424 68 30 supo
150 424 96 20 vencer
268 414 14 30 á
299 415 102 39 Dragut
418 425 15 29 y
450 415 150 39 Muslapha.

104 471 122 40 Después
244 480 124 31 pasamos
381 471 14 30 á
413 471 91 30 visitar
521 471 23 31 la
561 471 60 31 Sala
643 471 33 31 de
692 481 99 27 armas,
813 482 31 20 en
868 471 87 31 donde
979 473 114 30 ecsisten

64 525 77 31 todas
164 526 38 30 las
218 526 157 31 armaduras
400 526 33 31 de
450 527 39 31 los
511 527 149 31 caballeros
677 527 33 31 de
730 528 24 30 la
776 528 101 35 Orden,
897 539 17 30 y
938 528 38 30 las
997 528 33 30 de
1054 528 39 30 los

68 584 71 29 Gran
156 585 129 28 Maestres
298 594 48 19 con
362 584 67 29 ricas
442 590 73 24 colas
531 584 33 30 de
577 584 90 35 malla,
687 596 16 29 y
715 596 46 19 sus
777 584 113 42 espadas
907 585 160 40 primorosas
1079 596 14 29 y

67 640 33 30 de
115 640 72 30 buen
206 640 107 39 temple.
334 641 37 28 En
384 651 35 19 un
433 646 114 24 eslremo
563 640 32 30 de
609 640 23 30 la
646 640 56 30 sala
718 651 29 19 se
761 651 49 19 ven
826 641 49 29 dos
890 645 115 26 cañones
1018 641 75 30 anti-

66 707 68 31 guos
145 696 124 31 labrados
280 707 49 20 con
345 696 114 31 cuerdas
481 697 32 31 de
527 698 119 30 cáñamo.
666 699 109 29 Puestas
799 708 32 19 en
848 697 70 31 buen
942 696 82 32 orden
1040 697 53 42 hay

66 753 95 31 dentro
174 754 33 30 de
224 755 129 29 armarios
366 754 127 31 infinidad
510 754 32 30 de
558 764 97 21 armas.

110 811 27 29 El
152 812 110 39 antiguo
275 812 104 39 palacio
391 811 33 30 de
441 812 39 29 los
498 812 126 29 jiaeslres
640 811 32 29 de
690 811 22 29 la
730 810 88 31 Orden
832 821 28 19 es
876 810 176 31 actualmente
1069 811 20 29 la

67 867 152 31 residencia
232 867 42 29 del
292 867 169 40 gobernador
474 867 97 40 inglés.
586 868 34 28 Es
637 877 31 19 en
688 878 28 18 su
735 867 110 30 eslerior
861 877 51 19 una
927 877 60 19 casa
1003 867 33 30 de
1053 867 36 29 las

68 933 57 21 mas
136 923 127 40 simples:
283 923 57 30 solo
363 923 25 30 la
404 922 135 41 distingue
556 933 50 20 una
626 928 104 25 eslensa
752 923 111 31 fachada
878 923 33 30 de
934 924 48 30 dos
1005 924 81 40 pisos.

68 981 50 29 Por
144 989 50 20 una
221 979 118 30 escalera
361 978 96 42 espiral
486 989 52 30 que
559 978 51 41 hay
627 988 32 20 en
674 988 52 20 una
741 984 68 25 torre
825 979 111 37 central,
953 989 27 20 se
994 979 66 30 sube
1075 981 14 28 á

69 1046 67 20 unas
152 1036 182 30 habitaciones
347 1045 52 31 que
416 1036 38 29 los
475 1035 118 40 ingleses
609 1035 50 30 han
674 1036 140 40 respelado
827 1036 72 30 hasta
917 1036 91 36 ahora,
1025 1046 64 30 pues

68 1103 28 20 se
109 1098 162 24 encuentran
285 1102 50 19 aun
349 1102 48 20 con
413 1097 72 25 corta
501 1091 145 31 diferencia
658 1102 48 19 con
721 1092 23 30 el
761 1098 127 24 suntuoso
904 1093 75 39 ajuar
995 1093 32 29 de
1043 1103 46 20 no-

67 1149 59 28 bles
142 1148 155 29 recuerdos.

108 1208 38 28 No
159 1204 164 32 encerrando
337 1205 22 30 la
371 1204 140 42 población
522 1205 61 40 algo
597 1215 55 20 mas
666 1205 116 36 notable,
796 1215 138 32 paseamos
945 1206 22 30 la
979 1206 106 36 ciudad,

68 1263 40 29 sin
125 1268 140 24 encontrar
278 1271 56 21 mas
345 1272 52 29 que
411 1262 132 30 humildes
561 1273 15 28 y
593 1262 49 30 mal
660 1262 121 30 servidos
796 1262 82 30 cafés.

109 1319 141 31 Habiendo
266 1330 32 19 en
315 1320 79 39 aquel
408 1324 81 35 punto
505 1319 170 40 aglomerada
689 1325 67 24 lanía
780 1325 72 35 tropa
868 1319 120 32 francesa
1011 1322 14 28 é
1041 1321 48 30 in-

69 1376 85 42 glesa,
170 1375 115 31 causaba
297 1375 163 30 admiración
474 1386 47 19 ver
534 1375 23 30 la
574 1375 125 30 variedad
710 1375 33 31 de
757 1375 144 32 uniformes
914 1387 6 24 ;
936 1376 78 31 sobre
1031 1377 58 31 lodo

69 1433 22 30 el
107 1433 63 41 traje
184 1442 56 21 mas
253 1442 52 31 que
322 1432 120 41 singular
454 1431 32 31 de
505 1432 37 30 los
558 1442 149 26 escoceses,
726 1443 17 30 y
759 1433 23 29 la
804 1433 157 30 vestimenta
981 1434 108 41 arábiga

69 1489 82 31 délos
168 1499 124 25 zouaves,
309 1499 53 30 que
374 1488 177 30 confundidos
567 1494 72 24 enlre
661 1499 33 19 un
718 1489 135 40 enjambre
878 1489 33 30 de
936 1491 151 36 cazadores,

67 1546 145 35 artilleros,
239 1546 84 39 spais,
351 1544 170 41 zarpadores,
548 1545 142 40 dragones,
716 1544 184 41 highlanders,
928 1546 130 36 lanceros,
1073 1558 16 32 y

69 1602 117 32 oficiales
202 1601 33 31 de
249 1601 96 31 Estado
356 1603 91 40 Mayor
464 1612 16 31 y
493 1601 229 35 administración,
749 1601 135 31 formaban
902 1613 33 20 un
949 1613 140 31 panorama

68 1670 49 30 por
128 1660 82 30 cierto
232 1658 61 31 bien
309 1659 116 30 curioso.

108 1717 22 30 A
141 1715 88 31 media
245 1715 72 30 larde
328 1715 42 30 del
387 1717 15 28 4
422 1725 31 31 ya
471 1715 73 30 listos
562 1724 61 32 para
638 1715 73 35 salir,
732 1716 114 29 tuvimos
862 1716 24 29 el
898 1722 78 34 gusto
997 1717 32 31 de
1046 1728 44 21 ver

69 1779 89 26 entrar
172 1772 158 42 procedente
347 1772 33 30 de
393 1772 218 41 Constantinopla
623 1772 22 30 el
660 1782 81 31 vapor
759 1772 144 31 «Vifredo»
921 1785 52 30 que
990 1775 23 30 la
1030 1776 60 30 mis-

69 1839 41 21 ma
127 1829 123 31 sociedad
264 1829 43 30 del
323 1842 11 14 «
342 1829 108 30 Tharsis
457 1843 11 13 »
484 1828 116 31 acababa
615 1828 33 30 de
660 1828 78 31 hacer
750 1830 169 30 conslruiren
932 1831 155 39 Inglaterra,

70 1898 16 30 y
102 1892 74 25 anles
192 1886 32 30 de
237 1886 178 30 abanderarse
431 1884 185 43 aprovechaba
633 1885 77 41 aquel
730 1885 68 41 viaje
810 1897 45 30 por
866 1893 93 25 cuenta
975 1888 43 30 de!
1035 1899 54 29 go-
