1241 2180
552 129 182 27 160

137 192 125 30 observar
276 217 6 11 ,
298 202 105 31 aunque
420 203 30 20 en
464 197 70 26 otras
549 192 137 31 ocasiones
709 192 25 30 lo
752 197 77 35 tenga
851 201 33 31 ya
900 189 127 31 afirmado
1042 214 5 11 ,
1067 199 52 31 que
1135 190 24 29 el

136 247 110 31 soldado
259 247 130 30 Ismaelita
403 258 67 30 supo
482 253 120 36 captarse
619 248 24 29 el
659 247 87 41 elogio
762 247 135 30 universal
921 256 32 20 en
969 245 23 30 el
1006 244 79 41 papel
1104 255 53 30 que

136 304 24 30 le
174 306 56 28 tocó
243 303 174 42 desempeñar
432 305 24 29 al
472 305 131 40 principio
619 304 33 31 de
668 303 106 42 aquella
790 313 109 31 guerra.

178 363 114 28 Tocante
307 362 14 28 á
335 361 39 30 los
387 362 116 30 oficiales
519 362 57 29 diré
590 386 5 11 ,
616 372 53 30 que
680 372 31 19 su
728 366 74 35 porte
818 370 28 20 es
861 370 63 31 muy
942 358 126 42 parecido
1086 357 24 31 al
1126 358 32 31 de

136 418 24 30 la
177 417 149 30 oficialidad
348 418 119 31 francesa
481 443 5 12 ,
505 419 13 29 á
536 419 138 40 escepcion
702 418 43 29 del
761 418 39 29 fez
812 428 51 30 que
880 428 28 19 es
927 417 23 29 lo
963 426 54 31 que
1031 416 40 30 los
1083 414 76 31 dife-

135 475 88 31 rencia
237 474 104 31 mucho.
359 477 64 29 Pero
439 486 31 20 en
486 481 95 25 cuanto
596 476 13 30 á
626 475 162 30 instrucción
805 474 110 35 militar,
933 473 25 30 la
974 483 98 29 mayor
1084 478 75 35 parte

135 542 109 20 carecen
266 532 32 30 de
323 532 51 30 ella
387 545 6 23 ;
423 534 38 28 así
477 543 28 19 es
519 543 51 30 que
583 532 163 41 Omer-Bajá
759 556 6 11 ,
779 542 52 31 que
844 542 29 20 es
889 541 35 20 un
937 531 110 40 antiguo
1071 529 88 31 oficial

134 595 87 24 croata
238 613 5 9 ,
271 600 33 18 no
331 589 72 40 pudo
428 600 47 19 ver
502 585 164 34 secundadas
684 589 37 29 las
752 588 115 41 grandes
884 588 199 40 disposiciones
1107 597 52 30 que

134 645 148 31 concibiera
295 655 64 31 para
375 656 45 19 sus
440 650 151 37 campañas.
611 647 61 28 Esle
689 645 106 41 general
810 655 31 19 en
851 644 55 41 jefe
921 669 6 12 ,
954 644 24 30 le
994 645 24 28 vi
1035 643 123 30 montado

135 712 31 20 en
179 712 34 20 un
225 702 88 30 brioso
326 702 86 31 corcel
426 727 6 11 ,
451 701 117 42 pasando
585 702 96 30 revista
700 703 14 29 á
730 712 46 20 sus
793 707 89 35 tropas
894 700 119 41 después
1029 700 44 30 del
1103 700 55 31 de-

133 759 148 30 sembarco.
301 759 158 35 Canrobert,
481 760 108 39 general
602 770 31 19 en
646 759 56 40 jefe
715 759 35 30 de
767 760 39 29 los
823 759 101 30 aliados
942 784 6 10 ,
977 764 126 24 entonces
1115 759 43 29 vi-

133 827 33 19 no
183 817 13 30 á
207 816 123 30 recibirle
346 841 6 11 ,
380 827 18 30 y
415 816 33 30 lal
463 827 44 19 vez
524 817 13 29 á
553 816 182 31 conferenciar
747 827 48 19 con
814 816 25 30 él
853 827 31 19 en
898 816 24 30 el
939 816 95 30 mismo
1049 820 105 36 puerto.

133 873 72 30 Daba
219 879 76 35 gusto
307 884 47 20 ver
375 873 111 31 reunido
504 878 70 26 tanto
583 873 55 41 jefe
666 873 32 31 de
712 874 97 30 Estado
824 875 93 39 Mayor
929 883 76 20 como
1034 874 14 29 á
1065 873 91 30 ambos

134 931 137 39 generales
284 931 197 40 acompañaban
494 956 6 11 ,
514 941 51 30 que
580 941 108 30 aunque
701 942 33 19 no
747 942 28 19 se
788 936 174 35 presentasen
976 942 49 19 con
1045 931 24 29 el
1086 930 71 30 faus-

134 991 25 25 to
175 997 15 29 y
203 986 136 30 brillantez
353 998 51 29 que
417 987 185 30 acostumbran
627 987 143 41 desplegar
783 998 30 20 en
826 987 38 30 las
880 987 112 40 paradas
1005 998 60 19 esos
1079 997 77 20 cuer-

133 1053 67 30 pos,
226 1042 45 30 allí
289 1043 103 36 tenían,
411 1043 23 29 si
450 1053 28 20 se
504 1044 106 39 quiere,
640 1053 92 31 mayor
747 1044 128 30 atractivo
894 1053 31 20 en
945 1054 34 19 un
1004 1042 104 31 sentido
1124 1042 31 31 de

133 1100 175 35 entusiasmo;
325 1110 47 31 por
395 1105 95 25 cuanto
506 1100 38 30 les
562 1100 90 30 tocaba
662 1101 73 29 aviar
749 1101 38 29 las
799 1100 144 30 funciones
954 1100 34 30 de
1004 1111 29 19 su
1054 1100 102 40 ejerci-

133 1156 40 30 cio
186 1180 6 11 ,
210 1156 182 30 mostrándose
414 1167 49 20 con
481 1157 57 29 toda
552 1157 168 29 naturalidad
735 1181 5 11 ,
757 1157 105 30 buenos
881 1158 105 40 ginetes
1003 1169 15 29 y
1035 1163 121 36 esperlos

133 1213 158 39 ayudantes.

176 1271 81 28 Tanlo
274 1270 169 30 movimiento
459 1270 33 30 de
519 1276 86 35 tropas
619 1270 121 41 aquellos
762 1271 58 30 dias
834 1296 6 11 ,
861 1281 15 31 y
893 1271 23 30 el
935 1272 34 29 de
994 1272 39 29 los
1050 1271 105 41 buques

134 1326 33 31 de
185 1337 96 31 guerra
302 1338 51 30 que
367 1327 113 30 también
494 1338 33 19 no
543 1337 43 21 era
601 1338 65 30 poco
679 1352 6 10 ,
715 1328 75 30 hacia
806 1329 141 40 presagiar
960 1340 63 30 muy
1045 1340 111 20 cercano

133 1384 24 30 el
171 1384 82 30 asalto
264 1385 13 29 á
292 1384 23 30 la
329 1384 88 41 plaza;
431 1395 28 30 y,
481 1384 201 31 efectivamente
699 1410 6 10 ,
723 1391 93 34 pronto
829 1395 28 20 se
873 1386 44 29 vio
932 1386 24 30 la
972 1386 72 30 señal
1059 1386 33 31 de
1105 1397 51 20 es-

133 1445 38 26 tar
188 1440 128 31 resueltos
332 1441 14 30 á
367 1440 140 31 intentarlo
518 1467 4 9 ,
548 1451 101 30 porque
666 1451 28 20 se
715 1441 44 30 dio
775 1442 132 40 principio
929 1443 26 30 al
978 1443 175 36 bombardeo,

133 1508 141 31 precursor
299 1498 33 30 de
358 1499 91 40 aquel,
470 1509 16 30 y
506 1498 107 30 además
638 1498 113 30 asilaban
768 1499 38 29 las
823 1499 146 41 bayonetas
982 1500 38 31 los
1033 1500 122 31 soldados

133 1566 52 29 que
198 1566 34 18 no
246 1555 36 29 las
296 1555 118 29 tuviesen
431 1555 14 29 á
461 1554 167 30 satisfacción
645 1554 32 30 de
691 1555 38 29 los
744 1555 79 40 jefes.

173 1611 81 29 Antes
265 1610 33 30 de
312 1620 77 31 pasar
404 1611 120 30 adelante
537 1636 6 10 ,
558 1611 68 29 debo
640 1611 115 40 primero
773 1611 116 41 esplicar
906 1612 23 30 la
947 1613 77 31 visita
1041 1624 53 31 que
1105 1613 51 31 hi-

132 1667 83 30 cimos
231 1668 14 29 á
260 1667 38 30 los
314 1667 117 30 oficiales
450 1667 140 42 españoles
602 1692 6 11 ,
635 1678 15 31 y
666 1678 28 20 se
707 1668 64 30 verá
784 1678 54 31 que
852 1679 66 20 unos
938 1681 15 29 y
971 1676 70 25 oíros
1059 1682 34 19 no
1105 1682 47 19 nos

133 1724 136 30 habíamos
279 1725 135 29 olvidado.

453 1820 372 36 --geiiüslggBsgr-
