1241 2180
497 119 182 29 103

118 182 79 28 Entre
218 192 110 29 esperar
345 187 86 31 turno,
457 194 15 29 y
489 183 24 30 el
531 183 52 30 mal
606 184 97 39 tiempo
718 194 53 30 que
788 184 58 29 hizo
858 184 95 29 Ínterin
970 193 28 20 se
1014 182 90 31 estaba

76 247 32 20 en
121 237 81 40 dique
216 248 52 29 que
281 240 125 38 postergó
423 238 23 30 la
464 240 141 40 operación
622 239 33 29 de
668 240 86 40 pintar
771 251 14 30 y
799 240 48 30 dar
860 239 89 31 barniz
964 240 12 30 á
997 240 39 30 los
1049 240 55 30 fon-

76 292 49 32 dos
136 318 7 9 ,
162 304 29 20 se
202 295 187 30 consumieron
404 295 110 30 muchos
526 296 57 29 dias
597 296 177 30 inúlilmenle.

119 350 105 36 Lisios,
242 361 48 30 por
307 353 33 27 fin
355 375 5 11 ,
380 362 15 29 y
419 353 15 28 á
457 352 164 41 disposición
643 352 42 30 del
701 353 134 30 Gobierno
851 353 82 30 desde
949 354 23 29 el
991 353 40 30 dia
1052 356 49 33 20,

80 418 48 19 nos
144 407 91 29 fueron
250 408 160 35 mandando,
430 419 62 29 para
506 419 78 30 carga
599 435 6 8 ,
624 409 23 30 el
666 408 116 32 material
801 410 135 30 necesario
953 419 62 31 para
1028 420 76 20 cons-

81 465 64 30 truir
162 467 37 28 30
218 464 123 32 barracas
363 465 32 31 de
423 466 106 30 madera
544 491 5 11 ,
577 476 112 31 capaces
705 467 65 29 cada
791 478 50 18 una
858 477 63 30 para
944 467 107 40 abrigar
1068 469 36 28 50

80 523 122 30 hombres
213 535 7 22 ;
239 522 117 41 después
372 533 51 20 una
447 524 109 39 porción
584 524 32 28 de
637 523 87 30 fardos
740 524 33 29 de
789 534 75 20 sacos
885 525 89 28 vacíos
988 534 61 30 para
1063 524 41 29 le-

80 585 90 25 vantar
184 579 116 31 balerías
314 604 5 12 ,
340 590 16 30 y
373 590 66 20 unos
452 586 112 24 cuantos
581 580 88 30 bultos
682 580 33 30 de
728 590 89 21 arreos
834 590 64 31 para
915 587 54 24 tren
983 580 33 31 de
1033 581 71 30 arti-

81 636 85 29 llería.

120 692 152 36 Quedamos
289 698 107 35 prontos
412 703 64 30 para
493 694 64 29 salir
569 695 24 29 el
612 694 92 30 úllimo
719 695 32 29 de
769 705 89 19 enero.

122 749 73 30 Todo
211 750 23 28 el
253 750 96 39 tiempo
366 761 51 29 que
434 750 148 30 estuvimos
599 761 31 19 en
647 751 123 30 Marsella
794 751 25 29 lo
841 760 123 31 pasamos
985 750 118 30 bastante

82 806 153 41 agradable,
255 817 101 30 porque
370 809 127 27 teníamos
511 806 22 30 el
549 812 77 35 gusto
640 807 32 30 de
687 808 203 29 comunicarnos
901 808 13 29 á
928 807 113 30 menudo
1056 817 47 20 con

83 868 120 24 nuestras
219 862 114 30 familias
345 887 6 11 ,
368 873 16 30 y
401 873 47 19 ver
463 863 14 29 á
495 863 38 30 los
546 863 109 30 muchos
672 864 102 40 amigos
790 874 52 30 que
859 863 60 30 iban
931 862 172 31 embarcados

82 929 48 20 con
147 919 38 30 los
202 929 110 31 vapores
324 924 176 36 compañeros
516 920 43 29 del
578 920 147 30 «Tharsis»
740 930 32 19 en
791 920 24 30 la
838 921 68 28 línea
923 920 33 29 de
980 920 123 29 Marsella

85 979 14 27 á
114 977 88 29 Cádiz.

129 1034 126 30 Solíamos
268 1034 141 41 juntarnos
434 1045 30 19 en
490 1034 23 30 el
539 1034 88 30 Hotel
643 1035 199 40 d'Amerique,
861 1033 146 42 propiedad
1023 1033 32 30 de
1071 1043 33 20 un

84 1091 105 40 español
203 1115 6 11 ,
228 1102 16 29 y
260 1091 45 29 allí
318 1116 6 10 ,
343 1102 76 18 como
432 1101 51 30 que
500 1101 45 19 era
561 1097 55 23 este
627 1091 61 40 algo
699 1090 143 30 entendido
858 1101 31 19 en
905 1090 24 30 la
944 1090 91 30 lác'ica
1052 1090 52 29 mi-

83 1145 58 30 litar
152 1156 47 30 por
214 1146 82 29 haber
312 1146 107 30 servido
436 1157 32 18 en
485 1146 24 29 la
527 1155 96 32 guerra
637 1146 33 29 de
683 1146 39 29 los
739 1146 65 29 siete
820 1150 65 25 años
898 1170 6 11 ,
935 1156 28 19 se
985 1144 117 31 echaban

82 1203 14 28 á
117 1202 77 30 rodar
211 1203 38 29 los
264 1203 136 30 combales
426 1214 16 29 y
458 1203 113 29 batallas
585 1227 6 11 ,
621 1213 48 30 por
693 1202 195 40 complemento
912 1202 33 29 de
969 1202 73 29 todas
1064 1202 38 29 las

82 1260 218 31 conversaciones
314 1272 4 18 :
355 1260 122 30 lomaban
509 1260 41 40 pié
583 1259 33 30 de
642 1265 122 25 nuestras
800 1259 193 41 esplicaciones
1018 1258 33 30 de
1080 1258 24 29 la

83 1317 113 29 Crimea.

122 1374 30 29 El
162 1374 59 30 silio
236 1374 34 29 de
287 1374 158 40 Sebastopol
461 1398 6 11 ,
483 1384 31 19 en
531 1374 79 39 aquel
624 1378 124 24 entonces
760 1397 5 10 ,
780 1371 90 31 estaba
884 1382 31 20 en
932 1371 66 30 boca
1012 1370 33 30 de
1063 1376 41 24 to-

81 1430 34 31 do
128 1431 23 30 el
166 1431 108 36 mundo,
287 1436 182 36 mayormente
483 1441 31 19 en
527 1430 109 29 Francia
649 1454 5 11 ,
671 1440 17 30 y
700 1428 132 30 motivaba
846 1429 84 30 serios
943 1426 160 36 altercados;

82 1498 55 20 mas
153 1494 119 24 nosotros
298 1489 25 29 lo
345 1487 164 31 tomábamos
536 1488 13 29 á
566 1486 137 31 diversión
716 1511 5 10 ,
750 1496 15 30 y
782 1496 47 30 por
845 1490 56 24 esto
917 1495 47 19 nos
991 1483 113 40 gustaba

82 1556 142 29 promover
239 1546 32 30 tal
288 1551 105 25 asunto.

121 1603 139 31 Habiendo
271 1603 126 41 regalado
410 1603 13 29 á
437 1601 144 31 diferentes
595 1610 128 31 personas
738 1625 6 10 ,
763 1599 113 40 algunos
894 1603 83 25 (rozos
994 1607 52 31 que
1061 1603 46 24 te-

80 1662 102 29 níamos
193 1661 33 30 de
240 1671 93 20 cascos
345 1660 34 30 de
391 1660 113 29 bombas
517 1668 76 21 rusas
608 1683 5 11 ,
629 1668 52 30 que
694 1656 154 41 recogieran
864 1656 39 29 los
914 1655 144 40 fogonistas
1071 1654 34 30 de

80 1718 83 31 bordo
179 1729 32 21 en
227 1729 46 20 sus
288 1719 130 30 correrías
432 1728 48 30 por
495 1716 23 30 el
536 1720 199 35 campamento,
756 1724 16 31 y
784 1723 84 32 cuyos
887 1717 83 26 trozos
986 1722 48 20 nos
1050 1712 56 29 ha-

80 1775 61 30 bían
157 1775 105 35 cedido,
279 1785 49 20 nos
344 1773 189 31 manifestaron
546 1772 87 29 varias
649 1777 70 23 otras
737 1778 125 33 personas
879 1769 101 40 amigas
995 1794 6 11 ,
1017 1769 23 30 el
1052 1768 56 31 de-

80 1843 45 20 seo
136 1833 33 29 de
180 1843 53 30 que
250 1833 39 29 les
307 1832 160 30 lleváramos
483 1831 113 40 algunos
613 1830 14 29 á
644 1828 66 31 ellas
725 1853 4 10 ,
749 1837 63 31 para
827 1832 73 25 tener
916 1836 51 21 una
981 1827 124 30 memoria

80 1889 33 32 de
125 1890 80 40 aquel
217 1890 156 40 gigantesco
385 1888 73 30 silio.
