1241 2180
502 113 161 28 75

69 180 36 29 to,
131 184 83 30 segun
233 184 47 19 nos
305 174 23 29 lo
354 175 154 29 insinuaron
533 185 48 29 por
598 175 23 29 lo
638 175 60 40 bajo
714 186 63 29 muy
791 175 244 35 reservadamente,
1054 175 40 31 los

70 231 109 30 mismos
194 230 134 30 soldados.
357 231 50 29 Por
424 231 24 29 lo
466 236 79 28 lanío,
565 241 47 19 nos
628 241 186 29 apresuramos
841 232 14 29 á
871 231 112 40 dejarle,
1003 237 91 26 teme-

71 299 75 20 rosos
158 288 32 31 de
203 298 91 29 mayor
310 288 62 30 mal.

113 345 165 32 Conducidos
295 351 73 23 enlre
385 351 91 24 cuatro
493 345 126 30 soldados
634 370 5 10 ,
669 347 13 28 á
708 356 79 30 pocos
805 347 114 29 minutos
935 346 129 41 llegamos
1080 348 13 29 á

70 404 26 30 la
107 402 87 32 tienda
210 402 41 30 del
264 402 107 40 general
389 402 32 30 de
434 402 110 40 brigada
556 414 5 18 :
582 413 32 19 no
631 402 57 30 hizo
705 413 54 19 mas
773 413 52 30 que
841 413 78 31 pasar
935 414 51 20 una
1002 405 91 29 mira-

71 461 30 29 da
128 470 45 30 por
200 459 23 30 el
242 465 71 35 parte
330 470 52 30 que
412 470 27 19 se
457 459 23 30 le
497 461 108 38 entregó
621 469 52 31 que
689 460 121 30 contenía
831 466 107 24 nuestra
966 460 127 31 declara-

70 518 70 35 ción,
157 529 16 28 y
186 517 96 30 mandó
298 528 47 19 con
360 516 170 30 indiferencia
543 529 5 17 :
571 517 76 35 «Que
673 528 28 18 se
726 518 87 29 lleven
829 518 23 29 al
870 518 108 39 general
994 518 34 31 de
1043 519 50 30 di-

69 575 118 28 visión.»

111 633 36 28 No
163 630 71 31 hubo
248 640 56 21 mas
317 630 118 31 remedio
449 641 52 29 que
518 631 91 39 seguir
622 630 32 30 de
668 631 119 30 Herodes
800 633 13 28 á
832 632 108 29 Pilatos.

111 689 37 29 Lo
168 687 33 31 de
218 689 82 29 sentir
316 698 56 19 mas
384 698 44 20 era
450 699 63 29 que,
533 698 44 19 ese
594 688 107 40 general
715 699 28 19 se
756 688 102 40 alojaba
876 699 32 19 en
922 699 51 19 una
987 699 61 20 casa
1061 689 32 30 de

70 754 92 30 campo
175 744 114 30 distante
306 754 49 20 una
372 744 64 30 hora
453 744 32 29 de
499 745 114 29 camino.

112 802 83 28 Tanto
212 811 74 19 como
311 800 162 29 andábamos
491 810 47 30 por
554 805 72 24 enlre
643 800 24 30 el
683 805 197 36 campamento,
896 811 28 20 se
940 802 153 39 aproxima-

69 857 52 31 ban
138 858 111 29 muchos
262 856 125 31 soldados
415 867 15 29 y
456 856 75 30 hasta
547 856 117 31 oficiales
692 857 199 40 pareciéudoles
908 868 61 20 ruso
986 864 107 24 nuestro

70 915 103 39 ropaje,
191 925 76 19 como
283 925 51 29 que
349 923 44 20 era
409 913 32 30 de
457 914 96 29 mucho
565 913 105 41 abrigo,
686 915 13 28 á
713 914 157 30 informarse
887 915 22 28 si
926 915 103 29 éramos
1043 926 50 19 es-

74 972 56 38 pías
144 971 110 39 cogidos
267 971 151 39 infraganti.

113 1026 137 31 Teniendo
264 1037 31 31 ya
312 1027 96 40 alguna
425 1026 167 30 satisfacción
615 1037 48 19 con
680 1026 38 30 los
731 1037 51 30 que
795 1037 46 19 nos
855 1026 147 31 conducían
1017 1051 6 11 ,
1039 1026 55 31 ad-

70 1084 106 41 quirida
187 1094 48 20 con
249 1084 22 29 la
285 1083 86 30 franca
383 1083 188 30 conversación
584 1093 51 30 que
649 1082 108 31 trabado
769 1083 137 30 habíamos
919 1094 47 19 con
978 1083 23 30 el
1014 1083 77 37 cabo,

69 1152 31 19 en
118 1141 22 28 la
154 1141 58 29 cual
228 1165 5 8 ,
257 1151 32 18 no
304 1141 54 28 eslá
375 1149 47 31 por
438 1139 91 30 demás
545 1139 84 36 decir,
651 1148 47 21 nos
714 1140 130 40 esplicara
861 1139 111 41 algunas
989 1149 105 20 rarezas

68 1198 33 30 de
115 1208 31 19 su
161 1197 106 30 coronel
284 1208 52 29 que
353 1208 32 18 no
399 1207 45 19 son
461 1206 63 30 para
538 1196 158 34 escribirse;
713 1197 128 39 llegamos
853 1197 14 29 á
881 1197 74 29 decir
973 1202 121 25 nosotros

69 1255 108 30 mismos
193 1265 31 19 en
243 1261 58 23 tono
318 1254 157 30 chocarrero
491 1253 24 30 al
527 1263 52 30 que
593 1255 116 28 veíamos
723 1263 52 30 que
788 1264 29 19 se
830 1253 129 31 acercaba
975 1254 15 29 á
1003 1254 91 30 inter-

66 1321 80 30 rogar
171 1311 39 30 los
235 1310 126 31 soldados
387 1320 52 30 que
455 1319 49 20 nos
520 1309 216 41 acompañaban:
758 1312 105 28 «Rusos
879 1311 84 29 creéis
979 1335 6 9 ,
1005 1321 33 19 no
1055 1311 39 30 los

66 1368 169 38 atrapareis
245 1379 9 17 :
271 1372 62 33 ¿tan
346 1366 59 30 fácil
421 1366 23 30 lo
460 1366 78 30 veis?
554 1367 22 28 A
592 1371 56 25 esta
660 1366 54 30 filfa
727 1366 74 30 hasla
816 1366 66 30 ellos
896 1377 28 19 se
940 1366 85 30 reian.

107 1424 30 30 Al
151 1434 113 31 ponerse
280 1423 24 30 el
319 1423 38 29 sol
377 1423 126 40 llegamos
520 1423 23 28 al
557 1423 168 39 alojamiento
742 1423 41 29 del
798 1423 109 39 general
924 1424 96 39 Forey,
1037 1433 52 30 que

65 1490 46 22 era
124 1491 51 19 una
199 1480 68 30 bella
286 1490 15 31 y
317 1479 138 41 espaciosa
468 1489 62 20 casa
553 1479 33 30 de
608 1489 104 30 campo,
732 1479 77 30 única
832 1490 52 30 que
898 1479 95 30 existía
1007 1490 32 19 en
1054 1479 38 30 los

64 1544 141 25 contornos
219 1537 42 30 del
275 1542 196 35 campamento.

104 1595 53 30 Allí
180 1595 96 29 fuimos
292 1595 173 40 presentados
482 1595 12 29 á
509 1604 34 19 un
554 1593 55 40 jefe
625 1593 33 30 de
674 1593 96 30 Estado
786 1595 104 38 Mayor,
909 1594 24 29 el
946 1594 60 30 cual
1023 1593 67 30 des-

63 1661 66 32 pués
146 1652 32 30 de
195 1651 70 31 leido
281 1651 22 30 el
318 1656 85 36 parte,
427 1650 149 30 informado
599 1650 33 30 de
646 1650 23 29 la
686 1660 78 20 causa
786 1650 33 29 de
831 1655 107 25 nuestra
958 1650 132 29 retension

63 1711 146 38 preguntó:
232 1709 98 29 «Cómo
347 1718 27 20 es
403 1718 52 30 que
471 1707 50 30 han
548 1706 109 31 entrado
673 1707 67 30 Vds.
760 1717 31 20 en
808 1707 23 30 el
847 1712 94 35 puesto
957 1706 133 31 avanzado

62 1766 133 30 habiendo
207 1766 165 29 centinelas?
384 1778 11 14 »
413 1782 35 5 —
463 1766 121 38 «Porque
598 1763 187 41 ignorábamos
798 1774 53 30 que
865 1764 24 29 lo
906 1763 105 35 fuese,»
1026 1773 64 20 con-

66 1827 124 25 testamos
217 1823 39 29 sin
274 1822 124 35 titubear,
419 1821 161 36 añadiendo,
602 1832 35 30 «y
665 1832 101 29 porque
794 1831 28 19 es
847 1821 100 29 natural
974 1831 116 30 suponer

62 1890 53 30 que
131 1891 34 20 un
179 1880 134 31 centinela
329 1882 56 28 esté
399 1879 150 41 encargado
562 1878 33 31 de
607 1878 124 42 prevenir
747 1888 51 21 una
809 1878 165 42 prohibición
986 1877 104 31 cuando
