1241 2180
569 125 162 28 26

137 196 55 29 Mas
209 194 23 30 el
251 195 36 28 17
314 191 83 31 desde
419 191 23 30 la
468 193 111 27 mañana
603 188 133 41 principió
761 197 35 19 un
819 183 136 32 sostenido
980 182 80 40 fuego
1081 184 89 26 contra

139 248 169 41 Sebastopol,
334 258 48 30 por
397 247 39 29 las
452 246 116 30 balerías
584 243 33 31 de
634 244 78 29 tierra
739 253 16 30 y
782 241 62 30 toda
866 240 24 30 la
914 237 130 33 escuadra
1060 237 110 31 combi-

137 306 78 35 nada,
231 303 224 42 componiéndose
471 307 57 25 esla
547 300 33 31 de
599 302 37 29 10
661 300 94 29 navios
775 298 130 40 ingleses,
926 298 16 28 8
966 295 137 30 franceses
1120 304 16 31 y
1153 295 16 28 7

137 368 99 24 turcos.
253 359 115 31 Además
381 369 51 20 una
445 357 128 31 infinidad
587 356 33 30 de
631 356 106 39 buques
750 364 122 20 menores
887 353 55 30 casi
955 352 75 30 lodos
1046 353 13 28 á
1074 361 93 31 vapor.

181 419 50 28 Los
256 416 99 31 fuertes
377 414 171 32 Constantino
575 425 17 30 y
612 414 179 32 Cuarentena,
819 421 29 21 se
870 415 173 36 presentaron
1072 408 97 40 dignos

138 474 103 30 émulos
257 473 33 30 de
306 478 54 24 esta
377 471 189 42 provocación,
584 469 136 31 causando
736 469 137 30 bastantes
897 468 106 29 averías
1026 466 15 29 á
1054 464 115 41 algunos

137 530 117 38 buques.

178 585 71 32 Nada
263 596 56 20 mas
331 585 139 40 consiguió
493 594 44 20 ese
554 589 96 35 ataque
673 593 52 31 que
739 591 130 31 asegurar
888 581 15 30 á
920 580 40 30 los
983 580 115 35 aliados,
1117 590 51 30 que

138 653 29 20 se
178 643 39 30 las
230 641 96 31 habian
342 651 49 20 con
408 651 35 19 un
457 640 123 39 enemigo
592 649 56 20 mas
666 638 107 30 temible
786 637 34 31 de
833 637 24 30 lo
871 646 52 32 que
940 641 75 26 anles
1031 646 29 20 se
1071 635 97 31 habian

137 699 165 40 imaginado.

181 756 28 29 El
223 756 42 29 dia
281 756 127 34 anterior,
427 754 58 30 lord
498 754 102 40 Raglán
613 753 80 31 habia
705 751 132 32 mandado
849 761 52 21 una
914 756 73 25 carta
999 761 49 20 con
1063 762 35 19 un
1110 760 60 32 par-

137 812 157 31 lamentario
310 811 25 30 al
352 811 138 29 almiranle
506 821 63 19 ruso
592 809 149 36 Korniloff,
761 808 205 42 previniéndole
982 818 54 32 que
1056 808 24 29 la
1098 807 71 41 plaza

137 869 44 30 iba
198 870 14 28 á
235 879 42 19 ser
300 867 134 31 demolida
449 878 48 29 por
514 867 42 29 los'
571 867 121 30 terribles
715 871 118 25 cañones
860 878 12 15 «
886 867 155 34 Lancaster,
1055 878 12 14 »
1094 876 17 30 y
1125 875 45 31 por

139 931 70 26 tanto
223 926 24 29 le
264 924 99 41 rogaba
379 935 32 19 en
428 923 111 31 nombre
555 923 34 31 de
605 924 24 30 la
645 922 175 34 humanidad,
846 923 101 31 hiciese
967 923 64 30 salir
1048 922 39 31 las
1103 933 66 20 mu-

136 983 73 40 jeres
225 992 17 30 y
258 982 77 29 niños
348 994 6 23 ;
380 991 16 30 y
413 980 78 30 sobre
509 980 60 30 lodo
585 981 15 29 á
618 990 53 20 «su
694 984 107 32 señora,
820 980 14 30 á
851 980 81 41 quien
949 979 160 42 preseulaba
1124 990 45 20 sus

140 1043 132 33 respetos.
286 1050 12 15 »

181 1095 38 28 La
234 1098 138 34 respuesta
385 1092 44 29 fué
444 1097 87 24 atenta
548 1102 15 30 y
580 1097 152 35 arrogante,
751 1091 76 30 decia
844 1093 55 28 asi:
917 1091 120 30 «Milord
1049 1104 6 17 :
1074 1093 36 29 No
1124 1098 45 24 te-

140 1150 68 30 máis
232 1149 63 29 tirar
319 1148 104 30 cuando
439 1148 116 39 gustéis:
585 1158 33 19 no
644 1148 32 29 he
693 1148 131 40 esperado
849 1154 109 24 vuestro
978 1149 109 40 consejo
1108 1158 62 31 para

140 1207 95 29 retirar
247 1205 116 40 mujeres
380 1215 16 30 y
420 1204 87 29 niños.
528 1205 35 28 La
580 1204 75 41 plaza
671 1215 34 18 no
721 1204 119 30 encierra
858 1215 57 20 mas
927 1215 54 31 que
997 1205 173 31 combatien-

142 1268 49 24 les.
217 1261 153 41 Agradezco
391 1271 35 20 no
442 1260 121 31 obstante
579 1266 107 25 vuestra
704 1261 189 41 generosidad,
922 1263 209 40 especialmente
1147 1263 23 30 la

142 1318 121 30 atención
275 1327 52 31 que
339 1318 122 29 mostráis
474 1327 48 31 por
534 1317 35 30 mi
589 1322 93 25 señora
693 1342 5 11 ,
715 1328 108 30 aunque
834 1319 50 29 ella
898 1318 67 42 haya
980 1320 96 30 mucho
1090 1320 80 31 tiem-

142 1385 34 30 po
193 1385 52 30 que
258 1385 33 19 no
304 1374 87 40 puede
406 1380 81 23 temer
499 1379 122 25 vuestros
639 1387 12 14 «
663 1375 170 36 Lancaslers,
846 1388 12 14 »
878 1386 65 30 pues
955 1386 29 21 es
998 1376 83 32 viudo
1094 1388 76 20 vues-

142 1436 40 23 tro
195 1430 149 29 afectísimo
363 1430 163 29 «Korniloff.
541 1443 11 15 »

185 1488 68 29 Poco
270 1487 98 40 tiempo
383 1486 118 41 después
518 1497 34 20 un
568 1496 78 21 casco
662 1485 33 31 de
711 1486 98 31 bomba
826 1488 123 30 arrebató
966 1490 24 29 la
1007 1491 63 29 vida
1087 1491 14 30 á
1118 1496 52 25 este

143 1542 152 28 almirante.

187 1601 35 28 Su
240 1609 109 20 sucesor
360 1598 150 31 Nachimoff
523 1598 111 31 redobló
649 1609 49 20 con
716 1601 108 39 energía
848 1601 39 30 las
904 1601 78 32 obras
998 1603 33 31 de
1048 1604 121 36 defensa,

144 1666 17 29 y
171 1657 98 27 mostró
282 1654 82 30 desde
381 1655 80 40 luego
474 1665 31 19 su
521 1654 119 30 belicoso
653 1657 130 35 carácter,
799 1667 50 19 con
862 1656 24 31 la
898 1657 68 32 furia
978 1670 53 31 que
1043 1661 130 41 desplegó

144 1717 91 24 contra
251 1711 40 29 los
302 1711 151 30 sitiadores.
468 1712 73 29 Buen
556 1712 114 40 ejemplo
686 1712 33 30 de
731 1712 52 30 ello
799 1723 29 20 es
842 1713 24 31 la
882 1714 100 32 batalla
994 1717 34 30 de
1041 1718 131 31 Balakla-

145 1775 34 21 va
194 1766 25 29 el
237 1767 36 28 25
297 1766 33 30 de
347 1767 119 36 octubre,
486 1778 31 19 en
534 1767 24 30 la
579 1767 60 31 cual
656 1767 132 31 sufrieron
805 1770 96 30 mucho
920 1771 40 30 los
982 1773 121 42 ingleses
1120 1775 53 30 ha-

144 1821 100 31 biendo
256 1822 58 30 sido
330 1822 39 30 los
385 1823 134 36 atacados,
540 1834 15 30 y
572 1823 23 30 la
612 1823 33 31 de
658 1833 55 21 mas
727 1826 137 39 gravedad
875 1827 43 30 del
935 1831 15 27 5
965 1831 157 31 noviembre
1139 1843 32 20 en

145 1878 152 29 Inkerman.
