1241 2180
508 124 158 27 53

117 184 128 37 Subidos,
266 196 43 29 ya,
328 187 14 29 á
359 186 23 29 la
395 187 91 29 última
500 187 85 29 colina
602 198 53 29 que
672 187 128 41 separaba
813 187 22 31 el
851 192 182 36 campamento
1054 187 43 31 del

78 247 104 34 puerto,
198 253 4 29 ¡
214 244 52 39 qué
279 242 167 40 perspectiva
459 243 99 30 militar
572 253 55 20 mas
639 244 150 40 imponente
803 255 27 19 se
844 244 95 31 ofrecia
953 246 14 29 á
981 245 24 29 la
1017 245 66 30 vista
1094 246 5 28 !

77 299 81 29 Hasla
182 297 87 31 donde
284 303 56 25 esla
370 298 154 36 alcanzaba,
542 305 68 24 lanío
622 300 14 29 á
652 299 114 31 derecha
779 310 75 20 como
879 302 13 28 á
910 300 146 41 izquierda,
1072 311 28 19 se

78 356 60 29 veia
151 355 141 30 sembrado
309 356 23 29 el
348 361 103 24 terreno
464 356 33 29 de
514 356 102 29 tiendas
629 356 34 30 de
674 362 127 34 campaña
808 357 148 31 .'alineadas
971 358 82 30 frente
1066 358 33 30 de

80 412 65 29 ellas
159 412 149 40 reposaban
326 413 38 29 las
381 422 86 20 armas
484 418 107 35 puestas
608 424 31 18 en
656 413 165 40 pabellones.
840 414 88 40 Cajas,
947 413 113 31 barriles
1084 424 16 30 y

82 475 54 24 otra
154 469 128 30 infinidad
299 469 33 31 de
347 470 86 30 clases
450 471 32 29 de
499 470 89 30 bultos
611 471 153 40 esparcidos
785 472 46 29 acá
847 482 14 30 y
882 471 67 30 allá:
975 471 125 30 soldados

81 525 137 31 formando
235 537 109 24 corros,
361 527 164 30 ordenanzas
541 527 33 30 de
584 527 104 30 caballo
706 527 122 30 llevando
840 533 99 35 partes,
959 528 141 29 rancheros

79 583 155 32 cocinando,
255 583 182 39 trabajadores
453 583 198 40 construyendo
668 583 124 30 barracas
808 593 64 31 para
893 595 101 19 nuevos
1011 584 89 40 hospi-

82 640 62 30 tales
157 639 33 30 de
207 650 108 30 sangre,
333 640 115 29 entierro
464 639 33 30 de
514 645 127 29 muertos,
660 639 125 31 redobles
798 639 32 31 de
848 640 131 30 tambores
992 651 15 30 y
1021 641 79 30 soni-

79 695 48 31 dos
143 695 32 31 de
186 701 120 25 cómelas
320 706 17 30 y
347 695 116 30 músicas
473 706 52 30 que
540 695 122 41 llegaban
675 697 14 29 á
702 701 122 25 nuestros
833 696 74 30 oidos
918 696 182 31 mezclándose

79 763 48 20 con
144 753 24 29 el
188 752 98 30 silbido
299 752 32 30 de
348 752 39 30 las
401 752 74 30 balas
492 763 17 30 y
525 752 24 30 el
565 763 114 20 cercano
702 753 142 30 estruendo
861 753 34 30 de
912 755 20 28 la
960 754 138 34 artillería;

82 809 58 29 todo
157 814 97 24 esloen
266 811 48 33 fin,
326 808 119 30 formaba
461 809 24 29 el
502 809 148 29 verdadero
663 809 99 30 cuadro
778 809 32 30 de
829 810 23 28 la
868 819 97 30 guerra
978 816 5 24 I
1002 810 98 30 cuadro

80 877 51 29 que
145 866 56 30 solo
215 866 133 40 gravedad
365 877 14 29 y
391 871 104 35 respeto
508 866 119 30 infunde.

122 926 138 28 Entramos
276 925 13 28 á
306 934 47 20 ver
379 924 23 29 el
430 924 102 40 capitán
562 925 90 34 Metts,
672 934 15 31 y
703 925 126 29 mientras
846 924 151 30 estábamos
1013 935 48 20 con
1077 925 24 29 él

81 982 83 28 oímos
175 982 22 28 el
211 986 78 35 loque
305 980 110 30 fúnebre
432 980 32 30 de
481 991 35 19 un
534 981 117 29 lambor:
669 991 45 20 era
732 992 33 18 un
780 981 87 29 infeliz
881 981 111 30 soldado
1008 992 52 29 que
1076 982 24 29 la

80 1039 106 39 víspera
202 1037 32 29 de
250 1037 78 39 aquel
346 1036 41 30 dia
405 1037 179 39 queriéndose
611 1047 78 30 pasar
707 1037 24 29 al
747 1048 74 23 ruso,
838 1037 78 30 habia
933 1037 57 30 sido
1006 1037 95 41 cogido

81 1104 47 29 por
140 1094 38 31 las
192 1093 159 34 avanzadas,
371 1104 16 29 y
404 1093 23 29 le
439 1093 121 30 llevaban
575 1104 31 20 en
623 1094 77 39 aquel
714 1098 132 26 momento
859 1095 13 29 á
893 1093 101 31 fusilar.

119 1152 121 39 Despuos
253 1150 32 30 de
302 1160 34 20 un
353 1155 72 25 corlo
448 1149 129 31 descanso
593 1160 48 20 nos
658 1150 165 30 marchamos
840 1150 74 30 hacia
931 1150 23 30 el
971 1156 82 35 punto
1068 1150 33 30 de

79 1206 176 30 observación
268 1216 53 30 que
337 1216 47 19 nos
399 1205 79 30 habia
495 1205 124 30 indicado
635 1215 34 20 un
685 1205 98 34 oficial,
801 1205 84 30 desde
906 1205 87 31 donde
1007 1217 28 19 se
1052 1217 49 30 po-

78 1263 44 30 día
139 1274 46 18 ver
200 1263 61 29 bien
276 1273 16 29 y
304 1262 40 29 sin
369 1262 88 39 riesgo
479 1261 24 29 la
529 1267 73 34 parle
618 1261 33 30 de
666 1262 88 34 tierra,
774 1271 28 20 es
815 1261 75 30 decir
906 1262 22 29 la
946 1263 155 29 meridional

78 1320 33 30 de
128 1319 156 38 Sebastopol
299 1330 16 28 y
328 1324 107 34 aspecto
451 1319 41 28 del
508 1319 70 28 sitio.

119 1376 151 31 Describiré
283 1376 115 39 primero
415 1375 24 30 la
456 1376 129 30 situación
598 1376 43 30 del
655 1376 117 39 ejército.

120 1434 51 29 Las
184 1434 83 29 líneas
283 1432 32 30 de
332 1438 96 34 ataque
444 1432 160 41 acampadas
620 1432 74 30 fuera
711 1433 23 29 el
751 1432 108 30 alcance
876 1431 42 30 del
934 1435 83 26 cañón
1032 1431 33 30 de
1078 1431 25 30 la

79 1490 73 40 plaza
169 1489 107 34 sitiada,
302 1489 136 29 formaban
453 1498 52 20 una
526 1490 134 28 estension
685 1488 33 29 de
734 1493 92 24 cuatro
850 1488 102 40 leguas,
976 1487 82 30 desde
1078 1487 23 30 el

78 1556 56 18 mar
148 1546 73 28 hasla
238 1545 23 29 el
275 1545 175 29 Tacliernaía.

120 1605 36 28 En
175 1603 22 30 el
212 1602 40 30 ala
268 1601 136 42 izquierda
421 1602 145 40 acampaba
581 1601 204 40 primeramente
802 1600 23 30 la
896 1600 115 30 división
1026 1600 78 30 fran-

78 1670 72 24 cesa,
164 1659 137 41 protegida
317 1665 91 24 contra
426 1659 21 29 la
473 1658 82 30 salida
584 1658 32 30 de
637 1659 39 29 los
701 1668 77 20 rusos
801 1668 49 30 por
874 1658 49 30 dos
936 1667 111 31 vapores
1072 1657 32 30 de

77 1726 96 31 guerra
196 1715 145 30 fondeados
361 1726 32 19 en
421 1726 35 19 un
476 1719 123 36 pequeño
624 1719 94 36 puerto
740 1713 122 31 ocultado
873 1713 43 30 del
932 1713 77 41 fuego
1028 1713 33 31 de
1077 1713 26 30 la

77 1773 73 40 plaza
167 1783 49 30 por
232 1772 23 31 la
271 1772 136 31 elevación
425 1771 32 31 de
481 1782 51 19 una
549 1771 101 30 colina:
670 1771 40 30 sin
732 1771 127 39 embargo
881 1771 75 29 caian
978 1780 52 19 aun
1051 1769 51 30 allá

77 1829 112 41 algunos
205 1830 161 41 proyectiles
387 1828 138 41 arrojados
546 1828 40 30 sin
607 1827 162 41 graduación
794 1827 53 40 fija.
878 1827 116 39 Seguían
1016 1826 23 29 la
1062 1826 41 30 4.a

78 1897 16 28 y
114 1887 43 29 3.a
174 1886 163 31 divisiones:
370 1887 75 29 venia
467 1885 118 40 después
602 1885 22 30 el
646 1884 100 31 cuartel
772 1882 107 42 general
908 1882 114 36 francés,
1040 1883 15 29 á
1071 1892 30 20 su
