1241 2180
557 123 160 27 28

120 191 34 30 do
170 202 29 19 su
216 191 99 29 diestra
337 199 77 20 mano
442 188 86 31 teñida
550 197 52 20 aun
623 197 31 20 en
672 196 107 30 sangre,
806 186 79 29 sobre
901 185 24 29 el
944 184 49 29 liso
1010 194 16 30 y
1053 181 95 32 blanco

120 247 122 34 mármol,
259 246 133 40 proclamó
408 245 24 29 el
449 245 147 30 islamismo
608 253 51 21 con
671 243 23 30 la
712 241 127 31 fórmula:
863 254 12 14 «
889 242 37 28 La
943 240 78 30 Allah
1037 240 18 28 il
1071 238 77 30 Allah

120 313 34 20 ou
166 302 138 30 Mahamed
318 302 91 30 racoul
420 302 88 29 Allah.
527 314 12 15 »

161 357 113 41 Aquella
291 357 211 40 ensangrentada
519 367 77 19 mano
614 355 88 41 quedó
718 354 155 41 estampada
891 353 45 30 allí
958 362 63 32 para
1038 351 110 42 oprobio

119 414 33 31 de
166 415 22 29 la
204 413 149 41 posteridad
368 427 5 17 :
399 424 51 20 aun
465 414 52 40 hoy
530 423 28 20 se
574 422 129 21 conserva
720 411 44 30 del
782 411 60 30 lodo
858 410 160 41 inteligible.

162 473 28 28 El
208 483 86 19 nuevo
304 472 104 40 palacio
421 471 78 30 sobre
513 471 23 29 el
553 470 122 36 Bósforo,
691 480 16 31 y
724 469 23 30 el
766 470 110 39 antiguo
894 468 116 31 Serrallo
1022 478 48 20 son
1083 467 66 30 edi-

119 530 74 30 ficios
210 528 95 41 dignos
321 528 33 31 de
368 528 24 30 la
408 527 156 30 nombradía
580 537 51 30 que
644 536 95 31 gozan.
760 528 35 28 La
812 525 121 31 Sublime
948 527 95 28 Puerta
1057 535 48 20 con
1118 535 30 20 su

118 596 66 31 gran
199 585 112 31 fachada
326 585 120 41 produce
460 585 114 29 lambien
597 594 35 20 un
650 583 84 30 efeclo
749 585 151 38 magnífico.
917 584 36 28 La
970 581 130 41 pirámide
1116 582 32 30 de

120 643 183 34 Constantino,
320 642 23 29 la
357 641 100 30 famosa
473 640 123 31 columna
613 640 33 30 de
662 640 94 35 Delfis,
773 640 23 30 el
814 639 119 31 obelisco
946 639 34 30 de
1002 639 143 36 Teodosio,

119 710 18 30 y
152 699 24 29 la
199 704 70 24 torre
292 699 33 28 de
348 698 141 34 Belisario,
510 707 48 20 son
580 702 70 25 otras
673 702 85 25 tantas
774 696 187 31 curiosidades
977 706 54 31 que
1058 701 89 25 atraen

121 765 73 19 suma
212 754 173 30 admiración.

160 813 36 28 Lo
214 822 51 30 que
290 822 40 19 me
347 812 77 39 gustó
440 810 189 30 sobremanera
646 810 44 30 fué
711 810 76 30 subir
802 810 15 30 á
841 810 24 30 la
888 810 111 30 elevada
1028 815 69 25 torre
1113 810 33 30 de

119 868 92 30 Gálata
225 878 51 30 que
293 867 98 30 llaman
404 866 39 31 los
462 872 88 25 turcos
566 879 12 14 «
589 866 74 31 Cula.
679 880 11 14 »
709 868 37 28 No
760 867 122 30 contiene
899 868 23 29 el
939 867 105 31 edificio
1056 867 25 31 la
1093 877 55 21 mas

118 924 108 29 mínima
242 933 62 20 cosa
329 922 81 41 digna
425 922 34 30 de
475 928 85 24 notar.
589 923 29 29 El
640 923 90 41 placer
745 933 54 31 que
812 934 28 19 se
857 924 85 29 siente
969 924 25 29 lo
1017 934 81 20 causa
1124 925 24 29 el

118 980 80 39 golpe
210 980 33 28 de
256 980 68 28 vista
338 981 15 27 á
370 979 44 39 ojo
427 978 35 30 de
474 979 91 40 pájaro
581 988 52 30 que
647 989 28 19 se
690 988 63 30 goza
767 979 83 29 desde
864 980 34 28 tal
915 981 137 28 elevación
1070 981 78 29 sobre

119 1036 25 29 la
166 1034 96 31 ciudad
290 1045 16 30 y
332 1045 46 19 sus
396 1033 183 31 alrededores.
603 1034 73 30 Todo
693 1044 28 20 se
737 1034 89 30 ofrece
842 1046 48 18 con
909 1036 23 28 la
949 1036 98 29 ilusión
1064 1036 33 29 de
1115 1046 32 19 un

118 1101 155 32 panorama.
298 1091 21 29 A
336 1097 123 23 nueslros
487 1091 57 40 pies
569 1091 130 40 apiñados
726 1093 118 28 caseríos
858 1117 6 8 ,
883 1092 117 40 después
1022 1092 125 30 variados

115 1146 119 40 jardines
248 1170 6 10 ,
284 1156 55 19 mas
369 1146 65 39 lejos
451 1146 137 39 elegantes
605 1146 117 39 palacios
738 1171 5 11 ,
773 1157 16 31 y
814 1147 55 34 allá,
894 1158 31 20 en
949 1148 155 31 lontananza
1121 1148 23 30 la

119 1203 69 31 fértil
210 1203 121 40 campiña
347 1202 32 30 de
394 1204 104 39 Europa
516 1213 16 30 y
548 1203 66 30 Asia
629 1203 16 30 á
661 1203 24 30 la
708 1214 58 21 vez.
787 1207 50 28 Por
851 1205 25 30 el
894 1205 56 30 Sud
967 1217 29 19 se
1013 1212 134 24 muestran

120 1259 39 31 las
177 1259 146 41 tranquilas
348 1268 83 30 aguas
447 1258 44 31 del
508 1260 104 30 Cuerno
628 1260 33 30 de
678 1271 45 19 oro
738 1285 5 11 ,
777 1261 135 31 cubiertas
939 1262 32 31 de
987 1262 106 41 buques
1110 1265 38 28 así

120 1316 33 29 de
169 1326 95 30 guerra
277 1325 76 20 como
367 1321 147 24 mercantes
527 1329 7 22 ;
550 1321 70 24 eslos
634 1316 130 30 haciendo
781 1329 46 18 sus
839 1318 146 41 descargas
1000 1345 5 10 ,
1026 1331 15 29 y
1058 1330 91 31 aque-

120 1373 51 29 llos
187 1373 155 29 armándose
365 1382 32 20 en
411 1372 40 30 los
467 1373 146 29 arsenales.
632 1374 51 29 Por
697 1384 32 19 en
747 1373 88 31 medio
853 1385 29 20 se
897 1386 97 20 cruzan
1012 1377 137 30 bandadas

120 1428 34 31 de
181 1428 85 30 lindas
287 1428 128 40 góndolas
431 1454 5 10 ,
462 1428 118 41 pasando
602 1440 17 30 y
645 1430 150 40 repasando
812 1442 49 30 por
877 1432 95 40 debajo
989 1433 33 30 de
1039 1433 41 31 los
1101 1433 48 31 dos

121 1484 186 31 frecuentados
328 1490 112 36 puentes
456 1495 52 31 que
524 1496 70 19 unen
623 1486 217 41 Constantinopla
857 1489 185 40 propiamente
1058 1490 90 35 dicha,

121 1553 18 30 y
154 1542 23 30 el
195 1541 88 31 barrio
302 1541 33 31 de
348 1544 66 28 Pera
428 1567 5 10 ,
449 1542 150 30 residencia
611 1542 32 30 de
657 1543 39 29 los
710 1554 142 30 europeos.

161 1598 33 29 Al
210 1598 108 29 Oriente
331 1604 138 34 serpentea
483 1598 23 29 el
524 1598 194 40 sorprendente
734 1600 109 31 Bósforo
856 1602 129 37 orillado,
1000 1615 44 20 ora
1059 1605 34 30 de
1108 1616 43 19 so-

120 1653 109 30 berbios
251 1654 118 39 palacios
382 1678 7 11 ,
408 1664 45 19 ora
472 1654 34 29 de
522 1654 135 39 elegantes
674 1656 105 39 quintas
793 1668 5 18 :
818 1660 62 38 aquí
899 1670 34 19 un
950 1662 112 30 sencillo
1078 1673 72 30 pue-

121 1709 46 29 blo
184 1733 6 11 ,
209 1710 50 29 allá
273 1721 36 18 un
322 1720 93 20 ameno
425 1710 100 40 jardín.
542 1713 36 27 En
596 1722 30 19 su
640 1712 92 40 rápida
745 1714 133 30 corriente
894 1721 128 27 entonces
1038 1729 29 19 se
1080 1719 71 30 des-

122 1765 104 29 lizaban
243 1770 154 25 centenares
423 1765 33 31 de
474 1766 103 41 buques
591 1792 5 10 ,
616 1768 110 30 muchos
750 1769 34 29 de
809 1770 67 30 ellos
904 1772 120 31 echando
1046 1786 49 28 por
1112 1776 39 29 los

124 1821 69 30 aires
220 1831 108 30 espesas
343 1821 151 32 bocanadas
511 1823 32 30 de
569 1833 83 31 negro
668 1824 80 29 humo
775 1826 23 29 al
823 1827 95 31 mismo
937 1830 98 40 tiempo
1051 1842 53 28 que
1121 1843 28 20 se

124 1877 79 30 veian
221 1886 76 30 pasar
315 1877 104 31 veloces
436 1879 58 29 cual
508 1879 122 31 delfines.
