1241 2180
508 117 161 27 59

116 180 66 28 Para
196 188 52 30 que
265 188 27 19 se
309 187 49 21 vea
382 178 43 29 del
451 178 79 30 modo
556 189 52 29 que
625 189 28 19 se
677 179 124 39 procedía
816 189 31 20 en
866 180 24 29 el
905 180 103 40 manejo
1022 180 34 30 de
1068 180 36 31 las

76 245 78 21 cosas
169 260 6 11 ,
193 235 82 30 citaré
293 246 34 19 un
340 235 114 40 ejemplo
472 246 51 29 que
539 245 42 20 me
597 235 176 40 proporciona
791 235 23 30 el
828 241 123 34 presente
968 246 71 21 caso.

119 294 120 39 Después
256 291 33 30 de
301 290 83 31 haber
401 291 104 30 tomado
528 291 24 30 la
568 290 123 31 cantidad
709 292 137 30 necesaria
860 291 33 31 de
910 295 94 28 azúcar
1018 303 17 31 y
1050 292 56 31 café

77 349 43 30 del
137 349 113 30 lanchon
265 359 52 30 que
335 349 25 29 lo
382 349 65 30 traía
462 373 6 11 ,
483 348 128 30 sobraron
628 357 51 21 aun
697 358 31 20 en
751 349 23 29 él
789 373 6 11 ,
817 351 14 27 6
848 349 118 40 bocoyes
978 351 96 29 azúcar
1090 361 16 29 y

80 409 36 28 20
134 417 75 20 sacos
226 406 56 29 café
299 416 53 29 que
364 406 98 29 debían
476 406 134 30 volverse.

120 465 34 29 Se
180 461 140 32 levantaba
347 467 73 25 entre
447 467 69 24 tanto
546 472 33 19 un
593 461 135 31 chubasco
753 472 52 30 que
821 463 158 30 amenazaba
995 463 110 31 descar-

78 529 49 32 gar
138 530 34 19 un
192 518 83 31 fuerte
287 528 132 30 aguacero
435 529 5 18 :
460 528 28 19 se
500 518 24 30 lo
546 517 103 30 advertí
665 517 25 30 al
706 518 89 30 oficial
810 543 6 10 ,
835 518 153 31 diciéndole
1014 530 51 30 que
1084 521 21 29 si

78 586 34 20 no
128 575 131 30 mandaba
276 574 90 31 cubrir
378 574 121 41 aquellos
513 573 99 31 efectos
623 598 6 11 ,
646 584 27 20 se
685 573 142 41 perderían
842 575 261 31 irremisiblemente.

82 647 11 13 «
105 635 55 37 ¿De
176 632 88 30 dónde
289 631 105 30 diablos
408 655 5 7 .
433 631 116 29 esclamó
578 632 23 28 él
617 655 5 9 ,
655 641 48 19 con
722 641 34 19 un
774 636 59 24 tono
862 637 43 24 tan
929 632 109 40 enojoso
1055 643 50 30 que

81 688 117 32 destruía
215 688 58 30 toda
289 688 100 40 réplica
402 712 6 11 ,
422 698 41 19 me
477 688 91 29 sacaré
580 698 33 29 yo
627 687 39 29 los
682 687 104 30 medios
803 697 63 30 para
883 688 150 30 hacerlo?»

121 744 218 35 Efectivamente,
364 743 39 31 los
419 743 164 40 encargados
608 743 33 30 de
654 743 120 30 cuidarlo
788 754 28 20 se
839 743 125 32 hallaban
981 750 124 26 ausentes

81 812 31 20 en
129 801 80 41 aquel
231 806 133 25 momento
380 810 48 31 por
442 810 43 20 ser
500 800 24 30 la
541 800 63 30 hora
620 799 33 31 de
666 799 98 31 rancho
775 814 6 21 ;
800 811 17 30 y
830 810 108 32 aunque
955 803 150 28 estuviesen

81 863 137 34 presentes
235 857 107 39 ¿dónde
358 857 110 29 estaban
481 856 39 30 los
530 856 167 31 encerados?

121 916 38 28 No
175 914 122 29 obstante
310 919 54 24 esta
381 912 198 41 imposibilidad
596 914 123 29 material
733 914 33 29 de
779 914 88 30 salvar
880 914 113 31 muchos
1009 914 96 31 efectos

82 981 64 30 que,
171 969 242 35 miserablemente,
428 980 29 19 se
472 969 142 30 averiaban
631 994 6 11 ,
663 970 150 30 contribuía
833 970 120 31 también
977 972 13 29 á
1003 971 52 31 ello
1071 981 34 21 un

83 1032 71 26 tanto
176 1026 32 30 de
223 1026 101 30 incuria
342 1036 16 30 y
381 1025 62 30 falla
456 1025 32 31 de
502 1026 135 40 previsión
650 1036 47 30 por
711 1032 74 35 parte
806 1026 33 30 de
855 1027 39 30 los
916 1028 111 30 mismos
1048 1038 57 19 em-

81 1083 120 40 pleados.

121 1139 167 40 Comprendo
303 1149 50 30 que
367 1139 25 29 el
407 1139 230 40 atropellamiento
651 1149 51 30 que
715 1139 142 40 implicaba
873 1140 106 39 aquella
996 1150 108 29 guerra,

80 1207 33 20 no
129 1196 78 41 podia
223 1206 76 20 verse
316 1201 95 25 exento
425 1195 33 30 de
471 1195 125 40 pérdidas
609 1208 6 23 ;
641 1206 65 29 pero
729 1197 66 38 ¡qué
811 1195 140 30 abandono
967 1196 52 40 hay
1032 1207 32 19 en
1081 1196 23 30 lo

79 1264 52 28 que
144 1258 139 34 pertenece
300 1254 14 27 ó
330 1262 67 30 paga
413 1262 34 19 un
460 1251 130 40 gobierno
600 1253 5 27 !

118 1309 144 39 Cargamos
280 1307 61 31 toda
358 1307 24 30 la
397 1306 85 31 noche
496 1317 16 30 y
529 1307 24 29 el
570 1306 43 31 dia
629 1307 146 40 siguiente,
791 1306 219 42 preparándonos
1030 1308 13 29 á
1060 1317 44 21 sa-

78 1366 34 29 lir
121 1365 24 29 el
164 1367 35 27 25
217 1375 48 30 por
280 1365 23 29 la
318 1369 112 25 mañana
443 1377 7 23 ;
469 1374 64 31 pero
555 1363 38 31 las
615 1364 91 30 anclas
728 1364 153 30 estuvieron
900 1369 40 24 lan
958 1363 146 31 enredadas

79 1432 48 19 con
143 1427 69 24 otras
226 1444 5 15 ,
249 1422 15 28 á
275 1430 79 21 causa
368 1421 32 29 de
417 1421 23 29 la
457 1421 133 29 remoción
604 1430 52 31 que
670 1420 32 30 de
716 1420 65 30 ellas
794 1419 79 31 habia
886 1419 99 31 habido
998 1421 13 29 á
1024 1420 25 30 la
1062 1430 42 20 ce-

79 1478 88 30 sación
180 1477 42 31 del
237 1477 127 43 temporal
376 1477 43 30 del
437 1478 36 28 14
488 1502 5 10 ,
509 1488 52 29 que
579 1477 73 29 hasta
673 1476 23 29 la
715 1476 84 30 noche
821 1486 33 19 no
865 1475 148 42 quedamos
1030 1476 74 30 listos

78 1544 65 30 para
155 1534 72 31 salir.
