1241 2180
538 143 180 28 190

163 210 31 30 El
223 211 36 28 29
277 208 33 31 de
326 208 142 31 setiembre
495 208 24 30 la
546 207 143 31 caballería
716 206 120 29 francesa
852 214 84 21 anexa
952 204 15 29 á
983 207 56 26 este
1059 212 86 21 nuevo

123 269 93 30 campo
229 259 32 29 de
277 259 171 40 operaciones
466 282 6 12 ,
490 263 63 25 tuvo
566 267 34 20 un
614 256 103 41 choque
731 265 49 20 con
794 254 24 30 la
834 264 62 20 rusa
909 279 6 10 ,
931 263 84 31 cuyas
1028 253 117 41 ventajas

123 309 147 30 resultaron
287 309 14 29 á
314 308 73 30 favor
402 307 33 30 de
452 307 22 30 la
489 307 124 39 primera.

165 358 29 30 El
210 357 83 41 poder
307 357 131 30 marítimo
450 355 33 31 de
501 355 38 31 las
555 355 47 30 dos
618 355 116 40 grandes
750 355 136 41 potencias
902 352 179 31 occidentales
1094 377 7 11 ,
1118 361 29 21 se

124 406 170 43 patentizaba
306 411 75 26 enlre
406 411 80 29 tanto,
503 415 47 31 por
566 404 88 31 medio
672 404 33 31 de
722 404 38 31 las
775 403 161 32 bombardas
949 404 14 28 ó
976 402 109 30 lanchas
1101 411 46 21 ca-

126 461 114 26 ñoneras
256 456 14 30 á
284 455 84 31 hélice
383 454 182 31 introducidas
578 465 32 19 en
624 465 46 19 sus
687 454 115 29 marinas
818 453 33 29 de
866 461 106 32 guerra.
992 452 54 30 Con
1060 451 87 41 ayuda

125 505 34 30 de
174 505 66 30 ellas
256 515 28 20 se
297 504 139 40 consiguió
453 504 23 29 la
488 503 135 30 rendición
640 503 32 30 de
686 503 121 29 Kinburn
821 513 7 24 ;
848 513 16 29 y
877 511 49 20 con
943 500 65 31 ellas
1024 510 29 20 se
1068 499 78 31 bom-

125 553 147 31 bardearon
286 553 112 40 algunas
411 552 171 40 poblaciones
595 552 42 29 del
658 561 56 20 mar
731 552 33 29 de
780 550 83 37 Azof,
880 559 46 22 ora
942 559 63 31 para
1029 548 118 41 hostigar

124 603 24 29 al
165 603 131 30 comercio
310 613 73 23 ruso,
402 611 45 20 ora
464 612 32 19 en
510 601 159 39 represalias
682 600 43 31 del
742 600 119 31 desastre
877 599 34 31 de
928 600 108 39 Sínope.

168 651 90 29 Donde
275 651 39 29 los
330 660 77 20 rusos
420 650 162 40 conseguían
598 649 114 41 algunos
725 649 115 31 laureles
852 658 44 21 era
917 658 32 20 en
965 647 63 31 Asia
1041 672 6 11 ,
1068 657 80 20 com-

126 700 127 30 batiendo
267 710 47 20 con
328 699 40 31 los
385 704 88 26 turcos
489 698 145 31 solamente
644 711 4 17 :
668 698 67 31 Kars
758 709 28 19 se
802 698 40 30 les
865 699 109 38 entregó
987 697 116 40 después
1116 695 32 30 de

125 758 53 21 una
205 748 118 41 porfiada
349 748 155 30 resistencia
519 772 7 11 ,
555 747 40 30 sin
613 758 52 30 que
693 747 100 41 llegara
809 748 14 30 á
840 748 99 39 tiempo
952 746 33 29 de
1007 744 141 42 impedirlo

124 798 161 39 Omer-Bajá
299 822 4 8 ,
323 807 63 30 que,
405 807 48 20 con
471 802 72 36 parte
555 796 33 29 de
604 807 30 19 su
652 796 120 40 ejército,
792 797 12 30 á
817 796 105 41 aquella
935 801 74 35 parle
1025 794 43 30 del
1081 804 67 20 con-

126 847 99 30 tinente
239 846 32 30 de
284 846 22 30 la
319 847 119 38 Turquía
454 856 28 19 se
499 845 77 29 habia
588 845 127 40 dirigido.

168 896 38 29 En
219 901 56 24 esto
288 904 32 32 ya
337 895 24 29 el
374 895 120 30 invierno
511 904 27 19 se
549 894 185 40 aproximaba,
753 904 70 30 cuya
836 894 122 40 rigurosa
971 893 117 30 estación
1104 891 44 32 de-

125 944 43 29 bia
182 944 106 30 reducir
309 944 38 29 los
371 944 123 40 ejércitos
510 944 32 29 de
559 944 23 29 la
608 944 103 30 Crimea
726 944 55 29 casi
797 945 15 28 á
829 943 23 30 la
869 942 155 31 esterilidad
1041 943 13 30 á
1068 951 80 22 causa

127 993 33 30 de
188 994 23 29 la
228 993 171 40 persecución
416 992 33 31 de
466 992 39 30 los
526 993 146 30 elementos
686 1017 7 11 ,
710 1002 76 21 como
803 1002 28 21 se
844 991 79 31 habia
936 990 212 42 esperimentado

129 1051 32 30 ya
177 1051 30 20 en
225 1041 22 29 el
265 1041 119 30 invierno
408 1041 115 30 anterior
537 1054 6 21 ;
562 1051 48 30 por
626 1041 25 30 lo
667 1051 53 31 que
733 1040 116 31 diremos
864 1065 5 12 ,
888 1051 53 30 que
957 1040 38 30 los
1008 1039 140 42 diplomá-

130 1092 66 29 ticos
212 1101 28 19 se
262 1100 160 30 encargaron
439 1090 33 30 de
497 1090 85 41 suplir
604 1101 49 20 con
678 1102 46 19 sus
739 1101 109 21 razones
864 1089 83 32 desde
959 1097 126 24 entonces
1100 1114 7 12 ,
1125 1090 23 30 la

127 1150 106 19 escasez
253 1139 32 30 de
301 1139 99 30 hechos
411 1139 32 30 de
455 1150 86 19 armas
552 1150 52 28 que
618 1165 5 7 ,
643 1140 74 30 basta
734 1140 23 30 la
770 1141 150 40 primavera
933 1140 45 30 del
995 1142 37 28 56
1046 1164 6 12 ,
1071 1139 77 31 debia

128 1188 233 39 esperimentarse.

169 1238 36 28 Ya
219 1247 32 19 en
267 1236 145 30 diciembre
428 1236 43 30 del
495 1239 37 27 55
555 1238 177 40 principiaron
750 1238 14 29 á
781 1238 114 30 circular
916 1249 122 19 rumores
1054 1238 34 30 de
1103 1248 47 30 paz

132 1295 31 20 en
176 1286 74 29 Paris
262 1310 5 11 ,
295 1285 39 30 los
348 1286 91 29 cuales
455 1285 91 30 fueron
563 1286 122 30 lomando
701 1288 176 29 consistencia
893 1297 31 20 en
941 1298 81 19 enero
1038 1287 42 30 del
1100 1289 48 32 56,

127 1344 47 31 por
190 1334 157 30 anunciarse
361 1345 53 30 que
427 1335 23 30 el
467 1336 65 29 Czar
544 1335 128 41 aceptaba
691 1336 38 29 las
747 1337 200 39 proposiciones
963 1336 33 30 de
1009 1336 39 30 los
1064 1336 86 30 sobe-

127 1393 77 21 ranos
221 1383 101 30 aliados
339 1384 39 30 sin
393 1384 138 31 condición
543 1385 108 39 alguna.

168 1434 115 28 Durante
297 1439 55 24 esle
368 1433 109 40 tiempo,
497 1443 31 20 en
541 1433 24 30 el
581 1439 80 24 teatro
678 1433 33 30 de
726 1434 22 30 la
762 1444 107 30 guerra,
885 1445 76 20 como
978 1446 28 19 se
1018 1436 132 40 despren-

125 1481 34 29 de
171 1481 32 29 de
217 1481 23 29 lo
256 1481 79 30 dicho
350 1492 64 30 poco
433 1481 31 30 ha
480 1507 6 10 ,
505 1481 67 31 nada
589 1482 81 40 digno
683 1481 33 31 de
730 1483 182 30 mencionarse
926 1484 110 30 sucedía
1051 1509 6 11 ,
1076 1484 75 30 fuera

126 1530 34 30 de
173 1530 111 39 algunos
301 1531 149 29 incidentes
464 1542 52 29 que
532 1542 34 19 no
581 1532 84 29 estará
691 1542 47 30 por
754 1531 92 31 demás
858 1531 104 32 referir.
992 1535 36 28 La
1040 1533 56 31 casi
1109 1543 44 21 re-

126 1580 107 40 pentina
247 1586 102 25 muerte
362 1580 32 31 de
409 1580 57 31 lord
483 1581 130 41 Radglan,
630 1582 107 40 general
751 1592 31 20 en
793 1581 54 41 jefe
859 1581 33 31 de
907 1582 40 31 los
959 1583 130 41 ingleses,
1105 1594 48 20 su-

127 1629 156 30 cediéndole
299 1640 31 19 en
348 1630 23 29 el
389 1630 95 30 mando
501 1630 114 41 Sinpson
630 1655 6 9 ,
660 1641 52 30 que
734 1641 56 20 mas
806 1630 73 31 tarde
900 1630 43 32 fué
966 1632 187 41 reemplazado

129 1688 46 30 por
190 1678 172 41 Codrington.
393 1679 128 30 También
544 1690 33 19 en
593 1680 24 29 el
641 1679 96 30 mando
753 1680 122 41 superior
900 1680 43 31 del
966 1681 109 41 ejército
1092 1691 62 21 ruso

126 1727 73 30 hubo
226 1728 91 29 relevo
331 1739 6 18 :
370 1739 28 18 se
416 1730 115 39 encargó
560 1729 183 30 últimamente
770 1729 33 30 de
830 1729 23 30 él
874 1754 6 9 ,
906 1730 24 30 el
958 1731 109 40 general
1094 1733 60 29 Lu-

126 1776 74 29 ders.

170 1825 29 30 El
218 1826 42 29 1.°
275 1826 32 30 de
332 1826 104 31 febrero
452 1827 32 30 de
502 1829 78 28 1856
595 1837 28 20 se
641 1828 74 29 firmó
731 1838 32 19 en
777 1828 83 29 Viena
882 1828 24 30 el
924 1830 136 40 protocolo
1083 1841 31 20 en
1132 1830 23 31 el

129 1884 51 31 que
196 1874 23 30 la
231 1876 79 29 Rusia
323 1875 126 42 aceptaba
462 1875 183 31 formalmenle
659 1876 38 30 las
712 1877 200 40 proposiciones
923 1878 34 30 de
974 1889 59 31 paz,
1049 1890 14 22 v
1076 1880 23 30 el
1118 1881 37 30 25

127 1923 42 31 del
183 1924 90 40 propio
286 1934 54 20 raes
352 1934 27 20 se
391 1924 179 41 inauguraron
582 1924 39 31 las
630 1924 183 32 conferencias
823 1936 31 20 en
869 1928 73 29 Paris
955 1938 63 30 para
1030 1929 118 32 tratarla.
