1241 2180
549 128 183 28 134

121 196 130 36 servicio;
273 207 16 29 y
302 194 116 41 después
431 218 6 11 ,
457 191 186 44 paseándonos
661 202 46 30 por
724 191 39 30 los
779 190 172 30 alrededores
967 189 33 30 de
1016 189 40 30 los
1067 199 78 30 par-

120 264 72 31 ques
209 263 15 30 y
240 252 108 30 oficinas
371 251 34 30 de
421 249 153 41 empleados
595 259 48 31 por
658 247 160 31 distracción
830 272 6 11 ,
855 247 86 29 vimos
966 245 33 31 de
1024 251 92 35 pronto
1131 246 14 31 á

120 319 35 20 un
173 309 59 30 lado
247 308 44 31 del
314 308 103 30 camino
439 318 52 30 que
514 318 48 30 por
575 307 45 29 allí
637 306 91 39 seguía
743 329 6 11 ,
776 306 14 28 á
808 304 38 30 los
860 303 118 31 oficiales
1004 302 141 41 españoles

120 376 52 30 que
190 366 117 29 trataban
324 365 32 30 de
373 364 119 31 levantar
508 373 52 20 una
578 362 88 31 tienda
682 362 33 30 de
739 366 138 36 campaña.
893 362 52 28 Nos
961 369 153 20 acercamos
1131 360 13 29 á

120 422 67 30 ellos
198 432 63 31 para
281 432 113 20 conocer
410 422 21 28 sí
447 432 31 19 su
495 421 133 29 intención
641 429 44 21 era
701 423 141 37 pernoctar
857 428 32 19 en
906 422 43 25 tan
974 416 170 30 descubierto

120 479 76 35 silio,
214 478 137 30 decididos
363 503 6 10 ,
388 479 21 28 si
424 487 93 25 acaso,
530 478 13 28 á
557 476 143 30 ofrecerles
718 475 84 40 mejor
813 473 228 31 acomodamiento
1054 474 13 29 á
1084 472 60 31 bor-

120 534 45 31 do.
181 534 221 35 Efectivamente,
422 544 46 19 nos
479 533 101 40 dijeron
595 543 51 30 que
663 531 164 31 habiéndose
842 529 140 32 retardado
995 529 24 32 el
1036 529 108 31 desem-

120 591 101 41 barque
237 591 32 30 de
282 602 30 19 su
330 592 112 40 equipo,
461 600 28 20 se
512 590 78 30 veian
606 588 122 31 forzados
744 590 14 29 á
772 599 79 30 pasar
866 588 25 29 la
907 588 85 30 noche
1008 588 51 30 allá
1072 613 6 11 ,
1098 599 46 30 por

120 658 44 20 ser
178 658 32 29 ya
224 647 153 30 demasiado
391 648 72 28 tarde
479 656 62 31 para
561 646 159 30 trasladarse
731 646 24 30 al
772 650 194 37 campamento.

161 706 134 28 Entonces
311 704 44 29 fué
368 704 103 29 cuando
484 714 34 19 no
531 704 38 29 les
593 703 141 30 ofrecimos
747 727 7 10 ,
770 703 57 29 sino
841 713 52 30 que
913 703 39 29 les
965 701 145 42 indujimos
1131 703 12 29 á

123 772 52 31 que
192 773 28 19 se
242 762 119 30 vinieran
377 762 14 29 á
413 771 90 20 comer
524 771 16 31 y
557 760 100 31 dormir
673 762 14 29 á
702 760 99 35 bordo,
817 770 33 20 no
865 759 134 41 pudiendo
1012 760 131 30 consentir

120 824 122 24 nuestras
258 818 149 30 afecciones
421 842 6 11 ,
452 827 52 31 que
520 828 28 19 se
565 817 152 31 estuvieran
735 822 42 24 tan
788 816 53 30 mal
854 815 144 41 abrigados
1019 815 61 31 toda
1092 826 51 21 una

119 875 84 30 noche
223 885 48 19 con
288 874 23 30 el
329 874 48 29 frío
393 884 52 30 que
468 874 75 29 hacia
557 898 6 12 ,
594 884 76 19 como
686 883 53 31 que
754 872 23 31 el
796 878 103 25 terreno
915 883 51 20 aun
983 883 32 20 en
1033 873 109 30 muchos

119 931 104 39 parajes
238 930 90 29 estaba
344 930 121 29 cubierto
477 930 32 29 de
523 930 86 29 nieve.

159 987 116 30 Primero
292 986 134 40 quisieron
445 986 119 30 levantar
580 996 50 19 una
645 985 87 30 tienda
755 986 33 29 de
815 991 128 36 campaña
959 996 61 31 para
1037 986 105 41 abrigar

118 1043 40 31 los
174 1042 128 31 caballos.
330 1043 50 29 Los
396 1041 48 31 dos
461 1041 104 31 criados
579 1052 51 30 que
647 1042 38 30 les
710 1042 202 41 acompañaban
927 1068 6 10 ,
957 1042 103 42 dijeron
1078 1053 62 31 que,

118 1110 33 19 en
164 1104 95 25 cuanto
273 1100 13 29 á
303 1098 66 30 ellos
383 1123 6 11 ,
408 1109 27 20 se
452 1099 144 40 cobijarían
614 1109 31 20 en
662 1099 141 40 cualquier
819 1100 92 29 rincón
926 1124 5 11 ,
951 1111 52 29 que
1024 1110 32 30 ya
1080 1110 62 30 para

119 1157 51 29 ello
181 1166 28 19 se
225 1156 91 29 darían
334 1160 73 25 maña
421 1168 5 17 :
446 1156 22 29 el
486 1167 52 18 uno
551 1166 43 19 era
612 1156 110 40 español
737 1180 6 11 ,
762 1167 16 29 y
794 1157 24 29 el
836 1162 56 24 otro
910 1162 83 25 turco.
1014 1158 54 30 Con
1089 1162 53 26 este

119 1212 92 29 último
225 1212 55 29 solo
293 1223 28 18 se
335 1212 139 29 entendían
490 1223 47 29 por
549 1217 86 24 señas.
656 1213 66 28 Para
738 1212 100 30 activar
855 1212 23 30 la
893 1213 137 31 maniobra
1044 1239 6 10 ,
1069 1213 73 31 hasta

117 1278 33 30 yo
164 1278 41 19 me
230 1268 61 29 metí
307 1268 13 29 á
334 1267 142 40 ayudarles
492 1268 15 29 á
523 1268 89 30 clavar
628 1273 103 25 estacas
748 1278 62 31 para
827 1268 23 30 la
866 1268 87 32 tienda
967 1295 6 11 ,
1001 1281 16 30 y
1042 1269 100 42 dejarlo

118 1323 59 30 todo
191 1323 139 39 arreglado
347 1333 62 30 para
426 1323 56 30 solo
499 1334 78 30 pasar
590 1323 197 41 regularmente
799 1325 106 39 aquella
919 1326 95 30 noche.

157 1381 142 29 Fuímonos
319 1380 13 30 á
349 1379 82 31 bordo
448 1389 32 32 ya
495 1379 119 32 bastante
631 1380 157 31 oscurecido
798 1406 6 11 ,
834 1393 16 29 y
867 1393 48 18 nos
932 1383 120 41 pusimos
1068 1394 31 19 en
1116 1383 25 31 el

116 1442 58 24 acto
187 1438 13 28 á
213 1447 103 24 comer,
330 1436 125 41 poseídos
468 1437 74 29 lodos
555 1438 32 29 de
601 1438 23 29 la
639 1448 91 30 mayor
742 1438 167 31 satisfacción
920 1453 6 22 ;
941 1440 67 31 ellos
1020 1440 33 31 de
1066 1451 76 21 verse

117 1498 42 24 lan
172 1492 61 30 bien
248 1492 115 29 tratados
375 1516 6 10 ,
401 1493 102 29 cuando
516 1493 56 29 solo
590 1493 95 30 habían
703 1494 130 40 esperado
849 1494 199 38 sufrimientos;
1066 1508 76 19 noso-

115 1554 54 24 tros
181 1573 6 12 ,
211 1559 48 30 por
271 1548 24 31 el
312 1559 64 29 gozo
393 1548 32 30 de
442 1559 96 20 vernos
551 1554 74 25 entre
642 1550 129 30 militares
788 1552 188 40 compatriotas
992 1577 6 11 ,
1016 1564 32 19 en
1069 1554 73 30 sitios

118 1605 87 31 donde
219 1605 149 31 estábamos
380 1605 88 31 harlos
481 1605 32 31 de
529 1612 77 25 tratar
619 1617 48 20 con
684 1607 56 30 solo
756 1607 147 30 franceses.

154 1662 119 30 Hicimos
297 1661 73 41 larga
392 1661 171 37 sobremesa,
589 1673 16 31 y
621 1673 74 19 como
712 1663 23 29 el
756 1663 50 30 frió
822 1674 44 20 era
891 1676 63 30 muy
971 1666 121 37 intenso,
1110 1676 33 22 no

114 1727 48 21 nos
174 1718 129 30 movimos
320 1728 55 20 mas
388 1717 34 31 de
439 1718 23 30 la
480 1720 104 28 cámara
601 1743 5 11 ,
623 1719 87 30 donde
727 1719 73 30 ardia
817 1724 47 36 (en
882 1720 22 31 la
919 1722 103 40 estufa)
1037 1734 34 19 un
1087 1724 57 30 fue-

115 1784 33 30 go
160 1774 171 30 consolador:
352 1776 38 28 así
407 1775 145 30 estuvimos
567 1775 73 31 hasla
654 1786 75 20 cerca
755 1775 23 31 la
795 1776 87 32 media
899 1778 102 38 noche,
1027 1791 53 30 que
1097 1786 55 25 nos'

116 1831 139 29 retiramos
269 1831 134 29 adormir.

155 1889 115 29 Durante
286 1898 60 21 esas
358 1889 78 30 horas
452 1900 52 30 que
520 1899 123 31 pasamos
659 1889 33 31 de
706 1891 105 31 tertulia
823 1917 5 12 ,
849 1893 96 31 mucho
962 1905 47 20 nos
1020 1894 121 32 divertí-
