1241 2180
532 120 183 28 167

110 190 28 20 es
155 180 33 30 de
204 181 23 29 la
245 187 55 25 olra
316 206 5 11 ,
341 182 87 40 queda
453 183 141 30 enterrado
607 194 31 19 en
656 183 23 29 la
692 183 94 30 misma
803 184 103 30 Crimea
922 208 6 11 ,
944 183 193 41 esceptuando,

110 247 75 20 como
208 237 33 30 he
269 238 156 40 significado
443 249 32 31 ya
490 265 5 10 ,
514 249 52 21 una
583 244 121 37 pequeña
722 247 72 34 parte
807 240 32 30 de
856 240 67 30 ellos
940 250 69 31 que,
1028 249 49 31 por
1092 249 48 21 ca-

110 294 122 30 sualidad
247 320 6 11 ,
268 295 107 31 reciben
390 296 23 30 el
427 306 77 20 casco
520 296 33 30 de
570 307 34 19 un
618 297 78 29 modo
713 297 110 29 liviano.
834 310 11 14 »
870 299 60 28 Esle
945 297 197 30 razonamiento

111 355 42 26 lan
166 352 175 29 convincente
358 363 33 19 no
407 353 114 30 merecía
535 353 100 40 réplica
652 378 6 11 ,
676 364 64 30 pero
756 364 28 18 se
801 354 142 39 espresaba
960 359 39 24 lan
1015 353 62 29 bien
1096 363 46 19 ese

110 409 99 29 militar
225 419 17 30 y
259 410 105 39 parecía
389 415 42 25 tan
443 410 208 41 complaciente,
678 421 51 30 que
744 420 40 20 me
801 411 82 29 atreví
901 410 14 30 á
933 409 144 41 suplicarle
1100 420 43 19 me

110 465 133 41 esplicara
257 491 5 10 ,
278 476 34 19 no
326 476 55 20 mas
403 477 51 31 que
472 477 47 31 por
545 465 151 32 curiosidad
723 466 33 30 de
773 466 105 30 saberlo
890 491 6 10 ,
922 469 74 27 cómo
1013 465 81 31 habia
1116 465 26 31 él

110 520 59 31 sido
182 521 104 31 herido.
309 523 72 30 «Con
399 523 95 30 mucho
508 525 90 38 placer
611 523 24 30 lo
651 524 62 29 haré
729 547 5 11 ,
754 533 41 20 me
811 525 119 28 contesló
944 533 61 29 muy
1022 522 116 31 solícito.

111 579 28 29 El
157 579 99 40 primer
269 579 43 30 dia
335 579 42 30 del
394 580 164 30 bombardeo
573 580 58 30 todo
648 581 42 29 iba
709 591 61 31 muy
787 580 59 29 bien
862 605 6 10 ,
884 580 126 30 continuó
1027 579 114 29 dicien-

110 635 49 36 do,
178 646 67 29 pues
262 635 39 30 los
315 646 77 20 rusos
409 646 27 20 se
453 636 152 30 mostraban
620 661 7 12 ,
646 647 73 20 como
734 638 30 28 V.
784 636 101 30 notaría
900 661 5 9 ,
930 646 62 29 muy
1007 635 133 30 retraídos

110 691 33 31 de
168 691 244 42 correspondemos
428 704 5 18 :
458 692 38 31 los
513 703 56 20 mas
592 692 155 31 alucinados
775 692 34 31 de
833 697 122 25 nosotros
968 691 122 40 colegian
1106 691 33 30 de

110 749 53 30 ello
180 760 35 19 un
232 749 70 30 buen
319 756 115 34 agüero,
453 760 48 19 con
518 759 69 31 cuya
609 759 145 31 esperanza
777 748 74 31 lodos
877 747 207 32 redoblábamos
1108 757 33 20 en

110 806 25 30 lo
154 805 105 41 posible
276 812 108 24 nuestro
402 806 87 36 valor,
508 816 64 31 pero
599 806 59 30 hete
682 807 63 40 aquí
767 816 52 29 que
833 806 32 29 de
878 805 101 29 rondón
1001 804 24 30 al
1042 804 43 30 dia
1099 804 39 30 si-

110 863 110 41 guiente
233 874 17 31 y
265 863 61 31 cual
340 863 38 31 las
391 862 83 32 furias
486 863 42 30 del
546 864 122 35 Averno,
683 862 128 41 desfogan
823 862 38 30 las
876 862 115 30 balerías
1005 862 136 38 enemigas

110 930 51 20 una
179 930 95 31 espesa
289 921 83 29 lluvia
387 920 33 30 de
438 920 160 41 proyectiles
612 919 32 31 de
661 919 73 30 todas
756 919 85 31 clases
860 929 15 31 y
890 922 117 26 (amaños
1022 931 7 23 ;
1048 917 94 31 dentro

110 977 33 29 de
155 983 109 24 nuesira
279 976 102 30 balería
395 1001 7 10 ,
426 976 165 35 solamente,
610 976 24 29 le
648 975 73 36 diré,
746 984 63 32 para
834 985 52 31 que
904 975 101 40 juzgue
1021 973 34 31 de
1071 974 66 37 ello,

110 1045 115 32 cayeron
243 1045 31 20 en
292 1044 91 20 menos
397 1033 33 31 de
447 1044 51 19 una
513 1033 66 30 hora
602 1043 55 19 mas
681 1033 33 29 de
740 1034 36 28 60
801 1033 33 29 de
863 1033 38 29 las
919 1032 65 29 tales
1006 1032 131 40 pildoras,

110 1103 67 30 que,
196 1091 151 30 felizmente
361 1115 7 11 ,
395 1090 118 40 ninguna
530 1088 79 31 habia
625 1088 159 31 ocasionado
811 1088 67 30 daño
896 1088 98 40 alguno
1020 1088 117 34 directo,

109 1149 104 40 gracias
226 1150 14 28 á
254 1154 108 24 nuesira
375 1148 136 40 previsión
523 1172 5 11 ,
545 1159 17 30 y
574 1146 22 30 al
613 1146 102 41 refugio
729 1156 52 31 que
791 1145 188 41 adoptáramos
996 1154 64 31 para
1074 1153 67 31 gua-

109 1215 126 21 recernos
250 1204 25 30 al
288 1205 23 29 ir
327 1205 14 29 á
357 1204 80 30 hacer
453 1204 24 29 la
491 1204 135 40 esplosion
640 1215 6 25 ;
665 1203 56 29 solo
740 1202 80 30 habia
836 1201 98 31 habido
951 1210 51 21 una
1019 1211 52 30 que
1088 1210 54 20 ca-

109 1261 106 42 yendo,
244 1260 264 42 desgraciadamente
531 1270 65 30 para
619 1265 144 30 nosotros,
794 1259 78 29 sobre
889 1268 52 19 uno
958 1257 33 30 de
1017 1262 123 25 nueslros

109 1324 131 24 morteros
264 1316 116 42 cargado
396 1326 44 32 ya,
461 1316 24 30 lo
500 1316 110 30 rebentó
623 1341 6 9 ,
647 1326 17 30 y
680 1315 39 30 los
736 1315 162 40 fragmentos
915 1314 118 29 hirieron
1060 1315 14 28 á
1090 1313 53 30 seis

109 1375 143 31 artilleros.
273 1375 55 29 Mas
343 1398 6 11 ,
375 1373 101 41 pasada
494 1373 23 30 la
534 1372 31 31 lal
578 1372 64 31 hora
656 1397 6 11 ,
677 1371 97 31 viendo
791 1372 76 30 venir
887 1372 13 29 á
918 1381 62 20 caer
1009 1380 75 20 cerca
1110 1370 33 30 de

109 1432 35 30 mi
155 1432 60 30 silio
232 1441 51 20 una
300 1430 97 30 bomba
411 1455 7 10 ,
447 1429 149 41 queriendo
610 1438 109 31 esperar
736 1439 32 30 yo
785 1437 63 31 para
866 1426 205 42 resguardarme
1090 1436 53 30 que

107 1490 103 40 llegara
230 1489 24 30 al
271 1489 92 35 suelo,
379 1488 182 31 casualmente
575 1512 6 10 ,
602 1497 15 30 y
635 1496 62 31 para
715 1486 35 29 mi
762 1486 139 40 desgracia
920 1509 6 11 ,
951 1484 111 31 rebentó
1088 1484 14 29 á
1118 1483 25 30 la

107 1546 95 30 misma
213 1546 85 29 altura
309 1545 33 30 de
359 1554 50 20 una
425 1553 113 32 persona
553 1568 6 11 ,
580 1554 16 30 y
619 1553 33 20 un
667 1552 78 21 casco
761 1552 45 20 me
835 1541 70 30 llevó
922 1546 56 25 esle
995 1540 79 29 brazo
1091 1550 52 30 que

108 1608 79 35 lengo
199 1602 34 30 de
246 1612 101 20 menos.
366 1601 107 40 Apenas
502 1599 106 30 llevado
632 1599 25 30 al
674 1598 115 41 hospital
806 1597 33 31 de
857 1607 96 31 sangre
965 1622 6 11 ,
998 1607 65 29 supe
1089 1607 54 30 que

108 1665 57 25 otro
189 1664 124 36 sargento
330 1658 33 30 de
379 1658 24 30 la
420 1657 94 30 misma
539 1656 101 30 batería
657 1655 91 31 estaba
762 1660 105 25 muerto
891 1664 33 31 ya
938 1679 6 11 ,
963 1665 16 30 y
995 1653 71 41 hoy,
1090 1663 53 31 que

105 1718 66 31 hace
188 1717 57 30 solo
263 1722 52 24 tres
326 1716 57 29 dias
400 1725 53 31 que
469 1714 36 31 fui
519 1714 92 30 herido
624 1739 6 11 ,
649 1719 74 35 estoy
738 1712 148 31 informado
908 1722 52 30 que
979 1712 21 28 el
1016 1716 126 35 sargento

106 1787 53 30 que
172 1785 42 21 me
231 1774 149 41 reemplazó
392 1784 33 19 en
442 1773 23 30 el
480 1778 95 36 puesto
590 1783 50 30 que
653 1781 116 31 ocupara
781 1795 6 10 ,
803 1781 29 19 es
847 1769 114 31 también
978 1778 32 32 ya
1023 1768 115 37 difunto;

105 1834 33 30 de
155 1843 118 25 manera,
293 1843 53 30 que
359 1842 34 30 yo
409 1842 53 30 que
487 1840 87 31 vengo
591 1840 49 20 con
657 1840 33 20 un
709 1829 79 30 brazo
804 1838 94 20 menos
915 1851 6 12 ,
939 1826 88 42 puedo
1050 1826 93 30 darme

105 1902 49 30 por
177 1889 143 33 salisfecho
335 1913 6 12 ,
370 1890 15 29 ó
400 1887 106 32 cuando
522 1898 33 19 no
571 1886 176 32 consolarme.
757 1900 13 15 »
789 1886 54 30 Con
861 1890 56 26 esla
934 1883 204 32 manifestación
