1241 2180
511 125 182 28 139

89 185 128 41 igualdad
231 187 33 30 de
278 188 74 29 valor
363 188 33 29 de
413 188 163 31 entrambos.
596 189 38 30 Ya
661 199 32 20 en
710 189 23 30 el
748 189 60 31 sitio
821 190 32 30 de
871 190 126 37 Sílíslria,
1023 190 97 31 habían

90 243 41 31 los
150 249 88 26 turcos
266 243 171 32 demostrado
454 255 33 20 no
515 256 57 25 ser,
604 256 31 20 en
652 245 124 31 denuedo
788 271 6 12 ,
813 247 139 31 inferiores
962 248 12 29 á
991 259 46 19 sus
1050 258 70 21 ene-

91 300 97 39 migos.

134 357 142 30 Concluiré
293 357 141 37 diciendo,
461 364 105 35 respeto
592 359 24 30 al
631 359 91 30 estado
737 359 43 30 del
806 360 59 30 sitio
882 371 48 31 por
942 367 55 25 este
1009 363 110 40 tiempo,

91 424 53 31 que
163 414 75 31 todos
251 414 41 31 los
318 415 185 41 preparativos
533 415 93 31 hacian
645 427 97 30 prever
758 427 42 20 ser
815 418 101 29 lomada
931 418 22 29 la
970 419 151 31 resolución

91 469 33 32 de
142 470 49 31 dar
218 471 24 30 el
267 472 84 30 asalto
367 482 32 20 en
414 472 22 30 la
453 473 151 40 primavera
621 497 6 11 ,
646 483 49 20 con
710 474 23 29 la
750 475 159 39 precaución
926 486 125 30 empero,
1070 486 51 20 se-

91 538 55 31 gun
161 538 28 20 se
206 528 75 30 decía
297 552 6 11 ,
332 528 33 30 de
381 529 119 29 estudiar
525 529 38 29 las
581 529 102 29 fuerzas
707 529 33 30 de
769 530 23 30 la
820 530 73 40 plaza
909 541 32 19 en
963 531 22 30 el
1003 537 57 24 acto
1077 532 44 30 del

91 584 166 31 bombardeo
276 585 154 41 preliminar
443 609 5 10 ,
467 596 49 30 por
532 587 22 28 si
566 585 78 31 habia
660 586 174 41 inseguridad
851 597 32 20 en
897 587 23 31 el
935 588 70 30 éxito
1020 613 6 10 ,
1053 598 68 31 pues

91 651 32 20 en
140 647 56 24 este
222 651 62 20 caso
296 643 27 39 (y
339 643 38 29 así
394 641 127 40 sucedió)
550 653 27 20 se
604 642 117 31 diferiría
753 643 23 30 la
801 644 102 41 prueba
916 644 117 30 decisiva
1057 654 63 31 para

91 697 104 32 cuando
212 704 124 24 contaran
350 708 49 20 con
416 708 56 20 mas
483 699 102 30 medios
597 699 33 30 de
644 709 128 30 asegurar
787 701 23 28 el
826 700 145 30 resultado.

133 756 36 28 La
186 754 159 41 inesperada
375 756 154 29 resistencia
543 767 17 29 y
581 756 82 40 poder
679 756 33 30 de
733 756 106 41 aquella
857 756 73 41 plaza
942 782 6 9 ,
975 756 77 31 hacia
1080 767 41 21 ser

93 822 31 31 ya
141 823 63 28 muy
221 812 151 29 cautelosos
389 812 39 29 los
452 812 151 30 sitiadores.
624 814 65 29 Pero
702 812 24 31 el
738 812 123 41 designio
877 813 33 30 de
926 813 90 30 rendir
1030 815 12 29 á
1059 813 62 31 lodo

91 872 89 25 trance
194 867 107 41 aquella
323 867 97 30 ciudad
434 867 158 37 fortificada,
611 878 53 31 que
679 868 113 40 algunos
809 869 158 41 supusieran
981 869 140 41 inespug-

90 924 79 31 nable
182 925 67 30 vista
274 924 22 31 la
319 925 109 40 general
455 935 122 31 sorpresa
599 936 53 30 que
674 926 117 30 causaba
815 926 23 30 el
856 927 151 29 estoicismo
1023 927 33 30 de
1074 938 46 19 sus

89 980 157 31 defensores
257 1005 6 11 ,
291 991 45 20 era
352 981 43 29 del
422 981 59 30 todo
494 982 166 29 irrevocable
671 994 6 17 :
710 982 91 29 estaba
817 982 147 40 empeñado
996 983 23 29 el
1037 983 84 30 honor

90 1038 109 34 militar,
219 1038 24 29 la
260 1037 82 30 honra
358 1037 33 30 de
417 1037 39 29 las
472 1038 125 29 naciones
613 1038 102 30 aliadas
728 1063 6 10 ,
747 1038 24 30 el
787 1048 74 20 amor
874 1039 107 40 propio,
1010 1039 24 30 el
1062 1039 57 31 de-

89 1094 59 37 ber,
168 1105 31 19 en
213 1096 34 27 fin
263 1093 60 31 lodo
335 1093 151 31 reclamaba
501 1093 24 30 la
543 1094 101 40 precisa
659 1093 137 31 rendición
813 1094 32 30 de
857 1094 168 40 Sebastopol.

131 1151 226 31 Atravesábamos
373 1151 24 30 el
417 1152 56 29 Mar
488 1152 85 39 Negro
588 1175 5 11 ,
610 1151 39 30 sin
669 1156 73 25 tener
758 1161 51 31 que
826 1152 83 29 sentir
925 1162 47 30 por
989 1157 72 35 parte
1083 1152 35 30 de

89 1209 41 30 los
143 1209 146 29 elementos
310 1207 191 40 contratiempo
514 1207 98 40 alguno
626 1220 6 22 ;
652 1218 16 30 y
691 1206 112 31 durante
820 1207 106 41 aquella
940 1208 59 29 feliz
1023 1214 95 25 trave-

91 1266 39 30 sía
142 1275 34 20 no
193 1264 105 31 ocurrió
309 1274 56 19 mas
378 1263 121 30 novedad
513 1288 6 10 ,
535 1274 52 30 que
600 1264 113 39 algunas
730 1263 173 30 defunciones
917 1270 73 24 enlre
1007 1264 39 30 los
1061 1275 57 20 mas

88 1322 131 31 dolientes
236 1321 132 30 enfermos
381 1323 15 28 ó
417 1320 109 31 heridos
539 1345 5 11 ,
572 1331 83 30 cuyos
667 1320 145 31 cadáveres
826 1331 42 19 era
887 1321 103 41 preciso
1013 1322 104 40 arrojar

89 1379 24 30 al
127 1389 65 19 mar.
211 1390 5 28 ¡
229 1379 58 34 Qué
312 1378 93 29 horror
419 1376 116 32 causaba
549 1387 46 20 ver
612 1382 70 25 tanlo
698 1387 99 31 cuerpo
811 1377 115 30 humano
941 1378 83 30 hecho
1047 1388 71 31 pas-

90 1441 24 26 to
132 1435 32 30 de
179 1435 39 30 los
232 1436 88 40 peces!
333 1435 108 29 Gracias
455 1444 50 19 aun
521 1445 51 29 que
593 1440 121 24 nosotros
731 1445 32 18 no
778 1434 96 30 fuimos
889 1445 63 30 muy
969 1435 150 40 persegui-

88 1491 49 32 dos
154 1502 48 31 por
217 1491 32 31 tal
263 1496 115 25 eslremo
391 1502 5 20 :
413 1496 56 24 otro
483 1501 82 30 vapor
582 1491 103 30 francés
697 1501 51 30 que
763 1491 78 29 habia
854 1491 86 29 salido
956 1502 80 30 pocos
1061 1491 58 31 dias

87 1554 76 25 antes
174 1559 52 31 que
242 1553 121 26 nosotros
378 1558 30 20 en
427 1547 22 31 el
467 1552 124 36 présenle
608 1547 80 41 viaje,
707 1552 61 25 tuvo
786 1547 23 30 la
822 1546 141 41 desgracia
975 1547 33 31 de
1021 1547 97 42 perder

91 1617 33 20 en
143 1608 36 28 48
192 1606 90 35 horas,
301 1616 67 19 unos
380 1607 37 28 30
433 1605 33 29 de
478 1605 122 40 aquellos
613 1604 165 30 desvalidos.

129 1665 64 30 Para
210 1663 142 41 arrojarlos
365 1662 25 31 al
406 1672 83 31 agua,
505 1673 28 19 se
547 1662 38 29 les
601 1662 125 30 envolvía
743 1672 49 19 con
805 1672 31 19 su
853 1662 92 40 propia
963 1666 86 25 manta
1063 1686 7 12 ,
1088 1672 30 20 se

88 1721 41 31 les
154 1720 120 41 sujetaba
291 1731 35 19 un
344 1730 63 31 peso
424 1730 32 20 en
470 1719 39 30 los
525 1719 58 42 pies
596 1744 6 10 ,
622 1720 72 40 (que
722 1728 62 32 para
798 1726 57 23 esto
878 1718 96 30 venían
988 1728 76 21 como
1085 1717 34 32 de

88 1778 89 31 molde
194 1779 38 30 las
246 1778 123 42 parrillas
385 1777 33 31 de
445 1777 40 31 los
505 1777 99 30 hornos
621 1787 52 30 que
690 1776 109 30 estaban
819 1786 32 31 ya
873 1775 209 40 inutilizadas),
1102 1786 17 30 y

87 1842 109 35 puestos
213 1836 79 30 sobre
305 1845 51 21 una
371 1834 69 31 labia
463 1834 33 31 de
512 1833 107 31 madera
631 1859 6 11 ,
655 1844 29 20 se
699 1833 127 31 colocaba
848 1833 54 30 casi
920 1844 31 19 en
974 1833 145 41 equilibrio

85 1893 80 31 sobre
178 1893 23 31 el
217 1892 120 32 canlode
354 1892 24 30 la
392 1901 69 31 popa
478 1891 43 31 del
535 1891 92 41 buque
640 1905 7 24 ;
663 1891 114 31 rezando
795 1901 51 20 una
864 1890 111 31 fúnebre
990 1891 121 36 oración,
