<?xml version="1.0" encoding="UTF-8"?>
<alto xmlns:xsi="http://www.w3.org/2001/XMLSchema-instance" xsi:noNamespaceSchemaLocation="http://www.bl.uk/schemas/alto/alto-1-4.xsd" xmlns:xlink="http://www.w3.org/1999/xlink">
	<Description>
		<MeasurementUnit>mm10</MeasurementUnit>
		<sourceImageInformation>
			<fileName>//head1/IN/2008-26/A0011736599/009171.jp2</fileName>
		</sourceImageInformation>
		<OCRProcessing ID="OCRPROCESSING_1">
			<preProcessingStep>
				<processingSoftware>
					<softwareCreator>CCS Content Conversion Specialists GmbH, Germany</softwareCreator>
					<softwareName>CCS docWORKS</softwareName>
					<softwareVersion>6.1-0.67</softwareVersion>
				</processingSoftware>
			</preProcessingStep>
			<ocrProcessingStep>
				<processingSoftware>
					<softwareCreator>ABBYY (BIT Software), Russia</softwareCreator>
					<softwareName>Finereader</softwareName>
				</processingSoftware>
			</ocrProcessingStep>
		</OCRProcessing>
	</Description>
	<Styles>
		<TextStyle ID="TXT_0" FONTSIZE="10" FONTFAMILY="Courier New"/>
		<TextStyle ID="TXT_1" FONTSIZE="9" FONTFAMILY="Courier New"/>
		<ParagraphStyle ID="PAR_CENTER" ALIGN="Center"/>
		<ParagraphStyle ID="PAR_LEFT" ALIGN="Left"/>
	</Styles>
	<Layout>
		<Page ID="P119" PHYSICAL_IMG_NR="119" HEIGHT="2180" WIDTH="1241" PRINTED_IMG_NR="111" POSITION="Right" ACCURACY="73.38">
			<TopMargin ID="P119_TM00001" HPOS="0" VPOS="0" WIDTH="1241" HEIGHT="152">
				<TextBlock ID="P119_TB00001" HPOS="519" VPOS="122" WIDTH="182" HEIGHT="28" STYLEREFS="TXT_0 PAR_CENTER">
					<TextLine ID="P119_TL00001" HPOS="519" VPOS="122" WIDTH="182" HEIGHT="28">
						<String ID="P119_ST00001" HPOS="519" VPOS="122" WIDTH="182" HEIGHT="28" CONTENT="111" WC="1.00" CC="000"/>
					</TextLine>
				</TextBlock>
			</TopMargin>
			<LeftMargin ID="P119_LM00001" HPOS="0" VPOS="152" WIDTH="98" HEIGHT="1781"/>
			<RightMargin ID="P119_RM00001" HPOS="1143" VPOS="152" WIDTH="98" HEIGHT="1781"/>
			<BottomMargin ID="P119_BM00001" HPOS="0" VPOS="1933" WIDTH="1241" HEIGHT="247"/>
			<PrintSpace ID="P119_PS00001" HPOS="98" VPOS="152" WIDTH="1045" HEIGHT="1781">
				<TextBlock ID="P119_TB00002" HPOS="98" VPOS="184" WIDTH="1028" HEIGHT="99" STYLEREFS="TXT_1 PAR_LEFT">
					<TextLine ID="P119_TL00002" HPOS="140" VPOS="185" WIDTH="986" HEIGHT="43">
						<String ID="P119_ST00002" HPOS="140" VPOS="186" WIDTH="21" HEIGHT="29" CONTENT="A" WC="1.00" CC="0"/>
						<SP ID="P119_SP00001" HPOS="161" VPOS="215" WIDTH="18"/>
						<String ID="P119_ST00003" HPOS="179" VPOS="185" WIDTH="37" HEIGHT="31" CONTENT="las" WC="0.36" CC="666"/>
						<SP ID="P119_SP00002" HPOS="216" VPOS="216" WIDTH="17"/>
						<String ID="P119_ST00004" HPOS="233" VPOS="191" WIDTH="91" HEIGHT="25" CONTENT="cuatro" WC="0.73" CC="060602"/>
						<SP ID="P119_SP00003" HPOS="324" VPOS="216" WIDTH="13"/>
						<String ID="P119_ST00005" HPOS="337" VPOS="185" WIDTH="33" HEIGHT="31" CONTENT="de" WC="0.70" CC="06"/>
						<SP ID="P119_SP00004" HPOS="370" VPOS="216" WIDTH="17"/>
						<String ID="P119_ST00006" HPOS="387" VPOS="186" WIDTH="24" HEIGHT="31" CONTENT="la" WC="0.69" CC="60"/>
						<SP ID="P119_SP00005" HPOS="411" VPOS="217" WIDTH="15"/>
						<String ID="P119_ST00007" HPOS="426" VPOS="186" WIDTH="72" HEIGHT="31" CONTENT="tarde" WC="0.78" CC="70003"/>
						<SP ID="P119_SP00006" HPOS="498" VPOS="217" WIDTH="17"/>
						<String ID="P119_ST00008" HPOS="515" VPOS="187" WIDTH="128" HEIGHT="30" CONTENT="arriamos" WC="0.82" CC="00005044"/>
						<SP ID="P119_SP00007" HPOS="643" VPOS="217" WIDTH="15"/>
						<String ID="P119_ST00009" HPOS="658" VPOS="192" WIDTH="106" HEIGHT="25" CONTENT="nuestra" WC="0.70" CC="6345000"/>
						<SP ID="P119_SP00008" HPOS="764" VPOS="217" WIDTH="27"/>
						<String ID="P119_ST00010" HPOS="791" VPOS="186" WIDTH="118" HEIGHT="32" CONTENT="bandera" WC="0.71" CC="7150104"/>
						<SP ID="P119_SP00009" HPOS="909" VPOS="218" WIDTH="26"/>
						<String ID="P119_ST00011" HPOS="935" VPOS="187" WIDTH="120" HEIGHT="31" CONTENT="nacional" WC="0.55" CC="72307670"/>
						<SP ID="P119_SP00010" HPOS="1055" VPOS="218" WIDTH="25"/>
						<String ID="P119_ST00012" HPOS="1080" VPOS="197" WIDTH="46" HEIGHT="31" CONTENT="por" WC="0.45" CC="069"/>
					</TextLine>
					<TextLine ID="P119_TL00003" HPOS="99" VPOS="243" WIDTH="846" HEIGHT="40">
						<String ID="P119_ST00013" HPOS="99" VPOS="243" WIDTH="84" HEIGHT="30" CONTENT="haber" WC="0.59" CC="70750"/>
						<SP ID="P119_SP00011" HPOS="183" VPOS="273" WIDTH="12"/>
						<String ID="P119_ST00014" HPOS="195" VPOS="243" WIDTH="131" HEIGHT="30" CONTENT="rebasado" WC="0.62" CC="07750206"/>
						<SP ID="P119_SP00012" HPOS="326" VPOS="273" WIDTH="17"/>
						<String ID="P119_ST00015" HPOS="343" VPOS="253" WIDTH="33" HEIGHT="30" CONTENT="ya" WC="0.50" CC="09"/>
						<SP ID="P119_SP00013" HPOS="376" VPOS="283" WIDTH="17"/>
						<String ID="P119_ST00016" HPOS="393" VPOS="244" WIDTH="23" HEIGHT="29" CONTENT="la" WC="0.67" CC="24"/>
						<SP ID="P119_SP00014" HPOS="416" VPOS="283" WIDTH="16"/>
						<String ID="P119_ST00017" HPOS="432" VPOS="244" WIDTH="93" HEIGHT="30" CONTENT="última" WC="0.85" CC="017000"/>
						<SP ID="P119_SP00015" HPOS="525" VPOS="283" WIDTH="16"/>
						<String ID="P119_ST00018" HPOS="541" VPOS="243" WIDTH="125" HEIGHT="30" CONTENT="fortaleza" WC="0.72" CC="250600063"/>
						<SP ID="P119_SP00016" HPOS="666" VPOS="283" WIDTH="16"/>
						<String ID="P119_ST00019" HPOS="682" VPOS="250" WIDTH="72" HEIGHT="24" CONTENT="turca" WC="0.64" CC="00674"/>
						<SP ID="P119_SP00017" HPOS="754" VPOS="283" WIDTH="13"/>
						<String ID="P119_ST00020" HPOS="767" VPOS="244" WIDTH="42" HEIGHT="30" CONTENT="del" WC="0.76" CC="070"/>
						<SP ID="P119_SP00018" HPOS="809" VPOS="283" WIDTH="15"/>
						<String ID="P119_ST00021" HPOS="824" VPOS="245" WIDTH="121" HEIGHT="29" CONTENT="Bósforo." WC="0.61" CC="66650060"/>
					</TextLine>
				</TextBlock>
				<TextBlock ID="P119_TB00003" HPOS="98" VPOS="299" WIDTH="1031" HEIGHT="212" STYLEREFS="TXT_1 PAR_LEFT">
					<TextLine ID="P119_TL00004" HPOS="141" VPOS="300" WIDTH="988" HEIGHT="42">
						<String ID="P119_ST00022" HPOS="141" VPOS="301" WIDTH="135" HEIGHT="29" CONTENT="Entrando" WC="0.71" CC="08003703"/>
						<SP ID="P119_SP00019" HPOS="276" VPOS="330" WIDTH="17"/>
						<String ID="P119_ST00023" HPOS="293" VPOS="301" WIDTH="22" HEIGHT="29" CONTENT="el" WC="0.53" CC="72"/>
						<SP ID="P119_SP00020" HPOS="315" VPOS="330" WIDTH="20"/>
						<String ID="P119_ST00024" HPOS="335" VPOS="300" WIDTH="148" HEIGHT="30" CONTENT="«Tharsís»" WC="0.73" CC="006009060"/>
						<SP ID="P119_SP00021" HPOS="483" VPOS="330" WIDTH="17"/>
						<String ID="P119_ST00025" HPOS="500" VPOS="312" WIDTH="47" HEIGHT="30" CONTENT="por" WC="0.67" CC="090"/>
						<SP ID="P119_SP00022" HPOS="547" VPOS="342" WIDTH="17"/>
						<String ID="P119_ST00026" HPOS="564" VPOS="301" WIDTH="119" HEIGHT="39" CONTENT="segunda" WC="0.75" CC="0090700"/>
						<SP ID="P119_SP00023" HPOS="683" VPOS="342" WIDTH="19"/>
						<String ID="P119_ST00027" HPOS="702" VPOS="311" WIDTH="46" HEIGHT="20" CONTENT="vez" WC="0.74" CC="007"/>
						<SP ID="P119_SP00024" HPOS="748" VPOS="342" WIDTH="12"/>
						<String ID="P119_ST00028" HPOS="760" VPOS="312" WIDTH="32" HEIGHT="19" CONTENT="en" WC="0.40" CC="47"/>
						<SP ID="P119_SP00025" HPOS="792" VPOS="342" WIDTH="17"/>
						<String ID="P119_ST00029" HPOS="809" VPOS="301" WIDTH="24" HEIGHT="30" CONTENT="el" WC="0.69" CC="60"/>
						<SP ID="P119_SP00026" HPOS="833" VPOS="342" WIDTH="18"/>
						<String ID="P119_ST00030" HPOS="851" VPOS="302" WIDTH="55" HEIGHT="29" CONTENT="Mar" WC="0.96" CC="010"/>
						<SP ID="P119_SP00027" HPOS="906" VPOS="342" WIDTH="14"/>
						<String ID="P119_ST00031" HPOS="920" VPOS="303" WIDTH="85" HEIGHT="39" CONTENT="Negro" WC="0.63" CC="56005"/>
						<SP ID="P119_SP00028" HPOS="1005" VPOS="342" WIDTH="14"/>
						<String ID="P119_ST00032" HPOS="1019" VPOS="327" WIDTH="7" HEIGHT="11" CONTENT="," WC="0.66" CC="3"/>
						<SP ID="P119_SP00029" HPOS="1026" VPOS="342" WIDTH="19"/>
						<String ID="P119_ST00033" HPOS="1045" VPOS="312" WIDTH="84" HEIGHT="30" CONTENT="pare" SUBS_TYPE="HypPart1" SUBS_CONTENT="parecía" WC="0.95" CC="00002"/>
						<HYP CONTENT="-"/>
					</TextLine>
					<TextLine ID="P119_TL00005" HPOS="99" VPOS="357" WIDTH="1030" HEIGHT="42">
						<String ID="P119_ST00034" HPOS="99" VPOS="358" WIDTH="40" HEIGHT="30" CONTENT="cía" SUBS_TYPE="HypPart2" SUBS_CONTENT="parecía" WC="0.78" CC="023"/>
						<SP ID="P119_SP00030" HPOS="139" VPOS="388" WIDTH="13"/>
						<String ID="P119_ST00035" HPOS="152" VPOS="357" WIDTH="108" HEIGHT="31" CONTENT="sacudir" WC="0.69" CC="2641050"/>
						<String ID="P119_ST00036" HPOS="272" VPOS="383" WIDTH="6" HEIGHT="9" CONTENT="," WC="0.77" CC="2"/>
						<SP ID="P119_SP00031" HPOS="278" VPOS="392" WIDTH="20"/>
						<String ID="P119_ST00037" HPOS="298" VPOS="357" WIDTH="79" HEIGHT="31" CONTENT="ufano" WC="0.62" CC="71720"/>
						<SP ID="P119_SP00032" HPOS="377" VPOS="392" WIDTH="14"/>
						<String ID="P119_ST00038" HPOS="391" VPOS="382" WIDTH="7" HEIGHT="11" CONTENT="," WC="1.00" CC="0"/>
						<SP ID="P119_SP00033" HPOS="398" VPOS="393" WIDTH="18"/>
						<String ID="P119_ST00039" HPOS="416" VPOS="359" WIDTH="24" HEIGHT="29" CONTENT="el" WC="0.92" CC="01"/>
						<SP ID="P119_SP00034" HPOS="440" VPOS="393" WIDTH="14"/>
						<String ID="P119_ST00040" HPOS="454" VPOS="369" WIDTH="143" HEIGHT="30" CONTENT="espumoso" WC="0.49" CC="16980067"/>
						<SP ID="P119_SP00035" HPOS="597" VPOS="399" WIDTH="17"/>
						<String ID="P119_ST00041" HPOS="614" VPOS="358" WIDTH="93" HEIGHT="40" CONTENT="oleage" WC="0.61" CC="006097"/>
						<SP ID="P119_SP00036" HPOS="707" VPOS="399" WIDTH="15"/>
						<String ID="P119_ST00042" HPOS="722" VPOS="368" WIDTH="51" HEIGHT="31" CONTENT="que" WC="0.75" CC="033"/>
						<SP ID="P119_SP00037" HPOS="773" VPOS="399" WIDTH="13"/>
						<String ID="P119_ST00043" HPOS="786" VPOS="359" WIDTH="87" HEIGHT="30" CONTENT="movia" WC="0.80" CC="03150"/>
						<SP ID="P119_SP00038" HPOS="873" VPOS="399" WIDTH="14"/>
						<String ID="P119_ST00044" HPOS="887" VPOS="369" WIDTH="50" HEIGHT="20" CONTENT="una" WC="0.81" CC="050"/>
						<SP ID="P119_SP00039" HPOS="937" VPOS="399" WIDTH="19"/>
						<String ID="P119_ST00045" HPOS="956" VPOS="359" WIDTH="83" HEIGHT="30" CONTENT="fresca" WC="0.75" CC="203701"/>
						<SP ID="P119_SP00040" HPOS="1039" VPOS="399" WIDTH="16"/>
						<String ID="P119_ST00046" HPOS="1055" VPOS="359" WIDTH="74" HEIGHT="30" CONTENT="brisa" WC="0.64" CC="50632"/>
					</TextLine>
					<TextLine ID="P119_TL00006" HPOS="101" VPOS="415" WIDTH="1028" HEIGHT="41">
						<String ID="P119_ST00047" HPOS="101" VPOS="415" WIDTH="43" HEIGHT="29" CONTENT="del" WC="0.88" CC="030"/>
						<SP ID="P119_SP00041" HPOS="144" VPOS="444" WIDTH="17"/>
						<String ID="P119_ST00048" HPOS="161" VPOS="416" WIDTH="77" HEIGHT="28" CONTENT="Norte" WC="0.77" CC="04007"/>
						<SP ID="P119_SP00042" HPOS="238" VPOS="444" WIDTH="14"/>
						<String ID="P119_ST00049" HPOS="252" VPOS="439" WIDTH="6" HEIGHT="11" CONTENT="," WC="1.00" CC="0"/>
						<SP ID="P119_SP00043" HPOS="258" VPOS="450" WIDTH="20"/>
						<String ID="P119_ST00050" HPOS="278" VPOS="425" WIDTH="64" HEIGHT="30" CONTENT="pero" WC="0.58" CC="0609"/>
						<SP ID="P119_SP00044" HPOS="342" VPOS="455" WIDTH="14"/>
						<String ID="P119_ST00051" HPOS="356" VPOS="425" WIDTH="55" HEIGHT="19" CONTENT="mas" WC="0.51" CC="760"/>
						<SP ID="P119_SP00045" HPOS="411" VPOS="455" WIDTH="15"/>
						<String ID="P119_ST00052" HPOS="426" VPOS="415" WIDTH="72" HEIGHT="30" CONTENT="larde" WC="0.64" CC="82007"/>
						<SP ID="P119_SP00046" HPOS="498" VPOS="455" WIDTH="16"/>
						<String ID="P119_ST00053" HPOS="514" VPOS="415" WIDTH="44" HEIGHT="29" CONTENT="fué" WC="0.81" CC="400"/>
						<SP ID="P119_SP00047" HPOS="558" VPOS="455" WIDTH="13"/>
						<String ID="P119_ST00054" HPOS="571" VPOS="415" WIDTH="216" HEIGHT="41" CONTENT="apaciguándose" WC="0.78" CC="0063004070302"/>
						<SP ID="P119_SP00048" HPOS="787" VPOS="456" WIDTH="15"/>
						<String ID="P119_ST00055" HPOS="802" VPOS="425" WIDTH="61" HEIGHT="30" CONTENT="para" WC="0.90" CC="0004"/>
						<SP ID="P119_SP00049" HPOS="863" VPOS="456" WIDTH="19"/>
						<String ID="P119_ST00056" HPOS="882" VPOS="415" WIDTH="186" HEIGHT="31" CONTENT="favorecernos" WC="0.72" CC="400505060146"/>
						<SP ID="P119_SP00050" HPOS="1068" VPOS="456" WIDTH="14"/>
						<String ID="P119_ST00057" HPOS="1082" VPOS="427" WIDTH="47" HEIGHT="19" CONTENT="con" WC="0.52" CC="067"/>
					</TextLine>
					<TextLine ID="P119_TL00007" HPOS="104" VPOS="472" WIDTH="309" HEIGHT="39">
						<String ID="P119_ST00058" HPOS="104" VPOS="482" WIDTH="51" HEIGHT="20" CONTENT="una" WC="0.46" CC="573"/>
						<SP ID="P119_SP00051" HPOS="155" VPOS="502" WIDTH="14"/>
						<String ID="P119_ST00059" HPOS="169" VPOS="472" WIDTH="134" HEIGHT="39" CONTENT="tranquila" WC="0.58" CC="709800066"/>
						<SP ID="P119_SP00052" HPOS="303" VPOS="511" WIDTH="15"/>
						<String ID="P119_ST00060" HPOS="318" VPOS="472" WIDTH="95" HEIGHT="30" CONTENT="noche." WC="0.59" CC="737600"/>
					</TextLine>
				</TextBlock>
				<TextBlock ID="P119_TB00004" HPOS="104" VPOS="528" WIDTH="1028" HEIGHT="267" STYLEREFS="TXT_1 PAR_LEFT">
					<TextLine ID="P119_TL00008" HPOS="146" VPOS="528" WIDTH="986" HEIGHT="42">
						<String ID="P119_ST00061" HPOS="146" VPOS="531" WIDTH="60" HEIGHT="29" CONTENT="Este" WC="0.53" CC="0747"/>
						<SP ID="P119_SP00053" HPOS="206" VPOS="560" WIDTH="15"/>
						<String ID="P119_ST00062" HPOS="221" VPOS="539" WIDTH="55" HEIGHT="21" CONTENT="mar" WC="0.78" CC="006"/>
						<String ID="P119_ST00063" HPOS="290" VPOS="554" WIDTH="6" HEIGHT="12" CONTENT="," WC="1.00" CC="0"/>
						<SP ID="P119_SP00054" HPOS="296" VPOS="566" WIDTH="19"/>
						<String ID="P119_ST00064" HPOS="315" VPOS="528" WIDTH="32" HEIGHT="31" CONTENT="de" WC="0.94" CC="01"/>
						<SP ID="P119_SP00055" HPOS="347" VPOS="566" WIDTH="24"/>
						<String ID="P119_ST00065" HPOS="371" VPOS="529" WIDTH="123" HEIGHT="30" CONTENT="siniestra" WC="0.67" CC="306075006"/>
						<SP ID="P119_SP00056" HPOS="494" VPOS="566" WIDTH="26"/>
						<String ID="P119_ST00066" HPOS="520" VPOS="529" WIDTH="154" HEIGHT="41" CONTENT="reputación" WC="0.86" CC="0102007002"/>
						<SP ID="P119_SP00057" HPOS="674" VPOS="570" WIDTH="15"/>
						<String ID="P119_ST00067" HPOS="689" VPOS="554" WIDTH="5" HEIGHT="12" CONTENT="," WC="0.78" CC="2"/>
						<SP ID="P119_SP00058" HPOS="694" VPOS="570" WIDTH="19"/>
						<String ID="P119_ST00068" HPOS="713" VPOS="540" WIDTH="33" HEIGHT="20" CONTENT="no" WC="0.63" CC="70"/>
						<SP ID="P119_SP00059" HPOS="746" VPOS="570" WIDTH="16"/>
						<String ID="P119_ST00069" HPOS="762" VPOS="539" WIDTH="48" HEIGHT="21" CONTENT="nos" WC="0.29" CC="776"/>
						<SP ID="P119_SP00060" HPOS="810" VPOS="570" WIDTH="17"/>
						<String ID="P119_ST00070" HPOS="827" VPOS="529" WIDTH="114" HEIGHT="31" CONTENT="causaba" WC="0.49" CC="6086067"/>
						<SP ID="P119_SP00061" HPOS="941" VPOS="570" WIDTH="21"/>
						<String ID="P119_ST00071" HPOS="962" VPOS="539" WIDTH="31" HEIGHT="31" CONTENT="ya" WC="0.52" CC="90"/>
						<SP ID="P119_SP00062" HPOS="993" VPOS="570" WIDTH="16"/>
						<String ID="P119_ST00072" HPOS="1009" VPOS="529" WIDTH="24" HEIGHT="30" CONTENT="el" WC="0.88" CC="02"/>
						<SP ID="P119_SP00063" HPOS="1033" VPOS="570" WIDTH="17"/>
						<String ID="P119_ST00073" HPOS="1050" VPOS="539" WIDTH="82" HEIGHT="31" CONTENT="pavor" WC="0.89" CC="00050"/>
					</TextLine>
					<TextLine ID="P119_TL00009" HPOS="105" VPOS="584" WIDTH="1027" HEIGHT="42">
						<String ID="P119_ST00074" HPOS="105" VPOS="596" WIDTH="52" HEIGHT="30" CONTENT="que" WC="0.93" CC="001"/>
						<SP ID="P119_SP00064" HPOS="157" VPOS="626" WIDTH="16"/>
						<String ID="P119_ST00075" HPOS="173" VPOS="585" WIDTH="82" HEIGHT="30" CONTENT="sufrir" WC="0.88" CC="042000"/>
						<SP ID="P119_SP00065" HPOS="255" VPOS="626" WIDTH="13"/>
						<String ID="P119_ST00076" HPOS="268" VPOS="584" WIDTH="79" HEIGHT="37" CONTENT="debe," WC="0.68" CC="00780"/>
						<SP ID="P119_SP00066" HPOS="347" VPOS="626" WIDTH="19"/>
						<String ID="P119_ST00077" HPOS="366" VPOS="585" WIDTH="43" HEIGHT="30" CONTENT="del" WC="0.55" CC="075"/>
						<SP ID="P119_SP00067" HPOS="409" VPOS="626" WIDTH="14"/>
						<String ID="P119_ST00078" HPOS="423" VPOS="596" WIDTH="52" HEIGHT="30" CONTENT="que" WC="0.73" CC="025"/>
						<SP ID="P119_SP00068" HPOS="475" VPOS="626" WIDTH="18"/>
						<String ID="P119_ST00079" HPOS="493" VPOS="586" WIDTH="68" HEIGHT="29" CONTENT="tiene" WC="0.75" CC="00570"/>
						<SP ID="P119_SP00069" HPOS="561" VPOS="626" WIDTH="17"/>
						<String ID="P119_ST00080" HPOS="578" VPOS="596" WIDTH="52" HEIGHT="30" CONTENT="que" WC="0.88" CC="030"/>
						<SP ID="P119_SP00070" HPOS="630" VPOS="626" WIDTH="16"/>
						<String ID="P119_ST00081" HPOS="646" VPOS="586" WIDTH="146" HEIGHT="29" CONTENT="estrenarlo" WC="0.68" CC="1605004607"/>
						<SP ID="P119_SP00071" HPOS="792" VPOS="626" WIDTH="14"/>
						<String ID="P119_ST00082" HPOS="806" VPOS="596" WIDTH="32" HEIGHT="19" CONTENT="en" WC="0.33" CC="75"/>
						<SP ID="P119_SP00072" HPOS="838" VPOS="626" WIDTH="15"/>
						<String ID="P119_ST00083" HPOS="853" VPOS="586" WIDTH="131" HEIGHT="29" CONTENT="invierno." WC="0.83" CC="000010732"/>
						<SP ID="P119_SP00073" HPOS="984" VPOS="626" WIDTH="19"/>
						<String ID="P119_ST00084" HPOS="1003" VPOS="588" WIDTH="37" HEIGHT="27" CONTENT="En" WC="0.45" CC="37"/>
						<SP ID="P119_SP00074" HPOS="1040" VPOS="626" WIDTH="14"/>
						<String ID="P119_ST00085" HPOS="1054" VPOS="586" WIDTH="78" HEIGHT="40" CONTENT="aquel" WC="0.90" CC="30010"/>
					</TextLine>
					<TextLine ID="P119_TL00010" HPOS="106" VPOS="643" WIDTH="1026" HEIGHT="41">
						<String ID="P119_ST00086" HPOS="106" VPOS="643" WIDTH="98" HEIGHT="40" CONTENT="tiempo" WC="0.74" CC="013090"/>
						<SP ID="P119_SP00075" HPOS="204" VPOS="683" WIDTH="17"/>
						<String ID="P119_ST00087" HPOS="221" VPOS="668" WIDTH="6" HEIGHT="10" CONTENT="," WC="0.88" CC="1"/>
						<SP ID="P119_SP00076" HPOS="227" VPOS="683" WIDTH="18"/>
						<String ID="P119_ST00088" HPOS="245" VPOS="645" WIDTH="14" HEIGHT="28" CONTENT="á" WC="1.00" CC="0"/>
						<SP ID="P119_SP00077" HPOS="259" VPOS="683" WIDTH="13"/>
						<String ID="P119_ST00089" HPOS="272" VPOS="653" WIDTH="55" HEIGHT="19" CONTENT="mas" WC="0.56" CC="930"/>
						<String ID="P119_ST00090" HPOS="341" VPOS="667" WIDTH="6" HEIGHT="11" CONTENT="," WC="0.70" CC="2"/>
						<SP ID="P119_SP00078" HPOS="347" VPOS="683" WIDTH="19"/>
						<String ID="P119_ST00091" HPOS="366" VPOS="643" WIDTH="24" HEIGHT="29" CONTENT="al" WC="0.78" CC="40"/>
						<SP ID="P119_SP00079" HPOS="390" VPOS="683" WIDTH="18"/>
						<String ID="P119_ST00092" HPOS="408" VPOS="643" WIDTH="73" HEIGHT="29" CONTENT="verlo" WC="0.74" CC="93000"/>
						<SP ID="P119_SP00080" HPOS="481" VPOS="683" WIDTH="13"/>
						<String ID="P119_ST00093" HPOS="494" VPOS="643" WIDTH="113" HEIGHT="30" CONTENT="surcado" WC="0.74" CC="7500005"/>
						<SP ID="P119_SP00081" HPOS="607" VPOS="683" WIDTH="17"/>
						<String ID="P119_ST00094" HPOS="624" VPOS="653" WIDTH="47" HEIGHT="30" CONTENT="por" WC="0.81" CC="050"/>
						<SP ID="P119_SP00082" HPOS="671" VPOS="683" WIDTH="14"/>
						<String ID="P119_ST00095" HPOS="685" VPOS="648" WIDTH="70" HEIGHT="24" CONTENT="tanto" WC="0.87" CC="00402"/>
						<SP ID="P119_SP00083" HPOS="755" VPOS="683" WIDTH="22"/>
						<String ID="P119_ST00096" HPOS="777" VPOS="643" WIDTH="90" HEIGHT="41" CONTENT="buque" WC="0.69" CC="70052"/>
						<SP ID="P119_SP00084" HPOS="867" VPOS="684" WIDTH="22"/>
						<String ID="P119_ST00097" HPOS="889" VPOS="643" WIDTH="34" HEIGHT="29" CONTENT="de" WC="1.00" CC="00"/>
						<SP ID="P119_SP00085" HPOS="923" VPOS="684" WIDTH="22"/>
						<String ID="P119_ST00098" HPOS="945" VPOS="643" WIDTH="58" HEIGHT="30" CONTENT="vela" WC="0.84" CC="0600"/>
						<SP ID="P119_SP00086" HPOS="1003" VPOS="684" WIDTH="20"/>
						<String ID="P119_ST00099" HPOS="1023" VPOS="654" WIDTH="16" HEIGHT="29" CONTENT="y" WC="1.00" CC="0"/>
						<SP ID="P119_SP00087" HPOS="1039" VPOS="684" WIDTH="13"/>
						<String ID="P119_ST00100" HPOS="1052" VPOS="653" WIDTH="80" HEIGHT="30" CONTENT="vapor" WC="0.59" CC="60840"/>
					</TextLine>
					<TextLine ID="P119_TL00011" HPOS="106" VPOS="699" WIDTH="1026" HEIGHT="42">
						<String ID="P119_ST00101" HPOS="106" VPOS="710" WIDTH="52" HEIGHT="31" CONTENT="que" WC="0.64" CC="046"/>
						<SP ID="P119_SP00088" HPOS="158" VPOS="741" WIDTH="14"/>
						<String ID="P119_ST00102" HPOS="172" VPOS="725" WIDTH="5" HEIGHT="9" CONTENT="," WC="1.00" CC="0"/>
						<SP ID="P119_SP00089" HPOS="177" VPOS="741" WIDTH="20"/>
						<String ID="P119_ST00103" HPOS="197" VPOS="710" WIDTH="32" HEIGHT="20" CONTENT="en" WC="0.70" CC="06"/>
						<SP ID="P119_SP00090" HPOS="229" VPOS="741" WIDTH="16"/>
						<String ID="P119_ST00104" HPOS="245" VPOS="705" WIDTH="55" HEIGHT="25" CONTENT="esta" WC="0.61" CC="5027"/>
						<SP ID="P119_SP00091" HPOS="300" VPOS="741" WIDTH="15"/>
						<String ID="P119_ST00105" HPOS="315" VPOS="700" WIDTH="107" HEIGHT="30" CONTENT="ocasión" WC="0.73" CC="3004108"/>
						<SP ID="P119_SP00092" HPOS="422" VPOS="741" WIDTH="25"/>
						<String ID="P119_ST00106" HPOS="447" VPOS="705" WIDTH="40" HEIGHT="24" CONTENT="lan" WC="0.76" CC="006"/>
						<SP ID="P119_SP00093" HPOS="487" VPOS="741" WIDTH="16"/>
						<String ID="P119_ST00107" HPOS="503" VPOS="699" WIDTH="146" HEIGHT="31" CONTENT="solamente" WC="0.75" CC="300271600"/>
						<SP ID="P119_SP00094" HPOS="649" VPOS="741" WIDTH="14"/>
						<String ID="P119_ST00108" HPOS="663" VPOS="724" WIDTH="6" HEIGHT="11" CONTENT="," WC="1.00" CC="0"/>
						<SP ID="P119_SP00095" HPOS="669" VPOS="741" WIDTH="19"/>
						<String ID="P119_ST00109" HPOS="688" VPOS="699" WIDTH="34" HEIGHT="31" CONTENT="de" WC="0.71" CC="05"/>
						<SP ID="P119_SP00096" HPOS="722" VPOS="741" WIDTH="22"/>
						<String ID="P119_ST00110" HPOS="744" VPOS="705" WIDTH="70" HEIGHT="25" CONTENT="estos" WC="0.76" CC="00650"/>
						<SP ID="P119_SP00097" HPOS="814" VPOS="741" WIDTH="15"/>
						<String ID="P119_ST00111" HPOS="829" VPOS="700" WIDTH="108" HEIGHT="30" CONTENT="últimos" WC="0.58" CC="6060735"/>
						<SP ID="P119_SP00098" HPOS="937" VPOS="741" WIDTH="18"/>
						<String ID="P119_ST00112" HPOS="955" VPOS="701" WIDTH="74" HEIGHT="29" CONTENT="conté" WC="0.59" CC="05707"/>
						<SP ID="P119_SP00099" HPOS="1029" VPOS="741" WIDTH="14"/>
						<String ID="P119_ST00113" HPOS="1043" VPOS="709" WIDTH="64" HEIGHT="21" CONTENT="once" WC="0.66" CC="6700"/>
						<SP ID="P119_SP00100" HPOS="1107" VPOS="741" WIDTH="13"/>
						<String ID="P119_ST00114" HPOS="1120" VPOS="701" WIDTH="12" HEIGHT="29" CONTENT="á" WC="1.00" CC="0"/>
					</TextLine>
					<TextLine ID="P119_TL00012" HPOS="108" VPOS="756" WIDTH="824" HEIGHT="39">
						<String ID="P119_ST00115" HPOS="108" VPOS="756" WIDTH="24" HEIGHT="30" CONTENT="la" WC="0.69" CC="50"/>
						<SP ID="P119_SP00101" HPOS="132" VPOS="786" WIDTH="13"/>
						<String ID="P119_ST00116" HPOS="145" VPOS="756" WIDTH="67" HEIGHT="30" CONTENT="visia" WC="0.55" CC="80670"/>
						<SP ID="P119_SP00102" HPOS="212" VPOS="786" WIDTH="16"/>
						<String ID="P119_ST00117" HPOS="228" VPOS="781" WIDTH="7" HEIGHT="11" CONTENT="," WC="0.65" CC="3"/>
						<SP ID="P119_SP00103" HPOS="235" VPOS="792" WIDTH="19"/>
						<String ID="P119_ST00118" HPOS="254" VPOS="767" WIDTH="28" HEIGHT="19" CONTENT="se" WC="1.00" CC="00"/>
						<SP ID="P119_SP00104" HPOS="282" VPOS="792" WIDTH="13"/>
						<String ID="P119_ST00119" HPOS="295" VPOS="757" WIDTH="70" HEIGHT="29" CONTENT="creia" WC="0.92" CC="00201"/>
						<SP ID="P119_SP00105" HPOS="365" VPOS="792" WIDTH="18"/>
						<String ID="P119_ST00120" HPOS="383" VPOS="767" WIDTH="52" HEIGHT="19" CONTENT="uno" WC="0.60" CC="262"/>
						<SP ID="P119_SP00106" HPOS="435" VPOS="792" WIDTH="16"/>
						<String ID="P119_ST00121" HPOS="451" VPOS="766" WIDTH="118" HEIGHT="29" CONTENT="navegar" WC="0.76" CC="6005003"/>
						<SP ID="P119_SP00107" HPOS="569" VPOS="795" WIDTH="15"/>
						<String ID="P119_ST00122" HPOS="584" VPOS="766" WIDTH="32" HEIGHT="20" CONTENT="en" WC="0.63" CC="07"/>
						<SP ID="P119_SP00108" HPOS="616" VPOS="795" WIDTH="17"/>
						<String ID="P119_ST00123" HPOS="633" VPOS="756" WIDTH="25" HEIGHT="30" CONTENT="el" WC="1.00" CC="00"/>
						<SP ID="P119_SP00109" HPOS="658" VPOS="795" WIDTH="21"/>
						<String ID="P119_ST00124" HPOS="679" VPOS="766" WIDTH="55" HEIGHT="20" CONTENT="mas" WC="0.53" CC="706"/>
						<SP ID="P119_SP00110" HPOS="734" VPOS="795" WIDTH="17"/>
						<String ID="P119_ST00125" HPOS="751" VPOS="766" WIDTH="96" HEIGHT="29" CONTENT="seguro" WC="0.61" CC="409206"/>
						<SP ID="P119_SP00111" HPOS="847" VPOS="795" WIDTH="14"/>
						<String ID="P119_ST00126" HPOS="861" VPOS="756" WIDTH="71" HEIGHT="39" CONTENT="lago." WC="0.71" CC="36050"/>
					</TextLine>
				</TextBlock>
				<TextBlock ID="P119_TB00005" HPOS="108" VPOS="811" WIDTH="1028" HEIGHT="266" STYLEREFS="TXT_1 PAR_LEFT">
					<TextLine ID="P119_TL00013" HPOS="148" VPOS="812" WIDTH="983" HEIGHT="41">
						<String ID="P119_ST00127" HPOS="148" VPOS="814" WIDTH="21" HEIGHT="29" CONTENT="A" WC="1.00" CC="0"/>
						<SP ID="P119_SP00112" HPOS="169" VPOS="843" WIDTH="13"/>
						<String ID="P119_ST00128" HPOS="182" VPOS="813" WIDTH="73" HEIGHT="30" CONTENT="decir" WC="0.59" CC="95004"/>
						<SP ID="P119_SP00113" HPOS="255" VPOS="843" WIDTH="14"/>
						<String ID="P119_ST00129" HPOS="269" VPOS="814" WIDTH="99" HEIGHT="29" CONTENT="verdad" WC="0.73" CC="600009"/>
						<SP ID="P119_SP00114" HPOS="368" VPOS="843" WIDTH="15"/>
						<String ID="P119_ST00130" HPOS="383" VPOS="838" WIDTH="5" HEIGHT="10" CONTENT="," WC="1.00" CC="0"/>
						<SP ID="P119_SP00115" HPOS="388" VPOS="848" WIDTH="18"/>
						<String ID="P119_ST00131" HPOS="406" VPOS="825" WIDTH="31" HEIGHT="28" CONTENT="yo" WC="0.87" CC="02"/>
						<SP ID="P119_SP00116" HPOS="437" VPOS="853" WIDTH="13"/>
						<String ID="P119_ST00132" HPOS="450" VPOS="823" WIDTH="33" HEIGHT="19" CONTENT="no" WC="0.35" CC="65"/>
						<SP ID="P119_SP00117" HPOS="483" VPOS="853" WIDTH="14"/>
						<String ID="P119_ST00133" HPOS="497" VPOS="812" WIDTH="87" HEIGHT="41" CONTENT="puedo" WC="0.72" CC="05404"/>
						<SP ID="P119_SP00118" HPOS="584" VPOS="853" WIDTH="16"/>
						<String ID="P119_ST00134" HPOS="600" VPOS="812" WIDTH="157" HEIGHT="30" CONTENT="concederle" WC="0.61" CC="2606596000"/>
						<SP ID="P119_SP00119" HPOS="757" VPOS="853" WIDTH="16"/>
						<String ID="P119_ST00135" HPOS="773" VPOS="813" WIDTH="39" HEIGHT="29" CONTENT="las" WC="0.47" CC="455"/>
						<SP ID="P119_SP00120" HPOS="812" VPOS="853" WIDTH="11"/>
						<String ID="P119_ST00136" HPOS="823" VPOS="812" WIDTH="171" HEIGHT="30" CONTENT="condiciones" WC="0.74" CC="05505013006"/>
						<String ID="P119_ST00137" HPOS="1006" VPOS="837" WIDTH="5" HEIGHT="10" CONTENT="," WC="0.99" CC="0"/>
						<SP ID="P119_SP00121" HPOS="1011" VPOS="853" WIDTH="20"/>
						<String ID="P119_ST00138" HPOS="1031" VPOS="822" WIDTH="31" HEIGHT="20" CONTENT="en" WC="0.66" CC="06"/>
						<SP ID="P119_SP00122" HPOS="1062" VPOS="853" WIDTH="26"/>
						<String ID="P119_ST00139" HPOS="1088" VPOS="817" WIDTH="43" HEIGHT="25" CONTENT="tan" WC="0.48" CC="644"/>
					</TextLine>
					<TextLine ID="P119_TL00014" HPOS="109" VPOS="868" WIDTH="1027" HEIGHT="43">
						<String ID="P119_ST00140" HPOS="109" VPOS="880" WIDTH="77" HEIGHT="20" CONTENT="sumo" WC="0.44" CC="1397"/>
						<SP ID="P119_SP00123" HPOS="186" VPOS="900" WIDTH="13"/>
						<String ID="P119_ST00141" HPOS="199" VPOS="869" WIDTH="83" HEIGHT="33" CONTENT="grado" WC="0.40" CC="79506"/>
						<SP ID="P119_SP00124" HPOS="282" VPOS="902" WIDTH="17"/>
						<String ID="P119_ST00142" HPOS="299" VPOS="869" WIDTH="149" HEIGHT="42" CONTENT="peligrosas" WC="0.84" CC="0002001065"/>
						<SP ID="P119_SP00125" HPOS="448" VPOS="911" WIDTH="14"/>
						<String ID="P119_ST00143" HPOS="462" VPOS="894" WIDTH="5" HEIGHT="11" CONTENT="," WC="1.00" CC="0"/>
						<SP ID="P119_SP00126" HPOS="467" VPOS="911" WIDTH="19"/>
						<String ID="P119_ST00144" HPOS="486" VPOS="880" WIDTH="52" HEIGHT="30" CONTENT="que" WC="0.78" CC="006"/>
						<SP ID="P119_SP00127" HPOS="538" VPOS="911" WIDTH="17"/>
						<String ID="P119_ST00145" HPOS="555" VPOS="869" WIDTH="24" HEIGHT="28" CONTENT="la" WC="0.73" CC="05"/>
						<SP ID="P119_SP00128" HPOS="579" VPOS="911" WIDTH="16"/>
						<String ID="P119_ST00146" HPOS="595" VPOS="868" WIDTH="128" HEIGHT="30" CONTENT="tradición" WC="0.78" CC="215000460"/>
						<SP ID="P119_SP00129" HPOS="723" VPOS="911" WIDTH="18"/>
						<String ID="P119_ST00147" HPOS="741" VPOS="868" WIDTH="23" HEIGHT="29" CONTENT="le" WC="1.00" CC="00"/>
						<SP ID="P119_SP00130" HPOS="764" VPOS="911" WIDTH="15"/>
						<String ID="P119_ST00148" HPOS="779" VPOS="868" WIDTH="30" HEIGHT="29" CONTENT="ha" WC="0.34" CC="75"/>
						<SP ID="P119_SP00131" HPOS="809" VPOS="911" WIDTH="14"/>
						<String ID="P119_ST00149" HPOS="823" VPOS="868" WIDTH="112" HEIGHT="40" CONTENT="querido" WC="0.73" CC="0860003"/>
						<SP ID="P119_SP00132" HPOS="935" VPOS="911" WIDTH="14"/>
						<String ID="P119_ST00150" HPOS="949" VPOS="868" WIDTH="121" HEIGHT="30" CONTENT="atribuir." WC="0.85" CC="500050001"/>
						<SP ID="P119_SP00133" HPOS="1070" VPOS="911" WIDTH="18"/>
						<String ID="P119_ST00151" HPOS="1088" VPOS="869" WIDTH="48" HEIGHT="28" CONTENT="Por" WC="0.88" CC="300"/>
					</TextLine>
					<TextLine ID="P119_TL00015" HPOS="111" VPOS="924" WIDTH="1025" HEIGHT="43">
						<String ID="P119_ST00152" HPOS="111" VPOS="927" WIDTH="23" HEIGHT="30" CONTENT="lo" WC="1.00" CC="00"/>
						<SP ID="P119_SP00134" HPOS="134" VPOS="957" WIDTH="16"/>
						<String ID="P119_ST00153" HPOS="150" VPOS="937" WIDTH="93" HEIGHT="20" CONTENT="menos" WC="0.82" CC="06010"/>
						<SP ID="P119_SP00135" HPOS="243" VPOS="957" WIDTH="17"/>
						<String ID="P119_ST00154" HPOS="260" VPOS="936" WIDTH="33" HEIGHT="20" CONTENT="no" WC="0.36" CC="66"/>
						<SP ID="P119_SP00136" HPOS="293" VPOS="957" WIDTH="14"/>
						<String ID="P119_ST00155" HPOS="307" VPOS="925" WIDTH="69" HEIGHT="42" CONTENT="pude" WC="0.80" CC="0700"/>
						<SP ID="P119_SP00137" HPOS="376" VPOS="967" WIDTH="16"/>
						<String ID="P119_ST00156" HPOS="392" VPOS="930" WIDTH="76" HEIGHT="25" CONTENT="notar" WC="0.49" CC="45725"/>
						<SP ID="P119_SP00138" HPOS="468" VPOS="967" WIDTH="16"/>
						<String ID="P119_ST00157" HPOS="484" VPOS="949" WIDTH="6" HEIGHT="10" CONTENT="," WC="0.71" CC="2"/>
						<SP ID="P119_SP00139" HPOS="490" VPOS="967" WIDTH="19"/>
						<String ID="P119_ST00158" HPOS="509" VPOS="936" WIDTH="16" HEIGHT="29" CONTENT="y" WC="1.00" CC="0"/>
						<SP ID="P119_SP00140" HPOS="525" VPOS="967" WIDTH="13"/>
						<String ID="P119_ST00159" HPOS="538" VPOS="924" WIDTH="13" HEIGHT="30" CONTENT="á" WC="1.00" CC="0"/>
						<SP ID="P119_SP00141" HPOS="551" VPOS="967" WIDTH="20"/>
						<String ID="P119_ST00160" HPOS="571" VPOS="924" WIDTH="11" HEIGHT="29" CONTENT="f" WC="0.64" CC="3"/>
						<String ID="P119_ST00161" HPOS="582" VPOS="925" WIDTH="14" HEIGHT="28" CONTENT="é" WC="1.00" CC="0"/>
						<SP ID="P119_SP00142" HPOS="596" VPOS="967" WIDTH="13"/>
						<String ID="P119_ST00162" HPOS="609" VPOS="935" WIDTH="51" HEIGHT="29" CONTENT="que" WC="0.86" CC="004"/>
						<SP ID="P119_SP00143" HPOS="660" VPOS="967" WIDTH="14"/>
						<String ID="P119_ST00163" HPOS="674" VPOS="934" WIDTH="65" HEIGHT="30" CONTENT="puse" WC="0.96" CC="0100"/>
						<SP ID="P119_SP00144" HPOS="739" VPOS="967" WIDTH="15"/>
						<String ID="P119_ST00164" HPOS="754" VPOS="924" WIDTH="121" HEIGHT="30" CONTENT="atención" WC="0.59" CC="07660064"/>
						<SP ID="P119_SP00145" HPOS="875" VPOS="967" WIDTH="15"/>
						<String ID="P119_ST00165" HPOS="890" VPOS="935" WIDTH="32" HEIGHT="19" CONTENT="en" WC="0.91" CC="01"/>
						<SP ID="P119_SP00146" HPOS="922" VPOS="967" WIDTH="14"/>
						<String ID="P119_ST00166" HPOS="936" VPOS="924" WIDTH="52" HEIGHT="31" CONTENT="ello" WC="0.68" CC="0236"/>
						<SP ID="P119_SP00147" HPOS="988" VPOS="967" WIDTH="16"/>
						<String ID="P119_ST00167" HPOS="1004" VPOS="949" WIDTH="5" HEIGHT="9" CONTENT="," WC="1.00" CC="0"/>
						<SP ID="P119_SP00148" HPOS="1009" VPOS="967" WIDTH="18"/>
						<String ID="P119_ST00168" HPOS="1027" VPOS="935" WIDTH="51" HEIGHT="30" CONTENT="que" WC="0.65" CC="037"/>
						<SP ID="P119_SP00149" HPOS="1078" VPOS="967" WIDTH="10"/>
						<String ID="P119_ST00169" HPOS="1088" VPOS="924" WIDTH="48" HEIGHT="30" CONTENT="hi" SUBS_TYPE="HypPart1" SUBS_CONTENT="hiciera" WC="0.68" CC="530"/>
						<HYP CONTENT="-"/>
					</TextLine>
					<TextLine ID="P119_TL00016" HPOS="110" VPOS="980" WIDTH="1026" HEIGHT="43">
						<String ID="P119_ST00170" HPOS="110" VPOS="984" WIDTH="70" HEIGHT="29" CONTENT="ciera" SUBS_TYPE="HypPart2" SUBS_CONTENT="hiciera" WC="1.00" CC="00000"/>
						<SP ID="P119_SP00150" HPOS="180" VPOS="1013" WIDTH="14"/>
						<String ID="P119_ST00171" HPOS="194" VPOS="984" WIDTH="23" HEIGHT="29" CONTENT="el" WC="0.25" CC="77"/>
						<SP ID="P119_SP00151" HPOS="217" VPOS="1013" WIDTH="27"/>
						<String ID="P119_ST00172" HPOS="244" VPOS="984" WIDTH="97" HEIGHT="39" CONTENT="tiempo" WC="0.73" CC="002606"/>
						<SP ID="P119_SP00152" HPOS="341" VPOS="1023" WIDTH="24"/>
						<String ID="P119_ST00173" HPOS="365" VPOS="992" WIDTH="55" HEIGHT="20" CONTENT="mas" WC="0.54" CC="076"/>
						<SP ID="P119_SP00153" HPOS="420" VPOS="1023" WIDTH="24"/>
						<String ID="P119_ST00174" HPOS="444" VPOS="980" WIDTH="227" HEIGHT="41" CONTENT="irregularidades" WC="0.75" CC="030001005394015"/>
						<SP ID="P119_SP00154" HPOS="671" VPOS="1023" WIDTH="25"/>
						<String ID="P119_ST00175" HPOS="696" VPOS="991" WIDTH="53" HEIGHT="30" CONTENT="que" WC="0.95" CC="001"/>
						<SP ID="P119_SP00155" HPOS="749" VPOS="1023" WIDTH="18"/>
						<String ID="P119_ST00176" HPOS="767" VPOS="991" WIDTH="31" HEIGHT="20" CONTENT="en" WC="0.75" CC="04"/>
						<SP ID="P119_SP00156" HPOS="798" VPOS="1023" WIDTH="25"/>
						<String ID="P119_ST00177" HPOS="823" VPOS="981" WIDTH="138" HEIGHT="41" CONTENT="cualquier" WC="0.80" CC="006000560"/>
						<SP ID="P119_SP00157" HPOS="961" VPOS="1023" WIDTH="22"/>
						<String ID="P119_ST00178" HPOS="983" VPOS="986" WIDTH="56" HEIGHT="25" CONTENT="otra" WC="0.85" CC="4001"/>
						<SP ID="P119_SP00158" HPOS="1039" VPOS="1023" WIDTH="25"/>
						<String ID="P119_ST00179" HPOS="1064" VPOS="986" WIDTH="72" HEIGHT="35" CONTENT="parte" WC="0.57" CC="60166"/>
					</TextLine>
					<TextLine ID="P119_TL00017" HPOS="110" VPOS="1038" WIDTH="365" HEIGHT="39">
						<String ID="P119_ST00180" HPOS="110" VPOS="1050" WIDTH="56" HEIGHT="20" CONTENT="mas" WC="0.47" CC="807"/>
						<SP ID="P119_SP00159" HPOS="166" VPOS="1070" WIDTH="16"/>
						<String ID="P119_ST00181" HPOS="182" VPOS="1040" WIDTH="128" HEIGHT="29" CONTENT="conocida" WC="0.69" CC="06721700"/>
						<SP ID="P119_SP00160" HPOS="310" VPOS="1070" WIDTH="13"/>
						<String ID="P119_ST00182" HPOS="323" VPOS="1039" WIDTH="43" HEIGHT="29" CONTENT="del" WC="0.87" CC="030"/>
						<SP ID="P119_SP00161" HPOS="366" VPOS="1070" WIDTH="14"/>
						<String ID="P119_ST00183" HPOS="380" VPOS="1038" WIDTH="95" HEIGHT="39" CONTENT="globo." WC="0.70" CC="007550"/>
					</TextLine>
				</TextBlock>
				<TextBlock ID="P119_TB00006" HPOS="107" VPOS="1093" WIDTH="1030" HEIGHT="215" STYLEREFS="TXT_1 PAR_LEFT">
					<TextLine ID="P119_TL00018" HPOS="150" VPOS="1094" WIDTH="987" HEIGHT="42">
						<String ID="P119_ST00184" HPOS="150" VPOS="1100" WIDTH="52" HEIGHT="28" CONTENT="Los" WC="0.60" CC="263"/>
						<SP ID="P119_SP00162" HPOS="202" VPOS="1128" WIDTH="16"/>
						<String ID="P119_ST00185" HPOS="218" VPOS="1097" WIDTH="118" HEIGHT="30" CONTENT="oficiales" WC="0.73" CC="400705007"/>
						<SP ID="P119_SP00163" HPOS="336" VPOS="1128" WIDTH="13"/>
						<String ID="P119_ST00186" HPOS="349" VPOS="1096" WIDTH="136" HEIGHT="31" CONTENT="franceses" WC="0.47" CC="294757045"/>
						<SP ID="P119_SP00164" HPOS="485" VPOS="1128" WIDTH="13"/>
						<String ID="P119_ST00187" HPOS="498" VPOS="1107" WIDTH="52" HEIGHT="29" CONTENT="que" WC="0.94" CC="001"/>
						<SP ID="P119_SP00165" HPOS="550" VPOS="1136" WIDTH="14"/>
						<String ID="P119_ST00188" HPOS="564" VPOS="1096" WIDTH="164" HEIGHT="29" CONTENT="llevábamos" WC="0.63" CC="0600071866"/>
						<SP ID="P119_SP00166" HPOS="728" VPOS="1136" WIDTH="16"/>
						<String ID="P119_ST00189" HPOS="744" VPOS="1120" WIDTH="6" HEIGHT="10" CONTENT="," WC="1.00" CC="0"/>
						<SP ID="P119_SP00167" HPOS="750" VPOS="1136" WIDTH="20"/>
						<String ID="P119_ST00190" HPOS="770" VPOS="1096" WIDTH="13" HEIGHT="28" CONTENT="á" WC="1.00" CC="0"/>
						<SP ID="P119_SP00168" HPOS="783" VPOS="1136" WIDTH="18"/>
						<String ID="P119_ST00191" HPOS="801" VPOS="1094" WIDTH="105" HEIGHT="30" CONTENT="medida" WC="0.86" CC="700000"/>
						<SP ID="P119_SP00169" HPOS="906" VPOS="1136" WIDTH="23"/>
						<String ID="P119_ST00192" HPOS="929" VPOS="1106" WIDTH="52" HEIGHT="29" CONTENT="que" WC="0.90" CC="002"/>
						<SP ID="P119_SP00170" HPOS="981" VPOS="1136" WIDTH="13"/>
						<String ID="P119_ST00193" HPOS="994" VPOS="1105" WIDTH="48" HEIGHT="19" CONTENT="nos" WC="0.83" CC="004"/>
						<SP ID="P119_SP00171" HPOS="1042" VPOS="1136" WIDTH="16"/>
						<String ID="P119_ST00194" HPOS="1058" VPOS="1105" WIDTH="79" HEIGHT="19" CONTENT="acer" SUBS_TYPE="HypPart1" SUBS_CONTENT="acercábamos" WC="0.80" CC="90000"/>
						<HYP CONTENT="-"/>
					</TextLine>
					<TextLine ID="P119_TL00019" HPOS="108" VPOS="1150" WIDTH="1029" HEIGHT="43">
						<String ID="P119_ST00195" HPOS="108" VPOS="1155" WIDTH="125" HEIGHT="30" CONTENT="cábamos" SUBS_TYPE="HypPart2" SUBS_CONTENT="acercábamos" WC="0.50" CC="1870356"/>
						<SP ID="P119_SP00172" HPOS="233" VPOS="1185" WIDTH="17"/>
						<String ID="P119_ST00196" HPOS="250" VPOS="1155" WIDTH="24" HEIGHT="29" CONTENT="al" WC="0.76" CC="40"/>
						<SP ID="P119_SP00173" HPOS="274" VPOS="1185" WIDTH="14"/>
						<String ID="P119_ST00197" HPOS="288" VPOS="1154" WIDTH="77" HEIGHT="39" CONTENT="lugar" WC="0.61" CC="40716"/>
						<SP ID="P119_SP00174" HPOS="365" VPOS="1193" WIDTH="12"/>
						<String ID="P119_ST00198" HPOS="377" VPOS="1154" WIDTH="33" HEIGHT="29" CONTENT="de" WC="0.94" CC="01"/>
						<SP ID="P119_SP00175" HPOS="410" VPOS="1193" WIDTH="18"/>
						<String ID="P119_ST00199" HPOS="428" VPOS="1153" WIDTH="37" HEIGHT="29" CONTENT="los" WC="0.39" CC="646"/>
						<SP ID="P119_SP00176" HPOS="465" VPOS="1193" WIDTH="13"/>
						<String ID="P119_ST00200" HPOS="478" VPOS="1152" WIDTH="234" HEIGHT="31" CONTENT="aconlecimienlos" WC="0.58" CC="406703009197605"/>
						<String ID="P119_ST00201" HPOS="725" VPOS="1176" WIDTH="5" HEIGHT="11" CONTENT="," WC="1.00" CC="0"/>
						<SP ID="P119_SP00177" HPOS="730" VPOS="1193" WIDTH="21"/>
						<String ID="P119_ST00202" HPOS="751" VPOS="1161" WIDTH="62" HEIGHT="30" CONTENT="para" WC="0.92" CC="0300"/>
						<SP ID="P119_SP00178" HPOS="813" VPOS="1193" WIDTH="14"/>
						<String ID="P119_ST00203" HPOS="827" VPOS="1151" WIDTH="66" HEIGHT="30" CONTENT="ellos" WC="0.78" CC="10043"/>
						<SP ID="P119_SP00179" HPOS="893" VPOS="1193" WIDTH="16"/>
						<String ID="P119_ST00204" HPOS="909" VPOS="1151" WIDTH="33" HEIGHT="29" CONTENT="de" WC="1.00" CC="00"/>
						<SP ID="P119_SP00180" HPOS="942" VPOS="1193" WIDTH="14"/>
						<String ID="P119_ST00205" HPOS="956" VPOS="1161" WIDTH="64" HEIGHT="30" CONTENT="gran" WC="0.40" CC="9058"/>
						<SP ID="P119_SP00181" HPOS="1020" VPOS="1193" WIDTH="13"/>
						<String ID="P119_ST00206" HPOS="1033" VPOS="1150" WIDTH="104" HEIGHT="30" CONTENT="cuida" SUBS_TYPE="HypPart1" SUBS_CONTENT="cuidado" WC="0.88" CC="032000"/>
						<HYP CONTENT="-"/>
					</TextLine>
					<TextLine ID="P119_TL00020" HPOS="109" VPOS="1206" WIDTH="1028" HEIGHT="44">
						<String ID="P119_ST00207" HPOS="109" VPOS="1211" WIDTH="34" HEIGHT="30" CONTENT="do" SUBS_TYPE="HypPart2" SUBS_CONTENT="cuidado" WC="0.65" CC="07"/>
						<SP ID="P119_SP00182" HPOS="143" VPOS="1241" WIDTH="14"/>
						<String ID="P119_ST00208" HPOS="157" VPOS="1236" WIDTH="6" HEIGHT="10" CONTENT="," WC="0.85" CC="1"/>
						<SP ID="P119_SP00183" HPOS="163" VPOS="1246" WIDTH="20"/>
						<String ID="P119_ST00209" HPOS="183" VPOS="1211" WIDTH="151" HEIGHT="29" CONTENT="mostraban" WC="0.56" CC="990002717"/>
						<SP ID="P119_SP00184" HPOS="334" VPOS="1246" WIDTH="14"/>
						<String ID="P119_ST00210" HPOS="348" VPOS="1234" WIDTH="5" HEIGHT="11" CONTENT="," WC="1.00" CC="0"/>
						<SP ID="P119_SP00185" HPOS="353" VPOS="1246" WIDTH="19"/>
						<String ID="P119_ST00211" HPOS="372" VPOS="1211" WIDTH="40" HEIGHT="28" CONTENT="sin" WC="0.38" CC="647"/>
						<SP ID="P119_SP00186" HPOS="412" VPOS="1246" WIDTH="18"/>
						<String ID="P119_ST00212" HPOS="430" VPOS="1219" WIDTH="96" HEIGHT="31" CONTENT="querer" WC="0.68" CC="046070"/>
						<String ID="P119_ST00213" HPOS="540" VPOS="1233" WIDTH="5" HEIGHT="10" CONTENT="," WC="0.84" CC="1"/>
						<SP ID="P119_SP00187" HPOS="545" VPOS="1250" WIDTH="21"/>
						<String ID="P119_ST00214" HPOS="566" VPOS="1209" WIDTH="22" HEIGHT="29" CONTENT="la" WC="0.58" CC="43"/>
						<SP ID="P119_SP00188" HPOS="588" VPOS="1250" WIDTH="14"/>
						<String ID="P119_ST00215" HPOS="602" VPOS="1207" WIDTH="199" HEIGHT="31" CONTENT="desanimación" WC="0.67" CC="000161834560"/>
						<SP ID="P119_SP00189" HPOS="801" VPOS="1250" WIDTH="16"/>
						<String ID="P119_ST00216" HPOS="817" VPOS="1208" WIDTH="92" HEIGHT="40" CONTENT="propia" WC="0.73" CC="006009"/>
						<SP ID="P119_SP00190" HPOS="909" VPOS="1250" WIDTH="13"/>
						<String ID="P119_ST00217" HPOS="922" VPOS="1207" WIDTH="32" HEIGHT="30" CONTENT="de" WC="0.71" CC="05"/>
						<SP ID="P119_SP00191" HPOS="954" VPOS="1250" WIDTH="14"/>
						<String ID="P119_ST00218" HPOS="968" VPOS="1207" WIDTH="79" HEIGHT="41" CONTENT="quien" WC="0.47" CC="06657"/>
						<SP ID="P119_SP00192" HPOS="1047" VPOS="1250" WIDTH="14"/>
						<String ID="P119_ST00219" HPOS="1061" VPOS="1206" WIDTH="76" HEIGHT="31" CONTENT="abri" SUBS_TYPE="HypPart1" SUBS_CONTENT="abriga" WC="0.66" CC="57030"/>
						<HYP CONTENT="-"/>
					</TextLine>
					<TextLine ID="P119_TL00021" HPOS="109" VPOS="1264" WIDTH="1028" HEIGHT="44">
						<String ID="P119_ST00220" HPOS="109" VPOS="1279" WIDTH="33" HEIGHT="29" CONTENT="ga" SUBS_TYPE="HypPart2" SUBS_CONTENT="abriga" WC="0.45" CC="90"/>
						<SP ID="P119_SP00193" HPOS="142" VPOS="1308" WIDTH="13"/>
						<String ID="P119_ST00221" HPOS="155" VPOS="1269" WIDTH="24" HEIGHT="30" CONTENT="la" WC="0.97" CC="00"/>
						<SP ID="P119_SP00194" HPOS="179" VPOS="1308" WIDTH="16"/>
						<String ID="P119_ST00222" HPOS="195" VPOS="1273" WIDTH="157" HEIGHT="26" CONTENT="tormentosa" WC="0.57" CC="0630778064"/>
						<SP ID="P119_SP00195" HPOS="352" VPOS="1308" WIDTH="14"/>
						<String ID="P119_ST00223" HPOS="366" VPOS="1266" WIDTH="211" HEIGHT="31" CONTENT="incertidumbre" WC="0.77" CC="0140080030605"/>
						<SP ID="P119_SP00196" HPOS="577" VPOS="1308" WIDTH="15"/>
						<String ID="P119_ST00224" HPOS="592" VPOS="1266" WIDTH="77" HEIGHT="29" CONTENT="sobre" WC="0.54" CC="66702"/>
						<SP ID="P119_SP00197" HPOS="669" VPOS="1308" WIDTH="15"/>
						<String ID="P119_ST00225" HPOS="684" VPOS="1265" WIDTH="22" HEIGHT="29" CONTENT="el" WC="0.83" CC="03"/>
						<SP ID="P119_SP00198" HPOS="706" VPOS="1308" WIDTH="16"/>
						<String ID="P119_ST00226" HPOS="722" VPOS="1265" WIDTH="69" HEIGHT="29" CONTENT="buen" WC="0.26" CC="6877"/>
						<SP ID="P119_SP00199" HPOS="791" VPOS="1308" WIDTH="16"/>
						<String ID="P119_ST00227" HPOS="807" VPOS="1265" WIDTH="112" HEIGHT="29" CONTENT="término" WC="0.65" CC="8730040"/>
						<SP ID="P119_SP00200" HPOS="919" VPOS="1308" WIDTH="13"/>
						<String ID="P119_ST00228" HPOS="932" VPOS="1264" WIDTH="32" HEIGHT="30" CONTENT="de" WC="1.00" CC="00"/>
						<SP ID="P119_SP00201" HPOS="964" VPOS="1308" WIDTH="14"/>
						<String ID="P119_ST00229" HPOS="978" VPOS="1275" WIDTH="47" HEIGHT="19" CONTENT="sus" WC="0.48" CC="545"/>
						<SP ID="P119_SP00202" HPOS="1025" VPOS="1308" WIDTH="12"/>
						<String ID="P119_ST00230" HPOS="1037" VPOS="1264" WIDTH="100" HEIGHT="30" CONTENT="afanes." WC="0.80" CC="0606000"/>
					</TextLine>
				</TextBlock>
				<TextBlock ID="P119_TB00007" HPOS="107" VPOS="1319" WIDTH="1033" HEIGHT="215" STYLEREFS="TXT_1 PAR_LEFT">
					<TextLine ID="P119_TL00022" HPOS="150" VPOS="1321" WIDTH="990" HEIGHT="45">
						<String ID="P119_ST00231" HPOS="150" VPOS="1328" WIDTH="75" HEIGHT="27" CONTENT="Justa" WC="0.72" CC="05700"/>
						<SP ID="P119_SP00203" HPOS="225" VPOS="1355" WIDTH="15"/>
						<String ID="P119_ST00232" HPOS="240" VPOS="1336" WIDTH="14" HEIGHT="30" CONTENT="y" WC="1.00" CC="0"/>
						<SP ID="P119_SP00204" HPOS="254" VPOS="1366" WIDTH="15"/>
						<String ID="P119_ST00233" HPOS="269" VPOS="1324" WIDTH="102" HEIGHT="31" CONTENT="natural" WC="0.74" CC="7080100"/>
						<SP ID="P119_SP00205" HPOS="371" VPOS="1366" WIDTH="18"/>
						<String ID="P119_ST00234" HPOS="389" VPOS="1333" WIDTH="43" HEIGHT="21" CONTENT="era" WC="0.69" CC="602"/>
						<SP ID="P119_SP00206" HPOS="432" VPOS="1366" WIDTH="16"/>
						<String ID="P119_ST00235" HPOS="448" VPOS="1348" WIDTH="7" HEIGHT="10" CONTENT="," WC="0.91" CC="0"/>
						<SP ID="P119_SP00207" HPOS="455" VPOS="1366" WIDTH="19"/>
						<String ID="P119_ST00236" HPOS="474" VPOS="1322" WIDTH="121" HEIGHT="40" CONTENT="digamos" WC="0.76" CC="0002921"/>
						<SP ID="P119_SP00208" HPOS="595" VPOS="1366" WIDTH="13"/>
						<String ID="P119_ST00237" HPOS="608" VPOS="1346" WIDTH="6" HEIGHT="10" CONTENT="," WC="0.95" CC="0"/>
						<SP ID="P119_SP00209" HPOS="614" VPOS="1366" WIDTH="16"/>
						<String ID="P119_ST00238" HPOS="630" VPOS="1332" WIDTH="44" HEIGHT="19" CONTENT="esa" WC="0.68" CC="090"/>
						<SP ID="P119_SP00210" HPOS="674" VPOS="1366" WIDTH="15"/>
						<String ID="P119_ST00239" HPOS="689" VPOS="1322" WIDTH="139" HEIGHT="29" CONTENT="sensación" WC="0.59" CC="477500434"/>
						<SP ID="P119_SP00211" HPOS="828" VPOS="1366" WIDTH="15"/>
						<String ID="P119_ST00240" HPOS="843" VPOS="1333" WIDTH="4" HEIGHT="17" CONTENT=":" WC="1.00" CC="0"/>
						<SP ID="P119_SP00212" HPOS="847" VPOS="1366" WIDTH="29"/>
						<String ID="P119_ST00241" HPOS="876" VPOS="1321" WIDTH="72" HEIGHT="29" CONTENT="todas" WC="0.79" CC="05005"/>
						<SP ID="P119_SP00213" HPOS="948" VPOS="1366" WIDTH="15"/>
						<String ID="P119_ST00242" HPOS="963" VPOS="1321" WIDTH="39" HEIGHT="29" CONTENT="las" WC="0.56" CC="750"/>
						<SP ID="P119_SP00214" HPOS="1002" VPOS="1366" WIDTH="14"/>
						<String ID="P119_ST00243" HPOS="1016" VPOS="1321" WIDTH="124" HEIGHT="40" CONTENT="probabi" SUBS_TYPE="HypPart1" SUBS_CONTENT="probabilidades" WC="0.39" CC="99860732"/>
						<HYP CONTENT="-"/>
					</TextLine>
					<TextLine ID="P119_TL00023" HPOS="108" VPOS="1378" WIDTH="1032" HEIGHT="44">
						<String ID="P119_ST00244" HPOS="108" VPOS="1383" WIDTH="102" HEIGHT="30" CONTENT="lidades" SUBS_TYPE="HypPart2" SUBS_CONTENT="probabilidades" WC="0.83" CC="0500050"/>
						<SP ID="P119_SP00215" HPOS="210" VPOS="1413" WIDTH="13"/>
						<String ID="P119_ST00245" HPOS="223" VPOS="1383" WIDTH="95" HEIGHT="29" CONTENT="hacian" WC="0.48" CC="764057"/>
						<SP ID="P119_SP00216" HPOS="318" VPOS="1413" WIDTH="24"/>
						<String ID="P119_ST00246" HPOS="342" VPOS="1391" WIDTH="112" HEIGHT="31" CONTENT="preveer" WC="0.80" CC="0910200"/>
						<SP ID="P119_SP00217" HPOS="454" VPOS="1422" WIDTH="16"/>
						<String ID="P119_ST00247" HPOS="470" VPOS="1389" WIDTH="97" HEIGHT="31" CONTENT="segura" WC="0.67" CC="200690"/>
						<SP ID="P119_SP00218" HPOS="567" VPOS="1422" WIDTH="19"/>
						<String ID="P119_ST00248" HPOS="586" VPOS="1379" WIDTH="22" HEIGHT="30" CONTENT="la" WC="0.96" CC="00"/>
						<SP ID="P119_SP00219" HPOS="608" VPOS="1422" WIDTH="16"/>
						<String ID="P119_ST00249" HPOS="624" VPOS="1378" WIDTH="108" HEIGHT="41" CONTENT="pérdida" WC="0.83" CC="0000506"/>
						<SP ID="P119_SP00220" HPOS="732" VPOS="1422" WIDTH="14"/>
						<String ID="P119_ST00250" HPOS="746" VPOS="1378" WIDTH="33" HEIGHT="30" CONTENT="de" WC="0.70" CC="05"/>
						<SP ID="P119_SP00221" HPOS="779" VPOS="1422" WIDTH="15"/>
						<String ID="P119_ST00251" HPOS="794" VPOS="1378" WIDTH="23" HEIGHT="30" CONTENT="la" WC="1.00" CC="00"/>
						<SP ID="P119_SP00222" HPOS="817" VPOS="1422" WIDTH="16"/>
						<String ID="P119_ST00252" HPOS="833" VPOS="1378" WIDTH="144" HEIGHT="30" CONTENT="existencia" WC="0.60" CC="0742866004"/>
						<SP ID="P119_SP00223" HPOS="977" VPOS="1422" WIDTH="16"/>
						<String ID="P119_ST00253" HPOS="993" VPOS="1391" WIDTH="6" HEIGHT="22" CONTENT=";" WC="0.90" CC="0"/>
						<SP ID="P119_SP00224" HPOS="999" VPOS="1422" WIDTH="20"/>
						<String ID="P119_ST00254" HPOS="1019" VPOS="1379" WIDTH="57" HEIGHT="30" CONTENT="solo" WC="0.67" CC="0624"/>
						<SP ID="P119_SP00225" HPOS="1076" VPOS="1422" WIDTH="12"/>
						<String ID="P119_ST00255" HPOS="1088" VPOS="1389" WIDTH="52" HEIGHT="30" CONTENT="que" WC="0.61" CC="074"/>
					</TextLine>
					<TextLine ID="P119_TL00024" HPOS="110" VPOS="1433" WIDTH="1030" HEIGHT="47">
						<String ID="P119_ST00256" HPOS="110" VPOS="1450" WIDTH="34" HEIGHT="20" CONTENT="un" WC="0.62" CC="07"/>
						<SP ID="P119_SP00226" HPOS="144" VPOS="1470" WIDTH="17"/>
						<String ID="P119_ST00257" HPOS="161" VPOS="1449" WIDTH="64" HEIGHT="31" CONTENT="rayo" WC="0.52" CC="0395"/>
						<SP ID="P119_SP00227" HPOS="225" VPOS="1480" WIDTH="13"/>
						<String ID="P119_ST00258" HPOS="238" VPOS="1438" WIDTH="33" HEIGHT="30" CONTENT="de" WC="1.00" CC="00"/>
						<SP ID="P119_SP00228" HPOS="271" VPOS="1480" WIDTH="14"/>
						<String ID="P119_ST00259" HPOS="285" VPOS="1446" WIDTH="145" HEIGHT="33" CONTENT="esperanza" WC="0.61" CC="560008543"/>
						<SP ID="P119_SP00229" HPOS="430" VPOS="1480" WIDTH="17"/>
						<String ID="P119_ST00260" HPOS="447" VPOS="1436" WIDTH="123" HEIGHT="30" CONTENT="alimenta" WC="0.82" CC="00172001"/>
						<SP ID="P119_SP00230" HPOS="570" VPOS="1480" WIDTH="17"/>
						<String ID="P119_ST00261" HPOS="587" VPOS="1436" WIDTH="15" HEIGHT="29" CONTENT="á" WC="0.35" CC="6"/>
						<SP ID="P119_SP00231" HPOS="602" VPOS="1480" WIDTH="14"/>
						<String ID="P119_ST00262" HPOS="616" VPOS="1435" WIDTH="65" HEIGHT="29" CONTENT="cada" WC="0.87" CC="5000"/>
						<SP ID="P119_SP00232" HPOS="681" VPOS="1480" WIDTH="18"/>
						<String ID="P119_ST00263" HPOS="699" VPOS="1434" WIDTH="60" HEIGHT="30" CONTENT="cual" WC="0.87" CC="0500"/>
						<SP ID="P119_SP00233" HPOS="759" VPOS="1480" WIDTH="17"/>
						<String ID="P119_ST00264" HPOS="776" VPOS="1444" WIDTH="31" HEIGHT="19" CONTENT="en" WC="0.57" CC="08"/>
						<SP ID="P119_SP00234" HPOS="807" VPOS="1480" WIDTH="18"/>
						<String ID="P119_ST00265" HPOS="825" VPOS="1433" WIDTH="122" HEIGHT="41" CONTENT="aquellos" WC="0.77" CC="00470060"/>
						<SP ID="P119_SP00235" HPOS="947" VPOS="1480" WIDTH="16"/>
						<String ID="P119_ST00266" HPOS="963" VPOS="1444" WIDTH="77" HEIGHT="20" CONTENT="casos" WC="0.72" CC="03531"/>
						<SP ID="P119_SP00236" HPOS="1040" VPOS="1480" WIDTH="13"/>
						<String ID="P119_ST00267" HPOS="1053" VPOS="1459" WIDTH="6" HEIGHT="10" CONTENT="," WC="1.00" CC="0"/>
						<SP ID="P119_SP00237" HPOS="1059" VPOS="1480" WIDTH="20"/>
						<String ID="P119_ST00268" HPOS="1079" VPOS="1444" WIDTH="61" HEIGHT="31" CONTENT="para" WC="0.89" CC="0400"/>
					</TextLine>
					<TextLine ID="P119_TL00025" HPOS="108" VPOS="1492" WIDTH="530" HEIGHT="42">
						<String ID="P119_ST00269" HPOS="108" VPOS="1508" WIDTH="34" HEIGHT="19" CONTENT="no" WC="0.37" CC="65"/>
						<SP ID="P119_SP00238" HPOS="142" VPOS="1527" WIDTH="16"/>
						<String ID="P119_ST00270" HPOS="158" VPOS="1496" WIDTH="158" HEIGHT="30" CONTENT="desestimar" WC="0.85" CC="0101350020"/>
						<SP ID="P119_SP00239" HPOS="316" VPOS="1527" WIDTH="17"/>
						<String ID="P119_ST00271" HPOS="333" VPOS="1505" WIDTH="31" HEIGHT="19" CONTENT="su" WC="0.92" CC="01"/>
						<SP ID="P119_SP00240" HPOS="364" VPOS="1527" WIDTH="16"/>
						<String ID="P119_ST00272" HPOS="380" VPOS="1493" WIDTH="93" HEIGHT="41" CONTENT="propia" WC="0.76" CC="006007"/>
						<SP ID="P119_SP00241" HPOS="473" VPOS="1534" WIDTH="17"/>
						<String ID="P119_ST00273" HPOS="490" VPOS="1492" WIDTH="148" HEIGHT="30" CONTENT="salvación." WC="0.84" CC="0300000541"/>
					</TextLine>
				</TextBlock>
				<TextBlock ID="P119_TB00008" HPOS="108" VPOS="1546" WIDTH="1033" HEIGHT="105" STYLEREFS="TXT_1 PAR_LEFT">
					<TextLine ID="P119_TL00026" HPOS="152" VPOS="1548" WIDTH="989" HEIGHT="40">
						<String ID="P119_ST00274" HPOS="152" VPOS="1554" WIDTH="28" HEIGHT="30" CONTENT="El" WC="1.00" CC="00"/>
						<SP ID="P119_SP00242" HPOS="180" VPOS="1584" WIDTH="19"/>
						<String ID="P119_ST00275" HPOS="199" VPOS="1555" WIDTH="38" HEIGHT="28" CONTENT="12" WC="0.32" CC="39"/>
						<SP ID="P119_SP00243" HPOS="237" VPOS="1584" WIDTH="17"/>
						<String ID="P119_ST00276" HPOS="254" VPOS="1553" WIDTH="23" HEIGHT="29" CONTENT="al" WC="0.67" CC="05"/>
						<SP ID="P119_SP00244" HPOS="277" VPOS="1584" WIDTH="14"/>
						<String ID="P119_ST00277" HPOS="291" VPOS="1561" WIDTH="140" HEIGHT="21" CONTENT="amanecer" WC="0.91" CC="00070000"/>
						<SP ID="P119_SP00245" HPOS="431" VPOS="1584" WIDTH="14"/>
						<String ID="P119_ST00278" HPOS="445" VPOS="1560" WIDTH="28" HEIGHT="20" CONTENT="se" WC="0.67" CC="14"/>
						<SP ID="P119_SP00246" HPOS="473" VPOS="1584" WIDTH="13"/>
						<String ID="P119_ST00279" HPOS="486" VPOS="1548" WIDTH="148" HEIGHT="31" CONTENT="desarrolló" WC="0.70" CC="0090960004"/>
						<SP ID="P119_SP00247" HPOS="634" VPOS="1584" WIDTH="13"/>
						<String ID="P119_ST00280" HPOS="647" VPOS="1554" WIDTH="60" HEIGHT="24" CONTENT="ante" WC="0.81" CC="0700"/>
						<SP ID="P119_SP00248" HPOS="707" VPOS="1584" WIDTH="12"/>
						<String ID="P119_ST00281" HPOS="719" VPOS="1553" WIDTH="108" HEIGHT="25" CONTENT="nuestra" WC="0.76" CC="3030800"/>
						<SP ID="P119_SP00249" HPOS="827" VPOS="1584" WIDTH="15"/>
						<String ID="P119_ST00282" HPOS="842" VPOS="1548" WIDTH="69" HEIGHT="29" CONTENT="vista" WC="0.94" CC="00200"/>
						<SP ID="P119_SP00250" HPOS="911" VPOS="1584" WIDTH="15"/>
						<String ID="P119_ST00283" HPOS="926" VPOS="1571" WIDTH="7" HEIGHT="12" CONTENT="," WC="0.59" CC="4"/>
						<SP ID="P119_SP00251" HPOS="933" VPOS="1584" WIDTH="19"/>
						<String ID="P119_ST00284" HPOS="952" VPOS="1548" WIDTH="23" HEIGHT="29" CONTENT="el" WC="1.00" CC="00"/>
						<SP ID="P119_SP00252" HPOS="975" VPOS="1584" WIDTH="15"/>
						<String ID="P119_ST00285" HPOS="990" VPOS="1554" WIDTH="151" HEIGHT="34" CONTENT="portentoso" WC="0.60" CC="0550558620"/>
					</TextLine>
					<TextLine ID="P119_TL00027" HPOS="109" VPOS="1606" WIDTH="520" HEIGHT="45">
						<String ID="P119_ST00286" HPOS="109" VPOS="1610" WIDTH="169" HEIGHT="41" CONTENT="espectáculo" WC="0.76" CC="00050800046"/>
						<SP ID="P119_SP00253" HPOS="278" VPOS="1651" WIDTH="17"/>
						<String ID="P119_ST00287" HPOS="295" VPOS="1609" WIDTH="33" HEIGHT="30" CONTENT="de" WC="0.98" CC="00"/>
						<SP ID="P119_SP00254" HPOS="328" VPOS="1651" WIDTH="17"/>
						<String ID="P119_ST00288" HPOS="345" VPOS="1608" WIDTH="79" HEIGHT="42" CONTENT="aquel" WC="0.52" CC="26535"/>
						<SP ID="P119_SP00255" HPOS="424" VPOS="1651" WIDTH="18"/>
						<String ID="P119_ST00289" HPOS="442" VPOS="1608" WIDTH="61" HEIGHT="29" CONTENT="silio" WC="0.89" CC="04100"/>
						<SP ID="P119_SP00256" HPOS="503" VPOS="1651" WIDTH="13"/>
						<String ID="P119_ST00290" HPOS="516" VPOS="1606" WIDTH="113" HEIGHT="31" CONTENT="colosal." WC="0.64" CC="05565050"/>
					</TextLine>
				</TextBlock>
				<TextBlock ID="P119_TB00009" HPOS="107" VPOS="1662" WIDTH="1036" HEIGHT="156" STYLEREFS="TXT_1 PAR_LEFT">
					<TextLine ID="P119_TL00028" HPOS="151" VPOS="1663" WIDTH="992" HEIGHT="46">
						<String ID="P119_ST00291" HPOS="151" VPOS="1670" WIDTH="37" HEIGHT="29" CONTENT="La" WC="0.90" CC="20"/>
						<SP ID="P119_SP00257" HPOS="188" VPOS="1699" WIDTH="17"/>
						<String ID="P119_ST00292" HPOS="205" VPOS="1679" WIDTH="65" HEIGHT="30" CONTENT="gran" WC="0.82" CC="0007"/>
						<SP ID="P119_SP00258" HPOS="270" VPOS="1709" WIDTH="17"/>
						<String ID="P119_ST00293" HPOS="287" VPOS="1677" WIDTH="71" HEIGHT="21" CONTENT="masa" WC="0.83" CC="0060"/>
						<SP ID="P119_SP00259" HPOS="358" VPOS="1709" WIDTH="12"/>
						<String ID="P119_ST00294" HPOS="370" VPOS="1666" WIDTH="34" HEIGHT="31" CONTENT="de" WC="1.00" CC="00"/>
						<SP ID="P119_SP00260" HPOS="404" VPOS="1709" WIDTH="16"/>
						<String ID="P119_ST00295" HPOS="420" VPOS="1665" WIDTH="128" HEIGHT="35" CONTENT="balerías," WC="0.78" CC="607005000"/>
						<SP ID="P119_SP00261" HPOS="548" VPOS="1709" WIDTH="19"/>
						<String ID="P119_ST00296" HPOS="567" VPOS="1674" WIDTH="120" HEIGHT="30" CONTENT="empero," WC="0.81" CC="0600060"/>
						<SP ID="P119_SP00262" HPOS="687" VPOS="1709" WIDTH="19"/>
						<String ID="P119_ST00297" HPOS="706" VPOS="1663" WIDTH="33" HEIGHT="29" CONTENT="de" WC="1.00" CC="00"/>
						<SP ID="P119_SP00263" HPOS="739" VPOS="1709" WIDTH="17"/>
						<String ID="P119_ST00298" HPOS="756" VPOS="1672" WIDTH="51" HEIGHT="21" CONTENT="una" WC="0.70" CC="053"/>
						<SP ID="P119_SP00264" HPOS="807" VPOS="1709" WIDTH="16"/>
						<String ID="P119_ST00299" HPOS="823" VPOS="1674" WIDTH="13" HEIGHT="29" CONTENT="y" WC="1.00" CC="0"/>
						<SP ID="P119_SP00265" HPOS="836" VPOS="1709" WIDTH="13"/>
						<String ID="P119_ST00300" HPOS="849" VPOS="1668" WIDTH="55" HEIGHT="24" CONTENT="otra" WC="0.75" CC="9000"/>
						<SP ID="P119_SP00266" HPOS="904" VPOS="1709" WIDTH="17"/>
						<String ID="P119_ST00301" HPOS="921" VPOS="1668" WIDTH="84" HEIGHT="35" CONTENT="parle," WC="0.92" CC="000400"/>
						<SP ID="P119_SP00267" HPOS="1005" VPOS="1709" WIDTH="20"/>
						<String ID="P119_ST00302" HPOS="1025" VPOS="1674" WIDTH="28" HEIGHT="19" CONTENT="se" WC="0.71" CC="23"/>
						<SP ID="P119_SP00268" HPOS="1053" VPOS="1709" WIDTH="18"/>
						<String ID="P119_ST00303" HPOS="1071" VPOS="1673" WIDTH="72" HEIGHT="20" CONTENT="man" SUBS_TYPE="HypPart1" SUBS_CONTENT="manlenian" WC="0.68" CC="5070"/>
						<HYP CONTENT="-"/>
					</TextLine>
					<TextLine ID="P119_TL00029" HPOS="111" VPOS="1719" WIDTH="1032" HEIGHT="42">
						<String ID="P119_ST00304" HPOS="111" VPOS="1726" WIDTH="86" HEIGHT="31" CONTENT="lenian" SUBS_TYPE="HypPart2" SUBS_CONTENT="manlenian" WC="0.75" CC="006007"/>
						<SP ID="P119_SP00269" HPOS="197" VPOS="1757" WIDTH="21"/>
						<String ID="P119_ST00305" HPOS="218" VPOS="1725" WIDTH="169" HEIGHT="34" CONTENT="silenciosas," WC="0.79" CC="104250050400"/>
						<SP ID="P119_SP00270" HPOS="387" VPOS="1759" WIDTH="27"/>
						<String ID="P119_ST00306" HPOS="414" VPOS="1720" WIDTH="157" HEIGHT="33" CONTENT="anonadado" WC="0.69" CC="076700204"/>
						<SP ID="P119_SP00271" HPOS="571" VPOS="1759" WIDTH="16"/>
						<String ID="P119_ST00307" HPOS="587" VPOS="1731" WIDTH="31" HEIGHT="19" CONTENT="su" WC="0.66" CC="60"/>
						<SP ID="P119_SP00272" HPOS="618" VPOS="1759" WIDTH="16"/>
						<String ID="P119_ST00308" HPOS="634" VPOS="1720" WIDTH="108" HEIGHT="41" CONTENT="poderío" WC="0.64" CC="0606056"/>
						<SP ID="P119_SP00273" HPOS="742" VPOS="1761" WIDTH="17"/>
						<String ID="P119_ST00309" HPOS="759" VPOS="1730" WIDTH="31" HEIGHT="19" CONTENT="en" WC="0.76" CC="04"/>
						<SP ID="P119_SP00274" HPOS="790" VPOS="1761" WIDTH="18"/>
						<String ID="P119_ST00310" HPOS="808" VPOS="1719" WIDTH="124" HEIGHT="41" CONTENT="aquellos" WC="0.56" CC="03277462"/>
						<SP ID="P119_SP00275" HPOS="932" VPOS="1761" WIDTH="16"/>
						<String ID="P119_ST00311" HPOS="948" VPOS="1719" WIDTH="68" HEIGHT="36" CONTENT="dias," WC="0.89" CC="00004"/>
						<SP ID="P119_SP00276" HPOS="1016" VPOS="1761" WIDTH="29"/>
						<String ID="P119_ST00312" HPOS="1045" VPOS="1730" WIDTH="49" HEIGHT="30" CONTENT="por" WC="0.90" CC="002"/>
						<SP ID="P119_SP00277" HPOS="1094" VPOS="1761" WIDTH="27"/>
						<String ID="P119_ST00313" HPOS="1121" VPOS="1719" WIDTH="22" HEIGHT="31" CONTENT="la" WC="0.72" CC="23"/>
					</TextLine>
					<TextLine ID="P119_TL00030" HPOS="109" VPOS="1776" WIDTH="636" HEIGHT="42">
						<String ID="P119_ST00314" HPOS="109" VPOS="1783" WIDTH="113" HEIGHT="30" CONTENT="crudeza" WC="0.73" CC="0510740"/>
						<SP ID="P119_SP00278" HPOS="222" VPOS="1813" WIDTH="16"/>
						<String ID="P119_ST00315" HPOS="238" VPOS="1781" WIDTH="34" HEIGHT="31" CONTENT="de" WC="1.00" CC="00"/>
						<SP ID="P119_SP00279" HPOS="272" VPOS="1813" WIDTH="16"/>
						<String ID="P119_ST00316" HPOS="288" VPOS="1781" WIDTH="24" HEIGHT="30" CONTENT="la" WC="0.83" CC="30"/>
						<SP ID="P119_SP00280" HPOS="312" VPOS="1813" WIDTH="18"/>
						<String ID="P119_ST00317" HPOS="330" VPOS="1780" WIDTH="119" HEIGHT="31" CONTENT="estación" WC="0.72" CC="61600007"/>
						<SP ID="P119_SP00281" HPOS="449" VPOS="1813" WIDTH="16"/>
						<String ID="P119_ST00318" HPOS="465" VPOS="1789" WIDTH="53" HEIGHT="29" CONTENT="que" WC="0.94" CC="001"/>
						<SP ID="P119_SP00282" HPOS="518" VPOS="1818" WIDTH="16"/>
						<String ID="P119_ST00319" HPOS="534" VPOS="1788" WIDTH="29" HEIGHT="20" CONTENT="se" WC="1.00" CC="00"/>
						<SP ID="P119_SP00283" HPOS="563" VPOS="1818" WIDTH="12"/>
						<String ID="P119_ST00320" HPOS="575" VPOS="1776" WIDTH="170" HEIGHT="32" CONTENT="atravesaba." WC="0.89" CC="00030020600"/>
					</TextLine>
				</TextBlock>
				<TextBlock ID="P119_TB00010" HPOS="108" VPOS="1832" WIDTH="1035" HEIGHT="101" STYLEREFS="TXT_1 PAR_LEFT">
					<TextLine ID="P119_TL00031" HPOS="150" VPOS="1832" WIDTH="993" HEIGHT="49">
						<String ID="P119_ST00321" HPOS="150" VPOS="1841" WIDTH="36" HEIGHT="29" CONTENT="No" WC="0.26" CC="94"/>
						<SP ID="P119_SP00284" HPOS="186" VPOS="1870" WIDTH="16"/>
						<String ID="P119_ST00322" HPOS="202" VPOS="1850" WIDTH="48" HEIGHT="31" CONTENT="por" WC="0.46" CC="970"/>
						<SP ID="P119_SP00285" HPOS="250" VPOS="1881" WIDTH="12"/>
						<String ID="P119_ST00323" HPOS="262" VPOS="1845" WIDTH="56" HEIGHT="24" CONTENT="esto" WC="0.78" CC="3005"/>
						<SP ID="P119_SP00286" HPOS="318" VPOS="1881" WIDTH="12"/>
						<String ID="P119_ST00324" HPOS="330" VPOS="1836" WIDTH="143" HEIGHT="44" CONTENT="quedaban" WC="0.74" CC="03301057"/>
						<SP ID="P119_SP00287" HPOS="473" VPOS="1881" WIDTH="16"/>
						<String ID="P119_ST00325" HPOS="489" VPOS="1835" WIDTH="122" HEIGHT="41" CONTENT="aquellos" WC="0.70" CC="60602052"/>
						<SP ID="P119_SP00288" HPOS="611" VPOS="1881" WIDTH="26"/>
						<String ID="P119_ST00326" HPOS="637" VPOS="1836" WIDTH="106" HEIGHT="38" CONTENT="fogosos" WC="0.57" CC="8403066"/>
						<SP ID="P119_SP00289" HPOS="743" VPOS="1881" WIDTH="22"/>
						<String ID="P119_ST00327" HPOS="765" VPOS="1832" WIDTH="136" HEIGHT="42" CONTENT="ejércitos," WC="0.73" CC="0004065504"/>
						<SP ID="P119_SP00290" HPOS="901" VPOS="1881" WIDTH="14"/>
						<String ID="P119_ST00328" HPOS="915" VPOS="1833" WIDTH="95" HEIGHT="30" CONTENT="ávidos" WC="0.88" CC="000060"/>
						<SP ID="P119_SP00291" HPOS="1010" VPOS="1881" WIDTH="25"/>
						<String ID="P119_ST00329" HPOS="1035" VPOS="1834" WIDTH="32" HEIGHT="29" CONTENT="de" WC="0.79" CC="04"/>
						<SP ID="P119_SP00292" HPOS="1067" VPOS="1881" WIDTH="27"/>
						<String ID="P119_ST00330" HPOS="1094" VPOS="1844" WIDTH="49" HEIGHT="20" CONTENT="re" SUBS_TYPE="HypPart1" SUBS_CONTENT="renombre," WC="0.89" CC="003"/>
						<HYP CONTENT="-"/>
					</TextLine>
					<TextLine ID="P119_TL00032" HPOS="109" VPOS="1889" WIDTH="1034" HEIGHT="44">
						<String ID="P119_ST00331" HPOS="109" VPOS="1897" WIDTH="121" HEIGHT="36" CONTENT="nombre," SUBS_TYPE="HypPart2" SUBS_CONTENT="renombre," WC="0.76" CC="5505000"/>
						<SP ID="P119_SP00293" HPOS="230" VPOS="1933" WIDTH="19"/>
						<String ID="P119_ST00332" HPOS="249" VPOS="1907" WIDTH="33" HEIGHT="20" CONTENT="en" WC="0.66" CC="06"/>
						<SP ID="P119_SP00294" HPOS="282" VPOS="1933" WIDTH="26"/>
						<String ID="P119_ST00333" HPOS="308" VPOS="1896" WIDTH="24" HEIGHT="30" CONTENT="la" WC="0.83" CC="03"/>
						<SP ID="P119_SP00295" HPOS="332" VPOS="1933" WIDTH="16"/>
						<String ID="P119_ST00334" HPOS="348" VPOS="1894" WIDTH="132" HEIGHT="31" CONTENT="inacción." WC="0.68" CC="460000673"/>
						<SP ID="P119_SP00296" HPOS="480" VPOS="1933" WIDTH="29"/>
						<String ID="P119_ST00335" HPOS="509" VPOS="1894" WIDTH="50" HEIGHT="29" CONTENT="Los" WC="0.60" CC="056"/>
						<SP ID="P119_SP00297" HPOS="559" VPOS="1933" WIDTH="27"/>
						<String ID="P119_ST00336" HPOS="586" VPOS="1891" WIDTH="183" HEIGHT="42" CONTENT="preparativos" WC="0.78" CC="000050078031"/>
						<SP ID="P119_SP00298" HPOS="769" VPOS="1933" WIDTH="25"/>
						<String ID="P119_ST00337" HPOS="794" VPOS="1890" WIDTH="33" HEIGHT="30" CONTENT="de" WC="0.33" CC="75"/>
						<SP ID="P119_SP00299" HPOS="827" VPOS="1933" WIDTH="27"/>
						<String ID="P119_ST00338" HPOS="854" VPOS="1889" WIDTH="85" HEIGHT="42" CONTENT="poder" WC="0.54" CC="05970"/>
						<SP ID="P119_SP00300" HPOS="939" VPOS="1933" WIDTH="17"/>
						<String ID="P119_ST00339" HPOS="956" VPOS="1902" WIDTH="16" HEIGHT="30" CONTENT="y" WC="1.00" CC="0"/>
						<SP ID="P119_SP00301" HPOS="972" VPOS="1933" WIDTH="17"/>
						<String ID="P119_ST00340" HPOS="989" VPOS="1891" WIDTH="154" HEIGHT="31" CONTENT="eslerminio" WC="0.60" CC="0756053604"/>
					</TextLine>
				</TextBlock>
			</PrintSpace>
		</Page>
	</Layout>
</alto>
