1241 2180
540 123 181 28 146

124 194 33 30 de
170 194 38 29 los
221 192 117 31 mástiles
350 191 43 30 del
412 190 127 30 «Tharsis
551 202 27 22 ,»
607 188 207 40 apresuráronse
830 186 13 30 á
859 188 76 27 fletar
948 194 52 20 una
1017 184 134 40 barquilla

125 261 64 31 para
204 250 104 29 venirse
334 249 13 30 á
372 246 92 32 bordo.
494 246 95 30 Mucho
616 244 167 30 sentimiento
814 241 191 31 manifestaron
1023 240 25 31 al
1075 251 77 20 verse

127 306 183 41 chasqueados
323 315 48 20 con
387 305 25 30 la
428 304 122 41 negativa
564 302 33 31 de
613 302 76 30 subir
705 301 24 30 al
755 301 90 40 buque
860 324 5 11 ,
885 300 14 29 á
914 309 81 20 causa
1013 298 33 31 de
1059 308 33 20 no
1106 303 46 26 te-

129 374 46 21 ner
191 363 67 30 libre
275 362 124 41 práctica.
429 362 80 29 Como
525 369 44 21 era
584 369 34 32 ya
643 359 23 30 la
683 358 64 30 hora
765 357 33 30 de
815 367 112 31 ponerse
946 356 24 30 el
999 355 38 29 sol
1053 379 5 11 ,
1087 365 65 30 poco

128 420 129 42 pudieron
274 429 171 31 permanecer
457 417 25 30 al
498 415 107 32 costado
621 415 42 30 del
677 415 91 40 buque
778 439 5 11 ,
811 423 67 32 pues
896 413 25 30 la
948 412 149 30 ordenanza
1115 411 37 30 les

130 476 124 39 obligaba
270 477 14 29 á
300 484 122 31 regresar
433 479 74 25 antes
523 473 33 30 de
572 483 152 20 oscurecer.

172 534 30 30 El
215 533 110 30 andaluz
340 558 6 11 ,
364 532 81 30 desde
458 532 25 29 la
498 530 133 42 barquilla
646 529 101 31 echaba
758 530 14 29 á
788 528 76 30 volar
881 528 39 30 las
938 526 129 31 chuladas
1078 526 73 41 joco-

131 591 82 31 serias
237 590 105 40 propias
355 589 33 30 de
406 589 32 29 tal
454 589 117 29 carácter
583 611 6 11 ,
607 585 125 31 viniendo
749 586 13 32 á
789 594 124 31 espresar
937 583 24 30 la
978 583 102 40 alegría
1096 594 52 29 que

132 645 129 32 rebosaba
278 656 31 19 en
326 655 31 20 su
373 654 109 20 corazón
495 644 23 29 al
533 653 46 19 ver
592 641 99 30 ondear
706 641 24 30 el
751 640 106 42 pendón
875 639 33 31 de
931 639 110 31 Casulla
1061 649 32 20 en
1112 644 39 25 tan

134 707 117 26 estrañas
263 702 134 38 regiones.

175 760 28 29 El
222 762 14 26 6
254 759 107 29 salimos
377 757 32 30 de
422 757 113 41 Galípoli
550 781 6 11 ,
575 766 16 31 y
604 754 112 42 dejando
730 755 13 30 á
760 754 116 30 derecha
888 778 6 11 ,
913 753 117 41 después
1046 752 33 30 de
1096 762 56 31 pa-

135 816 63 31 sado
214 816 24 29 el
253 815 176 41 Helesponto,
448 815 38 30 las
502 813 125 31 elevadas
648 813 63 30 islas
730 812 139 30 «Imbros»
888 822 16 30 y
924 810 226 41 «Samolraqui,»

135 883 16 30 y
163 873 15 30 á
193 871 135 42 izquierda
352 873 149 28 «Lemnos»
520 881 16 30 y
555 870 180 34 «Tenedos,»
754 869 111 30 hicimos
881 867 95 31 rumbo
992 869 16 29 á
1031 867 123 31 embocar

136 928 23 31 el
173 928 70 39 golfo
259 928 32 30 de
310 927 173 30 «Salónica.»

175 986 80 28 Entró
282 984 21 29 la
328 984 83 30 noche
427 984 60 40 bajo
502 994 36 20 un
550 983 69 31 cielo
631 982 179 42 encapotado,
836 981 24 31 al
878 981 94 42 propio
986 981 98 41 tiempo
1102 991 50 30 que

137 1052 28 19 se
175 1041 105 29 destacó
294 1051 33 19 un
340 1040 122 41 rafagoso
478 1041 102 34 viento,
596 1050 52 30 que
665 1050 46 19 nos
724 1039 69 30 daba
816 1039 33 29 de
876 1039 86 29 través
978 1048 17 30 y
1009 1047 52 31 que
1078 1037 77 30 venia

136 1097 179 40 acompañarlo
331 1097 32 29 de
388 1106 96 31 gruesa
510 1096 142 40 marejada.
680 1096 32 29 Al
728 1105 66 30 poco
811 1100 56 24 rato
885 1096 128 28 comenzó
1041 1094 13 30 á
1073 1093 82 31 llover

138 1154 194 41 copiosamente
345 1163 17 30 y
377 1153 14 30 á
407 1152 201 41 relampaguear
628 1152 39 29 los
690 1152 149 29 horizontes
852 1164 6 22 ;
878 1150 61 30 todo
965 1150 26 29 lo
1007 1150 59 30 cual
1083 1150 69 36 hizo,

138 1222 52 30 que
201 1212 23 28 la
235 1211 83 29 noche
334 1210 152 41 apareciese
500 1209 59 41 algo
571 1214 150 36 espantosa.

180 1268 22 29 A
216 1268 39 29 las
270 1273 89 23 cuatro
373 1266 33 29 de
418 1266 24 29 la
458 1264 163 42 madrugada
637 1275 67 31 que,
731 1265 14 30 á
762 1265 130 41 primeros
909 1266 33 29 de
966 1274 88 21 marzo
1080 1274 76 21 como

139 1324 147 32 estábamos
301 1349 6 10 ,
323 1333 42 21 era
383 1333 51 20 aun
449 1322 43 30 del
517 1323 61 29 todo
594 1332 94 20 oscuro
703 1346 6 12 ,
727 1322 25 30 el
776 1323 115 29 serviola
908 1324 14 28 ó
939 1322 129 40 vigilante
1084 1321 32 30 de
1132 1322 24 29 la

138 1391 64 32 proa
215 1381 67 41 gritó
296 1380 108 41 «buque
417 1389 47 32 por
478 1378 23 31 la
517 1389 76 20 mura
608 1378 34 31 de
656 1378 121 37 babor;»
796 1389 47 20 nos
859 1379 121 41 pusimos
996 1389 32 20 en
1045 1378 112 41 guardia

138 1447 63 31 para
217 1435 183 37 reconocerlo,
417 1445 17 31 y
449 1445 48 20 nos
513 1435 105 40 pareció
634 1445 53 30 que
703 1434 24 30 el
742 1434 76 31 bullo
834 1445 53 31 que
903 1434 78 31 hacia
994 1445 45 20 era
1063 1434 34 31 de
1113 1439 46 26 ta-

139 1498 76 26 maño
231 1503 91 30 mayor
337 1502 52 31 que
402 1492 24 30 el
442 1491 32 31 de
487 1502 35 20 un
538 1491 106 41 buque,
669 1491 25 30 lo
716 1502 51 31 que
782 1502 47 20 nos
846 1491 173 41 sorprendió;
1040 1502 16 30 y
1073 1502 32 20 en
1128 1501 30 20 su

139 1550 190 32 consecuencia
342 1574 7 11 ,
367 1559 48 20 con
429 1548 59 30 toda
504 1549 188 39 precipitación
709 1549 162 30 cambiamos
897 1555 109 24 nuestra
1024 1549 134 30 dirección

138 1607 75 32 hasla
235 1616 130 32 ponernos
380 1616 49 20 con
445 1605 94 30 rumbo
556 1610 125 36 opuesto,
700 1616 52 30 que
776 1616 45 20 era
837 1606 24 30 el
885 1607 85 39 mejor
983 1605 105 42 partido
1108 1615 51 32 que

140 1676 28 19 se
183 1664 78 41 podia
277 1669 83 24 tomar
372 1687 6 12 ,
401 1674 49 30 por
471 1663 22 30 si
508 1672 77 21 acaso
597 1688 6 11 ,
619 1674 16 30 y
648 1668 56 25 esta
719 1663 155 41 suposición
891 1673 44 20 era
952 1663 23 30 la
990 1674 92 20 menos
1098 1663 63 30 fun-

139 1721 69 30 dada
233 1726 142 29 entonces,
394 1719 74 30 fuese
484 1719 25 30 la
526 1721 87 29 tierra.
639 1722 38 28 En
708 1720 100 36 efecto,
843 1721 78 30 tierra
938 1721 101 31 resultó
1059 1732 58 26 ser,
1135 1731 27 20 es

139 1779 86 34 decir,
241 1778 24 30 la
281 1777 50 31 isla
346 1778 80 30 «Jura
441 1777 118 37 Poulo,»
587 1787 51 22 una
655 1777 33 31 de
703 1778 38 31 las
762 1778 43 30 del
822 1789 86 31 grupo
933 1790 53 30 que
1013 1779 52 41 hay
1080 1779 82 30 frente

141 1835 116 30 «Voló.»
272 1836 50 28 Las
337 1834 181 30 reconocimos
527 1834 24 30 al
564 1845 105 30 romper
681 1835 24 29 la
717 1834 119 31 claridad
849 1835 43 30 del
904 1835 55 31 dia.
975 1837 51 29 Por
1041 1836 24 30 lo
1080 1837 79 34 visto,

139 1892 41 31 las
195 1891 142 31 corrientes
350 1914 7 14 ,
375 1901 52 30 que
440 1891 92 31 suelen
553 1892 14 30 á
578 1902 79 20 veces
673 1902 43 20 ser
731 1891 121 31 bástanle
867 1891 100 32 fuertes
982 1917 6 13 ,
1004 1903 17 29 y
1037 1903 36 20 un
1091 1897 70 26 tanto
