1241 2180
574 114 184 27 114

185 182 30 29 El
227 185 71 26 resto
314 179 42 31 del
370 183 180 36 cargamento,
570 188 66 30 poco
652 188 48 18 nos
713 175 150 41 importaba
882 185 52 30 que
950 173 122 31 tardaran
1088 182 33 21 en
1133 171 48 32 de-

144 237 245 35 sembarcárnoslo,
403 246 67 31 pues
487 233 153 32 contratado
652 235 14 29 á
678 243 87 20 meses
781 232 25 30 el
823 241 96 31 vapor,
935 240 44 21 era
996 240 66 31 para
1092 240 89 19 noso-

144 299 54 27 tros
213 293 157 31 indiferente
384 293 22 29 la
423 292 124 34 demora,
566 294 129 37 supuesto
711 299 64 31 que,
796 299 64 30 muy
872 287 26 30 al
914 287 134 31 contrario
1064 286 44 30 del
1122 287 58 40 pri-

144 362 56 19 mer
216 351 80 40 viaje,
312 349 149 32 estábamos
474 348 62 31 bien
549 348 133 41 provistos
699 347 33 29 de
749 346 103 30 buenos
865 347 108 28 víveres
989 355 15 30 y
1021 345 95 30 demás
1127 354 53 21 co-

144 415 43 21 sas
203 415 52 31 que
267 405 130 30 necesitar
407 403 171 43 pudiéramos
592 413 32 19 en
636 401 96 30 mucho
745 401 108 40 tiempo.
872 399 117 31 Además
1003 410 63 31 que,
1083 399 96 31 subor-

144 462 111 29 dinados
268 461 24 30 al
308 460 163 34 intendente,
491 460 14 30 á
522 459 24 31 él
561 458 136 31 incumbía
720 457 142 41 disponer;
883 458 13 29 á
915 462 124 24 nosotros
1060 461 43 25 tan
1122 457 56 30 solo

144 519 124 38 cumplir.

185 575 39 29 Ya
239 585 32 19 en
288 574 78 40 aquel
379 574 97 39 tiempo
487 583 49 19 con
553 572 24 30 la
593 571 198 41 aglomeración
818 569 34 31 de
874 569 108 42 buques
1009 580 32 20 en
1069 575 106 36 puerto,

142 630 225 31 reconociéndose
390 630 23 30 la
439 629 168 30 Intendencia
636 628 96 29 militar
758 628 113 40 incapaz
903 627 33 30 do
965 626 135 41 gobernar
1129 637 47 20 con

143 689 97 29 acierto
265 687 89 41 aquel,
384 686 128 35 diremos,
538 685 101 41 tráfago
663 685 144 34 marítimo,
824 685 111 29 nombró
963 684 51 30 dos
1042 685 134 39 capitanes

141 750 148 23 mercantes
302 743 144 35 franceses,
465 751 63 32 para
541 752 51 31 que
609 742 24 30 la
647 741 144 31 ausilíasen
808 751 49 21 con
872 751 30 20 su
914 741 72 30 buen
1000 741 64 36 tino,
1079 741 93 31 siendo

141 811 128 28 personas
282 800 168 39 inteligentes
463 809 32 19 en
509 799 22 29 la
546 799 119 29 materia.

183 857 105 31 Merced
304 858 13 29 á
332 861 54 26 esta
402 856 120 30 acertada
536 855 176 40 disposición,
741 855 38 30 las
803 864 95 30 cargas
912 866 16 29 y
942 855 147 40 descargas
1116 855 60 30 iban

141 925 49 20 con
205 924 55 20 mas
271 913 145 36 actividad,
435 912 82 31 orden
532 923 15 30 y
564 912 177 41 preferencia,
763 912 23 30 lo
802 912 61 30 cual
881 922 27 20 se
923 911 80 31 habia
1016 911 158 32 reconocido

141 971 82 30 desde
236 971 96 29 mucho
347 971 96 39 tiempo
455 979 76 20 como
543 979 62 20 cosa
619 969 203 41 indispensable
837 978 63 31 para
913 969 109 40 regular
1036 969 78 41 aquel
1129 969 45 30 in-

143 1038 90 20 menso
250 1028 114 37 trasiego
381 1027 32 29 de
429 1026 113 30 efectos.

182 1086 51 28 Los
246 1094 123 30 vapores,
388 1093 52 31 que
449 1088 74 24 antes
540 1082 100 30 sufrían
652 1082 89 41 largas
752 1082 172 31 detensiones
939 1093 49 31 por
1004 1084 57 30 solo
1073 1084 25 30 la
1115 1094 60 31 ope-

142 1140 89 30 ración
242 1139 31 30 de
288 1139 123 30 lastrarse
424 1148 63 31 para
503 1149 31 19 su
551 1148 119 31 regreso,
687 1138 92 31 hacían
796 1138 117 41 después
942 1145 57 25 esla
1027 1140 76 30 faena
1127 1150 46 21 con

142 1200 69 26 tanta
225 1194 135 31 brevedad
376 1205 74 20 como
462 1195 21 30 si
499 1194 76 31 fuese
590 1204 61 21 cosa
669 1195 93 39 propia
781 1198 15 27 ó
812 1195 34 31 de
865 1195 100 31 interés
978 1197 153 30 comercial.

183 1253 55 28 Una
255 1261 112 31 persona
382 1251 165 41 cualquiera,
564 1261 51 30 que
631 1256 75 25 antes
723 1252 90 29 veíase
838 1252 178 30 embarazada
1043 1264 63 29 para
1120 1253 54 31 ha-

141 1318 74 21 cerse
227 1308 95 34 llevar,
342 1307 21 29 si
381 1306 23 30 lo
420 1306 164 36 necesitaba,
599 1308 15 28 á
625 1306 83 30 bordo
721 1306 32 30 de
770 1317 35 19 un
824 1307 103 40 buque,
955 1309 70 30 tenia
1054 1309 115 32 lambien

141 1364 127 40 después,
287 1364 183 30 embarcación
487 1369 93 35 pronta
599 1364 14 29 á
626 1364 154 29 conducirla
799 1364 87 30 donde
901 1364 23 30 le
940 1367 168 30 conviniese.

183 1423 22 28 Y
217 1432 32 19 en
265 1423 46 34 fin,
326 1420 109 31 muchas
452 1425 70 25 otras
539 1421 113 39 mejoras
663 1430 53 28 que
735 1431 28 19 se
779 1420 78 40 dejan
874 1424 191 38 comprender.

182 1481 67 28 Para
264 1479 79 29 hacer
355 1477 84 30 frente
455 1478 15 29 á
481 1482 43 25 tan
540 1477 121 30 diversas
673 1477 166 36 atenciones,
856 1488 51 20 una
921 1479 33 30 de
966 1480 39 30 las
1023 1481 150 40 providen-

140 1536 54 30 cias
211 1546 52 30 que
284 1546 28 19 se
329 1540 117 25 lomaron
470 1534 55 36 fué,
545 1545 52 30 que
614 1535 38 29 las
674 1535 110 29 lanchas
801 1534 33 30 de
852 1535 74 30 todos
945 1536 39 31 los
998 1538 106 41 buques
1121 1549 50 30 que

139 1592 94 30 hacían
260 1591 33 30 de
305 1590 132 42 depósito,
458 1601 14 29 y
489 1601 52 30 que
558 1590 117 41 pasaban
691 1590 32 30 de
753 1592 71 35 200,
851 1601 50 20 con
927 1603 46 20 sus
1001 1595 170 40 tripulantes,

140 1648 144 30 acudiesen
300 1648 15 30 á
328 1647 83 30 llenar
424 1652 69 25 estas
503 1646 187 34 necesidades,
706 1646 135 31 mediante
857 1657 53 21 una
927 1648 132 32 lucrativa
1074 1662 100 18 remu-

140 1716 135 18 neración.

181 1764 66 28 Para
261 1761 26 30 la
298 1761 97 30 debida
408 1760 117 41 equidad
540 1771 32 19 en
588 1767 70 24 estas
671 1762 191 40 ocupaciones,
881 1774 29 20 se
925 1775 69 30 puso
1016 1765 33 31 de
1075 1767 94 30 mani-

138 1821 74 28 fiesto
239 1828 36 20 un
301 1817 164 41 reglamento
478 1828 17 30 y
508 1826 52 21 una
577 1817 86 36 tarifa,
683 1817 59 30 todo
760 1823 41 26 tan
830 1820 177 33 satisfactorio
1025 1834 16 30 y
1055 1825 107 41 simple,

138 1887 75 21 como
227 1879 92 26 exacto
335 1884 32 21 en
384 1884 31 21 su
431 1873 163 40 aplicación.
