1241 2180
581 121 160 28 86

150 195 137 31 distintivo
304 203 51 30 que
369 190 142 32 usábamos
525 198 32 20 en
570 186 108 42 aquella
694 183 155 42 espedicion
862 206 6 11 ,
887 190 53 31 que
953 189 48 20 nos
1018 178 59 29 hizo
1095 182 82 24 tomar

150 263 49 31 por
214 262 42 19 ser
269 250 33 30 de
314 250 39 29 los
370 248 122 38 últimos)
509 244 105 32 cuando
630 251 156 32 reparamos
804 250 32 20 en
853 238 49 30 dos
918 236 133 31 odaliscas
1066 260 6 11 ,
1090 244 88 20 acom-

151 308 118 42 pañadas
281 317 48 31 por
342 316 35 20 uu
401 307 65 28 fiero
479 302 130 42 guardián
626 326 5 11 ,
647 311 33 20 en
697 299 23 30 el
741 302 133 26 momento
887 305 53 32 que
962 305 28 19 se
1003 292 121 41 apeaban
1135 291 42 31 del

151 365 82 32 coche
245 375 33 19 en
304 373 51 31 que
383 361 61 31 iban
469 361 14 30 á
499 360 99 29 motivo
615 357 33 31 de
664 362 74 25 tener
760 364 53 31 que
835 362 79 31 pasar
930 351 25 31 el
981 355 98 36 puente
1092 349 14 29 á
1123 349 54 39 pié,

151 421 186 43 precisándolo
354 430 51 20 una
421 418 137 31 elevación
582 426 63 29 muy
673 411 124 32 marcada
814 421 53 31 que
882 410 76 30 hacia
982 418 32 20 en
1040 407 24 30 el
1090 410 89 27 centro

151 490 64 32 para
231 479 82 41 poder
329 477 38 31 las
383 476 94 30 barcas
493 472 165 32 atravesarlo
675 482 47 30 por
733 469 107 40 debajo.
859 469 51 28 Nos
923 464 211 42 aprovechamos
1146 462 33 31 de

152 543 43 24 tan
207 536 71 30 bella
295 535 106 30 ocasión
419 542 63 32 para
493 531 203 41 aproximarnos
707 531 97 26 cuanto
815 534 44 21 era
872 523 79 31 dable
964 523 15 30 á
993 520 123 42 aquellos
1128 530 50 20 en-

152 594 135 31 cubiertos
303 598 99 24 rostros
416 615 5 10 ,
440 600 53 31 que
516 589 25 29 lo
557 587 110 30 eslaban
685 596 47 29 por
749 594 33 20 un
802 583 83 40 ligero
907 581 37 30 tul
962 579 96 30 blanco
1074 577 105 31 llevado

152 661 49 20 con
217 650 80 30 cierta
314 648 163 40 coquetería.
508 643 87 32 Medio
611 642 164 40 respiramos
797 640 23 29 el
838 648 83 21 suave
938 636 121 42 perfume
1075 635 33 30 de
1128 646 51 30 que

154 706 109 31 estaban
278 703 188 41 impregnadas
482 701 122 41 aquellas
620 699 97 31 ninfas.

195 765 38 28 En
245 767 56 24 olro
319 762 97 39 liempo
427 764 56 26 esto
500 769 28 19 se
543 758 112 30 hubiera
686 753 176 33 considerado
889 763 76 20 como
981 762 36 19 un
1041 750 82 31 delito
1149 751 32 29 de

153 820 124 31 desacato
294 818 112 31 inserido
422 819 14 28 á
454 817 22 29 la
494 814 120 43 potestad
631 813 43 31 del
690 813 70 31 Gran
785 813 94 34 Señor,
902 821 16 31 y
934 820 48 31 por
998 808 183 40 consiguiente

152 875 136 41 castigado
300 885 49 20 con
366 883 75 20 suma
454 871 143 36 crueldad;
610 880 65 31 pero
687 879 33 21 en
733 868 24 30 el
770 868 55 35 dia,
844 878 49 19 con
907 867 39 29 los
959 865 126 31 raudales
1097 864 34 31 de
1143 866 36 29 ci-

153 933 139 29 vilización
305 942 52 30 que
373 941 28 20 se
416 930 87 30 filtran
520 929 72 29 hasta
607 938 33 19 en
657 927 39 30 los
712 936 57 21 mas
786 924 152 32 recóndilos
951 925 131 33 confines,
1098 933 15 29 y
1127 931 54 21 mas

153 990 14 30 á
180 989 25 30 la
221 999 77 19 sazón
315 999 31 18 en
361 986 215 40 Constantinopla
593 986 13 28 á
623 994 80 20 causa
720 984 33 29 de
765 993 43 19 ser
835 983 23 29 la
885 982 112 30 reunión
1010 980 33 30 de
1056 980 39 30 los
1108 979 73 30 alia-

154 1045 59 35 dos,
232 1056 68 29 cuyo
313 1045 128 40 prestigio
456 1045 81 28 causó
554 1052 34 20 un
604 1040 173 31 maravilloso
803 1039 85 30 efecto
915 1048 64 30 para
996 1036 142 31 confundir
1160 1036 21 30 la

155 1102 119 31 escesiva
291 1100 194 41 preocupación
499 1099 184 34 musulmana;
698 1103 56 24 esta
768 1100 117 26 muestra
902 1095 33 30 de
958 1094 88 31 trivial
1063 1105 16 30 y
1095 1093 86 31 deco-

155 1168 59 20 rosa
228 1157 174 32 admiración,
421 1157 124 28 encontró
562 1155 23 29 el
602 1153 98 30 debido
716 1152 136 31 disimulo.

197 1216 55 28 Una
269 1213 33 31 de
314 1213 39 31 las
368 1222 76 21 cosas
460 1222 52 31 que
537 1211 127 30 debemos
694 1209 147 41 agradecer
856 1210 13 29 á
886 1208 107 41 aquella
1021 1216 108 32 guerra,
1156 1217 27 20 es

156 1282 62 29 que,
234 1271 25 29 la
275 1271 78 29 visita
369 1270 41 29 del
423 1270 108 39 ejército
544 1267 204 42 anglo-francés
764 1277 33 19 en
814 1266 40 30 los
870 1266 132 29 dominios
1018 1265 44 30 del
1080 1265 103 34 Sultán,

159 1328 141 39 consiguió
316 1326 133 30 anonadar
465 1325 110 30 muchas
591 1336 16 29 y
623 1335 63 30 muy
704 1324 104 30 rancias
832 1322 229 41 preocupaciones
1089 1321 33 31 de
1146 1321 38 30 los

161 1384 152 29 orientales.

200 1443 51 28 Nos
282 1441 139 29 retiramos
437 1440 13 29 á
467 1438 83 30 bordo
577 1437 24 31 al
619 1437 157 35 anochecer,
807 1437 125 30 llevando
947 1438 133 40 impresas
1106 1447 33 20 en
1164 1436 23 30 la

156 1498 127 29 memoria
301 1497 38 29 las
355 1497 137 39 imágenes
509 1494 227 31 semiescondidas
752 1493 33 31 de
798 1493 122 42 aquellas
934 1492 48 32 dos
998 1493 189 31 deslumbran-

158 1558 39 25 tes
213 1552 140 35 beldades,
366 1551 153 30 destinadas
535 1552 13 29 á
565 1562 42 19 ser
624 1561 34 20 un
675 1550 42 31 dia
734 1550 133 31 adoradas
883 1562 16 30 y
917 1551 209 30 ennoblecidas
1143 1560 45 31 por

160 1609 24 29 la
201 1610 121 28 atención
339 1608 42 30 del
398 1608 70 30 Gran
485 1609 93 29 Señor.

199 1666 22 29 A
234 1665 38 30 las
288 1665 65 30 siete
367 1664 33 30 de
417 1664 24 30 la
454 1664 95 36 noche,
565 1663 83 31 desde
666 1674 34 20 uu
719 1674 83 31 vapor
812 1664 89 41 inglés
914 1664 107 42 llegado
1034 1666 81 41 aquel
1124 1666 65 30 mis-

159 1731 42 20 mo
212 1721 43 30 dia
272 1732 48 20 con
338 1733 33 19 un
385 1722 117 30 batallón
520 1722 33 30 de
570 1727 74 35 tropa
660 1721 103 41 inglesa
780 1732 50 20 con
846 1721 105 31 deslino
963 1724 16 28 á
994 1723 24 29 la
1034 1724 117 35 Crimea,
1174 1733 17 30 y

160 1788 52 30 que
224 1778 89 29 eslaba
326 1778 132 30 fondeado
473 1788 76 20 cerca
572 1784 133 28 nosotros,
725 1779 98 39 púsose
839 1779 14 29 á
869 1784 71 25 tocar
956 1779 142 41 escogidas
1128 1780 64 41 pie-

160 1844 54 26 zas,
233 1834 23 29 la
272 1835 101 29 música
384 1835 33 29 de
433 1835 77 30 dicho
527 1835 118 29 batallón
662 1846 52 29 que
731 1835 43 29 iba
787 1835 173 37 embarcado,
979 1836 213 31 intermediando

160 1901 50 21 con
227 1890 62 37 ella,
308 1890 25 31 la
350 1895 120 37 pequeña
486 1891 86 30 banda
586 1891 33 30 de
636 1892 68 40 pitos
718 1902 15 30 y
747 1891 122 32 timbales
879 1902 50 21 con
945 1904 31 19 su
988 1899 106 25 estraña
1107 1904 85 20 armo-
