1241 2180
557 137 160 28 20

130 202 52 30 tido
195 202 125 40 siempre,
340 210 51 32 que
408 199 25 31 lo
454 199 188 42 distinguimos
657 210 48 20 con
727 199 24 31 el
768 198 193 31 sobrenombre
989 197 33 30 de
1046 196 103 41 capilan

126 259 117 39 Alegría.

169 316 109 28 Puestos
290 324 32 19 en
334 315 115 34 camino,
465 324 76 29 pues,
558 313 60 40 bajo
635 312 25 30 la
675 312 145 41 impresión
837 310 33 32 de
881 310 108 42 aquella
1012 309 137 31 favorable

124 381 98 25 nueva,
251 370 91 30 íbanse
358 369 153 30 deslizando
535 369 37 29 las
589 369 78 29 horas
690 369 191 39 alegramente,
912 368 40 29 sin
979 368 124 40 quejarse
1124 366 25 31 la

124 433 73 35 (ropa
213 427 41 30 del
272 428 97 40 tiempo
385 436 32 21 en
434 431 113 25 estremo
561 426 114 30 lluvioso
691 436 52 30 que
756 436 28 19 se
795 425 159 30 desarrolló.

163 486 51 28 Los
235 483 97 41 pobres
356 482 124 30 soldados
499 492 75 21 como
599 492 33 20 no
656 482 95 31 cabían
776 481 204 31 cómodamente
996 480 89 41 abajo,
1113 490 34 21 no

121 540 120 31 obstante
253 540 32 29 de
302 545 70 24 estar
384 539 73 30 todos
473 544 165 25 sumamente
665 538 152 36 mareados,
835 538 123 31 resistían
976 539 14 29 á
1013 538 22 30 la
1048 539 99 29 intem-

121 598 72 40 perie
207 607 16 30 y
238 597 14 30 á
268 597 24 29 la
307 596 93 35 lluvia,
415 595 140 31 acoslados
570 606 49 20 con
636 607 29 19 su
683 601 87 25 manta
787 595 101 31 echada
905 596 114 30 encima.
1039 596 37 29 La
1091 605 56 21 cu-

120 651 83 31 bierta
217 651 91 31 estaba
324 653 15 29 á
357 662 33 19 no
406 651 83 41 poder
501 662 55 20 mas
572 651 119 31 atestada
704 651 33 31 de
756 662 114 30 cuerpos
887 652 110 30 inertes.

163 708 72 31 Debo
252 709 89 30 lachar
352 708 23 30 al
393 707 111 31 soldado
514 707 102 31 francés
632 707 33 31 de
681 707 136 31 desidioso
830 718 31 21 en
879 719 29 20 su
925 709 133 40 limpieza.
1074 709 72 30 Náu-

120 774 59 21 seas
195 764 67 31 daba
275 775 46 19 ver
335 769 69 25 lanto
417 764 110 30 hombre
540 763 124 31 mareado
680 765 39 29 sin
737 764 124 31 cuidar.se
875 765 25 30 lo
917 775 56 20 mas
989 765 110 30 mínimo
1113 765 33 30 de

119 823 22 28 sí
157 822 92 39 propio
259 834 6 22 ;
281 832 17 29 y
323 821 24 29 lo
373 831 62 30 peor
457 831 43 19 era
518 831 52 30 que
594 821 75 29 hasla
690 821 24 29 el
732 821 103 30 alcázar
852 822 92 29 estaba
955 821 127 30 invadido
1099 832 47 30 por

119 878 78 36 ellos,
215 878 33 30 de
265 888 106 20 manera
388 889 51 29 que
455 888 34 19 no
506 878 77 29 habia
597 878 87 30 medio
700 878 33 30 de
750 878 86 31 evitar
860 878 24 31 el
910 883 75 26 tener
999 889 49 31 por
1072 878 74 32 todos

119 933 75 31 lados
211 939 68 25 lanta
294 934 173 30 inmundicia.
483 935 29 28 Ni
528 934 200 31 insinuaciones
744 934 26 30 ni
787 934 140 32 mándalos
944 935 33 31 de
1005 946 46 20 sus
1073 935 73 31 mis-

119 1000 57 20 mos
192 990 117 30 oficiales
325 990 86 30 valían
429 1000 65 30 gran
511 1000 61 21 cosa
584 1003 6 18 :
620 1000 75 21 como
723 991 75 30 lodos
825 991 111 31 estaban
964 992 128 35 echados,
1112 1002 33 20 no

119 1045 77 31 habia
207 1056 49 20 con
273 1046 80 40 quien
369 1055 130 32 apoyarse
520 1055 63 32 para
599 1048 110 29 hacerse
725 1053 130 34 respetar.

160 1103 91 39 Tengo
268 1102 68 40 viaje
352 1102 83 30 hecho
449 1103 13 29 á
480 1102 23 30 la
515 1103 107 29 Habana
640 1113 48 20 con
721 1110 88 34 tropas
836 1105 152 40 españolas,
1009 1116 17 31 y
1041 1115 41 21 me
1096 1115 48 32 pa-

119 1167 60 20 rece
190 1168 51 30 que
252 1158 25 29 el
290 1157 110 30 soldado
412 1168 44 19 era
475 1169 34 19 un
527 1169 67 29 poco
609 1169 56 20 mas
682 1159 193 32 subordinado.

160 1215 104 31 Verdad
278 1226 28 20 es
318 1226 52 31 que
383 1226 75 20 como
471 1216 60 30 iban
550 1217 38 30 los
605 1216 145 37 franceses,
770 1218 149 41 digámoslo
942 1221 53 36 así,
1012 1221 24 30 al
1052 1226 92 26 mata-

118 1271 75 37 dero,
209 1282 32 20 no
266 1272 93 30 hacian
380 1272 96 30 mucho
499 1282 61 21 caso
576 1272 33 31 de
638 1274 181 30 miramientos
836 1281 183 35 respetuosos.
1039 1278 20 29 A
1077 1288 67 20 unos

119 1338 51 31 que
183 1338 51 20 una
249 1328 85 30 noche
348 1339 32 30 yo
395 1330 93 28 mismo
500 1329 102 30 advertí
616 1341 52 29 que
684 1331 108 30 estaban
810 1342 32 19 en
855 1332 104 41 peligro
973 1334 33 30 de
1024 1345 44 19 ser
1080 1336 64 29 mal-

119 1384 116 30 tratados
251 1395 47 29 por
310 1394 52 19 una
378 1385 59 29 vela
451 1395 52 30 que
516 1385 43 30 iba
572 1386 174 40 desplegada,
759 1389 213 30 contestáronme
991 1401 51 30 que
1056 1402 34 20 no
1106 1391 38 31 les

119 1441 146 41 importaba
279 1452 34 19 un
325 1441 89 36 bledo,
431 1452 66 30 pues
511 1442 33 30 de
557 1443 75 30 todos
645 1444 92 30 modos
754 1455 33 19 no
809 1446 135 39 pensaban
974 1448 64 31 salir
1062 1449 82 31 ilesos

119 1497 33 31 de
165 1509 30 19 su
208 1503 139 35 campaña,
366 1500 105 29 cuando
488 1510 33 19 no
533 1506 127 25 muertos.

161 1554 29 30 El
208 1557 16 28 6
240 1555 25 30 al
281 1566 140 19 oscurecer
430 1556 143 29 avistamos
589 1556 24 29 el
627 1556 72 31 Cabo
711 1559 133 40 Matapan,
859 1566 83 35 punto
953 1563 192 32 masmeridio-

119 1610 42 30 nal
175 1610 33 30 de
221 1611 24 29 la
258 1612 98 35 Moréa,
375 1622 17 29 y
408 1623 64 29 muy
487 1612 128 30 conocido
632 1612 32 31 de
676 1612 39 31 los
729 1621 164 35 navegantes
907 1617 44 30 del
966 1619 119 32 Levante
1097 1632 48 30 por

120 1667 39 29 las
172 1666 148 31 frecuentes
335 1668 177 40 lempeslades
528 1678 52 31 que
597 1679 31 20 en
643 1680 45 20 sus
701 1680 84 31 aguas
801 1683 28 19 se
845 1675 211 38 esperimentan.

162 1724 61 29 Esle
239 1723 71 31 Cabo
326 1734 27 20 es
367 1730 41 24 tan
425 1725 181 40 pronunciado
622 1725 76 31 hacia
709 1727 24 30 el
751 1738 66 26 mar,
831 1739 53 31 que
897 1730 84 32 forma
994 1744 65 31 muy
1072 1734 71 33 buen

120 1785 82 34 punto
218 1778 33 31 de
262 1780 232 31 reconocimiento.

163 1835 118 40 Algunas
296 1836 78 30 horas
390 1836 115 41 después
518 1838 169 31 embocamos
699 1850 48 30 por
762 1846 75 26 entre
849 1842 24 31 la
890 1844 49 31 isla
953 1846 97 31 Cérico
1068 1859 15 29 y
1091 1850 52 30 Ca-

120 1892 35 29 bo
182 1893 50 28 San
248 1892 114 40 Angelo,
388 1893 128 31 entrando
532 1905 32 19 en
580 1905 45 20 ese
641 1895 193 43 archipiélago,
855 1905 83 27 terror
948 1903 82 40 algún
1048 1905 44 31 dia
1109 1906 34 32 de
