1241 2180
501 120 183 29 127

81 180 22 30 si
120 180 73 31 valor
209 192 28 19 se
255 182 86 40 puede
352 183 105 36 llamar,
476 194 36 19 un
526 194 78 31 rasgo
617 184 33 30 de
666 184 155 32 temeridad.
853 186 54 30 Con
925 186 71 36 lodo,
1017 197 14 30 y
1044 186 62 30 bien

81 237 150 37 calculado,
246 238 56 31 solo
318 239 126 31 consistía
457 245 108 26 nuestro
581 241 86 41 arrojo
691 252 32 19 en
740 248 113 24 meterse
869 253 31 19 en
926 243 23 30 el
966 243 74 30 radio
1065 242 44 31 del

81 293 109 30 alcance
205 293 33 31 de
252 293 38 31 las
307 293 122 39 bombas;
446 306 64 30 pero
526 296 56 30 solo
596 307 28 19 se
641 296 128 31 lanzaban
783 297 33 30 de
832 308 60 20 esos
904 299 160 40 proyectiles
1075 298 33 30 de

81 350 99 42 tiempo
196 361 32 20 en
246 352 97 40 tiempo
357 363 16 29 y
390 362 31 20 en
438 352 144 31 diferentes
599 359 95 35 puntos
706 354 32 30 de
755 365 34 19 un
806 360 105 25 eslenso
924 355 118 41 espacio.
1058 355 50 31 Co-

81 418 42 19 mo
139 409 93 39 quiera
248 420 52 29 que
316 409 89 37 fuese,
422 420 28 20 se
467 411 109 41 esponia
594 421 52 20 uno
661 436 5 11 ,
685 422 17 30 y
719 411 40 30 los
776 411 98 31 hechos
887 411 182 31 demostraron
1085 412 23 30 la

81 465 205 41 comprobación
298 466 32 31 de
346 467 62 30 ello.
429 470 65 27 Pero
507 478 52 30 que
574 468 58 29 diré
649 480 5 17 :
679 468 24 30 el
726 473 83 25 temor
824 468 32 30 de
876 468 193 37 ridiculizarse,
1094 471 14 28 ó

81 521 26 31 el
123 524 179 40 compromiso
314 523 43 31 del
369 534 74 20 amor
456 525 104 40 propio,
578 530 115 25 arrastra
714 525 15 30 á
746 536 77 19 veces
839 525 25 30 al
880 525 111 30 hombre
1003 526 14 29 á
1043 525 66 31 ries-

82 590 49 29 gos
147 580 149 39 palpables.

124 636 127 31 Andados
266 648 68 20 unos
351 640 58 28 300
426 648 80 31 pasos
522 663 6 11 ,
546 640 78 29 viene
637 645 56 24 olra
709 638 96 30 bomba
822 649 16 31 y
854 639 118 41 pasando
988 650 48 30 por
1052 650 56 19 en-

82 692 69 31 cima
168 693 33 30 de
215 699 122 25 nuestras
350 694 112 30 cabezas
479 694 123 30 silbando
618 695 59 29 cual
694 694 90 41 ráfaga
800 694 33 30 de
849 695 99 36 viento,
968 705 46 20 cae
1031 695 77 31 sobre

86 751 56 29 200
161 757 99 23 melros
276 752 13 29 á
307 757 122 24 nuestras
442 752 136 40 espaldas.
598 754 36 28 En
661 752 66 30 vista
740 752 33 30 de
790 757 70 25 tanta
875 752 198 41 formalidad,
1091 763 17 31 y

83 807 167 40 suponiendo
265 817 31 30 ya
310 807 25 30 la
351 807 133 31 intención
497 808 142 31 declarada
653 819 46 30 por
712 808 39 31 los
768 819 76 20 rusos
866 809 33 30 de
918 809 62 30 tirar
992 809 76 31 hacia
1085 808 24 31 la

84 870 74 35 parle
175 864 88 30 donde
280 875 49 20 nos
345 865 230 36 encontrábamos,
589 867 135 39 seguimos
738 877 32 19 en
783 867 192 30 consecuencia
991 878 49 19 con
1056 878 53 19 su-

84 931 43 20 ma
143 922 155 38 vigilancia.

126 977 133 40 Llegados
275 978 14 29 á
302 988 35 20 un
352 978 60 30 sitio
429 978 33 30 de
478 978 39 30 las
533 978 78 30 obras
624 978 32 31 de
672 984 107 34 ataque,
798 978 87 31 donde
898 978 23 31 el
937 984 103 25 terreno
1058 978 52 30 for-

86 1033 78 31 maba
179 1044 33 20 un
230 1040 72 25 corto
316 1045 15 30 y
345 1034 182 40 pronunciado
539 1034 115 36 declive,
667 1045 71 31 cuyo
754 1034 79 31 fondo
844 1036 89 29 veíase
946 1034 118 31 atestado
1077 1035 33 30 de

85 1091 163 41 proyectiles
264 1090 33 31 de
312 1090 74 31 todas
399 1091 86 30 clases
499 1090 137 41 arrojados
650 1091 32 30 de
699 1091 38 30 las
752 1091 115 30 balerías
878 1100 87 25 rusas,
984 1101 75 20 como
1075 1096 35 25 te-

84 1149 103 29 níamos
204 1148 24 29 el
251 1147 123 41 designio
391 1147 33 30 de
449 1158 111 30 recoger
575 1157 92 21 cascos
683 1148 33 29 de
738 1147 98 30 bomba
860 1157 64 31 para
947 1147 113 41 cumplir
1086 1147 25 30 la

83 1214 124 32 promesa
228 1204 85 30 hecha
337 1204 14 30 á
368 1204 88 30 varias
468 1214 141 30 personas,
636 1215 48 19 nos
710 1214 122 30 paramos
848 1203 45 30 allí
910 1213 63 31 para
991 1204 121 29 verificar

83 1266 109 26 nuestro
213 1262 111 29 intento.
344 1261 32 30 Al
397 1260 96 36 efecto,
512 1270 47 21 nos
576 1260 120 30 metimos
710 1266 72 24 enlre
799 1260 77 41 aquel
890 1259 104 41 fárrago
1010 1259 32 31 de
1055 1259 57 30 ba-

83 1318 39 30 las
135 1317 34 31 de
186 1317 74 30 lodos
277 1316 131 36 calibres,
424 1317 121 30 metralla
559 1341 6 11 ,
585 1316 111 31 bombas
712 1323 117 28 enteras,
848 1326 17 30 y
886 1326 91 20 cascos
990 1316 32 30 de
1038 1315 73 31 todos

83 1380 130 25 tamaños.
228 1375 29 29 El
271 1375 162 40 maquinista
450 1384 16 30 y
480 1384 34 30 yo
528 1384 47 19 nos
589 1374 119 40 pusimos
725 1374 14 29 á
755 1383 110 29 escoger
877 1372 163 41 fragmentos
1056 1384 55 30 pe-

84 1436 115 37 queños,
218 1433 15 29 á
245 1434 35 27 fin
296 1431 33 31 de
346 1441 95 30 cargar
453 1441 67 30 poco
534 1441 65 30 peso
611 1441 49 18 con
677 1440 66 29 gran
760 1431 112 28 número
886 1429 33 30 de
935 1430 78 36 ellos,
1031 1430 81 30 mien-

85 1495 52 25 tras
153 1500 51 29 que
220 1489 25 30 el
258 1490 104 39 capilan
377 1500 14 27 y
407 1488 38 31 los
462 1488 118 30 oficiales
594 1487 133 31 franceses
741 1486 108 31 estaban
872 1497 32 20 en
924 1486 184 32 observación.

126 1547 82 30 Tenia
230 1557 34 31 ya
286 1557 32 20 en
331 1557 35 19 un
383 1546 115 41 pañuelo
512 1546 119 29 bastante
647 1544 135 36 cantidad,
800 1544 104 30 cuando
918 1544 32 30 de
968 1550 91 35 pronto
1079 1555 31 20 ve

84 1604 24 31 el
125 1605 88 40 amigo
230 1605 76 29 Metts
319 1613 53 21 una
388 1602 97 31 bomba
498 1613 52 31 que
567 1613 27 20 se
611 1602 97 40 dirigía
721 1602 77 30 hacia
811 1607 132 31 nosotros,
963 1613 16 29 y
992 1613 28 19 se
1044 1613 66 29 pone

83 1662 14 31 á
111 1662 83 41 gritar
210 1662 136 29 atención
364 1686 8 11 ,
392 1662 136 29 atención
543 1684 7 13 ,
575 1660 23 30 al
616 1661 94 29 mismo
734 1660 98 41 tiempo
853 1658 33 32 de
901 1670 89 20 correr
1009 1661 15 29 á
1040 1670 70 31 aga-

83 1719 95 32 charse
194 1719 88 31 detrás
298 1719 43 31 del
365 1724 125 36 parapeto
512 1718 33 31 de
562 1718 25 30 la
612 1718 140 30 trinchera.
777 1718 108 40 Arrojar
902 1729 32 30 yo
956 1718 39 30 los
1018 1729 92 20 cascos

82 1775 153 42 recogidos,
255 1786 15 30 y
281 1786 100 25 correr,
400 1785 75 21 como
488 1776 38 29 así
543 1775 39 30 los
595 1774 91 31 demás
697 1775 13 30 á
723 1784 178 32 guarecernos
917 1785 75 21 como
1006 1775 25 31 lo
1053 1776 56 30 ha-

82 1834 42 32 cia
139 1836 89 34 Metts,
252 1834 42 30 fué
311 1834 64 30 obra
387 1834 33 30 de
437 1844 80 29 pocos
534 1833 146 40 segundos.

125 1892 54 30 Allí
197 1891 150 40 agachados
365 1891 191 31 trascurrieron
576 1891 40 30 los
634 1891 128 30 instantes
782 1889 133 32 sintiendo
935 1900 51 21 una
1007 1890 99 32 verda-
