1241 2180
603 117 162 27 50

165 184 57 35 bla,
241 194 51 30 que
308 185 104 28 éramos
428 180 152 42 españoles,
600 190 33 19 no
649 180 97 29 habían
764 179 99 40 podido
880 180 104 29 resistir
1001 180 14 27 á
1029 179 24 28 la
1069 177 128 30 tentación

165 241 32 30 de
208 250 142 21 conversar
365 249 48 20 con
424 237 189 40 compatriotas
626 246 82 31 suyos
721 246 31 20 en
768 240 41 25 tan
826 235 130 41 apartado
979 235 87 39 lugar.

208 296 143 30 Trabamos
362 295 188 31 conversación
567 304 49 19 con
633 293 79 35 ellos,
727 297 193 36 supuesloque
937 301 49 20 nos
1003 290 99 42 podían
1116 291 80 41 espli-

162 363 45 21 car
217 353 171 30 muchísimas
401 362 76 20 cosas
490 351 33 29 de
537 351 39 29 las
592 349 139 31 ocurridas
747 360 32 19 en
793 349 38 30 las
845 349 128 35 batallas,
990 359 68 30 pues
1070 359 33 19 en
1120 349 73 30 todas

163 421 28 18 se
207 410 94 29 habían
320 409 117 30 hallado.

205 467 168 30 Pertenecían
385 467 13 28 á
416 466 23 29 la
456 465 88 40 legión
561 465 158 40 estranjera,
735 474 33 20 en
786 463 23 30 la
826 463 60 31 cual
903 461 80 31 habia
1011 472 36 21 un
1073 462 117 32 batallón

162 533 51 31 que
229 523 55 30 casi
297 522 74 31 todos
384 532 61 20 eran
462 522 140 40 españoles
619 532 52 29 que
688 531 28 19 se
730 521 96 29 habían
854 519 114 31 alistado
997 530 33 20 en
1059 520 52 30 ella
1128 520 25 30 al
1170 521 20 29 ir

162 579 127 40 fugitivos
301 579 33 30 de
351 581 102 38 España
467 588 31 20 en
512 578 38 30 las
564 578 134 30 revueltas
711 577 34 31 de
759 583 56 24 esta
831 577 106 30 nación.

204 635 167 30 Pidiéndoles
384 641 120 23 nosotros
521 634 22 30 si
555 633 110 31 estaban
679 633 157 31 satisfechos
852 632 35 31 de
913 643 31 20 su
968 632 87 31 actual
1082 632 105 32 estado:

165 704 11 17 s
188 694 36 28 No
247 692 107 34 mucho,
380 694 129 32 contestó,
528 691 23 30 el
568 702 52 30 que
635 692 107 40 parecía
771 697 73 24 tener
868 700 57 21 mas
948 691 222 41 circunspección
1182 704 6 22 ;

162 759 63 29 pero
241 759 48 18 nos
299 747 202 30 conformamos.
520 748 135 29 Servimos
669 748 22 28 sí
703 748 13 29 á
730 747 24 29 la
767 748 123 33 Francia,
907 757 65 30 pero
997 757 28 19 es
1050 757 50 30 por
1115 758 75 19 com-

163 804 131 41 promiso:
312 814 34 19 no
362 804 120 29 obstante
495 804 25 28 lo
537 803 123 29 hacemos
673 803 25 29 lo
714 804 84 39 mejor
822 814 53 30 que
896 814 48 19 nos
961 814 28 19 es
1003 803 91 36 dable,
1124 814 66 30 pues

163 860 50 31 ella
225 870 49 20 nos
286 859 140 30 mantiene.
448 859 63 38 ¡Ah!
528 859 116 29 esclamó
668 869 48 20 con
738 859 208 30 reconcentrado
971 860 181 37 sentimiento,
1173 864 19 29 si

163 927 28 20 se
213 916 151 31 derramara
388 920 107 25 nuestra
519 925 96 30 sangre
631 925 33 20 en
688 916 114 29 servicio
828 915 34 31 de
879 922 108 25 nuestra
1013 926 61 21 cara
1090 918 95 40 patria,

163 974 79 36 ¡cuán
258 978 137 24 contentos
409 973 154 29 estaríamos
577 973 157 29 entonces!»

202 1030 51 29 Los
264 1029 103 34 demás,
385 1038 76 20 como
473 1027 159 31 arrancados
643 1038 48 30 por
703 1028 24 30 el
743 1030 165 29 entusiasmo
921 1030 23 29 al
962 1030 130 31 recuerdo
1116 1031 33 30 de
1163 1032 21 30 la

161 1086 96 40 patria,
272 1085 201 41 prorumpieron
487 1095 32 19 en
530 1095 36 18 un
577 1085 69 39 grito
661 1085 126 29 unánime
799 1085 33 30 de
845 1096 5 28 ¡
863 1086 62 30 viva
952 1088 118 38 España!

202 1141 127 41 Aquellos
342 1140 134 35 soldados,
499 1146 74 24 antes
589 1140 140 40 españoles
754 1151 52 30 que
826 1140 147 38 franceses,
993 1144 107 29 servían
1124 1143 60 30 bien

162 1198 48 29 ala
223 1198 119 29 Francia.

201 1254 39 30 La
250 1254 87 40 legión
348 1255 143 37 estranjera
505 1259 155 34 compuesta
677 1253 23 31 la
716 1263 93 32 mayor
821 1261 76 34 parte
912 1256 34 29 de
960 1257 154 41 españoles,
1133 1258 52 30 ita-

159 1311 84 29 lianos
257 1321 17 29 y
286 1311 144 34 alemanes,
450 1320 67 30 supo
529 1310 173 40 distinguirse
724 1321 32 19 en
771 1311 38 29 los
822 1321 110 31 campos
957 1312 34 32 de
1015 1313 168 42 Sebastopol.

159 1368 38 28 Un
209 1366 109 30 soldado
331 1366 33 29 de
377 1371 55 24 esta
445 1366 88 39 legión
551 1366 92 40 (quien
660 1366 63 30 sabe
735 1367 20 29 si
769 1368 120 40 español)
903 1368 44 31 fué
969 1369 122 31 bastante
1108 1381 79 20 arro-

157 1422 63 41 jado
235 1433 33 19 en
281 1422 23 29 el
319 1427 41 24 tan
374 1422 121 29 valeroso
507 1432 76 19 como
598 1422 170 40 imprudente
789 1429 98 36 ataque
907 1435 52 31 que
981 1426 45 29 (lió
1042 1427 25 30 el
1079 1427 107 40 general

159 1479 125 30 Lourmel
294 1478 74 31 hasta
384 1478 39 30 los
435 1488 89 20 muros
539 1477 34 31 de
587 1478 157 42 Sebastopol
760 1479 114 32 durante
887 1481 24 29 la
924 1481 99 32 batalla
1039 1483 34 31 de
1085 1485 102 30 Inker-

160 1546 70 25 man,
246 1545 62 32 para
320 1535 81 31 sallar
421 1535 103 31 encima
550 1545 53 21 una
625 1535 100 31 brecha
747 1547 18 30 y
782 1538 103 39 gritar:
910 1540 81 37 ¡Viva
1017 1541 25 30 la
1064 1542 123 31 Francia!

159 1593 85 40 Aquel
272 1592 115 30 valiente
406 1591 100 31 recibió
532 1601 32 20 en
585 1591 25 30 el
632 1598 57 24 acto
716 1603 53 20 una
785 1593 130 42 descarga
931 1606 53 31 que
997 1597 24 30 le
1035 1597 62 41 dejó
1111 1599 76 31 acri-

159 1648 112 30 billado.

200 1707 24 29 A
239 1706 106 40 aquella
361 1706 88 39 legión
466 1706 145 41 estranjera
624 1707 41 30 sin
681 1707 139 41 embargo,
843 1719 29 20 se
887 1709 26 31 le
928 1710 77 32 hacia
1027 1712 81 31 sufrir
1131 1724 56 21 mas

158 1763 116 40 trabajos
290 1773 50 30 que
353 1764 15 29 á
381 1763 39 29 los
432 1763 91 30 demás
539 1764 182 40 regimientos.
736 1766 103 37 ¡Nunca
854 1776 27 20 se
894 1768 86 30 miran
997 1770 40 29 los
1060 1770 127 33 advene-

158 1820 72 30 dizos
242 1830 49 20 con
305 1820 137 30 suficiente
455 1820 220 40 imparcialidad!

199 1876 49 31 Tal
258 1886 48 21 vez
319 1877 105 41 aquella
437 1878 174 40 persecución
625 1877 128 30 motivara
769 1877 24 30 la
815 1877 142 34 deserción
974 1892 52 29 que
1052 1884 79 32 habia
1152 1886 32 31 de
