1241 2180
502 127 183 28 115

120 190 70 29 Para
207 188 24 31 la
242 189 143 41 disciplina
398 190 42 30 del
459 196 105 35 puerto,
580 201 29 20 se
624 190 78 31 habia
715 192 130 31 instalado
857 199 250 35 competentemen-

82 251 36 31 te,
137 245 26 32 la
178 246 183 41 dependencia
378 247 33 31 de
424 258 36 20 un
473 248 56 41 jefe
539 248 33 30 de
583 249 101 29 marina
695 259 48 20 con
758 250 23 29 el
798 250 76 30 título
890 250 33 31 de
936 251 104 41 capilan
1063 251 44 31 del

82 308 105 35 puerlo.

121 361 38 29 De
176 360 75 30 lodos
266 361 39 29 los
318 361 106 41 buques
438 361 34 30 de
488 371 97 31 guerra
601 361 146 30 fondeados
763 372 31 20 en
808 363 153 36 Kamiesch,
976 373 31 21 en
1024 369 82 25 aten-

80 417 60 31 ción
153 418 14 30 á
184 423 70 25 estar
281 428 76 21 como
373 428 33 20 en
422 417 133 37 desarme,
584 417 97 31 habían
711 417 143 32 destacado
870 429 65 31 gran
952 421 110 29 número
1075 420 31 30 de

81 474 149 30 marineros
243 486 15 29 y
272 474 88 37 boles,
378 485 65 30 para
465 475 143 40 aplicarlos
620 475 13 29 á
646 474 24 30 la
682 475 156 37 necesidad,
856 476 65 30 cada
936 487 47 20 vez
1002 487 103 31 mayor,

83 530 33 31 de
132 531 103 30 medios
251 532 33 30 de
298 532 221 40 desembarques.

123 590 53 29 Los
193 589 101 31 citados
310 590 106 41 buques
433 589 33 31 de
482 599 108 32 guerra,
614 590 140 41 quedaban
770 591 55 30 casi
841 590 129 31 desiertos
985 590 34 30 de
1035 600 49 31 gen-

82 652 25 25 te
123 657 17 29 y
153 646 34 30 de
203 647 138 30 artillería.

121 703 53 30 Por
188 708 112 25 cuantos
317 702 102 31 medios
432 703 83 41 pudo,
530 705 114 39 cooperó
655 703 25 30 la
696 703 107 31 armada
817 704 25 30 al
854 703 120 31 esfuerzo
988 703 43 32 del
1048 704 60 31 sitio

82 759 34 32 de
129 759 170 41 Sebastopol.

126 817 30 30 Si
172 817 62 30 bien
250 827 35 20 no
301 817 25 30 le
342 816 44 31 fué
403 816 69 31 dado
487 816 94 31 brillar
600 827 32 20 en
645 826 65 32 gran
727 826 118 26 manera,
864 827 50 20 con
940 828 30 19 su
982 818 124 40 pujanza,

83 884 34 20 en
131 873 61 30 toda
210 873 107 40 aquella
334 882 107 31 guerra,
458 873 72 40 pudo
543 873 186 40 desempeñar,
746 884 34 19 no
793 873 132 37 obstante,
943 874 24 30 el
981 874 126 31 suficien-

83 935 26 26 te
124 930 81 41 papel
222 940 64 31 para
301 929 197 30 demostrarnos
525 940 63 30 que,
613 929 24 31 el
660 929 82 41 poder
757 931 142 35 marítimo,
925 941 29 20 es
970 941 32 20 en
1015 931 60 31 todo
1091 942 16 31 y

81 997 50 30 por
144 986 74 35 todo,
232 985 33 30 de
281 996 68 29 gran
359 985 154 30 valimiento
529 995 62 31 para
604 985 26 31 la
645 985 83 31 honra
746 986 33 30 de
792 986 39 31 las
846 986 135 31 naciones.

124 1043 61 30 Aun
200 1042 117 40 después
333 1041 33 31 de
390 1046 85 26 tantos
502 1052 124 20 recursos
641 1052 75 20 como
738 1052 28 21 se
782 1042 99 31 acaban
904 1043 32 30 de
955 1052 151 27 enumerar,

84 1099 123 41 quedaba
224 1098 106 30 todavía
343 1109 31 19 en
392 1098 170 30 descubierto
588 1098 24 30 la
638 1098 149 31 verdadera
799 1099 143 30 necesidad
958 1099 33 30 de
1007 1099 101 30 medios

82 1155 175 41 espeditivos.

123 1213 56 29 Una
197 1211 102 41 prueba
316 1211 34 30 de
367 1211 52 30 ello
433 1222 39 24 es,
488 1221 52 30 que
556 1211 40 29 sin
610 1211 127 40 embargo
751 1211 33 30 de
798 1217 73 24 tener
887 1211 24 31 la
924 1212 105 39 ventaja
1046 1221 62 32 para

80 1268 25 31 la
116 1268 130 41 descarga
258 1267 33 31 de
314 1267 38 31 las
371 1266 135 36 barracas,
522 1269 15 27 ó
554 1267 83 41 mejor
653 1267 89 36 dicho,
759 1267 33 31 de
816 1267 25 31 la
858 1268 105 31 madera
980 1278 61 31 para
1057 1268 48 31 le-

79 1325 147 35 vantarlas,
245 1325 34 30 de
291 1335 33 20 no
337 1325 134 30 necesitar
483 1323 125 37 lanchon,
626 1334 49 30 por
690 1329 95 26 cuanto
809 1335 49 20 con
878 1325 64 30 ellas
958 1336 29 19 se
1013 1325 95 30 hacían

80 1382 91 31 balsas
197 1392 54 30 que
276 1391 29 20 se
329 1381 171 30 remolcaban
527 1381 15 29 á
566 1380 24 30 la
606 1380 76 30 orilla
693 1393 5 23 ;
717 1391 34 19 no
767 1380 121 30 obstante
903 1391 49 20 con
972 1387 132 31 nosotros,

79 1437 130 42 cargados
237 1437 33 31 de
294 1443 56 25 este
366 1437 132 35 material,
517 1436 123 31 tardaron
666 1447 67 19 unos
750 1436 67 31 doce
832 1437 58 30 dias
906 1448 32 19 en
951 1437 152 37 alistarnos,

81 1495 107 31 cuando
198 1497 14 29 á
226 1497 34 28 mi
273 1494 129 31 entender
414 1504 48 21 con
475 1494 74 31 cinco
566 1493 143 32 sobraban.

123 1554 37 29 La
176 1552 64 30 falla
255 1552 127 30 consistía
395 1562 33 19 en
441 1561 107 20 escasez
564 1551 33 30 de
608 1551 94 30 brazos
719 1561 31 20 en
769 1552 89 35 (ierra,
874 1562 66 30 pues
956 1562 33 19 no
1012 1551 97 41 podían

80 1609 40 32 los
137 1620 52 30 que
202 1608 79 31 habia
295 1633 7 11 ,
321 1608 48 30 dar
381 1609 62 29 avío
455 1609 14 29 á
486 1608 98 30 recibir
608 1607 23 30 el
654 1617 65 31 gran
732 1608 108 30 cúmulo
857 1608 33 30 de
903 1608 88 30 balsas
1007 1618 53 30 que
1075 1607 34 31 de

80 1666 146 31 diferentes
246 1675 114 32 vapores
377 1665 38 30 les
429 1664 160 31 mandaban.
618 1664 74 31 Todo
714 1664 24 30 el
755 1664 90 31 trecho
861 1664 32 31 de
907 1670 93 36 puerto
1013 1675 52 30 que
1081 1675 28 20 se

80 1725 70 31 tenia
163 1724 139 30 destinado
315 1733 63 31 para
388 1734 29 19 su
431 1728 110 35 atraque
557 1723 14 29 á
584 1722 90 36 tierra,
693 1722 91 30 estaba
797 1722 117 30 atestado
928 1722 32 30 de
977 1722 65 30 ellas
1053 1736 6 22 ;
1074 1732 33 20 no

79 1782 106 40 parecía
196 1781 58 31 sino
266 1790 50 21 una
330 1779 145 42 esplanada
487 1781 116 28 flotante.

120 1838 129 31 También
266 1837 127 31 consistía
408 1846 46 21 esa
464 1835 63 32 falta
544 1846 32 20 en
592 1835 169 38 atendernos,
781 1836 15 30 á
809 1846 52 30 que
877 1835 108 32 sedaba
998 1835 25 31 la
1037 1846 68 30 pre-
