1241 2180
557 120 160 28 22

125 191 173 41 respectivas.
315 189 31 30 Al
365 189 42 40 pié
419 187 34 30 de
465 192 55 25 esle
536 187 94 29 último
646 188 188 28 se*encuenlra
858 183 25 29 la
900 181 141 42 población
1063 179 33 31 de
1113 179 39 31 los

121 246 173 35 Dardanelos,
313 243 82 32 desde
415 254 70 30 cuyo
497 248 82 35 punto
604 253 28 19 se
655 240 93 42 espide
774 239 25 31 el
824 241 93 29 firman
944 248 64 31 para
1033 237 92 40 seguir
1137 237 15 30 á

122 300 232 42 Constantinopla;
373 300 61 30 bien
452 310 51 31 que
516 310 32 19 en
569 298 81 40 aquel
666 302 126 26 entonces
813 307 29 19 se
867 295 114 31 hubiese
1003 293 149 41 suprimido

122 364 56 24 este
190 357 141 41 requisito,
350 361 70 26 lanío
438 366 48 31 por
502 355 24 31 la
542 353 204 43 imposibilidad
759 353 33 30 de
806 353 72 29 visar
898 362 45 20 ese
959 351 107 31 crecido
1081 360 71 21 com-

122 414 54 40 boy
189 414 33 29 de
238 413 105 40 buques
370 412 110 30 fletados
504 422 48 30 por
578 415 95 27 cuenta
686 409 33 31 de
732 409 40 30 los
784 409 144 41 gobiernos
952 407 106 31 francés
1074 408 14 29 é
1104 407 48 30 in-

123 469 69 41 glés,
210 479 75 20 como
310 480 49 29 por
380 479 43 19 ser
438 467 165 30 innecesaria
630 466 34 30 tal
681 464 235 42 escrupulosidad.
947 464 47 30 Sin
1011 462 139 41 embargo,

122 536 75 20 como
214 525 139 30 eslrañada
369 525 23 29 la
405 523 140 31 autoridad
561 522 32 31 de
611 532 46 21 ver
666 533 36 19 un
716 532 84 31 vapor
815 531 49 21 con
880 519 120 32 bandera
1026 519 126 41 española

122 594 33 19 en
172 583 120 41 aquellas
309 592 94 31 aguas,
420 583 13 29 á
448 584 33 28 sin
497 580 33 31 de
547 580 168 36 informarse,
731 590 28 20 se
777 580 63 29 vino
856 580 13 29 á
886 578 85 30 bordo
988 577 33 31 de
1037 587 65 32 paso
1128 577 24 31 el

121 639 62 30 bote
195 639 33 30 de
245 639 126 35 Sanidad,
387 639 23 29 el
427 638 60 30 cual
514 637 117 41 después
654 636 33 31 de
711 635 154 32 cerciorado
881 635 33 30 de
930 640 108 25 nuesira
1065 635 87 30 comi-

123 696 58 29 sión
195 706 28 19 se
236 695 138 41 despidió,
396 705 32 19 no
442 695 40 29 sin
499 693 83 31 haber
597 693 132 31 cometido
756 698 74 24 antes
848 702 35 20 un
898 691 140 41 empleado
1055 690 97 31 subal-

122 759 75 24 terno
211 753 24 29 la
247 762 64 31 gran
326 751 125 41 simpleza
468 751 33 30 de
518 756 194 35 preguntarnos
728 750 245 41 particularmente,
1003 748 96 31 Ínterin
1128 747 24 32 el

122 809 51 41 bey
187 809 115 30 hablaba
318 819 48 20 con
382 808 38 30 los
437 807 117 31 oficiales
569 807 147 36 franceses,
735 807 33 30 de
784 807 59 30 cual
858 807 95 29 nación
967 816 44 20 era
1038 806 25 29 la
1079 805 73 30 ban-

121 866 63 30 dera
200 877 51 29 que
282 867 129 28 teníamos
438 865 137 30 arbolada.
597 867 55 36 ¿No
666 865 110 30 conoció
792 864 79 41 aquel
885 863 112 32 bendito
1011 874 52 31 que
1073 874 79 20 mos-

122 922 72 30 traba
211 932 75 20 suma
304 922 172 40 ignorancia?
493 923 77 29 Basta
597 922 78 29 saber
691 932 53 30 que
761 931 44 20 era
823 927 72 24 turco
917 931 63 31 para
1005 931 33 20 no
1060 920 92 31 admi-

122 989 42 20 rar
177 989 44 19 ese
237 983 32 25 ali
278 988 45 20 aso
337 989 32 19 en
386 988 34 20 un
439 978 139 38 empleado
594 978 33 29 de
645 978 126 30 Sanidad.

164 1037 85 29 Triste
263 1036 43 30 fué
322 1045 63 31 para
401 1036 39 30 los
454 1035 117 31 oficiales
588 1035 33 30 de
634 1035 84 30 bordo
742 1035 25 30 la
783 1035 97 31 venida
895 1035 33 30 de
950 1035 122 41 aquellos
1086 1034 67 32 fun-

122 1092 141 34 cionarios,
282 1101 66 30 pues
361 1101 49 20 con
434 1101 46 20 sus
505 1089 206 31 informaciones
739 1090 211 31 desvanecieron
976 1101 31 20 en
1025 1095 74 36 parle
1116 1090 37 31 las

122 1149 134 29 creencias
273 1159 51 29 que
338 1147 146 41 abrigaban
502 1147 32 30 de
549 1152 142 25 encontrar
707 1147 111 30 rendido
835 1157 32 31 ya
881 1149 14 28 á
909 1148 170 40 Sebastopol.
1099 1148 54 30 Con

122 1204 72 35 todo,
210 1215 75 19 como
295 1215 46 18 sus
355 1204 124 40 palabras
496 1204 94 29 fueron
616 1215 52 29 que
695 1215 33 18 no
745 1215 28 19 se
801 1204 79 30 habia
896 1215 52 19 aun
975 1204 177 40 conseguido,

122 1270 64 31 pero
201 1270 52 31 que
265 1270 33 19 no
315 1270 28 19 se
359 1259 72 30 baria
443 1269 109 31 esperar
568 1259 95 30 mucho
687 1259 43 30 lal
753 1270 48 19 vez
815 1260 75 30 verlo
904 1260 123 41 logrado,
1045 1266 57 25 esto
1116 1261 37 30 les

124 1316 60 39 dejó
200 1326 51 20 aun
265 1326 48 19 con
326 1315 98 40 alguna
436 1325 153 30 esperanza.

165 1372 22 29 A
199 1371 38 30 las
249 1376 89 25 cuatro
351 1370 32 30 de
406 1370 24 30 la
446 1370 83 36 larde,
548 1370 119 41 pasando
678 1370 84 31 frenle
784 1371 127 41 Galípoli,
932 1372 96 31 mandó
1053 1373 23 30 el
1103 1382 51 21 co-

125 1428 140 30 mandante
277 1427 98 31 formar
394 1427 58 31 toda
470 1428 22 29 la
515 1433 84 36 tropa,
619 1439 16 29 y
647 1428 172 30 haciéndoles
845 1428 154 37 descubrir,
1027 1430 24 29 al
1072 1435 81 36 toque

124 1485 111 30 fúnebre
249 1485 31 29 de
294 1485 38 29 los
346 1485 141 36 tambores,
503 1484 87 30 rindió
603 1495 34 19 un
654 1484 97 30 tributo
774 1484 33 30 de
831 1486 159 30 veneración
1005 1487 13 30 á
1033 1486 39 31 las
1088 1488 66 30 víc-

125 1541 77 29 timas
215 1551 50 29 que
282 1541 23 29 el
317 1541 88 30 cólera
422 1540 92 30 morbo
530 1540 78 30 habia
622 1540 84 30 hecho
723 1541 23 29 el
764 1551 99 20 verano
874 1542 117 31 anterior
1004 1544 14 29 á
1030 1542 39 32 las
1096 1549 58 25 tro-

127 1607 47 29 pas
186 1596 135 30 francesas
332 1596 158 40 acampadas
504 1607 32 19 en
553 1596 79 40 aquel
649 1602 91 34 punto.

166 1652 145 31 Oscurecía
326 1662 33 31 ya
370 1652 103 31 cuando
486 1658 133 25 entramos
630 1663 32 20 en
674 1653 24 30 el
713 1663 55 21 mar
780 1653 33 31 de
826 1655 142 30 Mármara.
996 1657 159 41 Navegába-

126 1719 56 20 mos
193 1719 47 30 por
253 1715 72 25 enlre
339 1719 50 21 una
405 1719 142 21 numerosa
564 1710 131 30 escuadra
707 1710 34 30 de
757 1710 106 41 buques
879 1719 150 25 mercantes
1054 1714 34 31 de
1110 1720 46 25 to-

125 1764 47 31 das
188 1765 138 30 naciones:
343 1776 32 19 no
387 1766 147 40 ecsajeraré
547 1767 22 28 si
585 1766 61 40 digo
663 1777 53 29 que
729 1767 119 40 pasaban
873 1767 33 31 de
922 1771 72 35 200,
1016 1778 140 24 contrata-

127 1821 47 29 dos
188 1822 53 28 casi
255 1821 73 29 lodos
345 1831 63 30 para
423 1827 141 35 Irasporle,
593 1833 85 29 segun
705 1822 24 30 lo
744 1823 124 30 indicaba
896 1825 25 30 el
948 1828 113 30 número
1083 1828 33 30 de
1133 1828 23 31 la

127 1877 60 30 lisia
204 1887 51 29 que
265 1876 38 30 les
315 1876 94 31 hacian
426 1878 82 29 llevar
521 1877 108 39 pintado
641 1888 33 19 en
687 1877 93 32 ambos
794 1879 134 32 coslados.
959 1883 38 30 La
1022 1884 83 31 mitad
1121 1884 33 32 de
