1241 2180
519 121 160 27 45

85 191 44 21 era
143 187 70 25 tanta
225 182 25 30 la
263 183 76 39 copia
356 193 52 29 que
422 193 27 19 se
462 182 24 30 le
501 182 159 30 acumulaba
677 182 33 30 de
726 182 172 32 documentos
915 185 13 29 á
942 186 100 34 firmar,
1058 195 51 30 que

87 249 61 20 creo
163 249 28 19 se
202 238 80 30 debió
298 249 47 19 ver
362 238 126 40 obligado
508 239 23 29 el
553 238 163 35 intendente,
742 249 62 31 para
818 241 93 30 acudir
926 242 14 29 á
958 240 72 31 todas
1047 250 62 32 par-

87 301 49 28 tes,
155 296 13 30 á
194 294 110 42 adoptar
321 304 63 32 para
406 297 74 28 firma
500 305 33 20 un
556 294 111 32 sencillo
693 295 126 41 garabato
840 307 52 30 que
909 297 73 30 hacia
999 299 39 28 sin
1058 299 51 28 rú-

87 352 83 29 brica.

129 407 114 30 Añadiré
261 413 101 24 locante
377 407 23 30 al
417 413 94 35 puerto
539 407 32 30 de
588 407 141 30 Kamiesch
752 418 63 30 que,
845 408 123 30 leniendo
992 420 29 18 su
1046 409 64 30 boca

88 470 121 35 espuesta
227 464 24 30 al
266 464 87 30 viento
363 466 89 34 Norte,
465 475 28 19 se
510 464 74 31 hacia
600 464 107 30 temible
723 464 33 30 de
772 464 120 30 invierno
906 477 6 24 ;
939 475 56 19 mas
1018 475 28 20 se
1061 475 51 20 re-

87 522 88 31 medió
191 527 55 26 esta
260 522 186 41 imperfección
462 521 32 31 de
523 522 23 30 la
567 522 149 30 naturaleza
733 531 49 21 con
797 532 34 20 un
842 521 201 41 rompe-olas,
1062 531 50 31 que

90 589 28 20 se
130 579 58 29 hizo
203 589 48 19 con
269 578 72 30 todas
359 579 37 29 las
413 579 88 40 piezas
517 578 33 30 de
566 577 159 31 arboladura
741 578 33 30 de
792 578 37 30 los
842 578 105 41 buques
961 578 146 40 naufraga-

90 635 57 30 dos.
163 635 138 35 Formaba,
314 646 31 18 en
359 635 58 29 toda
434 635 24 29 la
470 635 134 30 estension
615 634 42 30 del
671 635 84 29 ancho
767 634 42 30 del
824 641 102 34 puerto,
944 645 49 19 una
1005 635 107 40 especie

90 691 32 30 de
137 691 75 31 balsa
238 691 142 36 fondeada,
399 691 113 41 dejando
529 692 144 30 solamente
690 702 31 19 en
748 691 23 31 el
790 691 87 30 medio
898 702 33 20 un
949 702 64 30 paso
1025 691 33 30 de
1074 693 36 29 20

91 754 108 24 metros.

139 806 140 30 Concluiré
291 805 123 31 diciendo
429 816 49 30 por
493 805 79 31 ahora
588 805 43 31 del
644 811 105 34 puerto,
763 815 63 30 que,
845 805 24 30 al
881 815 47 20 ver
953 810 84 25 tantos
1057 805 58 29 bu-

97 873 52 30 que
169 862 140 40 apiñados,
334 867 68 25 lanía
427 862 183 30 embarcación
632 861 118 41 ocupada
766 872 32 19 en
826 861 195 41 descargarlos,
1047 867 68 24 lanta

96 919 127 31 variedad
239 918 32 31 de
284 918 97 30 efectos
398 928 51 30 que
465 928 28 20 se
510 917 194 41 trasportaban,
726 917 94 31 barcos
836 928 51 30 que
903 918 212 30 conlinuamente

95 976 124 30 entraban
235 987 16 29 y
263 976 93 35 salían,
381 981 153 24 centenares
561 976 33 29 de
621 976 75 29 boles
720 986 51 30 que
792 986 28 19 se
843 976 131 29 cruzaban
991 986 31 19 en
1041 976 73 29 todas

93 1033 164 30 direcciones
274 1032 122 30 llevando
409 1033 146 39 pasajeros,
573 1032 181 40 acompañado
776 1032 59 30 todo
852 1038 55 24 esto
923 1033 42 29 del
980 1038 89 24 cantar
1081 1032 33 30 de

92 1089 118 30 millares
224 1088 32 30 de
273 1089 144 29 marineros
439 1088 154 40 trabajando
605 1101 5 22 ;
627 1099 28 19 se
682 1088 163 41 preguntaba
867 1099 52 19 uno
936 1088 21 30 si
974 1088 91 30 estaba
1081 1099 32 19 en

93 1145 123 30 Marsella
230 1148 14 27 ó
258 1144 153 31 Barcelona.

136 1202 115 35 Grande,
270 1213 63 30 muy
350 1201 99 41 grande
462 1211 43 21 era
519 1207 125 25 entonces
660 1201 23 30 el
698 1202 171 30 movimiento
884 1213 52 30 que
957 1202 109 30 reinaba
1083 1212 30 20 en

95 1259 77 40 aquel
186 1265 82 34 punto
279 1269 66 29 poco
358 1263 73 24 antes
445 1257 189 36 deshabitado;
654 1268 64 30 pero
731 1257 78 31 debia
826 1268 63 26 aun,
909 1269 55 19 mas
980 1258 133 35 adelante,

92 1315 111 31 hacerse
220 1315 181 35 maravilloso;
417 1325 76 19 como
505 1315 130 39 esplicaré
651 1315 13 29 á
678 1326 30 18 su
722 1315 98 29 debido
839 1315 108 39 tiempo.

136 1371 128 31 Sallemos
279 1381 33 31 ya
329 1372 14 29 á
360 1370 79 30 tierra
456 1381 47 29 por
517 1381 51 19 uno
578 1370 33 30 de
627 1381 61 19 esos
704 1370 168 41 imperfectos
886 1370 114 31 muelles
1013 1370 34 30 de
1063 1380 53 20 ma-

92 1429 62 29 dera
171 1439 51 29 que
234 1427 249 41 provisionalmente
499 1432 202 35 construyeron.

134 1486 49 28 Por
196 1484 32 30 de
250 1490 90 34 pronlo
356 1494 49 19 nos
422 1493 90 31 pasma
530 1493 45 20 ver
585 1493 45 20 ese
646 1492 64 31 gran
722 1482 83 41 tropel
820 1493 15 30 y
849 1483 164 30 mezcolanza
1025 1483 93 41 propio

95 1547 41 26 tan
150 1541 56 30 solo
219 1541 32 30 de
264 1551 50 20 una
329 1550 94 31 guerra
439 1540 111 30 colosal.
578 1540 137 30 Renuncio
741 1541 13 28 á
771 1539 111 30 detallar
898 1550 48 30 por
962 1545 106 25 estenso
1085 1540 34 29 tal

93 1598 170 35 miscelánea,
279 1608 44 31 por
341 1597 24 31 la
374 1596 199 42 imposibilidad
585 1607 52 29 que
654 1596 83 30 siento
749 1596 33 30 de
798 1596 106 31 hacerlo
917 1596 73 31 bien.
1007 1596 114 31 Solóme

93 1655 114 30 limitaré
218 1655 14 29 á
246 1654 72 30 decir
329 1664 64 31 que,
407 1653 24 31 al
457 1652 60 31 lado
533 1651 43 31 del
602 1662 56 20 mas
682 1651 100 41 grande
798 1652 93 41 acopio
903 1651 33 31 de
953 1652 118 31 material
1088 1651 32 31 de

93 1721 95 32 guerra
202 1721 52 31 que
267 1711 86 40 jamás
365 1721 28 19 se
409 1710 69 41 haya
495 1709 68 30 visto
577 1708 122 37 reunido,
727 1708 138 31 formando
892 1708 125 31 elevadas
1044 1710 77 39 pirá-

94 1769 85 30 mides
195 1767 32 31 de
246 1768 164 30 municiones
428 1767 32 30 de
486 1766 74 30 todas
575 1766 86 30 clases
676 1789 6 11 ,
701 1775 29 20 se
746 1776 50 19 ven
812 1771 138 25 montañas
975 1766 33 30 de
1023 1767 98 30 carbón

94 1824 109 32 mineral
220 1834 63 32 para
300 1824 23 30 el
337 1833 127 21 consumo
481 1822 33 30 de
531 1822 39 30 los
588 1831 122 30 vapores,
729 1821 114 40 grandes
862 1822 117 39 partidas
1006 1823 33 29 de
1066 1832 55 20 ma-

93 1882 64 31 dera
169 1892 62 30 para
241 1883 132 30 construir
386 1882 136 34 barracas,
538 1891 15 30 y
566 1885 71 26 otras
648 1878 33 32 de
693 1879 60 31 leña
769 1889 62 31 para
842 1880 106 31 cocinar
958 1894 6 22 ;
980 1891 14 30 y
1007 1891 47 31 por
1066 1882 47 34 fin,
