1241 2180
433 555 304 56 PRÓLOGO.

120 991 42 30 El
185 991 91 30 móvil
291 1002 56 30 que
366 1003 45 19 me
431 993 39 29 ha
487 993 170 40 impulsado
677 995 18 28 á
715 994 125 30 escribir
855 1000 75 24 estos
947 994 54 29 7nis
1019 1006 13 15 «
1042 994 58 30 Re-

79 1048 123 29 cuerdos
221 1049 36 29 de
276 1049 58 29 mis
350 1049 94 40 viajes
461 1050 18 29 á
497 1049 30 30 la
552 1049 121 31 Crimea
685 1075 6 11 ,
704 1064 12 14 »
735 1061 36 19 no
787 1051 40 29 ha
842 1051 65 30 sido
923 1056 64 24 otro
1003 1060 56 31 que
1075 1050 25 30 el

77 1104 37 30 de
129 1104 138 40 facilitar
279 1105 18 28 á
312 1106 43 28 mi
371 1105 202 40 imaginación
585 1107 91 40 algún
698 1107 255 30 entretenimiento
971 1117 79 30 para
1065 1117 35 20 no

76 1160 127 31 sumirla
225 1171 35 19 en
283 1160 45 30 las
349 1171 128 30 penosas
500 1162 196 30 cavilaciones
717 1173 56 30 que
796 1173 124 19 acarrea
939 1173 60 19 una
1016 1163 84 40 larga

78 1217 132 30 estancia
226 1227 35 19 en
277 1217 97 30 medio
391 1217 49 30 del
452 1228 76 19 mar.

119 1275 48 30 En
183 1277 93 39 efecto
289 1300 6 11 ,
313 1275 45 30 las
386 1275 213 32 distracciones
616 1275 36 31 de
669 1286 38 20 un
723 1276 116 30 marino
855 1286 57 31 que
931 1276 170 30 incesante-

79 1339 97 24 mente
197 1342 89 20 surca
313 1332 28 30 el
366 1331 133 32 Occéano
513 1357 7 12 ,
541 1333 87 30 sobre
652 1332 105 30 áridas
782 1342 53 20 son
859 1338 50 24 tan
928 1332 170 36 reducidas,

78 1400 56 31 que
150 1390 128 40 llegaría
292 1391 18 28 á
323 1390 121 29 cebarse
460 1400 35 20 en
515 1390 27 30 él
554 1415 6 11 ,
578 1396 205 34 mayormente
798 1390 116 29 cuando
935 1389 76 30 tiene
1030 1399 71 20 mu-

79 1446 70 29 chas
163 1446 244 30 contrariedades
421 1457 34 19 en
471 1457 50 19 sus
533 1446 213 41 navegaciones
756 1471 6 11 ,
777 1457 47 19 ese
839 1446 95 39 esplín
947 1446 105 29 roedor
1068 1446 34 29 de

78 1502 30 30 la
124 1502 183 36 ecsistencia,
323 1513 56 30 que
392 1513 52 19 nos
457 1502 73 30 hace
543 1502 173 41 insufribles
733 1504 17 28 ó
762 1502 114 30 cuando
888 1512 100 20 menos
1004 1502 98 30 insus-

78 1559 156 30 tanciales.

119 1616 26 30 A
154 1626 146 30 precaver
313 1640 6 11 ,
339 1626 76 30 pues
428 1641 5 11 ,
450 1621 121 25 tamaño
586 1616 91 30 desliz
693 1626 32 19 se
747 1616 58 29 han
825 1615 130 41 dirigido
969 1615 55 30 mis
1040 1615 63 30 mi-

77 1684 50 19 ras
141 1673 30 30 al
184 1673 175 40 emprender
378 1673 30 30 la
422 1680 83 23 tarea
519 1673 36 30 de
567 1683 111 30 ocupar
695 1672 31 30 la
740 1673 146 30 memoria
900 1683 35 19 en
951 1683 40 19 un
1005 1672 98 41 plau-

76 1729 76 31 sible
170 1729 41 40 fin
234 1729 128 30 durante
383 1735 78 25 estas
485 1730 99 30 tristes
600 1729 235 31 circunstancias
854 1739 57 31 que
926 1739 35 21 en
979 1730 41 29 mí
1035 1730 68 40 fre-

78 1792 201 24 cuentemente
294 1785 130 31 militan.

118 1843 47 30 No
180 1853 32 20 se
224 1853 68 20 crea
301 1867 6 12 ,
323 1853 117 30 empero
455 1866 6 11 ,
479 1853 57 30 que
546 1842 31 30 al
588 1842 57 30 dar
658 1842 178 41 publicidad
853 1844 18 28 á
887 1843 57 30 mis
958 1843 141 35 desvelos,

76 1899 125 40 abrigue
218 1899 28 30 la
262 1910 77 19 vana
360 1899 173 41 pretensión
555 1899 37 30 de
609 1905 206 34 presentarme
838 1899 98 31 hícido
952 1911 17 29 y
986 1906 113 25 estenso
