<?xml version="1.0" encoding="UTF-8"?>
<alto xmlns:xsi="http://www.w3.org/2001/XMLSchema-instance" xsi:noNamespaceSchemaLocation="http://www.bl.uk/schemas/alto/alto-1-4.xsd" xmlns:xlink="http://www.w3.org/1999/xlink">
	<Description>
		<MeasurementUnit>mm10</MeasurementUnit>
		<sourceImageInformation>
			<fileName>//head1/IN/2008-26/A0011736599/009127.jp2</fileName>
		</sourceImageInformation>
		<OCRProcessing ID="OCRPROCESSING_1">
			<preProcessingStep>
				<processingSoftware>
					<softwareCreator>CCS Content Conversion Specialists GmbH, Germany</softwareCreator>
					<softwareName>CCS docWORKS</softwareName>
					<softwareVersion>6.1-0.67</softwareVersion>
				</processingSoftware>
			</preProcessingStep>
			<ocrProcessingStep>
				<processingSoftware>
					<softwareCreator>ABBYY (BIT Software), Russia</softwareCreator>
					<softwareName>Finereader</softwareName>
				</processingSoftware>
			</ocrProcessingStep>
		</OCRProcessing>
	</Description>
	<Styles>
		<TextStyle ID="TXT_0" FONTSIZE="10" FONTFAMILY="Courier New"/>
		<TextStyle ID="TXT_1" FONTSIZE="9" FONTFAMILY="Courier New"/>
		<ParagraphStyle ID="PAR_LEFT" ALIGN="Left"/>
		<ParagraphStyle ID="PAR_RIGHT" ALIGN="Right"/>
	</Styles>
	<Layout>
		<Page ID="P75" PHYSICAL_IMG_NR="75" HEIGHT="2180" WIDTH="1241" PRINTED_IMG_NR="67" POSITION="Right" ACCURACY="75.71">
			<TopMargin ID="P75_TM00001" HPOS="0" VPOS="0" WIDTH="1241" HEIGHT="145">
				<TextBlock ID="P75_TB00001" HPOS="491" VPOS="115" WIDTH="161" HEIGHT="28" STYLEREFS="TXT_0 PAR_LEFT">
					<TextLine ID="P75_TL00001" HPOS="491" VPOS="115" WIDTH="161" HEIGHT="28">
						<String ID="P75_ST00001" HPOS="491" VPOS="115" WIDTH="161" HEIGHT="28" CONTENT="67" WC="1.00" CC="00"/>
					</TextLine>
				</TextBlock>
			</TopMargin>
			<LeftMargin ID="P75_LM00001" HPOS="0" VPOS="145" WIDTH="56" HEIGHT="1716"/>
			<RightMargin ID="P75_RM00001" HPOS="1095" VPOS="145" WIDTH="146" HEIGHT="1716"/>
			<BottomMargin ID="P75_BM00001" HPOS="0" VPOS="1861" WIDTH="1241" HEIGHT="319"/>
			<PrintSpace ID="P75_PS00001" HPOS="56" VPOS="145" WIDTH="1039" HEIGHT="1716">
				<TextBlock ID="P75_TB00002" HPOS="56" VPOS="176" WIDTH="1031" HEIGHT="440" STYLEREFS="TXT_1 PAR_LEFT">
					<TextLine ID="P75_TL00002" HPOS="57" VPOS="176" WIDTH="1029" HEIGHT="44">
						<String ID="P75_ST00002" HPOS="57" VPOS="176" WIDTH="62" HEIGHT="32" CONTENT="tado" WC="0.86" CC="0104"/>
						<SP ID="P75_SP00001" HPOS="119" VPOS="208" WIDTH="16"/>
						<String ID="P75_ST00003" HPOS="135" VPOS="177" WIDTH="111" HEIGHT="41" CONTENT="alguno," WC="0.68" CC="6400650"/>
						<SP ID="P75_SP00002" HPOS="246" VPOS="218" WIDTH="19"/>
						<String ID="P75_ST00004" HPOS="265" VPOS="178" WIDTH="141" HEIGHT="41" CONTENT="quisieron" WC="0.82" CC="060000027"/>
						<SP ID="P75_SP00003" HPOS="406" VPOS="219" WIDTH="13"/>
						<String ID="P75_ST00005" HPOS="419" VPOS="178" WIDTH="111" HEIGHT="31" CONTENT="obtener" WC="0.54" CC="4570660"/>
						<SP ID="P75_SP00004" HPOS="530" VPOS="219" WIDTH="16"/>
						<String ID="P75_ST00006" HPOS="546" VPOS="179" WIDTH="39" HEIGHT="31" CONTENT="los" WC="0.40" CC="368"/>
						<SP ID="P75_SP00005" HPOS="585" VPOS="219" WIDTH="16"/>
						<String ID="P75_ST00007" HPOS="601" VPOS="190" WIDTH="76" HEIGHT="20" CONTENT="rusos" WC="0.74" CC="01650"/>
						<SP ID="P75_SP00006" HPOS="677" VPOS="219" WIDTH="12"/>
						<String ID="P75_ST00008" HPOS="689" VPOS="180" WIDTH="24" HEIGHT="30" CONTENT="la" WC="1.00" CC="00"/>
						<SP ID="P75_SP00007" HPOS="713" VPOS="219" WIDTH="10"/>
						<String ID="P75_ST00009" HPOS="723" VPOS="179" WIDTH="84" HEIGHT="41" CONTENT="gloria" WC="0.73" CC="905000"/>
						<SP ID="P75_SP00008" HPOS="807" VPOS="220" WIDTH="13"/>
						<String ID="P75_ST00010" HPOS="820" VPOS="179" WIDTH="33" HEIGHT="31" CONTENT="de" WC="0.84" CC="03"/>
						<SP ID="P75_SP00009" HPOS="853" VPOS="220" WIDTH="13"/>
						<String ID="P75_ST00011" HPOS="866" VPOS="190" WIDTH="31" HEIGHT="20" CONTENT="su" WC="1.00" CC="00"/>
						<SP ID="P75_SP00010" HPOS="897" VPOS="220" WIDTH="17"/>
						<String ID="P75_ST00012" HPOS="914" VPOS="179" WIDTH="83" HEIGHT="31" CONTENT="salida" WC="0.82" CC="620000"/>
						<SP ID="P75_SP00011" HPOS="997" VPOS="220" WIDTH="17"/>
						<String ID="P75_ST00013" HPOS="1014" VPOS="182" WIDTH="72" HEIGHT="37" CONTENT="(cosa" WC="0.73" CC="40404"/>
					</TextLine>
					<TextLine ID="P75_TL00003" HPOS="59" VPOS="233" WIDTH="1027" HEIGHT="43">
						<String ID="P75_ST00014" HPOS="59" VPOS="244" WIDTH="54" HEIGHT="32" CONTENT="que" WC="0.84" CC="040"/>
						<SP ID="P75_SP00012" HPOS="113" VPOS="276" WIDTH="15"/>
						<String ID="P75_ST00015" HPOS="128" VPOS="244" WIDTH="84" HEIGHT="31" CONTENT="segun" WC="0.81" CC="20006"/>
						<SP ID="P75_SP00013" HPOS="212" VPOS="276" WIDTH="13"/>
						<String ID="P75_ST00016" HPOS="225" VPOS="244" WIDTH="29" HEIGHT="21" CONTENT="es" WC="0.89" CC="20"/>
						<SP ID="P75_SP00014" HPOS="254" VPOS="276" WIDTH="17"/>
						<String ID="P75_ST00017" HPOS="271" VPOS="233" WIDTH="32" HEIGHT="31" CONTENT="de" WC="0.94" CC="01"/>
						<SP ID="P75_SP00015" HPOS="303" VPOS="276" WIDTH="17"/>
						<String ID="P75_ST00018" HPOS="320" VPOS="235" WIDTH="133" HEIGHT="41" CONTENT="presumir" WC="0.85" CC="00032600"/>
						<SP ID="P75_SP00016" HPOS="453" VPOS="276" WIDTH="14"/>
						<String ID="P75_ST00019" HPOS="467" VPOS="236" WIDTH="87" HEIGHT="30" CONTENT="tenían" WC="0.66" CC="405306"/>
						<SP ID="P75_SP00017" HPOS="554" VPOS="276" WIDTH="17"/>
						<String ID="P75_ST00020" HPOS="571" VPOS="236" WIDTH="194" HEIGHT="40" CONTENT="premeditada)" WC="0.58" CC="047769000824"/>
						<SP ID="P75_SP00018" HPOS="765" VPOS="276" WIDTH="16"/>
						<String ID="P75_ST00021" HPOS="781" VPOS="236" WIDTH="79" HEIGHT="30" CONTENT="sobre" WC="0.42" CC="44792"/>
						<SP ID="P75_SP00019" HPOS="860" VPOS="276" WIDTH="16"/>
						<String ID="P75_ST00022" HPOS="876" VPOS="237" WIDTH="23" HEIGHT="29" CONTENT="el" WC="1.00" CC="00"/>
						<SP ID="P75_SP00020" HPOS="899" VPOS="276" WIDTH="17"/>
						<String ID="P75_ST00023" HPOS="916" VPOS="242" WIDTH="114" HEIGHT="25" CONTENT="eslremo" WC="0.68" CC="0211267"/>
						<SP ID="P75_SP00021" HPOS="1030" VPOS="276" WIDTH="12"/>
						<String ID="P75_ST00024" HPOS="1042" VPOS="237" WIDTH="44" HEIGHT="31" CONTENT="del" WC="0.66" CC="702"/>
					</TextLine>
					<TextLine ID="P75_TL00004" HPOS="60" VPOS="291" WIDTH="1026" HEIGHT="42">
						<String ID="P75_ST00025" HPOS="60" VPOS="297" WIDTH="182" HEIGHT="36" CONTENT="campamento" WC="0.80" CC="0000000666"/>
						<SP ID="P75_SP00022" HPOS="242" VPOS="333" WIDTH="16"/>
						<String ID="P75_ST00026" HPOS="258" VPOS="291" WIDTH="115" HEIGHT="36" CONTENT="francés," WC="0.74" CC="00080901"/>
						<SP ID="P75_SP00023" HPOS="373" VPOS="333" WIDTH="20"/>
						<String ID="P75_ST00027" HPOS="393" VPOS="298" WIDTH="125" HEIGHT="24" CONTENT="entonces" WC="0.55" CC="08737360"/>
						<SP ID="P75_SP00024" HPOS="518" VPOS="333" WIDTH="15"/>
						<String ID="P75_ST00028" HPOS="533" VPOS="292" WIDTH="186" HEIGHT="31" CONTENT="descubierto:" WC="0.71" CC="030007600654"/>
						<SP ID="P75_SP00025" HPOS="719" VPOS="333" WIDTH="30"/>
						<String ID="P75_ST00029" HPOS="749" VPOS="293" WIDTH="134" HEIGHT="31" CONTENT="ensilando" WC="0.57" CC="268803306"/>
						<SP ID="P75_SP00026" HPOS="883" VPOS="333" WIDTH="25"/>
						<String ID="P75_ST00030" HPOS="908" VPOS="305" WIDTH="47" HEIGHT="19" CONTENT="sus" WC="0.40" CC="646"/>
						<SP ID="P75_SP00027" HPOS="955" VPOS="333" WIDTH="15"/>
						<String ID="P75_ST00031" HPOS="970" VPOS="299" WIDTH="116" HEIGHT="26" CONTENT="certeros" WC="0.78" CC="00070054"/>
					</TextLine>
					<TextLine ID="P75_TL00005" HPOS="63" VPOS="349" WIDTH="1022" HEIGHT="43">
						<String ID="P75_ST00032" HPOS="63" VPOS="349" WIDTH="63" HEIGHT="30" CONTENT="tiros" WC="0.82" CC="20060"/>
						<SP ID="P75_SP00028" HPOS="126" VPOS="379" WIDTH="16"/>
						<String ID="P75_ST00033" HPOS="142" VPOS="349" WIDTH="79" HEIGHT="30" CONTENT="sobre" WC="0.68" CC="60404"/>
						<SP ID="P75_SP00029" HPOS="221" VPOS="379" WIDTH="13"/>
						<String ID="P75_ST00034" HPOS="234" VPOS="349" WIDTH="35" HEIGHT="35" CONTENT="él," WC="0.75" CC="070"/>
						<SP ID="P75_SP00030" HPOS="269" VPOS="384" WIDTH="21"/>
						<String ID="P75_ST00035" HPOS="290" VPOS="349" WIDTH="144" HEIGHT="30" CONTENT="mandaron" WC="0.34" CC="85894653"/>
						<SP ID="P75_SP00031" HPOS="434" VPOS="384" WIDTH="17"/>
						<String ID="P75_ST00036" HPOS="451" VPOS="359" WIDTH="66" HEIGHT="20" CONTENT="unas" WC="0.44" CC="0768"/>
						<SP ID="P75_SP00032" HPOS="517" VPOS="384" WIDTH="16"/>
						<String ID="P75_ST00037" HPOS="533" VPOS="355" WIDTH="110" HEIGHT="25" CONTENT="cuantas" WC="0.71" CC="6307030"/>
						<SP ID="P75_SP00033" HPOS="643" VPOS="384" WIDTH="17"/>
						<String ID="P75_ST00038" HPOS="660" VPOS="349" WIDTH="116" HEIGHT="41" CONTENT="pildoras" WC="0.81" CC="07007000"/>
						<SP ID="P75_SP00034" HPOS="776" VPOS="390" WIDTH="16"/>
						<String ID="P75_ST00039" HPOS="792" VPOS="350" WIDTH="33" HEIGHT="31" CONTENT="de" WC="1.00" CC="00"/>
						<SP ID="P75_SP00035" HPOS="825" VPOS="390" WIDTH="16"/>
						<String ID="P75_ST00040" HPOS="841" VPOS="351" WIDTH="13" HEIGHT="30" CONTENT="á" WC="0.64" CC="3"/>
						<SP ID="P75_SP00036" HPOS="854" VPOS="390" WIDTH="17"/>
						<String ID="P75_ST00041" HPOS="871" VPOS="353" WIDTH="37" HEIGHT="28" CONTENT="36" WC="0.48" CC="09"/>
						<SP ID="P75_SP00037" HPOS="908" VPOS="390" WIDTH="19"/>
						<String ID="P75_ST00042" HPOS="927" VPOS="351" WIDTH="92" HEIGHT="36" CONTENT="libras," WC="0.70" CC="4570003"/>
						<SP ID="P75_SP00038" HPOS="1019" VPOS="390" WIDTH="14"/>
						<String ID="P75_ST00043" HPOS="1033" VPOS="362" WIDTH="52" HEIGHT="30" CONTENT="que" WC="0.57" CC="084"/>
					</TextLine>
					<TextLine ID="P75_TL00006" HPOS="62" VPOS="404" WIDTH="1023" HEIGHT="43">
						<String ID="P75_ST00044" HPOS="62" VPOS="405" WIDTH="80" HEIGHT="41" CONTENT="algún" WC="0.74" CC="34030"/>
						<SP ID="P75_SP00039" HPOS="142" VPOS="446" WIDTH="17"/>
						<String ID="P75_ST00045" HPOS="159" VPOS="404" WIDTH="69" HEIGHT="31" CONTENT="daño" WC="0.52" CC="0765"/>
						<SP ID="P75_SP00040" HPOS="228" VPOS="446" WIDTH="17"/>
						<String ID="P75_ST00046" HPOS="245" VPOS="405" WIDTH="183" HEIGHT="31" CONTENT="ocasionaron." WC="0.68" CC="040206850360"/>
						<SP ID="P75_SP00041" HPOS="428" VPOS="446" WIDTH="22"/>
						<String ID="P75_ST00047" HPOS="450" VPOS="407" WIDTH="38" HEIGHT="28" CONTENT="En" WC="0.69" CC="06"/>
						<SP ID="P75_SP00042" HPOS="488" VPOS="446" WIDTH="15"/>
						<String ID="P75_ST00048" HPOS="503" VPOS="405" WIDTH="121" HEIGHT="42" CONTENT="aquellos" WC="0.64" CC="00727234"/>
						<SP ID="P75_SP00043" HPOS="624" VPOS="447" WIDTH="16"/>
						<String ID="P75_ST00049" HPOS="640" VPOS="411" WIDTH="147" HEIGHT="26" CONTENT="momentos" WC="0.77" CC="63001024"/>
						<SP ID="P75_SP00044" HPOS="787" VPOS="447" WIDTH="16"/>
						<String ID="P75_ST00050" HPOS="803" VPOS="406" WIDTH="109" HEIGHT="31" CONTENT="estaban" WC="0.79" CC="0070502"/>
						<SP ID="P75_SP00045" HPOS="912" VPOS="447" WIDTH="17"/>
						<String ID="P75_ST00051" HPOS="929" VPOS="407" WIDTH="156" HEIGHT="31" CONTENT="defendidos" WC="0.80" CC="0060400034"/>
					</TextLine>
					<TextLine ID="P75_TL00007" HPOS="62" VPOS="461" WIDTH="1025" HEIGHT="43">
						<String ID="P75_ST00052" HPOS="62" VPOS="467" WIDTH="90" HEIGHT="25" CONTENT="contra" WC="0.77" CC="026400"/>
						<SP ID="P75_SP00046" HPOS="152" VPOS="492" WIDTH="16"/>
						<String ID="P75_ST00053" HPOS="168" VPOS="461" WIDTH="24" HEIGHT="31" CONTENT="la" WC="0.66" CC="33"/>
						<SP ID="P75_SP00047" HPOS="192" VPOS="492" WIDTH="11"/>
						<String ID="P75_ST00054" HPOS="203" VPOS="462" WIDTH="202" HEIGHT="41" CONTENT="aproximación" WC="0.68" CC="600390700036"/>
						<SP ID="P75_SP00048" HPOS="405" VPOS="503" WIDTH="16"/>
						<String ID="P75_ST00055" HPOS="421" VPOS="461" WIDTH="32" HEIGHT="31" CONTENT="de" WC="1.00" CC="00"/>
						<SP ID="P75_SP00049" HPOS="453" VPOS="503" WIDTH="17"/>
						<String ID="P75_ST00056" HPOS="470" VPOS="462" WIDTH="39" HEIGHT="30" CONTENT="los" WC="0.71" CC="061"/>
						<SP ID="P75_SP00050" HPOS="509" VPOS="503" WIDTH="16"/>
						<String ID="P75_ST00057" HPOS="525" VPOS="464" WIDTH="104" HEIGHT="34" CONTENT="navios," WC="0.56" CC="7704740"/>
						<SP ID="P75_SP00051" HPOS="629" VPOS="503" WIDTH="27"/>
						<String ID="P75_ST00058" HPOS="656" VPOS="474" WIDTH="48" HEIGHT="30" CONTENT="por" WC="0.95" CC="010"/>
						<SP ID="P75_SP00052" HPOS="704" VPOS="504" WIDTH="25"/>
						<String ID="P75_ST00059" HPOS="729" VPOS="463" WIDTH="40" HEIGHT="30" CONTENT="los" WC="0.83" CC="031"/>
						<SP ID="P75_SP00053" HPOS="769" VPOS="504" WIDTH="23"/>
						<String ID="P75_ST00060" HPOS="792" VPOS="468" WIDTH="115" HEIGHT="26" CONTENT="cañones" WC="0.82" CC="0020703"/>
						<SP ID="P75_SP00054" HPOS="907" VPOS="504" WIDTH="24"/>
						<String ID="P75_ST00061" HPOS="931" VPOS="463" WIDTH="33" HEIGHT="31" CONTENT="de" WC="0.93" CC="01"/>
						<SP ID="P75_SP00055" HPOS="964" VPOS="504" WIDTH="26"/>
						<String ID="P75_ST00062" HPOS="990" VPOS="474" WIDTH="97" HEIGHT="30" CONTENT="grueso" WC="0.61" CC="090066"/>
					</TextLine>
					<TextLine ID="P75_TL00008" HPOS="63" VPOS="517" WIDTH="1024" HEIGHT="43">
						<String ID="P75_ST00063" HPOS="63" VPOS="517" WIDTH="101" HEIGHT="31" CONTENT="calibre" WC="0.79" CC="0460120"/>
						<SP ID="P75_SP00056" HPOS="164" VPOS="548" WIDTH="17"/>
						<String ID="P75_ST00064" HPOS="181" VPOS="517" WIDTH="33" HEIGHT="31" CONTENT="de" WC="0.75" CC="04"/>
						<SP ID="P75_SP00057" HPOS="214" VPOS="548" WIDTH="17"/>
						<String ID="P75_ST00065" HPOS="231" VPOS="518" WIDTH="38" HEIGHT="30" CONTENT="los" WC="0.81" CC="005"/>
						<SP ID="P75_SP00058" HPOS="269" VPOS="548" WIDTH="17"/>
						<String ID="P75_ST00066" HPOS="286" VPOS="517" WIDTH="98" HEIGHT="31" CONTENT="fuertes" WC="0.64" CC="1000876"/>
						<SP ID="P75_SP00059" HPOS="384" VPOS="548" WIDTH="14"/>
						<String ID="P75_ST00067" HPOS="398" VPOS="518" WIDTH="187" HEIGHT="30" CONTENT="mencionados" WC="0.60" CC="80780053006"/>
						<String ID="P75_ST00068" HPOS="599" VPOS="531" WIDTH="5" HEIGHT="25" CONTENT=";" WC="0.70" CC="2"/>
						<SP ID="P75_SP00060" HPOS="604" VPOS="556" WIDTH="20"/>
						<String ID="P75_ST00069" HPOS="624" VPOS="518" WIDTH="60" HEIGHT="41" CONTENT="bajo" WC="0.54" CC="7604"/>
						<SP ID="P75_SP00061" HPOS="684" VPOS="559" WIDTH="13"/>
						<String ID="P75_ST00070" HPOS="697" VPOS="530" WIDTH="68" HEIGHT="29" CONTENT="cuya" WC="0.92" CC="0101"/>
						<SP ID="P75_SP00062" HPOS="765" VPOS="559" WIDTH="16"/>
						<String ID="P75_ST00071" HPOS="781" VPOS="520" WIDTH="78" HEIGHT="39" CONTENT="égida" WC="0.73" CC="90003"/>
						<SP ID="P75_SP00063" HPOS="859" VPOS="559" WIDTH="13"/>
						<String ID="P75_ST00072" HPOS="872" VPOS="520" WIDTH="130" HEIGHT="40" CONTENT="pudieron" WC="0.74" CC="00056062"/>
						<SP ID="P75_SP00064" HPOS="1002" VPOS="560" WIDTH="15"/>
						<String ID="P75_ST00073" HPOS="1017" VPOS="520" WIDTH="70" HEIGHT="30" CONTENT="veri" SUBS_TYPE="HypPart1" SUBS_CONTENT="verificar" WC="0.75" CC="00533"/>
						<HYP CONTENT="-"/>
					</TextLine>
					<TextLine ID="P75_TL00009" HPOS="63" VPOS="573" WIDTH="814" HEIGHT="43">
						<String ID="P75_ST00074" HPOS="63" VPOS="575" WIDTH="65" HEIGHT="29" CONTENT="ficar" SUBS_TYPE="HypPart2" SUBS_CONTENT="verificar" WC="0.93" CC="00030"/>
						<SP ID="P75_SP00065" HPOS="128" VPOS="604" WIDTH="15"/>
						<String ID="P75_ST00075" HPOS="143" VPOS="573" WIDTH="253" HEIGHT="31" CONTENT="descansadamente" WC="0.77" CC="967001000000702"/>
						<SP ID="P75_SP00066" HPOS="396" VPOS="604" WIDTH="13"/>
						<String ID="P75_ST00076" HPOS="409" VPOS="586" WIDTH="30" HEIGHT="18" CONTENT="su" WC="0.34" CC="76"/>
						<SP ID="P75_SP00067" HPOS="439" VPOS="604" WIDTH="16"/>
						<String ID="P75_ST00077" HPOS="455" VPOS="575" WIDTH="105" HEIGHT="30" CONTENT="triunfal" WC="0.56" CC="69705500"/>
						<SP ID="P75_SP00068" HPOS="560" VPOS="605" WIDTH="13"/>
						<String ID="P75_ST00078" HPOS="573" VPOS="581" WIDTH="104" HEIGHT="24" CONTENT="retorno" WC="0.58" CC="0605970"/>
						<SP ID="P75_SP00069" HPOS="677" VPOS="605" WIDTH="11"/>
						<String ID="P75_ST00079" HPOS="688" VPOS="586" WIDTH="32" HEIGHT="19" CONTENT="en" WC="0.63" CC="07"/>
						<SP ID="P75_SP00070" HPOS="720" VPOS="605" WIDTH="14"/>
						<String ID="P75_ST00080" HPOS="734" VPOS="576" WIDTH="24" HEIGHT="30" CONTENT="el" WC="1.00" CC="00"/>
						<SP ID="P75_SP00071" HPOS="758" VPOS="606" WIDTH="18"/>
						<String ID="P75_ST00081" HPOS="776" VPOS="581" WIDTH="101" HEIGHT="35" CONTENT="puerto." WC="0.77" CC="0420800"/>
					</TextLine>
				</TextBlock>
				<TextBlock ID="P75_TB00003" HPOS="65" VPOS="629" WIDTH="1022" HEIGHT="97" STYLEREFS="TXT_1 PAR_LEFT">
					<TextLine ID="P75_TL00010" HPOS="105" VPOS="630" WIDTH="982" HEIGHT="41">
						<String ID="P75_ST00082" HPOS="105" VPOS="631" WIDTH="51" HEIGHT="28" CONTENT="Esa" WC="0.81" CC="050"/>
						<SP ID="P75_SP00072" HPOS="156" VPOS="659" WIDTH="17"/>
						<String ID="P75_ST00083" HPOS="173" VPOS="636" WIDTH="139" HEIGHT="34" CONTENT="arrogante" WC="0.69" CC="094500070"/>
						<SP ID="P75_SP00073" HPOS="312" VPOS="670" WIDTH="17"/>
						<String ID="P75_ST00084" HPOS="329" VPOS="630" WIDTH="137" HEIGHT="30" CONTENT="maniobra" WC="0.70" CC="00709700"/>
						<SP ID="P75_SP00074" HPOS="466" VPOS="670" WIDTH="16"/>
						<String ID="P75_ST00085" HPOS="482" VPOS="630" WIDTH="118" HEIGHT="41" CONTENT="dispertó" WC="0.72" CC="00604074"/>
						<SP ID="P75_SP00075" HPOS="600" VPOS="671" WIDTH="16"/>
						<String ID="P75_ST00086" HPOS="616" VPOS="641" WIDTH="33" HEIGHT="20" CONTENT="en" WC="0.63" CC="07"/>
						<SP ID="P75_SP00076" HPOS="649" VPOS="671" WIDTH="24"/>
						<String ID="P75_ST00087" HPOS="673" VPOS="631" WIDTH="40" HEIGHT="30" CONTENT="los" WC="0.42" CC="159"/>
						<SP ID="P75_SP00077" HPOS="713" VPOS="671" WIDTH="15"/>
						<String ID="P75_ST00088" HPOS="728" VPOS="631" WIDTH="113" HEIGHT="36" CONTENT="aliados," WC="0.85" CC="10000440"/>
						<SP ID="P75_SP00078" HPOS="841" VPOS="671" WIDTH="29"/>
						<String ID="P75_ST00089" HPOS="870" VPOS="641" WIDTH="55" HEIGHT="20" CONTENT="mas" WC="0.82" CC="005"/>
						<SP ID="P75_SP00079" HPOS="925" VPOS="671" WIDTH="16"/>
						<String ID="P75_ST00090" HPOS="941" VPOS="630" WIDTH="115" HEIGHT="31" CONTENT="cuidado" WC="0.83" CC="0300205"/>
						<SP ID="P75_SP00080" HPOS="1056" VPOS="671" WIDTH="17"/>
						<String ID="P75_ST00091" HPOS="1073" VPOS="641" WIDTH="14" HEIGHT="30" CONTENT="y" WC="1.00" CC="0"/>
					</TextLine>
					<TextLine ID="P75_TL00011" HPOS="65" VPOS="686" WIDTH="502" HEIGHT="40">
						<String ID="P75_ST00092" HPOS="65" VPOS="686" WIDTH="84" HEIGHT="40" CONTENT="mejor" WC="0.89" CC="00050"/>
						<SP ID="P75_SP00081" HPOS="149" VPOS="726" WIDTH="17"/>
						<String ID="P75_ST00093" HPOS="166" VPOS="687" WIDTH="107" HEIGHT="39" CONTENT="opinión" WC="0.65" CC="0007356"/>
						<SP ID="P75_SP00082" HPOS="273" VPOS="726" WIDTH="12"/>
						<String ID="P75_ST00094" HPOS="285" VPOS="687" WIDTH="32" HEIGHT="30" CONTENT="de" WC="1.00" CC="00"/>
						<SP ID="P75_SP00083" HPOS="317" VPOS="726" WIDTH="14"/>
						<String ID="P75_ST00095" HPOS="331" VPOS="698" WIDTH="46" HEIGHT="19" CONTENT="sus" WC="0.62" CC="226"/>
						<SP ID="P75_SP00084" HPOS="377" VPOS="726" WIDTH="12"/>
						<String ID="P75_ST00096" HPOS="389" VPOS="686" WIDTH="178" HEIGHT="31" CONTENT="adversarios." WC="0.90" CC="500000050000"/>
					</TextLine>
				</TextBlock>
				<TextBlock ID="P75_TB00004" HPOS="67" VPOS="743" WIDTH="1020" HEIGHT="210" STYLEREFS="TXT_1 PAR_LEFT">
					<TextLine ID="P75_TL00012" HPOS="106" VPOS="743" WIDTH="981" HEIGHT="42">
						<String ID="P75_ST00097" HPOS="106" VPOS="745" WIDTH="51" HEIGHT="29" CONTENT="Por" WC="0.59" CC="461"/>
						<SP ID="P75_SP00085" HPOS="157" VPOS="774" WIDTH="11"/>
						<String ID="P75_ST00098" HPOS="168" VPOS="753" WIDTH="55" HEIGHT="21" CONTENT="mas" WC="0.61" CC="505"/>
						<SP ID="P75_SP00086" HPOS="223" VPOS="774" WIDTH="17"/>
						<String ID="P75_ST00099" HPOS="240" VPOS="743" WIDTH="154" HEIGHT="31" CONTENT="embarazos" WC="0.79" CC="000240622"/>
						<SP ID="P75_SP00087" HPOS="394" VPOS="774" WIDTH="17"/>
						<String ID="P75_ST00100" HPOS="411" VPOS="755" WIDTH="50" HEIGHT="30" CONTENT="que" WC="1.00" CC="000"/>
						<SP ID="P75_SP00088" HPOS="461" VPOS="785" WIDTH="13"/>
						<String ID="P75_ST00101" HPOS="474" VPOS="744" WIDTH="130" HEIGHT="30" CONTENT="hubiesen" WC="0.65" CC="70700326"/>
						<SP ID="P75_SP00089" HPOS="604" VPOS="785" WIDTH="24"/>
						<String ID="P75_ST00102" HPOS="628" VPOS="749" WIDTH="92" HEIGHT="36" CONTENT="puesto" WC="0.66" CC="900315"/>
						<SP ID="P75_SP00090" HPOS="720" VPOS="785" WIDTH="17"/>
						<String ID="P75_ST00103" HPOS="737" VPOS="745" WIDTH="39" HEIGHT="29" CONTENT="los" WC="0.78" CC="060"/>
						<SP ID="P75_SP00091" HPOS="776" VPOS="785" WIDTH="16"/>
						<String ID="P75_ST00104" HPOS="792" VPOS="755" WIDTH="76" HEIGHT="20" CONTENT="rusos" WC="0.70" CC="30640"/>
						<SP ID="P75_SP00092" HPOS="868" VPOS="785" WIDTH="16"/>
						<String ID="P75_ST00105" HPOS="884" VPOS="755" WIDTH="63" HEIGHT="30" CONTENT="para" WC="0.86" CC="0301"/>
						<SP ID="P75_SP00093" HPOS="947" VPOS="785" WIDTH="24"/>
						<String ID="P75_ST00106" HPOS="971" VPOS="744" WIDTH="116" HEIGHT="30" CONTENT="obstruir" WC="0.51" CC="53680634"/>
					</TextLine>
					<TextLine ID="P75_TL00013" HPOS="68" VPOS="801" WIDTH="1019" HEIGHT="41">
						<String ID="P75_ST00107" HPOS="68" VPOS="801" WIDTH="25" HEIGHT="30" CONTENT="la" WC="0.68" CC="06"/>
						<SP ID="P75_SP00094" HPOS="93" VPOS="831" WIDTH="12"/>
						<String ID="P75_ST00108" HPOS="105" VPOS="802" WIDTH="107" HEIGHT="29" CONTENT="entrada" WC="0.83" CC="0700400"/>
						<SP ID="P75_SP00095" HPOS="212" VPOS="831" WIDTH="15"/>
						<String ID="P75_ST00109" HPOS="227" VPOS="801" WIDTH="43" HEIGHT="30" CONTENT="del" WC="1.00" CC="000"/>
						<SP ID="P75_SP00096" HPOS="270" VPOS="831" WIDTH="14"/>
						<String ID="P75_ST00110" HPOS="284" VPOS="807" WIDTH="103" HEIGHT="34" CONTENT="puerlo," WC="0.83" CC="0101044"/>
						<SP ID="P75_SP00097" HPOS="387" VPOS="841" WIDTH="15"/>
						<String ID="P75_ST00111" HPOS="402" VPOS="813" WIDTH="28" HEIGHT="19" CONTENT="se" WC="1.00" CC="00"/>
						<SP ID="P75_SP00098" HPOS="430" VPOS="841" WIDTH="11"/>
						<String ID="P75_ST00112" HPOS="441" VPOS="802" WIDTH="97" HEIGHT="30" CONTENT="habian" WC="0.66" CC="760006"/>
						<SP ID="P75_SP00099" HPOS="538" VPOS="841" WIDTH="14"/>
						<String ID="P75_ST00113" HPOS="552" VPOS="801" WIDTH="153" HEIGHT="36" CONTENT="reservado," WC="0.67" CC="4464006060"/>
						<SP ID="P75_SP00100" HPOS="705" VPOS="841" WIDTH="16"/>
						<String ID="P75_ST00114" HPOS="721" VPOS="812" WIDTH="84" HEIGHT="30" CONTENT="segun" WC="0.57" CC="00947"/>
						<SP ID="P75_SP00101" HPOS="805" VPOS="842" WIDTH="14"/>
						<String ID="P75_ST00115" HPOS="819" VPOS="812" WIDTH="28" HEIGHT="19" CONTENT="es" WC="0.95" CC="00"/>
						<SP ID="P75_SP00102" HPOS="847" VPOS="842" WIDTH="12"/>
						<String ID="P75_ST00116" HPOS="859" VPOS="801" WIDTH="33" HEIGHT="30" CONTENT="de" WC="1.00" CC="00"/>
						<SP ID="P75_SP00103" HPOS="892" VPOS="842" WIDTH="12"/>
						<String ID="P75_ST00117" HPOS="904" VPOS="812" WIDTH="58" HEIGHT="24" CONTENT="ver," WC="0.89" CC="0040"/>
						<SP ID="P75_SP00104" HPOS="962" VPOS="842" WIDTH="16"/>
						<String ID="P75_ST00118" HPOS="978" VPOS="812" WIDTH="34" HEIGHT="19" CONTENT="un" WC="0.65" CC="06"/>
						<SP ID="P75_SP00105" HPOS="1012" VPOS="842" WIDTH="12"/>
						<String ID="P75_ST00119" HPOS="1024" VPOS="811" WIDTH="63" HEIGHT="31" CONTENT="paso" WC="0.81" CC="0105"/>
					</TextLine>
					<TextLine ID="P75_TL00014" HPOS="69" VPOS="856" WIDTH="1018" HEIGHT="41">
						<String ID="P75_ST00120" HPOS="69" VPOS="856" WIDTH="79" HEIGHT="36" CONTENT="libre," WC="0.82" CC="030700"/>
						<SP ID="P75_SP00106" HPOS="148" VPOS="892" WIDTH="19"/>
						<String ID="P75_ST00121" HPOS="167" VPOS="868" WIDTH="48" HEIGHT="29" CONTENT="por" WC="1.00" CC="000"/>
						<SP ID="P75_SP00107" HPOS="215" VPOS="897" WIDTH="11"/>
						<String ID="P75_ST00122" HPOS="226" VPOS="857" WIDTH="22" HEIGHT="30" CONTENT="si" WC="0.83" CC="02"/>
						<SP ID="P75_SP00108" HPOS="248" VPOS="897" WIDTH="15"/>
						<String ID="P75_ST00123" HPOS="263" VPOS="857" WIDTH="105" HEIGHT="40" CONTENT="llegaba" WC="0.70" CC="5040415"/>
						<SP ID="P75_SP00109" HPOS="368" VPOS="897" WIDTH="12"/>
						<String ID="P75_ST00124" HPOS="380" VPOS="858" WIDTH="15" HEIGHT="29" CONTENT="á" WC="1.00" CC="0"/>
						<SP ID="P75_SP00110" HPOS="395" VPOS="897" WIDTH="9"/>
						<String ID="P75_ST00125" HPOS="404" VPOS="857" WIDTH="167" HEIGHT="31" CONTENT="convenirles" WC="0.70" CC="05600600157"/>
						<SP ID="P75_SP00111" HPOS="571" VPOS="897" WIDTH="12"/>
						<String ID="P75_ST00126" HPOS="583" VPOS="857" WIDTH="80" HEIGHT="31" CONTENT="hacer" WC="0.71" CC="70070"/>
						<SP ID="P75_SP00112" HPOS="663" VPOS="897" WIDTH="10"/>
						<String ID="P75_ST00127" HPOS="673" VPOS="857" WIDTH="97" HEIGHT="40" CONTENT="alguna" WC="0.79" CC="060060"/>
						<SP ID="P75_SP00113" HPOS="770" VPOS="897" WIDTH="15"/>
						<String ID="P75_ST00128" HPOS="785" VPOS="857" WIDTH="134" HEIGHT="30" CONTENT="intentona" WC="0.77" CC="070050160"/>
						<SP ID="P75_SP00114" HPOS="919" VPOS="897" WIDTH="15"/>
						<String ID="P75_ST00129" HPOS="934" VPOS="857" WIDTH="13" HEIGHT="30" CONTENT="á" WC="1.00" CC="0"/>
						<SP ID="P75_SP00115" HPOS="947" VPOS="897" WIDTH="16"/>
						<String ID="P75_ST00130" HPOS="963" VPOS="857" WIDTH="124" HEIGHT="29" CONTENT="mansal" SUBS_TYPE="HypPart1" SUBS_CONTENT="mansalva," WC="0.81" CC="0255000"/>
						<HYP CONTENT="-"/>
					</TextLine>
					<TextLine ID="P75_TL00015" HPOS="70" VPOS="913" WIDTH="584" HEIGHT="40">
						<String ID="P75_ST00131" HPOS="70" VPOS="923" WIDTH="44" HEIGHT="27" CONTENT="va," SUBS_TYPE="HypPart2" SUBS_CONTENT="mansalva," WC="1.00" CC="000"/>
						<SP ID="P75_SP00116" HPOS="114" VPOS="950" WIDTH="16"/>
						<String ID="P75_ST00132" HPOS="130" VPOS="923" WIDTH="76" HEIGHT="21" CONTENT="como" WC="0.83" CC="1400"/>
						<SP ID="P75_SP00117" HPOS="206" VPOS="950" WIDTH="12"/>
						<String ID="P75_ST00133" HPOS="218" VPOS="913" WIDTH="24" HEIGHT="31" CONTENT="la" WC="0.78" CC="13"/>
						<SP ID="P75_SP00118" HPOS="242" VPOS="950" WIDTH="14"/>
						<String ID="P75_ST00134" HPOS="256" VPOS="923" WIDTH="51" HEIGHT="30" CONTENT="que" WC="1.00" CC="000"/>
						<SP ID="P75_SP00119" HPOS="307" VPOS="953" WIDTH="16"/>
						<String ID="P75_ST00135" HPOS="323" VPOS="913" WIDTH="135" HEIGHT="31" CONTENT="acababan" WC="0.74" CC="35002008"/>
						<SP ID="P75_SP00120" HPOS="458" VPOS="953" WIDTH="17"/>
						<String ID="P75_ST00136" HPOS="475" VPOS="913" WIDTH="32" HEIGHT="31" CONTENT="de" WC="1.00" CC="00"/>
						<SP ID="P75_SP00121" HPOS="507" VPOS="953" WIDTH="16"/>
						<String ID="P75_ST00137" HPOS="523" VPOS="914" WIDTH="131" HEIGHT="30" CONTENT="verificar." WC="0.82" CC="5207000100"/>
					</TextLine>
				</TextBlock>
				<TextBlock ID="P75_TB00005" HPOS="70" VPOS="968" WIDTH="1018" HEIGHT="154" STYLEREFS="TXT_1 PAR_LEFT">
					<TextLine ID="P75_TL00016" HPOS="111" VPOS="968" WIDTH="977" HEIGHT="43">
						<String ID="P75_ST00138" HPOS="111" VPOS="969" WIDTH="31" HEIGHT="30" CONTENT="El" WC="0.71" CC="05"/>
						<SP ID="P75_SP00122" HPOS="142" VPOS="999" WIDTH="19"/>
						<String ID="P75_ST00139" HPOS="161" VPOS="972" WIDTH="15" HEIGHT="27" CONTENT="6" WC="0.01" CC="9"/>
						<SP ID="P75_SP00123" HPOS="176" VPOS="999" WIDTH="14"/>
						<String ID="P75_ST00140" HPOS="190" VPOS="968" WIDTH="33" HEIGHT="31" CONTENT="de" WC="0.95" CC="00"/>
						<SP ID="P75_SP00124" HPOS="223" VPOS="999" WIDTH="11"/>
						<String ID="P75_ST00141" HPOS="234" VPOS="968" WIDTH="156" HEIGHT="38" CONTENT="diciembre," WC="0.88" CC="0006050000"/>
						<SP ID="P75_SP00125" HPOS="390" VPOS="1006" WIDTH="16"/>
						<String ID="P75_ST00142" HPOS="406" VPOS="969" WIDTH="42" HEIGHT="31" CONTENT="dia" WC="0.88" CC="030"/>
						<SP ID="P75_SP00126" HPOS="448" VPOS="1006" WIDTH="11"/>
						<String ID="P75_ST00143" HPOS="459" VPOS="979" WIDTH="52" HEIGHT="32" CONTENT="que" WC="0.69" CC="035"/>
						<SP ID="P75_SP00127" HPOS="511" VPOS="1011" WIDTH="14"/>
						<String ID="P75_ST00144" HPOS="525" VPOS="975" WIDTH="61" HEIGHT="25" CONTENT="tuvo" WC="0.79" CC="8000"/>
						<SP ID="P75_SP00128" HPOS="586" VPOS="1011" WIDTH="13"/>
						<String ID="P75_ST00145" HPOS="599" VPOS="970" WIDTH="76" HEIGHT="40" CONTENT="lugar" WC="0.98" CC="01000"/>
						<SP ID="P75_SP00129" HPOS="675" VPOS="1011" WIDTH="16"/>
						<String ID="P75_ST00146" HPOS="691" VPOS="970" WIDTH="24" HEIGHT="30" CONTENT="la" WC="0.95" CC="00"/>
						<SP ID="P75_SP00130" HPOS="715" VPOS="1011" WIDTH="16"/>
						<String ID="P75_ST00147" HPOS="731" VPOS="971" WIDTH="90" HEIGHT="29" CONTENT="acción" WC="0.88" CC="100005"/>
						<SP ID="P75_SP00131" HPOS="821" VPOS="1011" WIDTH="16"/>
						<String ID="P75_ST00148" HPOS="837" VPOS="970" WIDTH="117" HEIGHT="30" CONTENT="acabada" WC="0.86" CC="4002200"/>
						<SP ID="P75_SP00132" HPOS="954" VPOS="1011" WIDTH="15"/>
						<String ID="P75_ST00149" HPOS="969" VPOS="970" WIDTH="33" HEIGHT="30" CONTENT="de" WC="0.82" CC="03"/>
						<SP ID="P75_SP00133" HPOS="1002" VPOS="1011" WIDTH="11"/>
						<String ID="P75_ST00150" HPOS="1013" VPOS="969" WIDTH="75" HEIGHT="31" CONTENT="refe" SUBS_TYPE="HypPart1" SUBS_CONTENT="referir," WC="0.77" CC="06500"/>
						<HYP CONTENT="-"/>
					</TextLine>
					<TextLine ID="P75_TL00017" HPOS="70" VPOS="1026" WIDTH="1018" HEIGHT="42">
						<String ID="P75_ST00151" HPOS="70" VPOS="1026" WIDTH="48" HEIGHT="35" CONTENT="rir," SUBS_TYPE="HypPart2" SUBS_CONTENT="referir," WC="0.85" CC="1030"/>
						<SP ID="P75_SP00134" HPOS="118" VPOS="1061" WIDTH="16"/>
						<String ID="P75_ST00152" HPOS="134" VPOS="1026" WIDTH="92" HEIGHT="30" CONTENT="siendo" WC="0.69" CC="600704"/>
						<SP ID="P75_SP00135" HPOS="226" VPOS="1061" WIDTH="15"/>
						<String ID="P75_ST00153" HPOS="241" VPOS="1037" WIDTH="54" HEIGHT="19" CONTENT="san" WC="0.94" CC="001"/>
						<SP ID="P75_SP00136" HPOS="295" VPOS="1061" WIDTH="13"/>
						<String ID="P75_ST00154" HPOS="308" VPOS="1026" WIDTH="135" HEIGHT="35" CONTENT="Nicolás," WC="0.85" CC="00200503"/>
						<SP ID="P75_SP00137" HPOS="443" VPOS="1061" WIDTH="18"/>
						<String ID="P75_ST00155" HPOS="461" VPOS="1026" WIDTH="34" HEIGHT="30" CONTENT="tal" WC="0.83" CC="500"/>
						<SP ID="P75_SP00138" HPOS="495" VPOS="1061" WIDTH="26"/>
						<String ID="P75_ST00156" HPOS="521" VPOS="1037" WIDTH="44" HEIGHT="19" CONTENT="vez" WC="0.62" CC="046"/>
						<SP ID="P75_SP00139" HPOS="565" VPOS="1061" WIDTH="14"/>
						<String ID="P75_ST00157" HPOS="579" VPOS="1026" WIDTH="23" HEIGHT="30" CONTENT="la" WC="0.83" CC="21"/>
						<SP ID="P75_SP00140" HPOS="602" VPOS="1061" WIDTH="15"/>
						<String ID="P75_ST00158" HPOS="617" VPOS="1027" WIDTH="107" HEIGHT="29" CONTENT="armada" WC="1.00" CC="000000"/>
						<SP ID="P75_SP00141" HPOS="724" VPOS="1061" WIDTH="16"/>
						<String ID="P75_ST00159" HPOS="740" VPOS="1037" WIDTH="61" HEIGHT="20" CONTENT="rusa" WC="0.84" CC="0050"/>
						<SP ID="P75_SP00142" HPOS="801" VPOS="1061" WIDTH="13"/>
						<String ID="P75_ST00160" HPOS="814" VPOS="1028" WIDTH="77" HEIGHT="40" CONTENT="quiso" WC="0.72" CC="05034"/>
						<SP ID="P75_SP00143" HPOS="891" VPOS="1068" WIDTH="16"/>
						<String ID="P75_ST00161" HPOS="907" VPOS="1026" WIDTH="181" HEIGHT="30" CONTENT="solemnizarlo" WC="0.80" CC="050307010005"/>
					</TextLine>
					<TextLine ID="P75_TL00018" HPOS="71" VPOS="1082" WIDTH="810" HEIGHT="40">
						<String ID="P75_ST00162" HPOS="71" VPOS="1092" WIDTH="32" HEIGHT="20" CONTENT="en" WC="0.65" CC="06"/>
						<SP ID="P75_SP00144" HPOS="103" VPOS="1112" WIDTH="17"/>
						<String ID="P75_ST00163" HPOS="120" VPOS="1082" WIDTH="85" HEIGHT="29" CONTENT="honor" WC="0.49" CC="73644"/>
						<SP ID="P75_SP00145" HPOS="205" VPOS="1112" WIDTH="15"/>
						<String ID="P75_ST00164" HPOS="220" VPOS="1082" WIDTH="31" HEIGHT="29" CONTENT="de" WC="0.75" CC="04"/>
						<SP ID="P75_SP00146" HPOS="251" VPOS="1112" WIDTH="12"/>
						<String ID="P75_ST00165" HPOS="263" VPOS="1093" WIDTH="31" HEIGHT="18" CONTENT="su" WC="0.81" CC="30"/>
						<SP ID="P75_SP00147" HPOS="294" VPOS="1112" WIDTH="12"/>
						<String ID="P75_ST00166" HPOS="306" VPOS="1082" WIDTH="174" HEIGHT="40" CONTENT="Emperador," WC="0.84" CC="0500400600"/>
						<SP ID="P75_SP00148" HPOS="480" VPOS="1122" WIDTH="13"/>
						<String ID="P75_ST00167" HPOS="493" VPOS="1082" WIDTH="119" HEIGHT="29" CONTENT="saliendo" WC="0.80" CC="00450600"/>
						<SP ID="P75_SP00149" HPOS="612" VPOS="1122" WIDTH="16"/>
						<String ID="P75_ST00168" HPOS="628" VPOS="1082" WIDTH="33" HEIGHT="30" CONTENT="de" WC="1.00" CC="00"/>
						<SP ID="P75_SP00150" HPOS="661" VPOS="1122" WIDTH="16"/>
						<String ID="P75_ST00169" HPOS="677" VPOS="1093" WIDTH="31" HEIGHT="18" CONTENT="su" WC="0.53" CC="27"/>
						<SP ID="P75_SP00151" HPOS="708" VPOS="1122" WIDTH="18"/>
						<String ID="P75_ST00170" HPOS="726" VPOS="1083" WIDTH="155" HEIGHT="39" CONTENT="parasismo." WC="0.79" CC="0033006060"/>
					</TextLine>
				</TextBlock>
				<TextBlock ID="P75_TB00006" HPOS="68" VPOS="1137" WIDTH="1025" HEIGHT="383" STYLEREFS="TXT_1 PAR_LEFT">
					<TextLine ID="P75_TL00019" HPOS="111" VPOS="1137" WIDTH="979" HEIGHT="31">
						<String ID="P75_ST00171" HPOS="111" VPOS="1138" WIDTH="165" HEIGHT="30" CONTENT="Fondeamos" WC="0.81" CC="340000035"/>
						<SP ID="P75_SP00152" HPOS="276" VPOS="1168" WIDTH="17"/>
						<String ID="P75_ST00172" HPOS="293" VPOS="1149" WIDTH="31" HEIGHT="19" CONTENT="en" WC="0.64" CC="07"/>
						<SP ID="P75_SP00153" HPOS="324" VPOS="1168" WIDTH="16"/>
						<String ID="P75_ST00173" HPOS="340" VPOS="1138" WIDTH="143" HEIGHT="30" CONTENT="Kamíesch" WC="0.78" CC="20000707"/>
						<SP ID="P75_SP00154" HPOS="483" VPOS="1168" WIDTH="16"/>
						<String ID="P75_ST00174" HPOS="499" VPOS="1138" WIDTH="14" HEIGHT="30" CONTENT="á" WC="1.00" CC="0"/>
						<SP ID="P75_SP00155" HPOS="513" VPOS="1168" WIDTH="13"/>
						<String ID="P75_ST00175" HPOS="526" VPOS="1138" WIDTH="39" HEIGHT="30" CONTENT="las" WC="0.59" CC="750"/>
						<SP ID="P75_SP00156" HPOS="565" VPOS="1168" WIDTH="14"/>
						<String ID="P75_ST00176" HPOS="579" VPOS="1144" WIDTH="51" HEIGHT="24" CONTENT="tres" WC="0.56" CC="3409"/>
						<SP ID="P75_SP00157" HPOS="630" VPOS="1168" WIDTH="22"/>
						<String ID="P75_ST00177" HPOS="652" VPOS="1138" WIDTH="33" HEIGHT="30" CONTENT="de" WC="0.91" CC="01"/>
						<SP ID="P75_SP00158" HPOS="685" VPOS="1168" WIDTH="16"/>
						<String ID="P75_ST00178" HPOS="701" VPOS="1138" WIDTH="25" HEIGHT="30" CONTENT="la" WC="0.89" CC="02"/>
						<SP ID="P75_SP00159" HPOS="726" VPOS="1168" WIDTH="17"/>
						<String ID="P75_ST00179" HPOS="743" VPOS="1138" WIDTH="71" HEIGHT="30" CONTENT="larde" WC="1.00" CC="00000"/>
						<SP ID="P75_SP00160" HPOS="814" VPOS="1168" WIDTH="16"/>
						<String ID="P75_ST00180" HPOS="830" VPOS="1149" WIDTH="49" HEIGHT="19" CONTENT="con" WC="0.57" CC="057"/>
						<SP ID="P75_SP00161" HPOS="879" VPOS="1168" WIDTH="17"/>
						<String ID="P75_ST00181" HPOS="896" VPOS="1138" WIDTH="23" HEIGHT="29" CONTENT="la" WC="0.50" CC="09"/>
						<SP ID="P75_SP00162" HPOS="919" VPOS="1168" WIDTH="20"/>
						<String ID="P75_ST00182" HPOS="939" VPOS="1137" WIDTH="121" HEIGHT="30" CONTENT="novedad" WC="0.81" CC="2550000"/>
						<SP ID="P75_SP00163" HPOS="1060" VPOS="1168" WIDTH="15"/>
						<String ID="P75_ST00183" HPOS="1075" VPOS="1138" WIDTH="15" HEIGHT="30" CONTENT="á" WC="1.00" CC="0"/>
					</TextLine>
					<TextLine ID="P75_TL00020" HPOS="69" VPOS="1194" WIDTH="1021" HEIGHT="42">
						<String ID="P75_ST00184" HPOS="69" VPOS="1195" WIDTH="84" HEIGHT="31" CONTENT="bordo" WC="0.67" CC="55006"/>
						<SP ID="P75_SP00164" HPOS="153" VPOS="1226" WIDTH="25"/>
						<String ID="P75_ST00185" HPOS="178" VPOS="1195" WIDTH="33" HEIGHT="31" CONTENT="de" WC="0.71" CC="05"/>
						<SP ID="P75_SP00165" HPOS="211" VPOS="1226" WIDTH="21"/>
						<String ID="P75_ST00186" HPOS="232" VPOS="1195" WIDTH="113" HEIGHT="41" CONTENT="algunos" WC="0.53" CC="7490721"/>
						<SP ID="P75_SP00166" HPOS="345" VPOS="1236" WIDTH="27"/>
						<String ID="P75_ST00187" HPOS="372" VPOS="1194" WIDTH="137" HEIGHT="32" CONTENT="fallecidos" WC="0.89" CC="0000602020"/>
						<SP ID="P75_SP00167" HPOS="509" VPOS="1236" WIDTH="84"/>
						<String ID="P75_ST00188" HPOS="593" VPOS="1205" WIDTH="125" HEIGHT="21" CONTENT="carneros" WC="0.71" CC="00071670"/>
						<SP ID="P75_SP00168" HPOS="718" VPOS="1236" WIDTH="25"/>
						<String ID="P75_ST00189" HPOS="743" VPOS="1206" WIDTH="88" HEIGHT="20" CONTENT="rusos." WC="0.80" CC="005401"/>
						<SP ID="P75_SP00169" HPOS="831" VPOS="1236" WIDTH="19"/>
						<String ID="P75_ST00190" HPOS="850" VPOS="1196" WIDTH="51" HEIGHT="29" CONTENT="Los" WC="0.99" CC="000"/>
						<SP ID="P75_SP00170" HPOS="901" VPOS="1236" WIDTH="15"/>
						<String ID="P75_ST00191" HPOS="916" VPOS="1194" WIDTH="174" HEIGHT="41" CONTENT="estropeaban" WC="0.49" CC="09691064537"/>
					</TextLine>
					<TextLine ID="P75_TL00021" HPOS="70" VPOS="1250" WIDTH="1021" HEIGHT="43">
						<String ID="P75_ST00192" HPOS="70" VPOS="1258" WIDTH="71" HEIGHT="25" CONTENT="tanto" WC="0.79" CC="21006"/>
						<SP ID="P75_SP00171" HPOS="141" VPOS="1283" WIDTH="17"/>
						<String ID="P75_ST00193" HPOS="158" VPOS="1252" WIDTH="39" HEIGHT="30" CONTENT="los" WC="0.61" CC="055"/>
						<SP ID="P75_SP00172" HPOS="197" VPOS="1283" WIDTH="17"/>
						<String ID="P75_ST00194" HPOS="214" VPOS="1251" WIDTH="125" HEIGHT="31" CONTENT="soldados" WC="0.73" CC="44300053"/>
						<SP ID="P75_SP00173" HPOS="339" VPOS="1283" WIDTH="16"/>
						<String ID="P75_ST00195" HPOS="355" VPOS="1251" WIDTH="134" HEIGHT="31" CONTENT="franceses" WC="0.71" CC="000700377"/>
						<SP ID="P75_SP00174" HPOS="489" VPOS="1283" WIDTH="17"/>
						<String ID="P75_ST00196" HPOS="506" VPOS="1251" WIDTH="135" HEIGHT="42" CONTENT="ocupados" WC="0.81" CC="60100060"/>
						<SP ID="P75_SP00175" HPOS="641" VPOS="1293" WIDTH="16"/>
						<String ID="P75_ST00197" HPOS="657" VPOS="1252" WIDTH="14" HEIGHT="30" CONTENT="á" WC="1.00" CC="0"/>
						<SP ID="P75_SP00176" HPOS="671" VPOS="1293" WIDTH="16"/>
						<String ID="P75_ST00198" HPOS="687" VPOS="1251" WIDTH="179" HEIGHT="31" CONTENT="embarcarlos" WC="0.84" CC="00502000350"/>
						<SP ID="P75_SP00177" HPOS="866" VPOS="1293" WIDTH="16"/>
						<String ID="P75_ST00199" HPOS="882" VPOS="1261" WIDTH="63" HEIGHT="31" CONTENT="que," WC="1.00" CC="0000"/>
						<SP ID="P75_SP00178" HPOS="945" VPOS="1293" WIDTH="18"/>
						<String ID="P75_ST00200" HPOS="963" VPOS="1261" WIDTH="34" HEIGHT="20" CONTENT="no" WC="0.73" CC="50"/>
						<SP ID="P75_SP00179" HPOS="997" VPOS="1293" WIDTH="16"/>
						<String ID="P75_ST00201" HPOS="1013" VPOS="1250" WIDTH="78" HEIGHT="41" CONTENT="podia" WC="0.88" CC="00050"/>
					</TextLine>
					<TextLine ID="P75_TL00022" HPOS="69" VPOS="1308" WIDTH="1021" HEIGHT="41">
						<String ID="P75_ST00202" HPOS="69" VPOS="1310" WIDTH="116" HEIGHT="30" CONTENT="resultar" WC="0.82" CC="30600003"/>
						<SP ID="P75_SP00180" HPOS="185" VPOS="1340" WIDTH="12"/>
						<String ID="P75_ST00203" HPOS="197" VPOS="1320" WIDTH="91" HEIGHT="19" CONTENT="menos" WC="0.64" CC="00556"/>
						<SP ID="P75_SP00181" HPOS="288" VPOS="1340" WIDTH="14"/>
						<String ID="P75_ST00204" HPOS="302" VPOS="1320" WIDTH="52" HEIGHT="29" CONTENT="que" WC="0.73" CC="080"/>
						<SP ID="P75_SP00182" HPOS="354" VPOS="1349" WIDTH="16"/>
						<String ID="P75_ST00205" HPOS="370" VPOS="1319" WIDTH="52" HEIGHT="20" CONTENT="una" WC="0.68" CC="270"/>
						<SP ID="P75_SP00183" HPOS="422" VPOS="1349" WIDTH="17"/>
						<String ID="P75_ST00206" HPOS="439" VPOS="1309" WIDTH="164" HEIGHT="29" CONTENT="mortandad." WC="0.76" CC="0507050500"/>
						<SP ID="P75_SP00184" HPOS="603" VPOS="1349" WIDTH="17"/>
						<String ID="P75_ST00207" HPOS="620" VPOS="1310" WIDTH="37" HEIGHT="28" CONTENT="De" WC="0.66" CC="60"/>
						<SP ID="P75_SP00185" HPOS="657" VPOS="1349" WIDTH="13"/>
						<String ID="P75_ST00208" HPOS="670" VPOS="1309" WIDTH="51" HEIGHT="29" CONTENT="ello" WC="0.63" CC="7007"/>
						<SP ID="P75_SP00186" HPOS="721" VPOS="1349" WIDTH="16"/>
						<String ID="P75_ST00209" HPOS="737" VPOS="1308" WIDTH="140" HEIGHT="41" CONTENT="quedaban" WC="0.80" CC="02106103"/>
						<SP ID="P75_SP00187" HPOS="877" VPOS="1349" WIDTH="12"/>
						<String ID="P75_ST00210" HPOS="889" VPOS="1309" WIDTH="133" HEIGHT="39" CONTENT="impunes," WC="0.81" CC="40034030"/>
						<SP ID="P75_SP00188" HPOS="1022" VPOS="1349" WIDTH="13"/>
						<String ID="P75_ST00211" HPOS="1035" VPOS="1317" WIDTH="55" HEIGHT="20" CONTENT="mas" WC="0.98" CC="000"/>
					</TextLine>
					<TextLine ID="P75_TL00023" HPOS="69" VPOS="1364" WIDTH="1024" HEIGHT="41">
						<String ID="P75_ST00212" HPOS="69" VPOS="1376" WIDTH="50" HEIGHT="21" CONTENT="con" WC="0.67" CC="036"/>
						<SP ID="P75_SP00189" HPOS="119" VPOS="1397" WIDTH="13"/>
						<String ID="P75_ST00213" HPOS="132" VPOS="1366" WIDTH="39" HEIGHT="30" CONTENT="los" WC="0.69" CC="107"/>
						<SP ID="P75_SP00190" HPOS="171" VPOS="1397" WIDTH="16"/>
						<String ID="P75_ST00214" HPOS="187" VPOS="1376" WIDTH="34" HEIGHT="20" CONTENT="no" WC="0.48" CC="72"/>
						<SP ID="P75_SP00191" HPOS="221" VPOS="1397" WIDTH="17"/>
						<String ID="P75_ST00215" HPOS="238" VPOS="1365" WIDTH="163" HEIGHT="30" CONTENT="verdaderos" WC="0.70" CC="0020006694"/>
						<SP ID="P75_SP00192" HPOS="401" VPOS="1397" WIDTH="14"/>
						<String ID="P75_ST00216" HPOS="415" VPOS="1375" WIDTH="138" HEIGHT="20" CONTENT="carneros" WC="0.81" CC="00300207"/>
						<SP ID="P75_SP00193" HPOS="553" VPOS="1397" WIDTH="16"/>
						<String ID="P75_ST00217" HPOS="569" VPOS="1375" WIDTH="96" HEIGHT="25" CONTENT="rusos," WC="0.83" CC="080002"/>
						<SP ID="P75_SP00194" HPOS="665" VPOS="1400" WIDTH="13"/>
						<String ID="P75_ST00218" HPOS="678" VPOS="1370" WIDTH="57" HEIGHT="24" CONTENT="otro" WC="0.43" CC="6653"/>
						<SP ID="P75_SP00195" HPOS="735" VPOS="1400" WIDTH="15"/>
						<String ID="P75_ST00219" HPOS="750" VPOS="1365" WIDTH="71" HEIGHT="40" CONTENT="gallo" WC="0.78" CC="03006"/>
						<SP ID="P75_SP00196" HPOS="821" VPOS="1405" WIDTH="16"/>
						<String ID="P75_ST00220" HPOS="837" VPOS="1365" WIDTH="39" HEIGHT="29" CONTENT="les" WC="0.86" CC="004"/>
						<SP ID="P75_SP00197" HPOS="876" VPOS="1405" WIDTH="16"/>
						<String ID="P75_ST00221" HPOS="892" VPOS="1364" WIDTH="121" HEIGHT="30" CONTENT="cantaba." WC="0.65" CC="00781432"/>
						<SP ID="P75_SP00198" HPOS="1013" VPOS="1405" WIDTH="16"/>
						<String ID="P75_ST00222" HPOS="1029" VPOS="1364" WIDTH="64" HEIGHT="29" CONTENT="Bien" WC="0.82" CC="0007"/>
					</TextLine>
					<TextLine ID="P75_TL00024" HPOS="71" VPOS="1419" WIDTH="1022" HEIGHT="44">
						<String ID="P75_ST00223" HPOS="71" VPOS="1423" WIDTH="24" HEIGHT="30" CONTENT="al" WC="0.93" CC="10"/>
						<SP ID="P75_SP00199" HPOS="95" VPOS="1453" WIDTH="22"/>
						<String ID="P75_ST00224" HPOS="117" VPOS="1424" WIDTH="78" HEIGHT="29" CONTENT="revés" WC="0.77" CC="50005"/>
						<SP ID="P75_SP00200" HPOS="195" VPOS="1453" WIDTH="26"/>
						<String ID="P75_ST00225" HPOS="221" VPOS="1432" WIDTH="45" HEIGHT="21" CONTENT="era" WC="1.00" CC="000"/>
						<SP ID="P75_SP00201" HPOS="266" VPOS="1453" WIDTH="17"/>
						<String ID="P75_ST00226" HPOS="283" VPOS="1432" WIDTH="30" HEIGHT="20" CONTENT="su" WC="0.64" CC="24"/>
						<SP ID="P75_SP00202" HPOS="313" VPOS="1453" WIDTH="17"/>
						<String ID="P75_ST00227" HPOS="330" VPOS="1421" WIDTH="236" HEIGHT="42" CONTENT="comportamiento" WC="0.71" CC="00800000660763"/>
						<SP ID="P75_SP00203" HPOS="566" VPOS="1463" WIDTH="20"/>
						<String ID="P75_ST00228" HPOS="586" VPOS="1431" WIDTH="49" HEIGHT="21" CONTENT="con" WC="0.73" CC="034"/>
						<SP ID="P75_SP00204" HPOS="635" VPOS="1463" WIDTH="16"/>
						<String ID="P75_ST00229" HPOS="651" VPOS="1426" WIDTH="70" HEIGHT="25" CONTENT="estos" WC="0.69" CC="20650"/>
						<SP ID="P75_SP00205" HPOS="721" VPOS="1463" WIDTH="16"/>
						<String ID="P75_ST00230" HPOS="737" VPOS="1420" WIDTH="117" HEIGHT="37" CONTENT="últimos," WC="0.88" CC="01000402"/>
						<SP ID="P75_SP00206" HPOS="854" VPOS="1463" WIDTH="21"/>
						<String ID="P75_ST00231" HPOS="875" VPOS="1431" WIDTH="65" HEIGHT="30" CONTENT="pues" WC="0.84" CC="0600"/>
						<SP ID="P75_SP00207" HPOS="940" VPOS="1463" WIDTH="12"/>
						<String ID="P75_ST00232" HPOS="952" VPOS="1420" WIDTH="93" HEIGHT="30" CONTENT="sabian" WC="0.72" CC="306006"/>
						<SP ID="P75_SP00208" HPOS="1045" VPOS="1463" WIDTH="16"/>
						<String ID="P75_ST00233" HPOS="1061" VPOS="1419" WIDTH="32" HEIGHT="31" CONTENT="de" WC="0.81" CC="03"/>
					</TextLine>
					<TextLine ID="P75_TL00025" HPOS="72" VPOS="1478" WIDTH="488" HEIGHT="42">
						<String ID="P75_ST00234" HPOS="72" VPOS="1481" WIDTH="52" HEIGHT="39" CONTENT="qué" WC="0.82" CC="050"/>
						<SP ID="P75_SP00209" HPOS="124" VPOS="1520" WIDTH="16"/>
						<String ID="P75_ST00235" HPOS="140" VPOS="1479" WIDTH="78" HEIGHT="30" CONTENT="modo" WC="0.73" CC="0604"/>
						<SP ID="P75_SP00210" HPOS="218" VPOS="1520" WIDTH="17"/>
						<String ID="P75_ST00236" HPOS="235" VPOS="1479" WIDTH="82" HEIGHT="30" CONTENT="salian" WC="0.74" CC="130027"/>
						<SP ID="P75_SP00211" HPOS="317" VPOS="1520" WIDTH="18"/>
						<String ID="P75_ST00237" HPOS="335" VPOS="1478" WIDTH="225" HEIGHT="30" CONTENT="escarmentados." WC="0.75" CC="13060505310500"/>
					</TextLine>
				</TextBlock>
				<TextBlock ID="P75_TB00007" HPOS="69" VPOS="1534" WIDTH="1025" HEIGHT="271" STYLEREFS="TXT_1 PAR_LEFT">
					<TextLine ID="P75_TL00026" HPOS="112" VPOS="1534" WIDTH="982" HEIGHT="42">
						<String ID="P75_ST00238" HPOS="112" VPOS="1537" WIDTH="23" HEIGHT="29" CONTENT="Y" WC="0.60" CC="3"/>
						<SP ID="P75_SP00212" HPOS="135" VPOS="1566" WIDTH="16"/>
						<String ID="P75_ST00239" HPOS="151" VPOS="1536" WIDTH="68" HEIGHT="36" CONTENT="sino," WC="0.63" CC="40760"/>
						<SP ID="P75_SP00213" HPOS="219" VPOS="1572" WIDTH="20"/>
						<String ID="P75_ST00240" HPOS="239" VPOS="1535" WIDTH="106" HEIGHT="41" CONTENT="díganlo" WC="0.67" CC="0306426"/>
						<SP ID="P75_SP00214" HPOS="345" VPOS="1576" WIDTH="14"/>
						<String ID="P75_ST00241" HPOS="359" VPOS="1535" WIDTH="40" HEIGHT="30" CONTENT="los" WC="0.81" CC="050"/>
						<SP ID="P75_SP00215" HPOS="399" VPOS="1576" WIDTH="17"/>
						<String ID="P75_ST00242" HPOS="416" VPOS="1545" WIDTH="96" HEIGHT="20" CONTENT="zuavos" WC="0.68" CC="732014"/>
						<SP ID="P75_SP00216" HPOS="512" VPOS="1576" WIDTH="15"/>
						<String ID="P75_ST00243" HPOS="527" VPOS="1536" WIDTH="14" HEIGHT="29" CONTENT="é" WC="0.69" CC="3"/>
						<SP ID="P75_SP00217" HPOS="541" VPOS="1576" WIDTH="12"/>
						<String ID="P75_ST00244" HPOS="553" VPOS="1534" WIDTH="139" HEIGHT="31" CONTENT="infantería" WC="0.75" CC="0740300026"/>
						<SP ID="P75_SP00218" HPOS="692" VPOS="1576" WIDTH="16"/>
						<String ID="P75_ST00245" HPOS="708" VPOS="1534" WIDTH="33" HEIGHT="30" CONTENT="de" WC="0.70" CC="05"/>
						<SP ID="P75_SP00219" HPOS="741" VPOS="1576" WIDTH="13"/>
						<String ID="P75_ST00246" HPOS="754" VPOS="1535" WIDTH="99" HEIGHT="29" CONTENT="marina" WC="0.39" CC="969046"/>
						<SP ID="P75_SP00220" HPOS="853" VPOS="1576" WIDTH="12"/>
						<String ID="P75_ST00247" HPOS="865" VPOS="1545" WIDTH="64" HEIGHT="30" CONTENT="que," WC="0.85" CC="0500"/>
						<SP ID="P75_SP00221" HPOS="929" VPOS="1576" WIDTH="13"/>
						<String ID="P75_ST00248" HPOS="942" VPOS="1544" WIDTH="31" HEIGHT="20" CONTENT="en" WC="0.65" CC="07"/>
						<SP ID="P75_SP00222" HPOS="973" VPOS="1576" WIDTH="12"/>
						<String ID="P75_ST00249" HPOS="985" VPOS="1536" WIDTH="109" HEIGHT="28" CONTENT="número" WC="0.67" CC="600705"/>
					</TextLine>
					<TextLine ID="P75_TL00027" HPOS="71" VPOS="1591" WIDTH="1022" HEIGHT="37">
						<String ID="P75_ST00250" HPOS="71" VPOS="1593" WIDTH="33" HEIGHT="31" CONTENT="de" WC="1.00" CC="00"/>
						<SP ID="P75_SP00223" HPOS="104" VPOS="1624" WIDTH="13"/>
						<String ID="P75_ST00251" HPOS="117" VPOS="1593" WIDTH="79" HEIGHT="31" CONTENT="sobre" WC="0.76" CC="34200"/>
						<SP ID="P75_SP00224" HPOS="196" VPOS="1624" WIDTH="11"/>
						<String ID="P75_ST00252" HPOS="207" VPOS="1592" WIDTH="48" HEIGHT="31" CONTENT="dos" WC="0.98" CC="000"/>
						<SP ID="P75_SP00225" HPOS="255" VPOS="1624" WIDTH="14"/>
						<String ID="P75_ST00253" HPOS="269" VPOS="1592" WIDTH="44" HEIGHT="31" CONTENT="mil" WC="1.00" CC="000"/>
						<SP ID="P75_SP00226" HPOS="313" VPOS="1624" WIDTH="15"/>
						<String ID="P75_ST00254" HPOS="328" VPOS="1592" WIDTH="136" HEIGHT="36" CONTENT="hombres," WC="0.68" CC="70940003"/>
						<SP ID="P75_SP00227" HPOS="464" VPOS="1628" WIDTH="17"/>
						<String ID="P75_ST00255" HPOS="481" VPOS="1602" WIDTH="50" HEIGHT="20" CONTENT="una" WC="0.76" CC="070"/>
						<SP ID="P75_SP00228" HPOS="531" VPOS="1628" WIDTH="13"/>
						<String ID="P75_ST00256" HPOS="544" VPOS="1591" WIDTH="86" HEIGHT="31" CONTENT="noche" WC="0.67" CC="63070"/>
						<SP ID="P75_SP00229" HPOS="630" VPOS="1628" WIDTH="13"/>
						<String ID="P75_ST00257" HPOS="643" VPOS="1592" WIDTH="12" HEIGHT="30" CONTENT="á" WC="1.00" CC="0"/>
						<SP ID="P75_SP00230" HPOS="655" VPOS="1628" WIDTH="18"/>
						<String ID="P75_ST00258" HPOS="673" VPOS="1591" WIDTH="107" HEIGHT="31" CONTENT="últimos" WC="0.51" CC="3870751"/>
						<SP ID="P75_SP00231" HPOS="780" VPOS="1628" WIDTH="14"/>
						<String ID="P75_ST00259" HPOS="794" VPOS="1591" WIDTH="33" HEIGHT="30" CONTENT="de" WC="1.00" CC="00"/>
						<SP ID="P75_SP00232" HPOS="827" VPOS="1628" WIDTH="13"/>
						<String ID="P75_ST00260" HPOS="840" VPOS="1591" WIDTH="104" HEIGHT="30" CONTENT="febrero" WC="0.76" CC="6070003"/>
						<SP ID="P75_SP00233" HPOS="944" VPOS="1628" WIDTH="13"/>
						<String ID="P75_ST00261" HPOS="957" VPOS="1591" WIDTH="32" HEIGHT="30" CONTENT="de" WC="0.64" CC="07"/>
						<SP ID="P75_SP00234" HPOS="989" VPOS="1628" WIDTH="13"/>
						<String ID="P75_ST00262" HPOS="1002" VPOS="1592" WIDTH="91" HEIGHT="34" CONTENT="1855," WC="0.60" CC="04770"/>
					</TextLine>
					<TextLine ID="P75_TL00028" HPOS="69" VPOS="1647" WIDTH="1025" HEIGHT="41">
						<String ID="P75_ST00263" HPOS="69" VPOS="1650" WIDTH="128" HEIGHT="32" CONTENT="atacando" WC="0.73" CC="07400603"/>
						<SP ID="P75_SP00235" HPOS="197" VPOS="1682" WIDTH="29"/>
						<String ID="P75_ST00264" HPOS="226" VPOS="1649" WIDTH="228" HEIGHT="30" CONTENT="temerariamente" WC="0.72" CC="00600040370771"/>
						<SP ID="P75_SP00236" HPOS="454" VPOS="1682" WIDTH="27"/>
						<String ID="P75_ST00265" HPOS="481" VPOS="1659" WIDTH="34" HEIGHT="19" CONTENT="un" WC="0.68" CC="06"/>
						<SP ID="P75_SP00237" HPOS="515" VPOS="1682" WIDTH="25"/>
						<String ID="P75_ST00266" HPOS="540" VPOS="1648" WIDTH="83" HEIGHT="31" CONTENT="fuerte" WC="0.51" CC="455084"/>
						<SP ID="P75_SP00238" HPOS="623" VPOS="1682" WIDTH="29"/>
						<String ID="P75_ST00267" HPOS="652" VPOS="1647" WIDTH="43" HEIGHT="31" CONTENT="del" WC="1.00" CC="000"/>
						<SP ID="P75_SP00239" HPOS="695" VPOS="1682" WIDTH="25"/>
						<String ID="P75_ST00268" HPOS="720" VPOS="1648" WIDTH="134" HEIGHT="40" CONTENT="enemigo," WC="0.64" CC="06170930"/>
						<SP ID="P75_SP00240" HPOS="854" VPOS="1688" WIDTH="28"/>
						<String ID="P75_ST00269" HPOS="882" VPOS="1647" WIDTH="137" HEIGHT="41" CONTENT="quedaron" WC="0.74" CC="05000256"/>
						<SP ID="P75_SP00241" HPOS="1019" VPOS="1688" WIDTH="21"/>
						<String ID="P75_ST00270" HPOS="1040" VPOS="1657" WIDTH="54" HEIGHT="20" CONTENT="mas" WC="0.98" CC="000"/>
					</TextLine>
					<TextLine ID="P75_TL00029" HPOS="71" VPOS="1703" WIDTH="1023" HEIGHT="43">
						<String ID="P75_ST00271" HPOS="71" VPOS="1707" WIDTH="34" HEIGHT="32" CONTENT="de" WC="1.00" CC="00"/>
						<SP ID="P75_SP00242" HPOS="105" VPOS="1739" WIDTH="24"/>
						<String ID="P75_ST00272" HPOS="129" VPOS="1709" WIDTH="57" HEIGHT="29" CONTENT="700" WC="0.69" CC="035"/>
						<SP ID="P75_SP00243" HPOS="186" VPOS="1739" WIDTH="30"/>
						<String ID="P75_ST00273" HPOS="216" VPOS="1706" WIDTH="122" HEIGHT="31" CONTENT="tendidos" WC="0.79" CC="70601000"/>
						<SP ID="P75_SP00244" HPOS="338" VPOS="1739" WIDTH="22"/>
						<String ID="P75_ST00274" HPOS="360" VPOS="1716" WIDTH="31" HEIGHT="20" CONTENT="en" WC="0.53" CC="27"/>
						<SP ID="P75_SP00245" HPOS="391" VPOS="1739" WIDTH="23"/>
						<String ID="P75_ST00275" HPOS="414" VPOS="1716" WIDTH="30" HEIGHT="19" CONTENT="su" WC="0.52" CC="72"/>
						<SP ID="P75_SP00246" HPOS="444" VPOS="1739" WIDTH="23"/>
						<String ID="P75_ST00276" HPOS="467" VPOS="1704" WIDTH="156" HEIGHT="42" CONTENT="esplanada," WC="0.81" CC="0602060030"/>
						<SP ID="P75_SP00247" HPOS="623" VPOS="1746" WIDTH="30"/>
						<String ID="P75_ST00277" HPOS="653" VPOS="1705" WIDTH="40" HEIGHT="30" CONTENT="sin" WC="0.68" CC="108"/>
						<SP ID="P75_SP00248" HPOS="693" VPOS="1746" WIDTH="16"/>
						<String ID="P75_ST00278" HPOS="709" VPOS="1713" WIDTH="76" HEIGHT="22" CONTENT="sacar" WC="0.80" CC="01025"/>
						<SP ID="P75_SP00249" HPOS="785" VPOS="1746" WIDTH="19"/>
						<String ID="P75_ST00279" HPOS="804" VPOS="1704" WIDTH="101" HEIGHT="41" CONTENT="ningún" WC="0.55" CC="707075"/>
						<SP ID="P75_SP00250" HPOS="905" VPOS="1746" WIDTH="25"/>
						<String ID="P75_ST00280" HPOS="930" VPOS="1703" WIDTH="69" HEIGHT="31" CONTENT="fruto" WC="0.74" CC="00084"/>
						<SP ID="P75_SP00251" HPOS="999" VPOS="1746" WIDTH="15"/>
						<String ID="P75_ST00281" HPOS="1014" VPOS="1703" WIDTH="34" HEIGHT="31" CONTENT="de" WC="0.77" CC="04"/>
						<SP ID="P75_SP00252" HPOS="1048" VPOS="1746" WIDTH="16"/>
						<String ID="P75_ST00282" HPOS="1064" VPOS="1714" WIDTH="30" HEIGHT="20" CONTENT="su" WC="0.52" CC="45"/>
					</TextLine>
					<TextLine ID="P75_TL00030" HPOS="72" VPOS="1765" WIDTH="98" HEIGHT="40">
						<String ID="P75_ST00283" HPOS="72" VPOS="1765" WIDTH="98" HEIGHT="40" CONTENT="arrojo." WC="0.76" CC="3030450"/>
					</TextLine>
				</TextBlock>
				<TextBlock ID="P75_TB00008" HPOS="112" VPOS="1816" WIDTH="983" HEIGHT="45" STYLEREFS="TXT_1 PAR_RIGHT">
					<TextLine ID="P75_TL00031" HPOS="113" VPOS="1817" WIDTH="982" HEIGHT="44">
						<String ID="P75_ST00284" HPOS="113" VPOS="1823" WIDTH="43" HEIGHT="38" CONTENT="¿Y" WC="0.89" CC="02"/>
						<SP ID="P75_SP00253" HPOS="156" VPOS="1861" WIDTH="12"/>
						<String ID="P75_ST00285" HPOS="168" VPOS="1823" WIDTH="76" HEIGHT="29" CONTENT="cómo" WC="0.56" CC="0574"/>
						<SP ID="P75_SP00254" HPOS="244" VPOS="1861" WIDTH="13"/>
						<String ID="P75_ST00286" HPOS="257" VPOS="1832" WIDTH="28" HEIGHT="19" CONTENT="se" WC="1.00" CC="00"/>
						<SP ID="P75_SP00255" HPOS="285" VPOS="1861" WIDTH="16"/>
						<String ID="P75_ST00287" HPOS="301" VPOS="1820" WIDTH="132" HEIGHT="41" CONTENT="esplicará" WC="0.96" CC="000000030"/>
						<SP ID="P75_SP00256" HPOS="433" VPOS="1861" WIDTH="16"/>
						<String ID="P75_ST00288" HPOS="449" VPOS="1820" WIDTH="23" HEIGHT="30" CONTENT="el" WC="0.88" CC="20"/>
						<SP ID="P75_SP00257" HPOS="472" VPOS="1861" WIDTH="14"/>
						<String ID="P75_ST00289" HPOS="486" VPOS="1829" WIDTH="69" HEIGHT="32" CONTENT="pago" WC="0.60" CC="0193"/>
						<SP ID="P75_SP00258" HPOS="555" VPOS="1861" WIDTH="13"/>
						<String ID="P75_ST00290" HPOS="568" VPOS="1829" WIDTH="52" HEIGHT="31" CONTENT="que" WC="0.84" CC="040"/>
						<SP ID="P75_SP00259" HPOS="620" VPOS="1861" WIDTH="13"/>
						<String ID="P75_ST00291" HPOS="633" VPOS="1829" WIDTH="29" HEIGHT="20" CONTENT="se" WC="0.81" CC="30"/>
						<SP ID="P75_SP00260" HPOS="662" VPOS="1861" WIDTH="23"/>
						<String ID="P75_ST00292" HPOS="685" VPOS="1818" WIDTH="69" HEIGHT="31" CONTENT="llevó" WC="0.73" CC="07005"/>
						<SP ID="P75_SP00261" HPOS="754" VPOS="1861" WIDTH="13"/>
						<String ID="P75_ST00293" HPOS="767" VPOS="1818" WIDTH="25" HEIGHT="30" CONTENT="el" WC="0.71" CC="05"/>
						<String ID="P75_ST00294" HPOS="804" VPOS="1843" WIDTH="6" HEIGHT="11" CONTENT="," WC="0.99" CC="0"/>
						<SP ID="P75_SP00262" HPOS="810" VPOS="1861" WIDTH="20"/>
						<String ID="P75_ST00295" HPOS="830" VPOS="1818" WIDTH="51" HEIGHT="41" CONTENT="hoy" WC="0.66" CC="630"/>
						<SP ID="P75_SP00263" HPOS="881" VPOS="1861" WIDTH="16"/>
						<String ID="P75_ST00296" HPOS="897" VPOS="1818" WIDTH="44" HEIGHT="30" CONTENT="día" WC="0.78" CC="006"/>
						<SP ID="P75_SP00264" HPOS="941" VPOS="1861" WIDTH="15"/>
						<String ID="P75_ST00297" HPOS="956" VPOS="1818" WIDTH="91" HEIGHT="41" CONTENT="duque" WC="0.84" CC="05020"/>
						<SP ID="P75_SP00265" HPOS="1047" VPOS="1861" WIDTH="16"/>
						<String ID="P75_ST00298" HPOS="1063" VPOS="1817" WIDTH="32" HEIGHT="31" CONTENT="de" WC="1.00" CC="00"/>
					</TextLine>
				</TextBlock>
			</PrintSpace>
		</Page>
	</Layout>
</alto>
