1241 2180
525 125 162 28 35

140 186 46 30 Sin
197 185 94 37 haber,
310 197 75 19 como
398 188 32 28 he
446 187 90 35 dicho,
555 188 98 40 podido
672 188 106 40 aquella
793 188 71 40 larga
877 188 83 30 noche
973 198 89 20 cerrar
1078 188 40 30 los

98 243 146 41 párpados,
262 244 136 29 amaneció
414 254 48 30 por
479 243 92 31 último
597 244 24 30 el
633 243 104 31 funesto
764 246 37 28 14
815 243 33 31 de
873 243 172 32 Noviembre:
1075 244 43 31 dia

98 299 115 31 infausto
229 310 15 30 y
261 299 133 30 horrendo
407 310 53 30 que
473 300 159 31 recordarán
650 310 46 31 por
714 300 58 30 loda
783 310 31 20 su
832 300 59 31 vida
909 302 108 29 muchos
1031 301 33 30 de
1080 302 38 30 los

98 364 102 24 adores
215 358 32 29 de
263 358 78 39 aquel
357 357 103 31 drama.

139 414 30 30 El
191 414 98 35 viento,
308 425 52 30 que
380 415 112 30 durante
508 415 23 30 la
550 415 83 30 noche
649 425 28 20 se
700 414 94 31 rodara
824 415 25 30 al
866 415 55 30 Sud
937 416 182 41 acompañado

98 469 33 30 de
147 470 105 40 copiosa
271 470 82 30 lluvia
368 470 147 41 despedida
533 470 32 31 de
588 471 115 40 grandes
719 481 16 30 y
751 481 97 30 negros
871 470 166 32 nubarrones
1067 482 52 31 que

98 526 105 30 corrían
216 536 49 20 con
282 536 74 20 suma
374 526 138 31 velocidad
528 527 144 30 rozándose
699 527 54 30 casi
769 536 49 21 con
834 527 25 30 la
875 529 139 39 superficie
1041 527 32 31 de
1096 528 23 30 la

99 582 89 35 tierra,
208 582 166 40 principiaba
398 586 14 27 á
429 583 89 39 soplar
530 594 48 19 con
592 583 144 31 redoblada
749 584 138 30 violencia.

143 639 81 29 Como
244 640 125 28 teníamos
385 649 52 19 aun
452 640 22 28 la
489 645 73 35 tropa
574 640 15 29 á
605 640 94 35 bordo,
714 640 44 30 fué
774 640 24 30 el
813 641 102 41 capilan
932 642 14 29 á
965 641 76 30 tierra
1058 651 61 31 para

100 705 47 19 ver
162 695 33 29 de
209 695 88 39 lograr
310 706 52 29 que
379 695 24 30 la
418 696 222 30 desembarcaran
653 702 74 25 antes
739 696 43 31 del
799 697 111 39 peligro.

141 752 153 30 Entretanto
308 753 109 29 veíanse
433 762 31 31 ya
490 762 32 21 en
539 754 23 29 el
578 752 80 31 fondo
673 753 33 30 de
730 753 24 31 la
778 753 76 31 bahía
882 755 111 39 algunos
1015 755 105 40 buques

101 818 63 31 que,
182 808 154 31 demasiado
349 809 135 30 confiados
497 820 45 19 sus
557 810 146 40 capitanes,
725 810 122 30 teniendo
863 811 102 30 débiles
991 821 128 26 amarras,

99 865 39 29 las
154 866 125 39 rompían
296 876 48 19 con
358 875 77 20 suma
446 865 136 30 facilidad.
596 866 144 30 Temiendo
755 877 50 29 que
822 867 38 30 las
874 873 122 24 nuestras
1009 867 33 30 de
1055 877 68 31 popa

103 931 33 19 no
153 922 155 29 resistiesen
320 932 48 29 por
384 922 95 29 mucho
502 922 105 39 tiempo,
623 922 170 30 encendimos
810 922 24 30 la
849 923 124 41 máquina
990 933 62 31 para
1068 933 55 31 po-

100 977 74 30 derla
190 988 62 20 usar
268 978 265 29 convenientemente
545 988 32 19 en
590 977 24 30 el
631 988 62 20 caso
709 977 32 31 de
752 979 112 30 suceder
882 990 52 30 que
949 979 174 42 quedáramos

102 1033 190 31 desmarrados
308 1033 33 30 de
357 1043 78 30 popa.

139 1092 121 40 Regresó
275 1091 22 30 el
315 1091 105 39 capilan
434 1092 14 29 á
472 1091 83 30 bordo
571 1091 133 30 habiendo
720 1092 163 40 conseguido
899 1102 53 30 que
979 1093 143 29 mandaran

101 1159 35 19 un
153 1148 112 30 lanchon
281 1148 32 29 de
337 1148 40 29 los
392 1148 34 29 de
441 1148 207 40 desembarque,
667 1158 63 30 para
746 1148 23 30 ir
790 1148 169 31 trasladando
977 1149 24 30 la
1023 1154 72 35 tropa
1108 1150 14 29 á

102 1206 89 30 tierra.
210 1206 66 28 Pero
292 1215 98 30 apenas
408 1215 27 19 se
452 1204 78 30 habia
547 1204 69 30 dado
632 1204 130 41 principio
778 1206 14 28 á
807 1205 32 30 lal
854 1206 151 39 operación,
1020 1205 102 31 cuando

99 1261 25 31 el
141 1261 88 29 vienlo
246 1260 66 30 saltó
330 1261 226 38 repentinamente
573 1259 23 31 al
611 1260 80 30 Oeste
704 1270 48 20 con
765 1270 49 20 una
827 1259 66 31 furia
908 1260 210 39 indescriptible.

141 1317 29 30 El
189 1316 118 31 huracán
324 1315 90 31 estaba
431 1326 32 20 en
482 1315 59 30 lodo
557 1326 32 19 su
606 1314 82 39 poder
704 1316 14 30 á
734 1315 39 31 las
789 1325 87 21 nueve
898 1316 34 30 de
959 1316 23 30 la
998 1320 117 27 mañana.

140 1374 30 29 El
187 1378 93 35 puerto
291 1371 122 42 quedaba
430 1371 129 40 abrigado
576 1381 48 30 por
637 1371 24 30 el
675 1371 59 30 lado
751 1370 42 32 del
810 1372 99 34 vienlo,
928 1373 129 40 privando
1073 1382 47 20 con

99 1435 55 24 eslo
171 1439 51 30 que
235 1434 104 24 entrara
352 1428 23 30 la
389 1426 188 31 embravecida
594 1436 56 21 mar
661 1440 6 22 ;
684 1437 16 30 y
716 1427 14 29 á
746 1432 55 25 esla
817 1428 192 30 circunstancia
1031 1439 28 19 se
1071 1428 49 30 de-

98 1485 56 36 bió,
172 1496 53 30 que
238 1485 38 30 las
291 1485 154 40 desgracias
459 1494 32 19 no
516 1484 92 29 fuesen
626 1493 55 20 mas
696 1483 119 30 funestas
840 1484 33 29 de
890 1484 24 29 lo
943 1495 52 29 que
1011 1484 92 31 fueron
1114 1496 5 19 :

97 1542 171 31 hubiéramos
280 1541 123 42 quedado
421 1540 74 31 todos
512 1541 39 30 los
569 1540 106 41 buques
693 1540 154 41 sepultados
860 1551 32 20 en
908 1541 120 41 aquellas
1039 1551 81 31 aguas

99 1601 15 29 á
130 1610 43 19 ser
187 1599 24 30 el
230 1598 125 39 temporal
369 1598 43 30 del
425 1600 28 28 N.

139 1656 69 34 Mas,
232 1665 32 19 no
286 1665 29 19 se
330 1664 60 20 crea
415 1664 52 31 que
484 1663 48 32 por
547 1658 56 25 eslo
619 1652 130 42 pudiesen
776 1662 172 32 permanecer
976 1655 144 40 tranquilos

98 1717 123 26 nuestros
232 1712 135 40 espíritus.
387 1712 30 29 El
434 1711 56 30 solo
505 1710 139 30 torbellino
661 1710 43 30 del
718 1710 87 30 vienlo
816 1711 87 39 arrojó
917 1710 73 31 lodos
1000 1712 120 40 aquellos

98 1768 104 42 buques
219 1779 51 31 que
287 1778 27 21 se
327 1767 125 31 hallaban
468 1766 226 42 imposibilitados
710 1766 33 30 de
760 1777 83 29 poner
869 1767 98 30 fuertes
991 1777 128 27 amarras,

98 1827 25 30 al
136 1832 55 25 otro
203 1826 60 30 lado
274 1826 41 30 del
330 1831 110 35 puerto;
456 1824 168 31 chocándose
643 1834 67 20 unos
727 1825 14 29 á
757 1829 71 25 otros
846 1829 41 25 lan
904 1824 215 36 violentamente,

99 1894 53 28 que
164 1883 115 31 causaba
290 1892 84 30 pavor
384 1893 47 19 ver
451 1893 16 29 y
484 1882 38 30 oír
538 1881 122 40 aquellos
676 1881 85 30 recios
777 1880 140 41 abordajes
943 1891 52 31 que
1021 1881 99 30 astillas
