1241 2180
557 120 183 28 126

138 186 82 35 duda,
239 196 66 31 pues
321 185 78 41 aquel
416 185 63 30 vivo
495 184 79 42 fuego
590 184 32 30 de
638 184 39 30 los
693 194 78 20 rusos
784 183 89 31 aludia
887 184 14 30 á
918 183 166 36 manifestar,
1098 188 69 26 estar

139 243 162 41 preparados
317 253 17 30 y
348 247 107 35 prontos
468 243 14 29 á
498 241 195 41 corresponder
705 242 14 29 á
734 241 142 40 cualquier
893 240 73 31 señal
988 239 34 31 de
1038 240 129 31 vivifica-

138 301 59 30 ción
210 300 120 30 valerosa
346 299 34 31 de
395 299 38 31 los
449 299 112 30 aliados.
581 299 64 30 Bien
659 298 180 30 convencidos
854 297 97 41 podían
965 302 71 25 estos
1053 307 33 31 ya
1098 302 69 25 estar

139 368 64 30 que,
217 358 13 29 á
242 357 39 30 los
296 367 89 25 rusos,
401 365 86 22 nunca
501 366 27 20 se
542 356 38 30 les
594 355 105 41 cogería
712 354 225 42 desprevenidos,
952 365 65 31 pero
1031 354 135 41 quisieron

138 420 56 25 otro
208 414 113 41 ejemplo
337 414 32 29 de
384 414 61 34 ello,
467 424 14 29 y
495 413 25 29 lo
535 413 120 29 tuvieron
668 422 49 20 con
733 412 26 30 el
782 412 111 30 rechazo
909 422 53 31 que
979 411 150 31 recibieron
1143 411 24 31 la

137 471 85 31 noche
238 482 52 28 que
303 481 27 20 se
341 471 82 31 acaba
440 470 33 31 de
489 471 74 30 citar.

181 530 114 28 Tocante
311 530 13 28 á
339 534 132 30 nosotros,
487 528 61 30 bien
566 527 137 31 decididos
719 538 76 20 como
806 527 152 31 eslábamos
969 525 34 32 de
1019 526 93 30 visitar
1126 526 38 32 las

140 585 143 31 trincheras
296 585 78 40 aquel
390 584 55 35 dia,
464 595 17 30 y
497 595 32 19 en
545 584 163 41 disposición
722 584 117 30 también
863 583 33 30 de
914 583 133 41 podernos
1068 593 96 20 acom-

138 646 81 37 pañar
235 646 107 25 nuestro
358 641 88 40 amigo
459 641 87 35 Metts,
562 651 33 19 no
609 641 129 40 quisimos
755 640 183 42 desperdiciar
952 640 24 30 la
993 641 88 29 buena
1096 650 68 20 oca-

137 698 70 36 sión,
222 703 59 25 ante
296 698 23 29 la
335 698 55 30 sola
407 707 122 21 amenaza
544 697 33 31 de
589 698 113 40 algunas
716 697 111 31 bombas
844 697 137 41 arrojadas
994 708 31 20 en
1042 696 121 32 distintas

136 754 166 30 direcciones
315 766 15 27 y
344 755 40 29 sin
397 760 82 33 punto
493 754 192 30 determinado.

178 811 131 40 Llegados
326 812 114 39 primero
457 811 24 29 al
495 817 194 34 campamento,
705 817 133 24 entramos
851 822 32 19 en
897 812 24 29 la
937 810 88 31 tienda
1038 811 32 30 de
1084 821 79 20 cam-

136 872 67 36 paña
217 867 32 30 de
266 868 88 35 Metts,
369 878 49 19 con
432 867 87 40 objeto
535 867 32 30 de
584 867 144 31 descansar
743 878 34 19 un
794 873 57 25 rato
864 879 17 30 y
896 873 84 25 tomar
992 878 37 20 un
1047 873 73 36 trago
1130 868 33 31 de

136 923 70 31 buen
223 924 99 30 anísele
335 923 33 31 de
381 923 128 31 Burdeos.
528 925 51 35 Yo,
595 934 75 21 como
687 924 130 31 dedicado
834 926 14 29 á
861 925 26 31 la
904 932 201 34 lemperanza,
1121 936 41 20 me

136 980 111 31 abstuve
261 980 32 30 de
303 981 77 40 aquel
398 981 148 40 refrigerio.
563 983 37 28 No
616 992 48 30 por
677 992 45 19 eso
736 993 61 19 creo
814 993 51 30 que
880 983 101 30 tuviera
998 994 93 19 menos
1107 983 54 30 áni-

134 1048 53 24 mo,
202 1038 26 29 ni
245 1049 51 29 que
312 1049 41 19 me
373 1044 154 24 encontrara
552 1049 92 20 menos
660 1038 84 32 fuerte
771 1050 52 31 que
848 1040 141 41 cualquier
1001 1046 57 25 olro
1080 1040 33 31 de
1136 1041 24 30 la

134 1096 147 37 compañía.

176 1150 187 30 Continuamos
376 1150 115 41 después
507 1150 75 31 hacía
599 1151 40 30 las
656 1152 159 36 trincheras,
833 1153 182 31 añadiéndose
1032 1153 32 30 de
1082 1154 78 30 comi-

134 1205 53 31 tiva
203 1205 23 31 el
245 1206 114 30 teniente
370 1206 33 30 de
419 1206 25 31 la
457 1209 138 38 compañía
610 1218 69 29 cuyo
690 1210 104 37 capilan
811 1219 45 20 era
871 1210 89 30 Metts.

175 1262 28 30 El
220 1263 106 40 espacio
340 1274 50 29 que
407 1263 121 30 mediaba
539 1270 74 24 entre
624 1275 53 19 uno
689 1276 16 29 y
717 1270 56 25 otro
787 1271 94 36 punto,
896 1276 53 32 que
964 1268 69 30 seria
1048 1268 33 30 de
1094 1278 65 20 unos

135 1320 57 28 500
209 1324 108 31 melros,
335 1329 45 20 era
401 1330 35 19 un
456 1325 102 25 terreno
584 1320 121 32 bastante
728 1322 72 30 llano
830 1333 64 31 pero
917 1324 61 40 algo
995 1325 160 40 pedregoso.

132 1376 120 39 Después
269 1375 141 31 descendía
427 1386 63 31 muy
506 1384 172 24 suavemente
692 1378 74 31 hasta
782 1380 22 29 ir
818 1381 14 29 á
849 1380 99 31 formar
960 1386 56 26 otra
1033 1386 123 38 pequeña

132 1431 115 36 llanura,
263 1442 30 20 en
310 1431 86 32 donde
412 1432 80 31 habia
511 1433 141 31 levantada
668 1435 24 29 la
715 1436 117 40 primera
848 1438 118 40 paralela
989 1449 49 20 con
1055 1439 25 30 el
1103 1439 56 30 ba-

131 1488 85 30 luarte
230 1488 32 30 de
278 1488 23 30 la
318 1489 128 29 Bandera.

171 1544 107 41 Apenas
302 1545 138 31 habíamos
457 1546 105 40 llegado
578 1548 16 30 á
617 1547 38 31 las
674 1549 158 38 trincheras,
855 1551 105 30 cuando
987 1563 53 20 una
1063 1552 33 32 de
1119 1554 40 31 las

130 1601 111 30 bombas
258 1602 83 29 salida
357 1602 33 30 de
405 1602 158 42 Sebastopol
581 1605 60 30 vino
653 1606 14 29 á
680 1616 71 24 caer,
777 1618 16 29 y
813 1607 111 31 rebentó
941 1619 32 20 en
998 1610 125 41 seguida,
1145 1611 15 30 á

131 1668 66 19 unos
215 1660 57 28 200
287 1663 98 26 metros
397 1669 56 21 mas
469 1660 122 31 adelante
606 1661 43 30 del
666 1662 95 31 mismo
774 1664 104 31 camino
903 1675 53 31 que
968 1672 124 25 nosotros
1108 1678 52 19 se-

131 1715 130 39 guíamos.
280 1715 127 41 Aquello,
426 1716 24 30 la
463 1717 100 30 verdad
577 1729 31 19 en
624 1729 31 19 su
683 1719 87 41 lugar,
789 1731 33 20 no
838 1731 50 20 nos
903 1725 79 37 gustó
1000 1734 53 29 que
1075 1723 83 42 diga-

130 1779 71 27 mos;
218 1780 62 31 pero
294 1781 62 30 para
368 1783 52 28 que
436 1784 33 19 no
486 1775 158 39 supusieran
656 1776 127 31 cobardía
805 1788 33 19 en
854 1777 89 32 donde
959 1779 57 31 solo
1030 1780 79 31 habia
1121 1791 36 20 un

130 1825 84 31 efecto
227 1827 32 29 de
273 1828 156 40 prudencia,
445 1831 136 40 seguimos
597 1831 188 32 demostrando
807 1834 162 42 impavidez.
985 1837 19 30 A
1031 1848 68 26 mas,
1119 1839 40 30 los

130 1894 51 30 que
198 1884 103 31 éramos
317 1886 151 41 españoles,
487 1898 33 20 no
537 1890 151 39 queríamos
700 1890 80 32 ceder
792 1902 32 20 en
838 1893 76 31 valor
925 1894 14 31 á
952 1894 40 31 los
1009 1894 147 39 franceses,
