1241 2180
561 115 174 28 110

137 183 60 30 talla
211 192 47 19 con
273 191 34 20 un
324 189 77 32 perro
416 178 61 40 algo
493 182 123 37 pequeño
629 176 34 30 de
680 177 38 29 los
731 175 34 30 de
777 186 60 19 raza
852 177 32 29 de
899 176 61 29 lobo
978 200 6 10 ,
1003 174 23 30 al
1047 172 72 41 igual
1136 172 32 32 de

136 240 39 30 los
198 249 53 31 que
267 248 84 30 vagan
373 238 14 28 á
405 235 125 31 manadas
546 245 48 31 por
611 234 38 30 las
674 233 83 31 calles
780 233 33 29 de
840 232 222 39 Constantinopla
1075 255 7 12 ,
1101 242 67 30 cuyo

137 296 96 41 perrito
249 294 139 30 habíamos
409 292 162 31 encontrado
588 302 31 19 en
644 289 144 32 Kamiesch
806 289 24 30 el
856 289 100 41 primer
983 288 71 41 viaje
1069 313 6 11 ,
1107 299 14 29 y
1146 288 22 30 lo

136 353 138 29 habíamos
289 351 90 31 criado
403 352 14 29 á
434 349 83 31 bordo
543 349 114 31 dándole
671 372 6 11 ,
705 358 67 19 unos
788 371 7 11 ,
823 347 24 29 el
870 346 112 30 nombre
1007 345 42 31 del
1075 345 93 31 mismo

136 415 82 35 punto
234 409 86 30 donde
337 408 44 29 fué
397 407 106 30 hallado
519 432 5 10 ,
544 418 17 30 y
574 412 70 25 otros
660 431 6 10 ,
686 405 24 31 el
727 404 33 31 de
772 404 181 31 Menschikoff
965 428 6 11 ,
991 414 64 30 pero
1069 413 99 31 preva-

136 467 67 30 leció
216 465 23 30 el
253 465 32 31 de
304 478 11 14 «
329 465 152 30 Kamiesch.
497 477 12 15 »
528 465 37 28 Ya
583 475 50 29 que
650 463 32 30 de
696 463 24 29 él
734 462 81 30 hablo
830 487 6 11 ,
856 460 169 31 manifestaré
1040 485 6 11 ,
1065 470 54 30 qi;e
1135 470 33 20 no

137 522 71 41 pude
220 532 91 20 menos
328 521 32 30 de
373 521 83 30 sentir
473 520 21 29 la
517 519 173 40 desgraciada
705 524 102 24 muerte
830 529 52 30 que
906 518 24 30 le
951 527 81 31 cupo.
1052 517 67 30 Cosa
1135 517 33 31 de

136 590 34 19 un
193 584 51 25 año
267 579 117 40 después
399 603 6 10 ,
424 577 165 31 habiéndose
605 576 44 31 ido
665 578 14 29 á
705 577 77 29 tierra
798 577 34 29 de
849 575 85 31 noche
951 586 32 18 en
1000 575 146 30 Barcelona
1159 600 6 9 ,

136 636 44 31 fué
191 642 103 24 muerto
307 647 48 29 por
370 646 35 19 un
424 636 47 28 tiro
487 645 52 30 que
557 634 25 29 le
598 634 108 41 disparó
721 644 35 19 un
773 632 133 31 centinela
921 642 53 31 que
989 657 6 7 ,
1014 633 13 29 á
1045 641 119 26 oscuras,

136 692 69 31 creía
223 702 51 30 que
285 702 44 20 era
343 702 34 19 un
393 690 109 31 hombre
516 691 13 29 á
541 691 80 40 quien
637 715 6 10 ,
663 701 49 29 por
729 695 53 24 tres
794 699 81 21 veces
891 714 5 11 ,
915 689 100 41 gritara
1027 688 25 31 el
1068 689 98 41 «quien

136 750 61 29 vive
210 763 11 13 »
241 749 39 29 sin
296 747 155 41 responder.

177 804 147 31 Volviendo
340 806 14 28 á
371 815 45 19 sus
430 805 89 39 peleas
532 814 48 20 con
592 803 23 30 el
630 804 91 40 pájaro
736 828 5 10 ,
760 803 68 30 daba
846 808 78 35 gusto
943 802 88 30 verlos
1049 802 116 30 comba-

137 861 31 29 tir
183 885 6 11 ,
208 871 66 30 pues
288 861 24 29 el
329 870 78 31 perro
423 870 34 19 no
474 859 77 42 podia
565 865 89 25 atacar
669 860 33 30 de
719 859 85 31 frente
821 870 102 30 porque
940 859 24 30 el
981 869 49 20 ave
1049 858 26 31 le
1091 860 74 40 pica-

135 918 34 29 ba
186 918 38 29 los
240 917 56 40 ojos
308 930 6 22 ;
334 928 16 29 y
366 918 37 28 así
421 928 28 18 es
466 927 51 29 que
531 917 93 29 hacían
638 927 65 19 unas
721 917 174 30 evoluciones
910 927 52 30 que
986 917 137 30 escilaban
1141 917 24 30 la

135 974 130 30 hilaridad
283 973 107 40 general
407 973 33 29 de
455 973 39 30 los
508 978 148 35 presentes.

175 1031 30 30 El
220 1033 37 28 10
274 1056 5 10 ,
299 1041 47 30 por
362 1030 22 30 la
400 1029 73 31 larde
489 1055 5 11 ,
513 1031 109 30 salimos
638 1031 33 30 de
685 1033 92 28 Beícos
794 1041 62 31 para
874 1031 155 30 Kamiesch.
1058 1033 105 39 Apenas

136 1087 136 30 habíamos
288 1086 103 30 andado
406 1097 50 19 una
475 1087 76 40 legua
567 1112 5 9 ,
596 1088 103 29 cuando
716 1089 85 29 vimos
818 1099 53 30 que
886 1114 6 9 ,
915 1088 85 31 desde
1026 1089 22 29 la
1068 1088 96 41 fragata

135 1144 33 29 de
181 1153 94 30 guerra
290 1143 120 29 francesa
423 1154 52 29 que
492 1144 91 29 estaba
600 1144 131 30 instalada
749 1155 63 30 para
826 1145 113 40 guardia
951 1144 33 31 de
1002 1144 78 41 aquel
1096 1155 69 30 pun-

137 1206 23 24 to
174 1225 5 9 ,
196 1211 51 30 que
260 1210 43 20 era
318 1206 125 25 entonces
460 1201 23 29 la
502 1214 12 14 «
528 1201 72 30 Belle
617 1202 78 29 Paole
706 1216 12 13 »
730 1227 5 10 ,
755 1202 91 40 buque
859 1213 54 30 que
925 1227 6 11 ,
949 1201 62 42 bajo
1028 1202 23 30 el
1069 1201 95 31 mando

135 1257 42 30 del
193 1257 118 41 príncipe
327 1257 32 29 de
379 1257 172 30 «Joinville»
567 1282 5 10 ,
592 1259 65 39 trajo
673 1259 14 28 á
704 1259 110 29 Francia
832 1283 5 10 ,
856 1258 84 30 desde
959 1260 80 29 Santa
1063 1259 100 29 Helena

136 1315 22 29 el
173 1325 101 29 cuerpo
289 1315 41 30 del
349 1315 110 30 hombre
472 1325 51 29 que
537 1326 35 18 un
587 1315 43 30 dia
647 1315 74 40 logró
738 1316 53 30 casi
808 1315 123 31 dominar
948 1316 22 30 la
986 1318 117 39 Europa;
1119 1326 46 21 sa-

137 1370 32 29 lía
186 1381 32 19 un
231 1370 60 30 bote
308 1372 13 29 á
339 1376 135 25 cortarnos
491 1371 38 29 las
545 1381 84 31 aguas
644 1397 5 9 ,
670 1382 47 30 por
741 1372 23 30 lo
780 1382 53 31 que
850 1383 48 20 nos
916 1383 123 31 paramos
1058 1376 13 27 á
1095 1374 70 29 reci-

139 1427 77 29 birlo.

177 1484 82 30 Venia
273 1494 31 20 en
318 1485 22 29 él
356 1496 33 18 un
406 1485 84 30 oficial
508 1485 33 30 de
557 1486 101 30 marina
670 1487 12 29 á
695 1486 76 39 pedir
784 1486 24 30 al
822 1489 106 39 capilan
942 1487 44 30 del
1003 1488 161 36 «Tharsis»,

136 1539 33 30 de
186 1545 74 35 parle
273 1540 33 29 de
322 1552 30 18 su
366 1541 173 30 comandante
554 1567 5 11 ,
584 1542 21 29 si
631 1543 91 40 queria
741 1544 22 29 ir
778 1544 14 29 á
808 1548 68 25 (raer
898 1543 33 32 de
948 1545 142 41 remolque
1115 1555 49 20 una

137 1596 105 30 corbeta
260 1597 32 29 de
306 1607 95 30 guerra
413 1608 51 29 que
476 1598 91 30 estaba
581 1598 129 31 fondeada
727 1605 52 25 tres
796 1600 87 30 millas
905 1601 116 32 distante
1037 1628 6 11 ,
1068 1602 98 42 priva-

136 1652 33 29 da
186 1677 5 9 ,
208 1663 47 28 por
272 1658 73 24 tener
360 1652 23 31 el
401 1654 88 29 viento
505 1656 131 29 contrario
648 1680 6 9 ,
678 1655 33 30 de
729 1657 75 29 venir
819 1657 24 29 al
859 1657 175 32 fondeadero.

178 1711 50 28 Por
241 1710 56 30 solo
312 1721 33 19 un
357 1711 73 30 favor
446 1722 16 29 y
478 1722 34 19 no
526 1723 47 29 por
589 1713 143 30 necesidad
749 1713 33 31 de
798 1715 86 30 evitar
901 1716 89 41 riesgo
1006 1742 6 10 ,
1030 1728 34 19 no
1089 1718 76 41 quiso

136 1764 24 31 el
177 1767 103 39 capitán
297 1777 114 30 esponer
427 1768 22 29 el
467 1779 83 28 vapor
574 1771 14 28 á
611 1780 51 20 una
678 1773 88 28 avería
783 1796 5 9 ,
809 1782 65 30 pues
898 1773 24 29 el
948 1774 90 31 viento
1055 1776 110 41 soplaba

139 1821 85 30 fresco
249 1834 14 29 y
287 1823 111 31 hubiera
415 1825 58 30 sido
495 1832 106 24 costoso
616 1828 131 29 remolcar
763 1839 35 18 un
815 1829 90 41 buque
924 1836 42 26 lan
992 1834 111 39 grande.
1132 1835 33 29 La

136 1878 106 31 corbeta
258 1904 6 11 ,
285 1890 64 30 pues
364 1906 4 8 ,
390 1886 61 25 tuvo
465 1892 52 30 que
533 1883 151 40 resignarse
700 1884 14 29 á
732 1895 109 30 esperar
862 1893 56 24 otra
936 1891 169 38 proporción.
