1241 2180
544 141 183 27 186

170 208 30 29 El
216 213 55 24 olro
288 205 83 31 hecho
394 205 44 31 fué
455 205 24 30 la
506 204 157 31 sustitución
680 206 15 28 ó
711 204 91 29 relevo
817 202 33 30 de
866 202 147 30 Canrobert
1029 212 49 30 por
1094 203 59 28 Pe-

128 256 86 30 llicier
226 265 62 31 para
305 254 22 31 el
346 253 94 31 mando
454 264 32 19 en
497 253 54 40 jefe
567 253 32 29 de
613 253 39 29 los
668 253 122 39 ejércitos
804 251 112 30 aliados.
942 252 61 29 Esle
1017 250 134 30 nombra-

128 305 96 30 miento
241 304 43 29 dio
300 314 100 19 nuevos
417 303 72 29 bríos
502 326 6 11 ,
528 313 47 30 por
596 302 101 29 decirlo
713 303 38 28 así
765 325 6 11 ,
790 301 14 30 á
818 300 38 30 las
871 306 88 35 tropas
977 325 6 11 ,
1000 310 47 30 por
1062 308 91 22 recaer

127 364 32 19 en
171 364 33 19 un
218 353 106 39 general
339 363 55 19 mas
408 352 112 40 popular
534 353 14 27 ó
565 361 55 20 mas
633 349 129 31 conocido
775 349 43 30 del
833 348 120 31 soldado.

169 402 99 30 Dolado
291 402 24 29 el
332 412 86 18 nuevo
431 400 107 41 general
555 411 31 19 en
601 399 54 41 jefe
679 398 33 31 de
735 398 96 30 mucha
848 399 108 39 energía
973 397 112 35 militar,
1106 408 47 29 por

126 452 31 30 de
174 458 93 34 pronto
281 452 24 28 la
317 452 48 28 usó
379 450 65 30 mal:
465 450 22 30 si
500 460 31 19 su
545 448 159 41 predecesor
719 447 107 30 anduvo
838 447 110 34 remiso,
967 457 85 29 segun
1067 457 28 18 se
1111 446 40 30 di-

126 512 41 25 ce,
182 502 23 29 él
220 502 63 39 pecó
299 500 33 30 de
347 505 162 35 prematuro,
525 496 173 37 sacrificando
715 498 15 29 á
746 507 30 19 su
789 496 123 31 escesivo
928 496 88 39 arrojo
1030 496 77 29 miles
1118 495 32 30 de

128 551 130 28 víctimas.

167 601 37 29 No
218 611 29 18 se
262 599 85 35 tache,
363 607 118 32 empero,
499 598 14 29 á
527 597 79 41 quien
630 596 73 40 logró
720 596 23 29 al
757 596 67 29 cabo
835 596 24 28 el
876 595 88 39 objeto
981 605 52 30 que
1047 605 27 19 se
1088 605 62 29 pro-

127 659 82 31 puso;
226 659 28 19 es
271 647 83 33 decir,
374 647 24 29 la
414 645 136 31 rendición
564 645 33 30 de
613 645 24 29 la
650 644 95 30 ciudad
760 644 94 30 sitiada
868 650 73 24 antes
955 645 32 29 de
1000 644 150 30 concluirse

127 698 23 30 el
166 707 95 21 verano
274 696 42 30 del
331 698 46 28 55.
394 695 115 30 Además
521 694 128 30 debemos
673 694 158 29 concederle
852 694 115 40 algunos
989 693 112 30 triunfos
1125 693 25 30 al

127 752 147 25 estrenarse
292 756 30 19 en
340 745 22 29 el
377 744 95 29 mando
482 756 5 17 :
507 744 24 28 la
547 749 69 24 toma
628 742 41 30 del
685 743 131 29 Mamelón
830 742 81 30 verde
923 753 16 30 y
951 748 71 24 otras
1037 742 113 30 baterías

126 795 164 31 dominantes
307 794 25 28 lo
345 794 159 38 patentizan.

167 843 138 30 Habiendo
321 842 105 40 ¡legado
451 851 32 20 en
500 841 24 30 el
550 843 56 28 Mar
630 842 85 39 Negro
732 841 14 30 á
768 840 145 41 principios
936 840 43 31 del
995 850 97 21 verano
1108 840 43 31 del

128 895 35 28 55
189 893 110 39 algunas
322 892 115 29 balerías
460 892 121 28 flotantes
610 889 166 31 construidas
802 889 111 31 durante
940 889 24 31 la
990 899 97 31 guerra
1105 900 16 30 y
1136 891 13 30 á

126 942 134 40 propósito
276 940 32 31 de
322 941 23 29 la
357 941 104 33 misma,
480 949 31 20 en
525 939 38 30 los
576 939 136 30 arsenales
724 938 33 30 de
769 938 146 41 Inglaterra
933 949 15 30 y
962 939 122 34 Francia,
1101 949 48 20 con

128 991 86 41 ayuda
230 990 33 30 de
279 989 65 31 ellas
361 999 28 20 se
415 988 61 30 iban
493 988 173 40 apoderando
692 988 38 29 los
753 988 102 30 aliados
872 988 33 29 de
926 988 114 40 algunos
1057 994 95 35 puntos

126 1039 171 31 comerciales
313 1038 78 30 sobre
408 1038 23 30 el
451 1037 85 30 litoral
550 1037 32 30 de
600 1037 22 29 la
641 1037 82 29 Rusia
741 1048 32 18 en
787 1037 23 29 el
827 1038 56 29 Mar
895 1038 85 38 Negro
997 1048 15 28 y
1030 1037 32 30 de
1076 1037 73 31 Azof.

168 1088 29 31 El
213 1094 95 34 ataque
329 1087 167 29 infructuoso
519 1096 52 30 que
584 1097 28 18 se
625 1086 44 29 dio
683 1086 23 29 el
726 1087 31 28 18
774 1086 33 29 de
818 1086 77 40 junio
911 1086 42 30 del
970 1087 117 29 referido
1103 1091 50 26 año

124 1138 24 30 al
163 1137 92 30 Redan
270 1148 14 28 y
298 1138 12 28 á
327 1136 22 28 la
368 1142 69 23 torre
452 1135 33 29 de
501 1134 126 36 Malakof,
646 1145 29 19 es
693 1135 23 29 la
730 1135 142 29 acusación
890 1146 53 29 que
958 1145 62 30 pesa
1037 1136 79 30 sobre
1129 1136 24 30 el

124 1192 84 25 tercer
223 1185 108 40 general
348 1195 31 19 en
391 1183 53 41 jefe
461 1183 32 30 de
509 1183 38 30 los
560 1183 102 30 aliados
675 1196 6 22 ;
711 1183 73 29 hubo
801 1194 31 19 en
847 1184 108 40 aquella
972 1186 93 28 acción
1083 1190 70 24 tanto

122 1236 88 39 arrojo
222 1244 75 20 como
311 1242 65 31 poca
393 1232 149 41 previsión.
562 1233 52 29 Los
627 1231 139 40 generales
780 1242 77 20 rusos
873 1233 127 40 supieron
1017 1234 135 30 corrobo-

123 1294 43 20 rar
181 1294 30 19 en
226 1283 50 30 ella
294 1282 23 30 la
332 1281 67 30 fama
415 1291 53 30 que
484 1291 33 30 ya
535 1282 85 28 tenían
644 1280 140 41 adquirida
797 1291 76 20 como
890 1281 127 31 militares
1032 1289 120 35 esperlos

122 1343 16 30 y
151 1332 33 30 de
197 1331 102 41 grande
312 1330 162 40 disposición
490 1341 5 17 :
514 1330 125 29 mientras
655 1329 39 30 las
706 1335 88 34 tropas
807 1340 53 30 que
872 1330 61 30 iban
945 1330 25 30 al
983 1331 84 30 asalto
1078 1337 73 25 atra-

123 1381 115 31 vesaban
254 1380 23 29 la
294 1378 129 37 distancia
438 1403 6 11 ,
465 1377 104 30 todavía
586 1377 155 30 demasiado
762 1378 71 40 larga
848 1403 6 11 ,
873 1390 86 29 segun
977 1391 28 19 se
1022 1381 44 30 vio
1080 1406 5 9 ,
1101 1391 52 31 que

122 1430 127 42 separaba
267 1429 38 29 las
318 1429 107 29 últimas
440 1428 147 29 trincheras
600 1428 33 29 de
648 1428 43 30 los
705 1428 102 29 aliados
830 1428 33 30 de
887 1429 23 29 la
929 1435 69 24 torre
1013 1430 34 30 de
1062 1430 91 31 Mala-

120 1479 59 33 kof,
196 1479 37 28 los
251 1487 76 20 rusos
343 1476 118 30 hicieron
478 1475 105 31 recular
595 1486 45 20 sus
655 1477 93 29 navios
758 1476 44 30 del
817 1476 59 30 silio
890 1487 53 30 que
956 1478 116 40 siempre
1086 1489 66 20 ocu-

122 1537 81 31 paran
222 1551 5 11 ,
242 1535 63 32 para
321 1550 6 9 ,
344 1535 49 20 con
410 1535 45 19 sus
469 1523 115 31 balerías
599 1549 6 10 ,
623 1524 93 30 enfilar
730 1534 52 20 uno
795 1524 34 31 de
843 1524 39 31 los
898 1527 99 29 flancos
1012 1527 33 29 de
1062 1527 39 30 las
1118 1528 34 29 lí-

121 1586 63 20 neas
198 1575 33 30 de
247 1581 96 34 ataque
357 1598 7 12 ,
380 1573 135 30 causando
533 1583 51 19 una
598 1579 141 35 espantosa
752 1574 147 30 carnicería
912 1586 5 18 :
939 1577 116 35 18,000
1072 1576 80 30 fran-

120 1636 76 20 ceses
213 1623 137 41 quedaron
368 1623 73 30 fuera
456 1622 33 30 de
503 1622 131 30 combale.

163 1676 60 28 Esla
240 1671 142 42 inopinada
399 1677 176 34 estratagema
592 1671 33 29 de
641 1672 39 29 los
694 1683 78 20 rusos
785 1673 71 31 forzó
868 1674 23 30 al
906 1675 110 40 general
1029 1676 124 31 Pellicier

121 1725 14 28 á
151 1722 111 31 mandar
279 1720 153 30 retroceder
448 1730 45 20 sus
512 1725 97 34 tropas.

161 1774 37 28 En
215 1772 67 29 vista
307 1770 32 30 de
358 1775 83 25 tantas
469 1769 104 30 fuerzas
592 1781 15 29 y
623 1781 124 19 recursos
764 1782 76 19 como
862 1772 106 32 todavía
986 1773 167 43 desplegaba

119 1821 25 30 la
162 1821 75 40 plaza
250 1844 7 10 ,
285 1829 28 20 se
335 1818 95 31 diserió
447 1818 23 31 el
491 1818 83 30 asalto
592 1828 62 30 para
670 1819 104 30 cuando
796 1820 130 32 hubiesen
943 1823 134 31 arrimado
1093 1834 56 21 mas

122 1871 38 29 los
177 1869 118 30 caminos
309 1867 134 31 cubiertos
458 1892 7 12 ,
482 1868 15 29 á
514 1868 34 29 fin
565 1867 34 30 de
616 1878 53 30 que
682 1868 24 30 el
723 1869 112 30 soldado
853 1871 103 31 luviese
972 1882 53 31 que
1039 1879 115 25 atrave-

117 1928 43 23 sar
174 1927 95 22 menos
287 1916 129 31 distancia
432 1916 97 32 Ínterin
550 1917 136 31 estuviese
701 1924 127 34 espueslo
840 1921 15 29 á
868 1920 26 31 la
907 1921 121 32 metralla
1044 1924 106 30 enemi-
