1241 2180
576 129 160 28 38

152 209 28 21 ra
196 208 94 21 escena
307 207 51 30 que
374 196 43 29 iba
434 197 14 28 á
478 194 133 40 seguirse,
628 193 173 41 apartáronse
825 188 194 32 enmudecidos
1045 186 34 32 de
1095 186 77 41 aquel

152 255 122 30 siniestro
287 253 87 38 lugar.

195 310 69 38 ¡Qué
280 313 131 36 punzante
427 308 76 29 dolor
518 306 127 30 debieron
670 304 82 31 sentir
771 303 39 30 los
826 301 179 32 desdichados
1020 299 151 41 náufragos,

153 367 23 29 al
190 376 75 20 verse
277 365 188 30 abandonados
478 370 60 24 ante
551 374 29 19 su
595 363 141 29 horrorosa
751 360 103 30 tumba!

193 423 139 30 Corramos
350 421 114 30 también
479 425 121 25 nosotros
617 429 33 20 un
667 418 60 30 velo
742 417 78 30 sobre
833 416 23 31 el
874 418 35 28 fin
926 426 53 31 que
996 414 62 31 Dios
1075 414 39 30 les
1130 419 45 25 te-

153 479 43 28 nia
209 478 153 29 reservado.

194 536 142 38 Dirijamos
351 535 22 29 la
387 534 67 30 vista
470 534 75 29 hacia
563 533 24 29 lo
609 543 52 30 que
678 542 28 20 se
722 531 99 42 pasaba
835 532 14 29 á
862 531 87 29 tierra.

196 595 81 27 Antes
303 602 40 20 me
360 597 56 25 toca
445 591 92 30 añadir
549 600 49 21 con
614 595 121 34 respeclo
756 590 15 29 á
783 589 26 29 lo
823 599 52 29 que
887 587 98 30 ofrecía
1002 586 23 31 el
1041 595 67 27 mar,
1126 595 52 31 que

154 661 49 30 por
213 655 72 24 entre
302 650 22 29 el
341 649 104 29 turbión
458 647 32 30 de
503 656 69 31 agua
589 656 51 31 que
652 645 158 31 levantaban
823 644 25 30 al
865 645 55 29 aire
939 653 53 20 una
1008 649 53 24 tras
1073 648 55 24 olra
1140 642 39 30 las

155 705 123 31 azoadas
301 705 75 35 olas,
401 715 17 29 y
440 704 24 29 la
481 712 93 32 espesa
599 702 142 41 granizada
764 711 52 31 que
833 701 38 30 las
883 700 85 30 nubes
980 699 195 40 descargaban;

155 764 108 28 veíanse
285 760 199 31 confusamente
512 760 38 29 los
577 759 105 40 buques
698 758 32 30 de
746 768 97 31 guerra
859 755 187 33 combatiendo
1062 766 48 20 con
1138 755 39 31 los

154 819 144 30 elementos
311 829 6 19 :
333 828 33 20 no
379 828 47 30 por
441 816 88 31 medio
545 816 33 29 de
595 816 38 29 los
650 820 114 25 cañones
778 839 6 10 ,
800 815 40 29 los
860 814 91 30 cuales
967 823 33 20 no
1013 813 94 30 hacian
1121 822 55 21 mas

153 885 52 30 que
222 873 160 31 estorbarles
398 883 31 20 en
441 872 79 41 aquel
544 877 99 29 trance,
663 871 59 30 sino
738 882 50 29 por
800 871 25 30 el
842 871 33 30 de
891 881 46 19 sus
953 870 146 40 poderosas
1116 871 63 29 má-

155 931 106 38 quinas.

195 987 119 39 Algunos
330 986 90 34 habia,
440 996 32 19 no
489 985 132 35 obstante,
640 995 53 30 que
709 983 157 31 careciendo
878 983 33 31 de
926 989 42 25 lan
981 984 136 40 ventajoso
1130 992 48 22 au-

156 1043 74 30 siliar
247 1053 27 19 se
289 1042 123 29 hallaban
428 1041 43 29 del
489 1041 60 29 todo
566 1045 149 34 espueslos.

198 1100 110 38 Sépase,
327 1108 47 30 por
390 1097 105 35 último,
512 1107 51 29 que
580 1096 115 30 también
711 1098 69 38 pagó
796 1096 25 29 la
844 1096 131 30 escuadra
997 1096 79 40 aquel
1093 1096 43 30 dia
1152 1107 28 19 su

156 1153 97 31 tributo
270 1153 22 29 al
310 1154 55 28 Mar
380 1154 97 38 Negro,
495 1162 48 20 con
561 1152 23 29 el
607 1152 130 29 sacrificio
753 1151 33 30 de
803 1152 48 29 dos
868 1153 93 28 navios
974 1163 17 29 y
1003 1163 35 18 un
1055 1162 92 30 vapor.

196 1210 31 30 El
243 1209 117 30 huracán
374 1209 38 29 así
427 1219 31 19 en
475 1208 24 30 el
514 1213 184 35 campamento
712 1219 76 19 como
804 1219 33 19 en
865 1208 22 30 el
912 1218 68 26 mar,
995 1211 81 28 causó
1093 1208 90 30 fatales

156 1267 218 30 consecuencias.
390 1266 140 30 Habiendo
546 1266 145 30 derribado
705 1266 82 30 desde
800 1267 24 29 la
841 1268 115 39 primera
969 1267 75 30 hasta
1058 1268 23 29 la
1093 1267 90 30 última

156 1323 88 30 tienda
258 1323 33 29 de
303 1327 127 35 campaña
453 1334 17 28 y
484 1323 122 34 barraca,
622 1323 171 29 considérese
813 1323 23 29 el
854 1324 119 29 martirio
992 1335 53 29 que
1061 1324 123 30 sufrirían

156 1379 40 29 los
211 1378 122 30 infelices
349 1377 108 30 heridos
482 1377 162 40 albergados
669 1388 31 19 en
718 1378 77 34 ellas,
821 1389 17 29 y
854 1384 111 25 cuantos
990 1379 193 36 sucumbirían,

157 1434 140 40 quedando
313 1438 138 35 espuestos
468 1434 13 28 á
499 1438 23 24 lo
534 1433 38 30 los
594 1434 38 28 los
644 1434 103 39 rigores
760 1434 33 29 de
810 1434 23 30 la
848 1434 158 41 intemperie
1021 1435 113 31 durante
1148 1435 37 31 las

158 1490 86 40 largas
259 1489 79 31 horas
354 1489 32 30 de
402 1489 106 41 aquella
521 1490 108 30 terrible
645 1490 94 30 noche.
761 1491 271 41 Desgraciadamente
1041 1493 144 41 quedaban

158 1555 51 21 aun
223 1546 108 30 muchos
345 1555 62 31 para
423 1545 111 30 mandar
550 1546 13 29 á
580 1546 215 41 Constantinopla
813 1546 33 31 de
863 1547 39 30 los
918 1558 52 30 que
984 1549 80 31 habia
1088 1550 97 30 habido

158 1613 32 18 en
204 1603 24 28 la
239 1602 97 29 batalla
352 1602 33 29 de
398 1602 150 29 Inkerman.

200 1660 37 28 En
251 1659 87 30 medio
357 1659 33 29 de
407 1665 70 23 tanla
490 1659 153 29 desolación
656 1670 33 19 no
706 1659 114 40 dejaban
833 1660 33 30 de
883 1671 78 21 verse
989 1672 78 21 cosas
1089 1664 99 30 irriso-

158 1716 62 29 rias.
240 1717 48 28 Por
302 1716 38 29 los
352 1716 70 29 aires
438 1726 28 19 se
483 1716 171 29 remontaban
678 1716 94 40 kepis,
788 1717 133 37 cazuelas,
938 1719 84 31 libros
1040 1732 16 29 y
1075 1721 110 41 papeles

159 1772 32 30 de
208 1771 213 31 administración
436 1772 98 30 militar
548 1783 15 30 y
576 1772 32 31 de
619 1774 117 34 música;
765 1784 15 30 y
796 1773 75 31 hasta
892 1786 28 19 se
938 1776 54 36 vio,
1012 1778 176 31 atravesando

158 1833 101 25 montes
274 1838 14 29 y
307 1827 95 35 valles,
426 1827 59 30 loda
511 1838 50 20 una
578 1828 86 30 banda
680 1827 33 31 de
738 1828 133 31 tambores
893 1832 236 37 (entendámonos,
1149 1835 39 30 las
