1241 2180
514 118 161 28 33

83 191 83 31 aguas
180 205 6 13 ,
204 192 18 30 y
238 191 28 20 se
282 180 173 42 aproximaba
471 181 182 40 rápidamente
669 181 24 30 al
708 205 5 12 ,
732 191 64 31 para
821 183 45 34 mi,
885 192 16 30 y
914 192 61 20 creo
990 191 63 32 para
1067 182 37 31 los

85 239 91 32 demás
191 264 6 12 ,
216 238 115 32 deseado
343 243 103 35 puerto.

127 297 50 30 Por
204 297 51 35 fin,
283 295 24 30 al
331 295 146 40 despuntar
503 294 24 30 la
554 304 95 21 aurora
671 294 43 31 del
730 295 44 30 dia
800 297 36 28 13
855 296 33 30 de
903 297 155 30 noviembre
1074 296 34 31 de

88 355 79 29 1854
181 378 6 11 ,
203 363 28 20 se
255 351 138 31 manifestó
415 362 33 20 en
465 352 23 29 el
511 351 86 30 turbio
609 352 136 30 horizonte
757 352 25 30 la
800 352 78 30 tierra
894 352 33 30 de
944 352 23 31 la
982 353 124 31 histórica

89 410 111 30 Crimea.
220 408 74 30 Toda
310 408 23 30 la
351 413 74 36 tropa
450 418 28 20 se
494 410 103 39 agrupó
620 408 15 30 á
652 407 23 31 la
692 418 63 31 proa
769 433 4 11 ,
793 418 64 32 para
884 408 115 31 devorar
1014 419 48 20 con
1085 408 23 30 la

86 466 68 29 visla
163 465 106 41 aquella
288 465 77 30 tierra
382 474 52 32 que
448 463 78 31 debia
542 464 86 30 servir
642 464 33 31 de
691 464 89 31 lumba
793 466 14 29 á
821 465 125 30 soldados
963 476 16 30 y
993 466 116 29 oficiales

87 522 41 30 sin
144 522 152 39 escepcion.

128 577 110 32 Cuando
262 587 32 31 ya
310 587 56 20 mas
383 577 134 40 próximos
531 602 6 11 ,
556 588 28 19 se
597 577 72 41 pudo
686 588 46 20 ver
747 588 49 20 con
812 587 56 21 mas
890 578 141 29 distinción
1045 589 5 18 :
1076 587 33 21 no

86 634 130 31 bastaban
229 633 39 31 los
281 633 118 40 anteojos
416 644 52 29 que
482 634 129 29 teníamos
627 634 14 29 á
657 633 84 30 bordo
758 633 23 30 al
798 633 59 30 asan
873 633 34 30 de
924 633 85 30 todos.

129 690 203 32 Descendiendo
348 690 23 31 el
398 696 103 25 terreno
515 701 62 30 muy
592 695 171 26 suavemente
776 690 81 32 desde
873 691 24 30 el
913 693 78 28 Norte
1003 690 33 31 de
1053 692 56 29 Se-

87 748 123 40 bastopol
234 747 75 30 hasta
325 747 24 30 el
375 746 71 31 Cabo
472 748 134 29 Kersonés
622 771 6 11 ,
647 757 28 20 se
692 747 78 41 podia
785 758 49 19 con
848 747 86 41 ayuda
954 747 33 30 de
1004 747 38 30 los
1055 758 54 30 ge-

87 805 85 30 melos
199 814 144 20 reconocer
373 804 39 29 las
436 803 84 31 líneas
547 803 42 30 del
620 804 60 29 sitio
708 815 17 28 y
751 804 23 30 el
802 809 182 35 campamento
1011 804 33 30 de
1071 804 38 30 los

89 860 111 31 aliados.

131 920 121 38 Después
266 926 52 32 que
333 916 126 30 hubimos
471 915 154 31 remontado
638 915 24 31 el
675 916 174 31 mencionado
862 916 72 31 Cabo
946 941 6 12 ,
971 926 28 21 se
1014 916 95 31 descu-

88 974 60 30 brió
162 998 6 11 ,
189 973 115 41 primero
331 972 25 31 la
379 971 128 32 escuadra
529 971 119 31 francesa
663 997 6 11 ,
696 983 16 30 y
735 972 201 41 seguidamente
952 972 24 30 la
991 972 114 40 inglesa;

89 1030 94 31 ambas
195 1028 144 31 fondeadas
360 1030 15 29 á
390 1033 91 25 cuatro
495 1028 87 29 millas
598 1027 32 31 de
643 1027 156 42 Sebastopol
814 1040 5 18 :
839 1030 14 28 á
866 1029 24 29 lo
902 1028 93 30 último
1009 1038 28 20 se
1048 1038 61 31 pre-

89 1089 76 29 sentó
189 1092 55 24 esta
266 1086 132 40 poderosa
410 1084 141 31 ciudadela
564 1086 131 28 marítima
719 1095 49 20 con
785 1096 45 19 sus
843 1085 49 30 dos
907 1086 99 30 fuertes
1018 1086 90 30 Cons-

89 1145 101 30 tantino
211 1155 15 29 y
240 1144 165 30 Cuarentena
418 1152 31 20 en
466 1141 135 31 avanzada
614 1166 5 11 ,
642 1152 48 31 por
702 1147 73 25 enlre
791 1142 38 30 los
842 1142 90 31 cuales
948 1153 27 20 se
992 1142 117 41 percibía

90 1201 25 30 el
131 1200 79 30 fondo
227 1199 32 30 de
276 1199 24 30 la
313 1197 63 31 rada
390 1222 6 11 ,
415 1198 15 30 á
445 1208 82 30 cuyas
549 1207 83 31 aguas
648 1197 87 30 daban
749 1197 105 31 sombra
872 1200 35 28 13
925 1198 114 41 grandes
1055 1208 54 21 na-

90 1258 59 29 vios
161 1266 77 20 rusos
251 1253 137 32 alineados
404 1253 33 31 de
458 1255 86 29 Iravés
558 1253 23 30 al
598 1263 108 29 amparo
719 1253 32 31 de
766 1253 93 32 dichos
873 1255 110 30 fuerles.

131 1314 37 29 La
184 1311 108 31 auréola
309 1310 32 30 de
353 1310 79 40 fuego
448 1308 147 42 empañada
612 1319 46 31 por
672 1319 52 20 una
740 1310 145 30 cenicienla
899 1320 65 31 capa
980 1311 33 29 de
1028 1320 82 32 vapor

90 1380 53 32 que
158 1368 116 31 rodeaba
288 1368 23 29 la
323 1372 75 35 parte
415 1366 55 30 Sud
487 1365 33 30 de
536 1365 23 30 la
574 1364 96 31 ciudad
687 1365 144 41 producida
845 1376 46 30 por
907 1366 39 30 los
962 1367 148 30 incesantes

91 1427 123 40 disparos
226 1451 7 11 ,
249 1436 16 30 y
277 1425 24 30 el
315 1424 138 30 horrísono
469 1423 143 30 estruendo
625 1423 33 29 de
672 1423 144 30 tantísimas
832 1423 80 30 bocas
924 1423 32 31 de
968 1423 79 42 fuego
1060 1434 50 31 que

90 1482 107 41 llegaba
209 1483 14 28 á
234 1486 122 25 nuestros
370 1479 74 31 oidos
457 1504 6 11 ,
480 1478 68 31 daba
563 1489 34 20 nn
611 1484 108 35 aspeclo
732 1479 136 29 aterrador
879 1480 14 29 á
907 1484 55 25 esla
974 1480 136 41 imponen-

91 1544 26 26 te
133 1547 94 22 escena
239 1549 6 19 :
265 1538 14 29 á
294 1537 26 30 lo
333 1546 92 21 menos
441 1545 33 21 no
487 1535 72 30 hubo
575 1544 113 32 persona
703 1535 14 30 á
730 1534 95 37 bordo,
839 1545 51 31 que
907 1545 32 20 no
951 1535 23 30 la
989 1536 121 31 inmuta-

93 1605 29 22 se
138 1594 78 40 aquel
234 1599 104 25 eslreno
354 1593 34 30 de
404 1602 112 21 cercano
530 1590 167 43 espectador.

134 1652 55 30 Con
205 1650 111 41 algunas
332 1649 185 31 revoluciones
529 1657 56 20 mas
597 1647 43 30 del
657 1647 155 41 infatigable
823 1647 96 36 hélice,
935 1658 47 20 nos
999 1649 115 30 mezcla-

92 1718 57 21 mos
165 1712 73 26 enlre
255 1705 124 32 multitud
405 1705 33 31 de
468 1705 106 41 buques
597 1710 149 25 mercantes
767 1715 53 30 que
835 1704 132 31 acabados
983 1705 32 31 de
1032 1705 83 42 llegar

92 1776 78 26 unos,
185 1776 16 30 y
218 1765 40 30 los
269 1770 69 24 otros
355 1768 109 37 prontos
480 1764 14 29 á
510 1762 78 31 darse
611 1762 14 30 á
642 1761 24 31 la
694 1761 69 37 vela,
782 1771 29 21 se
830 1761 124 32 hallaban
970 1761 145 32 fondeados

92 1821 157 31 inmediatos
265 1821 14 31 á
294 1821 23 30 la
333 1821 66 30 boca
420 1820 42 30 del
474 1825 94 34 puerlo
581 1818 32 30 de
624 1817 152 31 Kamiesch.
790 1820 61 28 Este
872 1829 29 19 se
913 1820 132 30 mostraba
1072 1826 42 25 tan

92 1878 71 31 lleno
179 1878 34 31 de
228 1877 227 37 embarcaciones,
479 1887 52 29 que
542 1876 39 30 los
597 1876 119 31 mástiles
732 1876 95 30 venían
838 1876 14 30 á
864 1876 99 32 formar
974 1887 52 22 una
1042 1888 71 22 masa

1000 1927 10 18 r.
