1241 2180
571 121 162 27 78

182 187 127 40 Figúrese
325 186 23 29 el
363 185 82 31 lector
457 209 5 11 ,
481 194 35 20 un
533 183 133 31 hediondo
684 182 112 30 lanchon
810 192 51 29 que
877 205 5 11 ,
903 184 148 26 momentos
1064 185 76 25 antes
1158 204 6 11 ,

142 244 110 31 sirviera
268 253 62 31 para
348 248 143 35 trasportar
515 241 119 31 caballos
648 265 6 11 ,
669 240 103 40 bueyes
788 250 18 31 y
819 244 71 25 otros
912 238 130 31 animales
1069 238 76 30 vivos
1160 249 5 19 :

142 311 30 21 en
190 301 22 30 él
229 310 50 20 van
296 299 115 32 echados
427 324 6 11 ,
451 299 40 29 sin
508 298 105 40 arreglo
630 298 25 29 ni
672 296 128 31 acomodo
815 321 6 11 ,
842 298 36 28 20
896 299 14 27 ó
928 298 37 28 30
991 305 115 31 cuerpos
1122 295 44 30 in-

142 358 87 29 hertes
242 381 6 11 ,
267 356 112 40 algunos
396 365 32 30 ya
444 354 173 30 moribundos
633 354 14 29 á
663 362 81 20 causa
757 352 33 30 de
811 352 38 30 los
874 352 212 41 padecimientos
1103 351 64 30 físi-

142 426 44 19 cos
203 425 52 29 que
272 414 85 30 tienen
370 424 53 30 que
435 418 129 24 arrostrar
577 411 111 30 durante
700 410 80 42 aquel
793 410 146 31 inevitable
955 409 126 32 traslado.

183 474 85 29 Véase
281 497 6 11 ,
307 472 57 30 sino
379 496 6 11 ,
405 470 24 31 io
442 481 53 29 que
508 469 95 30 habían
621 469 32 29 de
669 477 88 31 pasar.

183 530 119 39 Después
315 528 33 30 de
361 528 47 30 dos
425 530 14 28 ó
457 532 50 26 tres
523 526 56 31 dias
595 525 33 31 de
644 525 116 41 operada
775 525 24 30 la
815 525 116 41 primera
944 535 64 21 cura
1019 550 6 10 ,
1041 525 40 31 los
1095 536 72 20 mon-

144 586 75 30 taban
237 586 77 29 sobre
327 585 85 30 mulas
429 609 5 11 ,
452 594 76 20 como
541 592 32 32 ya
590 593 32 20 en
636 588 57 25 otro
709 582 77 40 lugar
799 592 28 20 se
843 581 61 41 dejó
918 581 139 41 esplicado
1070 607 5 11 ,
1103 593 17 30 y
1142 583 25 30 al

142 642 66 31 cabo
225 642 32 30 de
269 652 51 20 una
334 641 63 31 hora
412 641 34 30 de
459 641 103 29 camino
575 665 5 9 ,
607 640 38 29 los
662 639 192 30 desmontaban
872 650 16 30 y
904 639 146 30 colocaban
1075 639 92 31 dentro

144 699 38 30 los
197 699 142 30 lanchones
353 712 6 22 ;
379 698 39 30 los
434 697 89 31 cuales
539 696 166 31 remolcados
717 696 25 30 al
759 696 110 30 costado
882 696 43 30 del
939 696 92 41 buque
1044 721 6 11 ,
1066 707 29 19 se
1107 696 60 30 iban

143 755 131 31 subiendo
289 754 81 30 desde
387 754 65 30 ellos
476 755 14 29 á
514 753 41 30 los
576 752 107 31 heridos
700 763 48 30 por
764 752 87 30 medio
867 751 33 31 de
926 752 124 41 aparejos
1068 763 15 30 y
1099 752 68 31 des-

143 823 66 30 pués
225 811 110 40 bajados
352 821 31 19 en
400 810 23 30 el
440 815 173 35 entrepuente
627 834 6 10 ,
652 819 31 20 en
695 808 87 31 donde
800 808 162 31 sacándolos
976 808 33 31 de
1025 809 40 30 las
1079 809 88 31 literas

142 878 32 20 en
191 878 51 30 que
258 867 95 29 venían
367 877 29 19 se
410 866 40 29 les
462 865 125 30 acostaba
604 875 32 20 en
652 865 24 29 el
689 864 67 30 duro
773 864 76 31 suelo
865 889 5 11 ,
890 865 40 30 sin
950 874 57 21 mas
1025 874 74 21 cama
1116 875 51 31 que

142 935 30 19 su
186 925 92 40 propia
291 928 86 24 manta
395 933 14 29 y
424 922 24 29 la
461 922 114 29 mochila
587 932 48 30 por
646 920 140 30 almohada
802 946 6 10 ,
827 921 149 30 arrimados
990 932 68 19 unos
1071 922 14 29 á
1098 927 69 25 otros

142 991 31 20 en
190 980 124 30 términos
330 978 33 31 de
376 979 55 29 casi
457 983 110 25 tocarse.
589 979 120 39 Después
722 1002 5 11 ,
747 978 79 30 habia
843 989 51 30 que
912 984 123 36 soportar
1051 979 39 30 los
1113 979 54 31 ba-

142 1037 89 30 lances
247 1036 43 30 del
310 1035 90 41 buque
416 1045 48 31 por
485 1035 107 40 espacio
607 1034 33 31 de
666 1037 37 28 30
721 1037 15 28 ó
754 1037 35 28 40
817 1035 79 31 horas
910 1061 6 10 ,
943 1035 184 31 añadiéndose
1143 1037 23 29 el

142 1103 89 20 mareo
247 1092 182 40 consiguiente
446 1104 5 23 ;
472 1102 15 29 y
503 1102 47 30 por
577 1092 92 29 último
684 1116 5 10 ,
709 1091 78 30 habia
810 1102 52 30 que
887 1092 232 32 desembarcarlos
1136 1105 31 19 en

142 1149 215 40 Constantinopla
372 1173 5 10 ,
403 1149 135 29 izándolos
554 1148 82 30 desde
652 1149 77 39 abajo
748 1149 23 30 la
787 1149 106 41 bodega
917 1160 15 31 y
955 1150 169 32 amándolos
1136 1161 31 20 en

142 1206 39 30 los
198 1205 143 30 lanchones
356 1230 5 10 ,
381 1215 52 30 que
449 1204 163 30 conducidos
626 1206 13 28 á
657 1205 78 30 tierra
750 1230 5 11 ,
771 1215 29 21 se
817 1205 124 32 llevaban
958 1212 56 25 otra
1036 1218 47 19 vez
1097 1208 69 30 buen

142 1261 89 31 trecho
248 1271 48 20 con
310 1260 158 31 caballerías
481 1262 14 28 ó
511 1270 49 20 con
577 1261 120 30 camillas
714 1261 73 31 hasta
802 1262 23 30 el
843 1262 128 41 hospital.

184 1318 175 30 Considérese
382 1317 81 31 ahora
478 1342 6 11 ,
500 1318 22 29 si
538 1327 60 21 esos
621 1319 117 29 trámites
755 1319 97 30 debían
878 1320 179 43 sobrecargar
1081 1333 49 31 por
1147 1324 18 29 sí

147 1374 70 30 solos
231 1399 5 10 ,
255 1374 24 29 el
291 1373 79 30 doble
386 1373 33 30 de
433 1374 134 39 gravedad
581 1375 13 28 á
609 1385 45 19 sus
666 1374 147 32 dolencias.

183 1430 61 29 Solo
260 1440 56 19 mas
329 1430 120 29 adelante
462 1430 44 30 fué
522 1430 104 30 cuando
642 1432 152 31 estuvieron
813 1433 39 31 los
868 1433 108 32 heridos
991 1445 56 20 mas
1062 1435 103 30 atendi-

144 1486 56 29 dos.

182 1542 87 40 Aquel
285 1542 68 39 viaje
370 1541 182 32 embarcamos
577 1554 34 19 un
628 1549 126 25 centenar
770 1546 33 29 de
829 1557 61 20 esos
913 1547 135 32 inválidos
1064 1563 6 22 ;
1096 1554 73 26 entre

141 1598 39 30 los
196 1598 90 31 cuales
300 1608 28 20 se
344 1598 130 31 contaban
490 1599 33 30 de
537 1599 73 30 todas
624 1601 87 29 clases
724 1601 33 30 de
771 1602 107 30 heridas
894 1628 5 10 ,
916 1604 114 40 algunas
1047 1605 34 30 de
1103 1606 66 29 ellas

142 1654 61 30 bien
217 1655 147 30 delicadas.
383 1657 56 28 Uno
455 1656 79 30 habia
550 1668 52 29 que
621 1658 67 30 tenia
705 1659 59 30 todo
777 1660 23 29 el
819 1661 104 30 vientre
947 1662 159 32 destrozado
1123 1674 47 31 por

141 1721 34 20 un
192 1712 162 40 bayonelazo
368 1724 5 18 :
392 1718 57 24 otro
462 1713 23 31 la
502 1713 97 31 cabeza
613 1719 55 26 rota
685 1726 48 30 por
745 1726 35 19 un
796 1726 79 21 casco
898 1719 33 30 de
947 1718 98 32 bomba
1061 1733 6 18 :
1087 1722 81 40 quien

142 1778 50 20 una
208 1767 59 31 bala
284 1767 32 31 de
330 1767 60 31 fusil
405 1779 31 20 en
451 1780 33 20 un
501 1769 80 31 brazo
596 1783 5 17 :
621 1772 80 39 quien
716 1783 50 19 una
781 1773 33 30 de
827 1775 121 31 metralla
970 1787 32 20 en
1025 1788 50 20 una
1090 1779 80 41 pier-

142 1834 32 20 na
191 1837 6 22 ;
214 1835 16 30 y
242 1835 32 19 en
291 1827 33 28 fin
342 1826 113 40 algunos
468 1837 48 20 con
529 1828 25 30 la
574 1830 170 39 amputación
759 1830 115 42 operada
893 1842 33 31 ya
941 1858 5 11 ,
972 1834 33 31 de
1021 1835 100 41 alguno
1138 1836 32 31 de

142 1886 70 24 estos
225 1881 154 29 miembros.
