1241 2180
525 121 182 27 169

90 192 35 19 un
141 183 176 30 comandante
332 207 6 11 ,
364 183 48 30 dos
428 183 118 30 oficiales
564 183 169 31 subalternos
750 209 5 8 ,
775 194 16 31 y
808 194 33 20 un
860 184 112 30 médico.
990 183 28 31 El
1037 194 83 21 coro-

92 238 42 31 nel
150 263 6 12 ,
175 249 75 20 como
267 249 52 31 que
336 240 69 30 tenia
427 249 51 21 una
501 240 91 41 pierna
610 240 151 31 fracturada
774 240 82 31 desde
874 252 61 30 muy
950 251 81 31 pocos
1047 241 70 37 dias,

93 296 114 30 raerecia
222 306 76 20 sumo
311 296 115 30 cuidado
442 297 23 29 al
483 297 146 40 manejarlo
645 297 33 30 de
696 307 51 20 una
765 303 75 34 parle
856 299 14 28 á
883 303 66 24 olra.

134 354 121 39 Después
267 353 33 29 de
316 354 96 29 mucha
429 354 136 40 paciencia
582 365 49 30 por
645 359 108 25 nuestra
771 359 73 35 parle
855 378 5 11 ,
879 354 135 30 afectados
1031 365 49 30 por
1096 354 24 30 la

92 409 153 41 compasión
263 420 53 31 que
338 410 135 41 inspiraba
493 415 68 26 tanto
581 410 139 31 desvalido
735 436 5 10 ,
765 411 188 40 conseguimos
974 411 146 31 colocarlos

94 465 75 31 todos
184 466 267 31 convenientemente
464 492 5 10 ,
487 467 39 29 sin
543 476 53 32 que
612 466 148 31 recibieran
774 477 65 31 gran
852 467 147 40 quebranto
1012 478 45 19 sus
1071 467 49 30 do-

94 523 110 29 lencias.

136 581 55 30 Una
207 580 33 31 de
257 580 39 30 las
310 591 75 20 cosas
399 591 51 30 que
467 591 56 19 mas
540 582 123 39 procuré,
679 591 48 29 por
742 580 25 30 lo
784 591 52 30 que
852 580 33 30 de
899 581 36 30 mi
946 586 74 35 parte
1037 591 80 31 cupo,

94 637 43 31 fué
153 638 129 41 prodigar
297 638 25 30 el
338 648 92 32 mayor
445 637 116 31 cuidado
577 638 24 30 al
619 638 104 39 manejo
746 637 200 41 indispensable
962 648 52 30 que
1028 663 6 11 ,
1059 647 63 32 para

95 704 42 20 ser
152 695 166 30 conducidos
334 695 24 30 al
376 701 82 35 punió
471 695 32 29 de
517 706 30 18 su
564 695 125 29 curación
701 719 6 11 ,
725 705 53 30 que
794 704 63 20 eran
873 694 40 30 los
929 694 144 40 hospitales
1089 693 33 31 de

95 751 219 41 Constantinopla
328 776 6 10 ,
359 751 142 41 requerían
526 751 122 40 aquellos
669 749 199 41 desgraciados.
897 750 120 40 Algunos
1044 749 78 30 habia

95 819 52 32 que
162 834 5 11 ,
188 809 56 31 solo
261 820 44 19 sus
318 808 93 31 dulces
429 819 15 31 y
458 808 188 30 melancólicas
660 807 115 30 miradas
789 832 6 12 ,
820 818 33 30 ya
869 807 142 30 indicaban
1028 812 94 25 cuanto

95 865 225 41 agradecimiento
336 865 102 30 sentian
453 875 45 20 sus
511 874 143 21 corazones
667 864 24 30 al
704 873 76 21 verse
793 874 48 31 por
852 867 118 27 estraños
984 864 89 38 (como
1084 862 38 30 les

95 924 104 29 éramos
216 923 136 38 nosotros)
367 928 43 24 lan
427 921 60 30 bien
506 921 116 30 tratados
637 934 6 22 ;
663 932 16 29 y
695 920 118 41 aquello,
833 919 148 36 confesaré,
999 929 48 20 nos
1059 929 63 20 ser-

95 981 43 30 via
152 1005 7 12 ,
178 981 23 30 al
219 991 92 20 menos
322 982 14 29 á
349 981 36 29 mí
401 1005 6 11 ,
427 979 33 31 de
476 979 24 30 la
515 989 56 20 mas
587 978 126 41 lisonjera
730 988 171 31 recompensa
913 989 16 30 y
943 977 177 34 satisfacción;

95 1049 17 29 y
125 1048 52 20 aun
195 1038 52 40 hoy
263 1038 141 40 paréceme
418 1047 52 30 que
482 1036 86 30 siento
585 1046 34 20 un
634 1036 91 40 placer
740 1045 31 20 en
784 1034 180 40 consignarlo.

974 1922 26 27 ñ
