<?xml version="1.0" encoding="UTF-8"?>
<alto xmlns:xsi="http://www.w3.org/2001/XMLSchema-instance" xsi:noNamespaceSchemaLocation="http://www.bl.uk/schemas/alto/alto-1-4.xsd" xmlns:xlink="http://www.w3.org/1999/xlink">
	<Description>
		<MeasurementUnit>mm10</MeasurementUnit>
		<sourceImageInformation>
			<fileName>//head1/IN/2008-26/A0011736599/009183.jp2</fileName>
		</sourceImageInformation>
		<OCRProcessing ID="OCRPROCESSING_1">
			<preProcessingStep>
				<processingSoftware>
					<softwareCreator>CCS Content Conversion Specialists GmbH, Germany</softwareCreator>
					<softwareName>CCS docWORKS</softwareName>
					<softwareVersion>6.1-0.67</softwareVersion>
				</processingSoftware>
			</preProcessingStep>
			<ocrProcessingStep>
				<processingSoftware>
					<softwareCreator>ABBYY (BIT Software), Russia</softwareCreator>
					<softwareName>Finereader</softwareName>
				</processingSoftware>
			</ocrProcessingStep>
		</OCRProcessing>
	</Description>
	<Styles>
		<TextStyle ID="TXT_0" FONTSIZE="10" FONTFAMILY="Courier New"/>
		<TextStyle ID="TXT_1" FONTSIZE="9" FONTFAMILY="Courier New"/>
		<ParagraphStyle ID="PAR_LEFT" ALIGN="Left"/>
		<ParagraphStyle ID="PAR_CENTER" ALIGN="Center"/>
	</Styles>
	<Layout>
		<Page ID="P131" PHYSICAL_IMG_NR="131" HEIGHT="2180" WIDTH="1241" PRINTED_IMG_NR="123" POSITION="Right" ACCURACY="76.97">
			<TopMargin ID="P131_TM00001" HPOS="0" VPOS="0" WIDTH="1241" HEIGHT="148">
				<TextBlock ID="P131_TB00001" HPOS="503" VPOS="118" WIDTH="182" HEIGHT="28" STYLEREFS="TXT_0 PAR_LEFT">
					<TextLine ID="P131_TL00001" HPOS="503" VPOS="118" WIDTH="182" HEIGHT="28">
						<String ID="P131_ST00001" HPOS="503" VPOS="118" WIDTH="182" HEIGHT="28" CONTENT="123" WC="1.00" CC="000"/>
					</TextLine>
				</TextBlock>
			</TopMargin>
			<LeftMargin ID="P131_LM00001" HPOS="0" VPOS="148" WIDTH="74" HEIGHT="1971"/>
			<RightMargin ID="P131_RM00001" HPOS="1115" VPOS="148" WIDTH="126" HEIGHT="1971"/>
			<BottomMargin ID="P131_BM00001" HPOS="0" VPOS="2119" WIDTH="1241" HEIGHT="61"/>
			<PrintSpace ID="P131_PS00001" HPOS="74" VPOS="148" WIDTH="1041" HEIGHT="1971">
				<TextBlock ID="P131_TB00002" HPOS="83" VPOS="181" WIDTH="1026" HEIGHT="44" STYLEREFS="TXT_1 PAR_CENTER">
					<TextLine ID="P131_TL00002" HPOS="85" VPOS="181" WIDTH="1024" HEIGHT="44">
						<String ID="P131_ST00002" HPOS="85" VPOS="181" WIDTH="33" HEIGHT="32" CONTENT="de" WC="1.00" CC="00"/>
						<SP ID="P131_SP00001" HPOS="118" VPOS="213" WIDTH="20"/>
						<String ID="P131_ST00003" HPOS="138" VPOS="187" WIDTH="109" HEIGHT="26" CONTENT="nuestra" WC="0.49" CC="6706462"/>
						<SP ID="P131_SP00002" HPOS="247" VPOS="213" WIDTH="31"/>
						<String ID="P131_ST00004" HPOS="278" VPOS="183" WIDTH="120" HEIGHT="41" CONTENT="posición" WC="0.63" CC="97700130"/>
						<SP ID="P131_SP00003" HPOS="398" VPOS="224" WIDTH="16"/>
						<String ID="P131_ST00005" HPOS="414" VPOS="208" WIDTH="6" HEIGHT="10" CONTENT="," WC="1.00" CC="0"/>
						<SP ID="P131_SP00004" HPOS="420" VPOS="224" WIDTH="26"/>
						<String ID="P131_ST00006" HPOS="446" VPOS="194" WIDTH="16" HEIGHT="31" CONTENT="y" WC="1.00" CC="0"/>
						<SP ID="P131_SP00005" HPOS="462" VPOS="225" WIDTH="23"/>
						<String ID="P131_ST00007" HPOS="485" VPOS="182" WIDTH="98" HEIGHT="32" CONTENT="formar" WC="0.73" CC="270600"/>
						<SP ID="P131_SP00006" HPOS="583" VPOS="225" WIDTH="22"/>
						<String ID="P131_ST00008" HPOS="605" VPOS="188" WIDTH="128" HEIGHT="36" CONTENT="concepto" WC="0.59" CC="77604070"/>
						<SP ID="P131_SP00007" HPOS="733" VPOS="225" WIDTH="34"/>
						<String ID="P131_ST00009" HPOS="767" VPOS="183" WIDTH="32" HEIGHT="31" CONTENT="de" WC="0.94" CC="01"/>
						<SP ID="P131_SP00008" HPOS="799" VPOS="225" WIDTH="22"/>
						<String ID="P131_ST00010" HPOS="821" VPOS="184" WIDTH="80" HEIGHT="41" CONTENT="aquel" WC="0.63" CC="60811"/>
						<SP ID="P131_SP00009" HPOS="901" VPOS="225" WIDTH="31"/>
						<String ID="P131_ST00011" HPOS="932" VPOS="184" WIDTH="177" HEIGHT="41" CONTENT="espectáculo." WC="0.80" CC="520000006360"/>
					</TextLine>
				</TextBlock>
				<TextBlock ID="P131_TB00003" HPOS="80" VPOS="239" WIDTH="1034" HEIGHT="258" STYLEREFS="TXT_1 PAR_LEFT">
					<TextLine ID="P131_TL00003" HPOS="123" VPOS="240" WIDTH="990" HEIGHT="43">
						<String ID="P131_ST00012" HPOS="123" VPOS="241" WIDTH="36" HEIGHT="29" CONTENT="No" WC="0.80" CC="03"/>
						<SP ID="P131_SP00010" HPOS="159" VPOS="270" WIDTH="13"/>
						<String ID="P131_ST00013" HPOS="172" VPOS="241" WIDTH="58" HEIGHT="29" CONTENT="veía" WC="0.86" CC="0005"/>
						<SP ID="P131_SP00011" HPOS="230" VPOS="270" WIDTH="17"/>
						<String ID="P131_ST00014" HPOS="247" VPOS="241" WIDTH="55" HEIGHT="29" CONTENT="casi" WC="0.74" CC="0135"/>
						<SP ID="P131_SP00012" HPOS="302" VPOS="270" WIDTH="12"/>
						<String ID="P131_ST00015" HPOS="314" VPOS="250" WIDTH="57" HEIGHT="20" CONTENT="mas" WC="0.77" CC="060"/>
						<SP ID="P131_SP00013" HPOS="371" VPOS="270" WIDTH="17"/>
						<String ID="P131_ST00016" HPOS="388" VPOS="251" WIDTH="52" HEIGHT="30" CONTENT="que" WC="0.85" CC="040"/>
						<SP ID="P131_SP00014" HPOS="440" VPOS="281" WIDTH="13"/>
						<String ID="P131_ST00017" HPOS="453" VPOS="250" WIDTH="51" HEIGHT="20" CONTENT="una" WC="0.54" CC="246"/>
						<SP ID="P131_SP00015" HPOS="504" VPOS="281" WIDTH="18"/>
						<String ID="P131_ST00018" HPOS="522" VPOS="250" WIDTH="65" HEIGHT="31" CONTENT="pura" WC="0.70" CC="0506"/>
						<SP ID="P131_SP00016" HPOS="587" VPOS="281" WIDTH="18"/>
						<String ID="P131_ST00019" HPOS="605" VPOS="240" WIDTH="126" HEIGHT="30" CONTENT="blancura" WC="0.58" CC="55661800"/>
						<SP ID="P131_SP00017" HPOS="731" VPOS="281" WIDTH="14"/>
						<String ID="P131_ST00020" HPOS="745" VPOS="240" WIDTH="34" HEIGHT="30" CONTENT="do" WC="0.77" CC="04"/>
						<SP ID="P131_SP00018" HPOS="779" VPOS="281" WIDTH="14"/>
						<String ID="P131_ST00021" HPOS="793" VPOS="241" WIDTH="92" HEIGHT="40" CONTENT="quiera" WC="0.83" CC="050400"/>
						<SP ID="P131_SP00019" HPOS="885" VPOS="281" WIDTH="25"/>
						<String ID="P131_ST00022" HPOS="910" VPOS="252" WIDTH="54" HEIGHT="31" CONTENT="que" WC="0.52" CC="086"/>
						<SP ID="P131_SP00020" HPOS="964" VPOS="283" WIDTH="27"/>
						<String ID="P131_ST00023" HPOS="991" VPOS="247" WIDTH="122" HEIGHT="25" CONTENT="contem" SUBS_TYPE="HypPart1" SUBS_CONTENT="contemplase." WC="0.84" CC="0200042"/>
						<HYP CONTENT="-"/>
					</TextLine>
					<TextLine ID="P131_TL00004" HPOS="81" VPOS="296" WIDTH="1033" HEIGHT="45">
						<String ID="P131_ST00024" HPOS="81" VPOS="297" WIDTH="85" HEIGHT="40" CONTENT="plase." SUBS_TYPE="HypPart2" SUBS_CONTENT="contemplase." WC="0.78" CC="050501"/>
						<SP ID="P131_SP00021" HPOS="166" VPOS="337" WIDTH="20"/>
						<String ID="P131_ST00025" HPOS="186" VPOS="297" WIDTH="103" HEIGHT="35" CONTENT="Tierra," WC="0.82" CC="0270020"/>
						<SP ID="P131_SP00022" HPOS="289" VPOS="337" WIDTH="13"/>
						<String ID="P131_ST00026" HPOS="302" VPOS="297" WIDTH="138" HEIGHT="33" CONTENT="barracas," WC="0.57" CC="514660166"/>
						<SP ID="P131_SP00023" HPOS="440" VPOS="337" WIDTH="26"/>
						<String ID="P131_ST00027" HPOS="466" VPOS="297" WIDTH="110" HEIGHT="34" CONTENT="efectos," WC="0.65" CC="63008250"/>
						<SP ID="P131_SP00024" HPOS="576" VPOS="337" WIDTH="28"/>
						<String ID="P131_ST00028" HPOS="604" VPOS="296" WIDTH="117" HEIGHT="41" CONTENT="buques," WC="0.82" CC="4304000"/>
						<SP ID="P131_SP00025" HPOS="721" VPOS="337" WIDTH="20"/>
						<String ID="P131_ST00029" HPOS="741" VPOS="307" WIDTH="46" HEIGHT="19" CONTENT="sus" WC="0.83" CC="030"/>
						<SP ID="P131_SP00026" HPOS="787" VPOS="337" WIDTH="15"/>
						<String ID="P131_ST00030" HPOS="802" VPOS="297" WIDTH="74" HEIGHT="40" CONTENT="palos" WC="0.85" CC="00330"/>
						<SP ID="P131_SP00027" HPOS="876" VPOS="337" WIDTH="28"/>
						<String ID="P131_ST00031" HPOS="904" VPOS="308" WIDTH="17" HEIGHT="30" CONTENT="y" WC="1.00" CC="0"/>
						<SP ID="P131_SP00028" HPOS="921" VPOS="338" WIDTH="22"/>
						<String ID="P131_ST00032" HPOS="943" VPOS="297" WIDTH="127" HEIGHT="43" CONTENT="cordage," WC="0.67" CC="06405900"/>
						<SP ID="P131_SP00029" HPOS="1070" VPOS="340" WIDTH="26"/>
						<String ID="P131_ST00033" HPOS="1096" VPOS="309" WIDTH="18" HEIGHT="32" CONTENT="y" WC="0.56" CC="4"/>
					</TextLine>
					<TextLine ID="P131_TL00005" HPOS="81" VPOS="353" WIDTH="1031" HEIGHT="43">
						<String ID="P131_ST00034" HPOS="81" VPOS="353" WIDTH="76" HEIGHT="31" CONTENT="hasta" WC="0.65" CC="75500"/>
						<SP ID="P131_SP00030" HPOS="157" VPOS="384" WIDTH="12"/>
						<String ID="P131_ST00035" HPOS="169" VPOS="354" WIDTH="53" HEIGHT="30" CONTENT="casi" WC="0.85" CC="0500"/>
						<SP ID="P131_SP00031" HPOS="222" VPOS="384" WIDTH="17"/>
						<String ID="P131_ST00036" HPOS="239" VPOS="353" WIDTH="23" HEIGHT="31" CONTENT="el" WC="0.57" CC="25"/>
						<SP ID="P131_SP00032" HPOS="262" VPOS="384" WIDTH="18"/>
						<String ID="P131_ST00037" HPOS="280" VPOS="354" WIDTH="95" HEIGHT="30" CONTENT="mismo" WC="0.52" CC="00986"/>
						<SP ID="P131_SP00033" HPOS="375" VPOS="384" WIDTH="13"/>
						<String ID="P131_ST00038" HPOS="388" VPOS="363" WIDTH="56" HEIGHT="21" CONTENT="mar" WC="0.75" CC="700"/>
						<SP ID="P131_SP00034" HPOS="444" VPOS="384" WIDTH="12"/>
						<String ID="P131_ST00039" HPOS="456" VPOS="364" WIDTH="49" HEIGHT="32" CONTENT="por" WC="0.88" CC="030"/>
						<SP ID="P131_SP00035" HPOS="505" VPOS="396" WIDTH="11"/>
						<String ID="P131_ST00040" HPOS="516" VPOS="364" WIDTH="43" HEIGHT="20" CONTENT="ser" WC="1.00" CC="000"/>
						<SP ID="P131_SP00036" HPOS="559" VPOS="396" WIDTH="12"/>
						<String ID="P131_ST00041" HPOS="571" VPOS="353" WIDTH="23" HEIGHT="30" CONTENT="el" WC="0.40" CC="74"/>
						<SP ID="P131_SP00037" HPOS="594" VPOS="396" WIDTH="17"/>
						<String ID="P131_ST00042" HPOS="611" VPOS="354" WIDTH="80" HEIGHT="30" CONTENT="único" WC="0.76" CC="06005"/>
						<SP ID="P131_SP00038" HPOS="691" VPOS="396" WIDTH="17"/>
						<String ID="P131_ST00043" HPOS="708" VPOS="353" WIDTH="73" HEIGHT="31" CONTENT="color" WC="0.68" CC="06620"/>
						<SP ID="P131_SP00039" HPOS="781" VPOS="396" WIDTH="16"/>
						<String ID="P131_ST00044" HPOS="797" VPOS="364" WIDTH="51" HEIGHT="31" CONTENT="que" WC="0.72" CC="080"/>
						<SP ID="P131_SP00040" HPOS="848" VPOS="396" WIDTH="24"/>
						<String ID="P131_ST00045" HPOS="872" VPOS="355" WIDTH="142" HEIGHT="40" CONTENT="reflejaba;" WC="0.64" CC="4122505750"/>
						<SP ID="P131_SP00041" HPOS="1014" VPOS="396" WIDTH="19"/>
						<String ID="P131_ST00046" HPOS="1033" VPOS="355" WIDTH="79" HEIGHT="36" CONTENT="todo," WC="0.36" CC="55963"/>
					</TextLine>
					<TextLine ID="P131_TL00006" HPOS="82" VPOS="410" WIDTH="1032" HEIGHT="43">
						<String ID="P131_ST00047" HPOS="82" VPOS="416" WIDTH="181" HEIGHT="25" CONTENT="enteramente" WC="0.60" CC="03756613016"/>
						<SP ID="P131_SP00042" HPOS="263" VPOS="441" WIDTH="13"/>
						<String ID="P131_ST00048" HPOS="276" VPOS="411" WIDTH="72" HEIGHT="35" CONTENT="todo," WC="0.79" CC="61020"/>
						<SP ID="P131_SP00043" HPOS="348" VPOS="446" WIDTH="13"/>
						<String ID="P131_ST00049" HPOS="361" VPOS="412" WIDTH="123" HEIGHT="40" CONTENT="aparecía" WC="0.52" CC="40507685"/>
						<SP ID="P131_SP00044" HPOS="484" VPOS="452" WIDTH="11"/>
						<String ID="P131_ST00050" HPOS="495" VPOS="422" WIDTH="50" HEIGHT="20" CONTENT="con" WC="0.71" CC="026"/>
						<SP ID="P131_SP00045" HPOS="545" VPOS="452" WIDTH="14"/>
						<String ID="P131_ST00051" HPOS="559" VPOS="421" WIDTH="46" HEIGHT="21" CONTENT="ese" WC="1.00" CC="000"/>
						<SP ID="P131_SP00046" HPOS="605" VPOS="452" WIDTH="17"/>
						<String ID="P131_ST00052" HPOS="622" VPOS="412" WIDTH="63" HEIGHT="29" CONTENT="tinte" WC="0.76" CC="50500"/>
						<SP ID="P131_SP00047" HPOS="685" VPOS="452" WIDTH="15"/>
						<String ID="P131_ST00053" HPOS="700" VPOS="410" WIDTH="176" HEIGHT="41" CONTENT="blanquinoso" WC="0.50" CC="55460605495"/>
						<SP ID="P131_SP00048" HPOS="876" VPOS="452" WIDTH="24"/>
						<String ID="P131_ST00054" HPOS="900" VPOS="423" WIDTH="17" HEIGHT="30" CONTENT="y" WC="1.00" CC="0"/>
						<SP ID="P131_SP00049" HPOS="917" VPOS="453" WIDTH="17"/>
						<String ID="P131_ST00055" HPOS="934" VPOS="412" WIDTH="119" HEIGHT="31" CONTENT="sombrío" WC="0.71" CC="6160004"/>
						<SP ID="P131_SP00050" HPOS="1053" VPOS="453" WIDTH="28"/>
						<String ID="P131_ST00056" HPOS="1081" VPOS="412" WIDTH="33" HEIGHT="31" CONTENT="de" WC="0.89" CC="02"/>
					</TextLine>
					<TextLine ID="P131_TL00007" HPOS="82" VPOS="468" WIDTH="131" HEIGHT="29">
						<String ID="P131_ST00057" HPOS="82" VPOS="468" WIDTH="26" HEIGHT="29" CONTENT="la" WC="0.66" CC="24"/>
						<SP ID="P131_SP00051" HPOS="108" VPOS="497" WIDTH="17"/>
						<String ID="P131_ST00058" HPOS="125" VPOS="468" WIDTH="88" HEIGHT="29" CONTENT="nieve." WC="0.72" CC="600900"/>
					</TextLine>
				</TextBlock>
				<TextBlock ID="P131_TB00004" HPOS="82" VPOS="523" WIDTH="1032" HEIGHT="257" STYLEREFS="TXT_1 PAR_LEFT">
					<TextLine ID="P131_TL00008" HPOS="128" VPOS="523" WIDTH="986" HEIGHT="44">
						<String ID="P131_ST00059" HPOS="128" VPOS="523" WIDTH="125" HEIGHT="32" CONTENT="Sombrío" WC="0.71" CC="0705006"/>
						<SP ID="P131_SP00052" HPOS="253" VPOS="555" WIDTH="13"/>
						<String ID="P131_ST00060" HPOS="266" VPOS="524" WIDTH="74" HEIGHT="40" CONTENT="digo," WC="0.96" CC="01000"/>
						<SP ID="P131_SP00053" HPOS="340" VPOS="564" WIDTH="14"/>
						<String ID="P131_ST00061" HPOS="354" VPOS="534" WIDTH="102" HEIGHT="32" CONTENT="porque" WC="0.81" CC="040060"/>
						<SP ID="P131_SP00054" HPOS="456" VPOS="566" WIDTH="12"/>
						<String ID="P131_ST00062" HPOS="468" VPOS="534" WIDTH="96" HEIGHT="31" CONTENT="apesar" WC="0.73" CC="500243"/>
						<SP ID="P131_SP00055" HPOS="564" VPOS="566" WIDTH="15"/>
						<String ID="P131_ST00063" HPOS="579" VPOS="523" WIDTH="32" HEIGHT="31" CONTENT="de" WC="0.98" CC="00"/>
						<SP ID="P131_SP00056" HPOS="611" VPOS="566" WIDTH="14"/>
						<String ID="P131_ST00064" HPOS="625" VPOS="534" WIDTH="30" HEIGHT="20" CONTENT="su" WC="0.53" CC="35"/>
						<SP ID="P131_SP00057" HPOS="655" VPOS="566" WIDTH="17"/>
						<String ID="P131_ST00065" HPOS="672" VPOS="523" WIDTH="119" HEIGHT="31" CONTENT="radiante" WC="0.73" CC="02006640"/>
						<SP ID="P131_SP00058" HPOS="791" VPOS="566" WIDTH="15"/>
						<String ID="P131_ST00066" HPOS="806" VPOS="524" WIDTH="83" HEIGHT="37" CONTENT="color," WC="0.78" CC="015500"/>
						<SP ID="P131_SP00059" HPOS="889" VPOS="566" WIDTH="15"/>
						<String ID="P131_ST00067" HPOS="904" VPOS="524" WIDTH="24" HEIGHT="31" CONTENT="el" WC="0.82" CC="03"/>
						<SP ID="P131_SP00060" HPOS="928" VPOS="566" WIDTH="14"/>
						<String ID="P131_ST00068" HPOS="942" VPOS="530" WIDTH="106" HEIGHT="36" CONTENT="aspecto" WC="0.86" CC="0300040"/>
						<SP ID="P131_SP00061" HPOS="1048" VPOS="566" WIDTH="14"/>
						<String ID="P131_ST00069" HPOS="1062" VPOS="536" WIDTH="52" HEIGHT="31" CONTENT="que" WC="0.87" CC="030"/>
					</TextLine>
					<TextLine ID="P131_TL00009" HPOS="82" VPOS="581" WIDTH="1032" HEIGHT="42">
						<String ID="P131_ST00070" HPOS="82" VPOS="581" WIDTH="161" HEIGHT="42" CONTENT="presentaba" WC="0.50" CC="7637077900"/>
						<SP ID="P131_SP00062" HPOS="243" VPOS="623" WIDTH="17"/>
						<String ID="P131_ST00071" HPOS="260" VPOS="581" WIDTH="106" HEIGHT="41" CONTENT="aquella" WC="0.72" CC="4077000"/>
						<SP ID="P131_SP00063" HPOS="366" VPOS="623" WIDTH="19"/>
						<String ID="P131_ST00072" HPOS="385" VPOS="581" WIDTH="103" HEIGHT="30" CONTENT="nevada" WC="0.89" CC="000006"/>
						<SP ID="P131_SP00064" HPOS="488" VPOS="623" WIDTH="14"/>
						<String ID="P131_ST00073" HPOS="502" VPOS="606" WIDTH="6" HEIGHT="11" CONTENT="," WC="1.00" CC="0"/>
						<SP ID="P131_SP00065" HPOS="508" VPOS="623" WIDTH="25"/>
						<String ID="P131_ST00074" HPOS="533" VPOS="591" WIDTH="28" HEIGHT="20" CONTENT="se" WC="1.00" CC="00"/>
						<SP ID="P131_SP00066" HPOS="561" VPOS="623" WIDTH="17"/>
						<String ID="P131_ST00075" HPOS="578" VPOS="583" WIDTH="58" HEIGHT="29" CONTENT="veía" WC="0.80" CC="0420"/>
						<SP ID="P131_SP00067" HPOS="636" VPOS="623" WIDTH="16"/>
						<String ID="P131_ST00076" HPOS="652" VPOS="592" WIDTH="49" HEIGHT="30" CONTENT="por" WC="0.67" CC="054"/>
						<SP ID="P131_SP00068" HPOS="701" VPOS="623" WIDTH="21"/>
						<String ID="P131_ST00077" HPOS="722" VPOS="586" WIDTH="73" HEIGHT="25" CONTENT="entre" WC="0.82" CC="04040"/>
						<SP ID="P131_SP00069" HPOS="795" VPOS="623" WIDTH="19"/>
						<String ID="P131_ST00078" HPOS="814" VPOS="581" WIDTH="24" HEIGHT="30" CONTENT="el" WC="0.91" CC="01"/>
						<SP ID="P131_SP00070" HPOS="838" VPOS="623" WIDTH="16"/>
						<String ID="P131_ST00079" HPOS="854" VPOS="582" WIDTH="100" HEIGHT="40" CONTENT="prisma" WC="0.66" CC="040464"/>
						<SP ID="P131_SP00071" HPOS="954" VPOS="623" WIDTH="13"/>
						<String ID="P131_ST00080" HPOS="967" VPOS="582" WIDTH="43" HEIGHT="30" CONTENT="del" WC="0.77" CC="041"/>
						<SP ID="P131_SP00072" HPOS="1010" VPOS="623" WIDTH="21"/>
						<String ID="P131_ST00081" HPOS="1031" VPOS="588" WIDTH="83" HEIGHT="25" CONTENT="terror" WC="0.77" CC="300045"/>
					</TextLine>
					<TextLine ID="P131_TL00010" HPOS="83" VPOS="638" WIDTH="1031" HEIGHT="41">
						<String ID="P131_ST00082" HPOS="83" VPOS="649" WIDTH="52" HEIGHT="30" CONTENT="que" WC="0.57" CC="425"/>
						<SP ID="P131_SP00073" HPOS="135" VPOS="679" WIDTH="14"/>
						<String ID="P131_ST00083" HPOS="149" VPOS="638" WIDTH="94" HEIGHT="30" CONTENT="cubría" WC="0.91" CC="022000"/>
						<SP ID="P131_SP00074" HPOS="243" VPOS="679" WIDTH="13"/>
						<String ID="P131_ST00084" HPOS="256" VPOS="638" WIDTH="39" HEIGHT="29" CONTENT="los" WC="0.68" CC="026"/>
						<SP ID="P131_SP00075" HPOS="295" VPOS="679" WIDTH="11"/>
						<String ID="P131_ST00085" HPOS="306" VPOS="647" WIDTH="153" HEIGHT="21" CONTENT="corazones." WC="0.67" CC="6607540002"/>
						<SP ID="P131_SP00076" HPOS="459" VPOS="679" WIDTH="20"/>
						<String ID="P131_ST00086" HPOS="479" VPOS="639" WIDTH="54" HEIGHT="29" CONTENT="Con" WC="0.92" CC="020"/>
						<SP ID="P131_SP00077" HPOS="533" VPOS="679" WIDTH="25"/>
						<String ID="P131_ST00087" HPOS="558" VPOS="638" WIDTH="72" HEIGHT="36" CONTENT="todo," WC="0.91" CC="04000"/>
						<SP ID="P131_SP00078" HPOS="630" VPOS="679" WIDTH="15"/>
						<String ID="P131_ST00088" HPOS="645" VPOS="638" WIDTH="79" HEIGHT="40" CONTENT="aquel" WC="0.84" CC="20500"/>
						<SP ID="P131_SP00079" HPOS="724" VPOS="679" WIDTH="23"/>
						<String ID="P131_ST00089" HPOS="747" VPOS="638" WIDTH="168" HEIGHT="40" CONTENT="espectáculo" WC="0.78" CC="11001203515"/>
						<SP ID="P131_SP00080" HPOS="915" VPOS="679" WIDTH="23"/>
						<String ID="P131_ST00090" HPOS="938" VPOS="648" WIDTH="44" HEIGHT="20" CONTENT="era" WC="1.00" CC="000"/>
						<SP ID="P131_SP00081" HPOS="982" VPOS="679" WIDTH="27"/>
						<String ID="P131_ST00091" HPOS="1009" VPOS="649" WIDTH="48" HEIGHT="30" CONTENT="por" WC="0.77" CC="032"/>
						<SP ID="P131_SP00082" HPOS="1057" VPOS="679" WIDTH="26"/>
						<String ID="P131_ST00092" HPOS="1083" VPOS="650" WIDTH="31" HEIGHT="19" CONTENT="su" WC="0.61" CC="15"/>
					</TextLine>
					<TextLine ID="P131_TL00011" HPOS="84" VPOS="694" WIDTH="1030" HEIGHT="42">
						<String ID="P131_ST00093" HPOS="84" VPOS="694" WIDTH="202" HEIGHT="42" CONTENT="grandiosidad," WC="0.78" CC="0266045300000"/>
						<SP ID="P131_SP00083" HPOS="286" VPOS="736" WIDTH="17"/>
						<String ID="P131_ST00094" HPOS="303" VPOS="694" WIDTH="82" HEIGHT="41" CONTENT="digno" WC="0.89" CC="00005"/>
						<SP ID="P131_SP00084" HPOS="385" VPOS="736" WIDTH="12"/>
						<String ID="P131_ST00095" HPOS="397" VPOS="694" WIDTH="43" HEIGHT="30" CONTENT="del" WC="0.88" CC="030"/>
						<SP ID="P131_SP00085" HPOS="440" VPOS="736" WIDTH="12"/>
						<String ID="P131_ST00096" HPOS="452" VPOS="704" WIDTH="56" HEIGHT="20" CONTENT="mas" WC="0.48" CC="463"/>
						<SP ID="P131_SP00086" HPOS="508" VPOS="736" WIDTH="16"/>
						<String ID="P131_ST00097" HPOS="524" VPOS="694" WIDTH="122" HEIGHT="30" CONTENT="afamado" WC="0.75" CC="0050505"/>
						<SP ID="P131_SP00087" HPOS="646" VPOS="736" WIDTH="15"/>
						<String ID="P131_ST00098" HPOS="661" VPOS="694" WIDTH="87" HEIGHT="41" CONTENT="pincel" WC="0.77" CC="000075"/>
						<SP ID="P131_SP00088" HPOS="748" VPOS="736" WIDTH="13"/>
						<String ID="P131_ST00099" HPOS="761" VPOS="704" WIDTH="52" HEIGHT="30" CONTENT="que" WC="0.87" CC="030"/>
						<SP ID="P131_SP00089" HPOS="813" VPOS="736" WIDTH="13"/>
						<String ID="P131_ST00100" HPOS="826" VPOS="704" WIDTH="137" HEIGHT="20" CONTENT="recrearse" WC="0.83" CC="040003430"/>
						<SP ID="P131_SP00090" HPOS="963" VPOS="736" WIDTH="28"/>
						<String ID="P131_ST00101" HPOS="991" VPOS="705" WIDTH="74" HEIGHT="28" CONTENT="sepa," WC="0.77" CC="40600"/>
						<SP ID="P131_SP00091" HPOS="1065" VPOS="736" WIDTH="16"/>
						<String ID="P131_ST00102" HPOS="1081" VPOS="705" WIDTH="33" HEIGHT="20" CONTENT="en" WC="0.64" CC="07"/>
					</TextLine>
					<TextLine ID="P131_TL00012" HPOS="84" VPOS="751" WIDTH="349" HEIGHT="29">
						<String ID="P131_ST00103" HPOS="84" VPOS="751" WIDTH="79" HEIGHT="29" CONTENT="obras" WC="0.57" CC="64054"/>
						<SP ID="P131_SP00092" HPOS="163" VPOS="780" WIDTH="17"/>
						<String ID="P131_ST00104" HPOS="180" VPOS="751" WIDTH="33" HEIGHT="29" CONTENT="de" WC="0.99" CC="00"/>
						<SP ID="P131_SP00093" HPOS="213" VPOS="780" WIDTH="16"/>
						<String ID="P131_ST00105" HPOS="229" VPOS="751" WIDTH="24" HEIGHT="29" CONTENT="la" WC="0.75" CC="40"/>
						<SP ID="P131_SP00094" HPOS="253" VPOS="780" WIDTH="17"/>
						<String ID="P131_ST00106" HPOS="270" VPOS="751" WIDTH="163" HEIGHT="29" CONTENT="naturaleza." WC="0.75" CC="52073100140"/>
					</TextLine>
				</TextBlock>
				<TextBlock ID="P131_TB00005" HPOS="83" VPOS="806" WIDTH="1031" HEIGHT="210" STYLEREFS="TXT_1 PAR_LEFT">
					<TextLine ID="P131_TL00013" HPOS="126" VPOS="808" WIDTH="987" HEIGHT="41">
						<String ID="P131_ST00107" HPOS="126" VPOS="810" WIDTH="51" HEIGHT="28" CONTENT="Los" WC="0.43" CC="745"/>
						<SP ID="P131_SP00095" HPOS="177" VPOS="838" WIDTH="13"/>
						<String ID="P131_ST00108" HPOS="190" VPOS="808" WIDTH="107" HEIGHT="41" CONTENT="buques" WC="0.52" CC="780606"/>
						<SP ID="P131_SP00096" HPOS="297" VPOS="849" WIDTH="15"/>
						<String ID="P131_ST00109" HPOS="312" VPOS="818" WIDTH="51" HEIGHT="31" CONTENT="que" WC="0.82" CC="050"/>
						<SP ID="P131_SP00097" HPOS="363" VPOS="849" WIDTH="12"/>
						<String ID="P131_ST00110" HPOS="375" VPOS="818" WIDTH="27" HEIGHT="20" CONTENT="se" WC="0.96" CC="00"/>
						<SP ID="P131_SP00098" HPOS="402" VPOS="849" WIDTH="17"/>
						<String ID="P131_ST00111" HPOS="419" VPOS="808" WIDTH="179" HEIGHT="31" CONTENT="encontraban" WC="0.71" CC="06016100726"/>
						<SP ID="P131_SP00099" HPOS="598" VPOS="849" WIDTH="14"/>
						<String ID="P131_ST00112" HPOS="612" VPOS="808" WIDTH="199" HEIGHT="41" CONTENT="aguantándose" WC="0.63" CC="008465060470"/>
						<SP ID="P131_SP00100" HPOS="811" VPOS="849" WIDTH="13"/>
						<String ID="P131_ST00113" HPOS="824" VPOS="808" WIDTH="145" HEIGHT="31" CONTENT="fondeados" WC="0.69" CC="247004044"/>
						<SP ID="P131_SP00101" HPOS="969" VPOS="849" WIDTH="20"/>
						<String ID="P131_ST00114" HPOS="989" VPOS="810" WIDTH="14" HEIGHT="29" CONTENT="á" WC="1.00" CC="0"/>
						<SP ID="P131_SP00102" HPOS="1003" VPOS="849" WIDTH="23"/>
						<String ID="P131_ST00115" HPOS="1026" VPOS="808" WIDTH="87" HEIGHT="35" CONTENT="fuera," WC="0.84" CC="042000"/>
					</TextLine>
					<TextLine ID="P131_TL00014" HPOS="84" VPOS="864" WIDTH="1030" HEIGHT="42">
						<String ID="P131_ST00116" HPOS="84" VPOS="864" WIDTH="25" HEIGHT="30" CONTENT="al" WC="0.73" CC="05"/>
						<SP ID="P131_SP00103" HPOS="109" VPOS="894" WIDTH="15"/>
						<String ID="P131_ST00117" HPOS="124" VPOS="874" WIDTH="136" HEIGHT="20" CONTENT="asomarse" WC="0.67" CC="05362160"/>
						<SP ID="P131_SP00104" HPOS="260" VPOS="894" WIDTH="13"/>
						<String ID="P131_ST00118" HPOS="273" VPOS="864" WIDTH="24" HEIGHT="29" CONTENT="la" WC="0.72" CC="50"/>
						<SP ID="P131_SP00105" HPOS="297" VPOS="894" WIDTH="15"/>
						<String ID="P131_ST00119" HPOS="312" VPOS="864" WIDTH="118" HEIGHT="30" CONTENT="claridad" WC="0.86" CC="00203040"/>
						<SP ID="P131_SP00106" HPOS="430" VPOS="894" WIDTH="16"/>
						<String ID="P131_ST00120" HPOS="446" VPOS="864" WIDTH="44" HEIGHT="30" CONTENT="del" WC="1.00" CC="000"/>
						<SP ID="P131_SP00107" HPOS="490" VPOS="894" WIDTH="17"/>
						<String ID="P131_ST00121" HPOS="507" VPOS="865" WIDTH="42" HEIGHT="29" CONTENT="dia" WC="0.92" CC="002"/>
						<SP ID="P131_SP00108" HPOS="549" VPOS="894" WIDTH="14"/>
						<String ID="P131_ST00122" HPOS="563" VPOS="865" WIDTH="118" HEIGHT="30" CONTENT="arriaron" WC="0.62" CC="50562027"/>
						<SP ID="P131_SP00109" HPOS="681" VPOS="895" WIDTH="13"/>
						<String ID="P131_ST00123" HPOS="694" VPOS="876" WIDTH="48" HEIGHT="30" CONTENT="por" WC="0.69" CC="035"/>
						<SP ID="P131_SP00110" HPOS="742" VPOS="906" WIDTH="15"/>
						<String ID="P131_ST00124" HPOS="757" VPOS="865" WIDTH="42" HEIGHT="40" CONTENT="ojo" WC="0.85" CC="013"/>
						<SP ID="P131_SP00111" HPOS="799" VPOS="906" WIDTH="22"/>
						<String ID="P131_ST00125" HPOS="821" VPOS="876" WIDTH="44" HEIGHT="19" CONTENT="sus" WC="0.75" CC="070"/>
						<SP ID="P131_SP00112" HPOS="865" VPOS="906" WIDTH="24"/>
						<String ID="P131_ST00126" HPOS="889" VPOS="865" WIDTH="116" HEIGHT="30" CONTENT="cadenas" WC="0.71" CC="0402705"/>
						<String ID="P131_ST00127" HPOS="1019" VPOS="890" WIDTH="6" HEIGHT="10" CONTENT="," WC="1.00" CC="0"/>
						<SP ID="P131_SP00113" HPOS="1025" VPOS="906" WIDTH="21"/>
						<String ID="P131_ST00128" HPOS="1046" VPOS="865" WIDTH="68" HEIGHT="29" CONTENT="diri" SUBS_TYPE="HypPart1" SUBS_CONTENT="dirigiéndose" WC="0.71" CC="00643"/>
						<HYP CONTENT="-"/>
					</TextLine>
					<TextLine ID="P131_TL00015" HPOS="86" VPOS="920" WIDTH="1028" HEIGHT="42">
						<String ID="P131_ST00129" HPOS="86" VPOS="920" WIDTH="128" HEIGHT="41" CONTENT="giéndose" SUBS_TYPE="HypPart2" SUBS_CONTENT="dirigiéndose" WC="0.69" CC="05070461"/>
						<SP ID="P131_SP00114" HPOS="214" VPOS="961" WIDTH="14"/>
						<String ID="P131_ST00130" HPOS="228" VPOS="920" WIDTH="13" HEIGHT="30" CONTENT="á" WC="1.00" CC="0"/>
						<SP ID="P131_SP00115" HPOS="241" VPOS="961" WIDTH="12"/>
						<String ID="P131_ST00131" HPOS="253" VPOS="920" WIDTH="60" HEIGHT="40" CONTENT="palo" WC="0.75" CC="0054"/>
						<SP ID="P131_SP00116" HPOS="313" VPOS="961" WIDTH="12"/>
						<String ID="P131_ST00132" HPOS="325" VPOS="931" WIDTH="61" HEIGHT="19" CONTENT="seco" WC="0.61" CC="9005"/>
						<SP ID="P131_SP00117" HPOS="386" VPOS="961" WIDTH="16"/>
						<String ID="P131_ST00133" HPOS="402" VPOS="920" WIDTH="24" HEIGHT="30" CONTENT="al" WC="0.72" CC="50"/>
						<SP ID="P131_SP00118" HPOS="426" VPOS="961" WIDTH="13"/>
						<String ID="P131_ST00134" HPOS="439" VPOS="920" WIDTH="93" HEIGHT="41" CONTENT="abrigo" WC="0.54" CC="550690"/>
						<SP ID="P131_SP00119" HPOS="532" VPOS="961" WIDTH="13"/>
						<String ID="P131_ST00135" HPOS="545" VPOS="920" WIDTH="42" HEIGHT="30" CONTENT="del" WC="1.00" CC="000"/>
						<SP ID="P131_SP00120" HPOS="587" VPOS="961" WIDTH="14"/>
						<String ID="P131_ST00136" HPOS="601" VPOS="926" WIDTH="103" HEIGHT="35" CONTENT="puerto," WC="0.76" CC="0050351"/>
						<SP ID="P131_SP00121" HPOS="704" VPOS="961" WIDTH="17"/>
						<String ID="P131_ST00137" HPOS="721" VPOS="931" WIDTH="33" HEIGHT="19" CONTENT="no" WC="0.30" CC="76"/>
						<SP ID="P131_SP00122" HPOS="754" VPOS="961" WIDTH="12"/>
						<String ID="P131_ST00138" HPOS="766" VPOS="920" WIDTH="118" HEIGHT="42" CONTENT="parando" WC="0.95" CC="0300000"/>
						<SP ID="P131_SP00123" HPOS="884" VPOS="962" WIDTH="11"/>
						<String ID="P131_ST00139" HPOS="895" VPOS="920" WIDTH="75" HEIGHT="31" CONTENT="hasla" WC="0.71" CC="40432"/>
						<SP ID="P131_SP00124" HPOS="970" VPOS="962" WIDTH="23"/>
						<String ID="P131_ST00140" HPOS="993" VPOS="930" WIDTH="77" HEIGHT="20" CONTENT="varar" WC="0.88" CC="02300"/>
						<SP ID="P131_SP00125" HPOS="1070" VPOS="962" WIDTH="13"/>
						<String ID="P131_ST00141" HPOS="1083" VPOS="930" WIDTH="31" HEIGHT="19" CONTENT="en" WC="0.67" CC="06"/>
					</TextLine>
					<TextLine ID="P131_TL00016" HPOS="88" VPOS="976" WIDTH="606" HEIGHT="40">
						<String ID="P131_ST00142" HPOS="88" VPOS="977" WIDTH="26" HEIGHT="30" CONTENT="lo" WC="0.72" CC="05"/>
						<SP ID="P131_SP00126" HPOS="114" VPOS="1007" WIDTH="12"/>
						<String ID="P131_ST00143" HPOS="126" VPOS="987" WIDTH="57" HEIGHT="20" CONTENT="mas" WC="0.46" CC="096"/>
						<SP ID="P131_SP00127" HPOS="183" VPOS="1007" WIDTH="17"/>
						<String ID="P131_ST00144" HPOS="200" VPOS="976" WIDTH="109" HEIGHT="30" CONTENT="interior" WC="0.70" CC="66014040"/>
						<SP ID="P131_SP00128" HPOS="309" VPOS="1007" WIDTH="13"/>
						<String ID="P131_ST00145" HPOS="322" VPOS="976" WIDTH="33" HEIGHT="30" CONTENT="de" WC="1.00" CC="00"/>
						<SP ID="P131_SP00129" HPOS="355" VPOS="1007" WIDTH="18"/>
						<String ID="P131_ST00146" HPOS="373" VPOS="976" WIDTH="23" HEIGHT="30" CONTENT="él" WC="0.92" CC="10"/>
						<SP ID="P131_SP00130" HPOS="396" VPOS="1007" WIDTH="17"/>
						<String ID="P131_ST00147" HPOS="413" VPOS="987" WIDTH="48" HEIGHT="29" CONTENT="por" WC="0.87" CC="030"/>
						<SP ID="P131_SP00131" HPOS="461" VPOS="1016" WIDTH="11"/>
						<String ID="P131_ST00148" HPOS="472" VPOS="976" WIDTH="62" HEIGHT="31" CONTENT="falla" WC="0.82" CC="00080"/>
						<SP ID="P131_SP00132" HPOS="534" VPOS="1016" WIDTH="17"/>
						<String ID="P131_ST00149" HPOS="551" VPOS="977" WIDTH="33" HEIGHT="30" CONTENT="de" WC="1.00" CC="00"/>
						<SP ID="P131_SP00133" HPOS="584" VPOS="1016" WIDTH="11"/>
						<String ID="P131_ST00150" HPOS="595" VPOS="977" WIDTH="99" HEIGHT="30" CONTENT="anclas." WC="0.87" CC="1200120"/>
					</TextLine>
				</TextBlock>
				<TextBlock ID="P131_TB00006" HPOS="81" VPOS="1032" WIDTH="1034" HEIGHT="155" STYLEREFS="TXT_1 PAR_LEFT">
					<TextLine ID="P131_TL00017" HPOS="123" VPOS="1033" WIDTH="992" HEIGHT="42">
						<String ID="P131_ST00151" HPOS="123" VPOS="1034" WIDTH="114" HEIGHT="41" CONTENT="Aquella" WC="0.90" CC="0010500"/>
						<SP ID="P131_SP00134" HPOS="237" VPOS="1075" WIDTH="18"/>
						<String ID="P131_ST00152" HPOS="255" VPOS="1038" WIDTH="110" HEIGHT="26" CONTENT="mañana" WC="0.83" CC="600030"/>
						<SP ID="P131_SP00135" HPOS="365" VPOS="1075" WIDTH="12"/>
						<String ID="P131_ST00153" HPOS="377" VPOS="1034" WIDTH="39" HEIGHT="30" CONTENT="los" WC="0.41" CC="566"/>
						<SP ID="P131_SP00136" HPOS="416" VPOS="1075" WIDTH="17"/>
						<String ID="P131_ST00154" HPOS="433" VPOS="1035" WIDTH="117" HEIGHT="40" CONTENT="trabajos" WC="0.87" CC="01340000"/>
						<SP ID="P131_SP00137" HPOS="550" VPOS="1075" WIDTH="13"/>
						<String ID="P131_ST00155" HPOS="563" VPOS="1045" WIDTH="28" HEIGHT="19" CONTENT="se" WC="1.00" CC="00"/>
						<SP ID="P131_SP00138" HPOS="591" VPOS="1075" WIDTH="18"/>
						<String ID="P131_ST00156" HPOS="609" VPOS="1035" WIDTH="176" HEIGHT="40" CONTENT="paralizaron," WC="0.79" CC="000000703670"/>
						<SP ID="P131_SP00139" HPOS="785" VPOS="1075" WIDTH="21"/>
						<String ID="P131_ST00157" HPOS="806" VPOS="1045" WIDTH="66" HEIGHT="30" CONTENT="pues" WC="0.92" CC="0101"/>
						<SP ID="P131_SP00140" HPOS="872" VPOS="1075" WIDTH="16"/>
						<String ID="P131_ST00158" HPOS="888" VPOS="1045" WIDTH="33" HEIGHT="19" CONTENT="no" WC="0.64" CC="24"/>
						<SP ID="P131_SP00141" HPOS="921" VPOS="1075" WIDTH="24"/>
						<String ID="P131_ST00159" HPOS="945" VPOS="1034" WIDTH="80" HEIGHT="30" CONTENT="habia" WC="0.75" CC="14014"/>
						<SP ID="P131_SP00142" HPOS="1025" VPOS="1075" WIDTH="21"/>
						<String ID="P131_ST00160" HPOS="1046" VPOS="1033" WIDTH="69" HEIGHT="31" CONTENT="alma" WC="0.77" CC="0620"/>
					</TextLine>
					<TextLine ID="P131_TL00018" HPOS="81" VPOS="1089" WIDTH="1034" HEIGHT="42">
						<String ID="P131_ST00161" HPOS="81" VPOS="1090" WIDTH="120" HEIGHT="29" CONTENT="viviente" WC="0.79" CC="04070400"/>
						<SP ID="P131_SP00143" HPOS="201" VPOS="1119" WIDTH="16"/>
						<String ID="P131_ST00162" HPOS="217" VPOS="1100" WIDTH="32" HEIGHT="19" CONTENT="en" WC="0.65" CC="06"/>
						<SP ID="P131_SP00144" HPOS="249" VPOS="1119" WIDTH="18"/>
						<String ID="P131_ST00163" HPOS="267" VPOS="1090" WIDTH="90" HEIGHT="35" CONTENT="tierra," WC="0.63" CC="4702621"/>
						<SP ID="P131_SP00145" HPOS="357" VPOS="1125" WIDTH="16"/>
						<String ID="P131_ST00164" HPOS="373" VPOS="1101" WIDTH="51" HEIGHT="29" CONTENT="que" WC="0.82" CC="050"/>
						<SP ID="P131_SP00146" HPOS="424" VPOS="1130" WIDTH="17"/>
						<String ID="P131_ST00165" HPOS="441" VPOS="1101" WIDTH="28" HEIGHT="19" CONTENT="se" WC="0.84" CC="30"/>
						<SP ID="P131_SP00147" HPOS="469" VPOS="1130" WIDTH="16"/>
						<String ID="P131_ST00166" HPOS="485" VPOS="1091" WIDTH="132" HEIGHT="29" CONTENT="atreviera" WC="0.81" CC="375000010"/>
						<SP ID="P131_SP00148" HPOS="617" VPOS="1130" WIDTH="17"/>
						<String ID="P131_ST00167" HPOS="634" VPOS="1092" WIDTH="14" HEIGHT="28" CONTENT="á" WC="0.61" CC="3"/>
						<SP ID="P131_SP00149" HPOS="648" VPOS="1130" WIDTH="16"/>
						<String ID="P131_ST00168" HPOS="664" VPOS="1100" WIDTH="108" HEIGHT="20" CONTENT="asomar" WC="0.84" CC="113030"/>
						<SP ID="P131_SP00150" HPOS="772" VPOS="1130" WIDTH="13"/>
						<String ID="P131_ST00169" HPOS="785" VPOS="1100" WIDTH="99" HEIGHT="31" CONTENT="apenas" WC="0.79" CC="002620"/>
						<SP ID="P131_SP00151" HPOS="884" VPOS="1131" WIDTH="14"/>
						<String ID="P131_ST00170" HPOS="898" VPOS="1101" WIDTH="29" HEIGHT="19" CONTENT="su" WC="0.66" CC="14"/>
						<SP ID="P131_SP00152" HPOS="927" VPOS="1131" WIDTH="17"/>
						<String ID="P131_ST00171" HPOS="944" VPOS="1090" WIDTH="98" HEIGHT="30" CONTENT="cabeza" WC="0.74" CC="055031"/>
						<SP ID="P131_SP00153" HPOS="1042" VPOS="1131" WIDTH="17"/>
						<String ID="P131_ST00172" HPOS="1059" VPOS="1089" WIDTH="56" HEIGHT="30" CONTENT="fue" SUBS_TYPE="HypPart1" SUBS_CONTENT="fuera" WC="0.85" CC="0401"/>
						<HYP CONTENT="-"/>
					</TextLine>
					<TextLine ID="P131_TL00019" HPOS="82" VPOS="1147" WIDTH="800" HEIGHT="40">
						<String ID="P131_ST00173" HPOS="82" VPOS="1156" WIDTH="29" HEIGHT="21" CONTENT="ra" SUBS_TYPE="HypPart2" SUBS_CONTENT="fuera" WC="0.90" CC="02"/>
						<SP ID="P131_SP00154" HPOS="111" VPOS="1177" WIDTH="17"/>
						<String ID="P131_ST00174" HPOS="128" VPOS="1147" WIDTH="33" HEIGHT="30" CONTENT="de" WC="1.00" CC="00"/>
						<SP ID="P131_SP00155" HPOS="161" VPOS="1177" WIDTH="14"/>
						<String ID="P131_ST00175" HPOS="175" VPOS="1158" WIDTH="31" HEIGHT="19" CONTENT="su" WC="0.65" CC="33"/>
						<SP ID="P131_SP00156" HPOS="206" VPOS="1177" WIDTH="13"/>
						<String ID="P131_ST00176" HPOS="219" VPOS="1147" WIDTH="83" HEIGHT="40" CONTENT="pobre" WC="0.83" CC="01510"/>
						<SP ID="P131_SP00157" HPOS="302" VPOS="1187" WIDTH="13"/>
						<String ID="P131_ST00177" HPOS="315" VPOS="1147" WIDTH="95" HEIGHT="40" CONTENT="hogar." WC="0.77" CC="640020"/>
						<SP ID="P131_SP00158" HPOS="410" VPOS="1187" WIDTH="17"/>
						<String ID="P131_ST00178" HPOS="427" VPOS="1147" WIDTH="74" HEIGHT="29" CONTENT="Todo" WC="0.71" CC="0505"/>
						<SP ID="P131_SP00159" HPOS="501" VPOS="1187" WIDTH="17"/>
						<String ID="P131_ST00179" HPOS="518" VPOS="1147" WIDTH="75" HEIGHT="40" CONTENT="yacía" WC="0.76" CC="53002"/>
						<SP ID="P131_SP00160" HPOS="593" VPOS="1187" WIDTH="16"/>
						<String ID="P131_ST00180" HPOS="609" VPOS="1147" WIDTH="143" HEIGHT="30" CONTENT="silencioso" WC="0.79" CC="6005000411"/>
						<SP ID="P131_SP00161" HPOS="752" VPOS="1187" WIDTH="14"/>
						<String ID="P131_ST00181" HPOS="766" VPOS="1158" WIDTH="17" HEIGHT="29" CONTENT="y" WC="1.00" CC="0"/>
						<SP ID="P131_SP00162" HPOS="783" VPOS="1187" WIDTH="14"/>
						<String ID="P131_ST00182" HPOS="797" VPOS="1147" WIDTH="85" HEIGHT="30" CONTENT="triste." WC="0.81" CC="5004020"/>
					</TextLine>
				</TextBlock>
				<TextBlock ID="P131_TB00007" HPOS="79" VPOS="1201" WIDTH="1036" HEIGHT="328" STYLEREFS="TXT_1 PAR_LEFT">
					<TextLine ID="P131_TL00020" HPOS="124" VPOS="1202" WIDTH="991" HEIGHT="42">
						<String ID="P131_ST00183" HPOS="124" VPOS="1205" WIDTH="56" HEIGHT="29" CONTENT="Fué" WC="0.67" CC="450"/>
						<SP ID="P131_SP00163" HPOS="180" VPOS="1234" WIDTH="13"/>
						<String ID="P131_ST00184" HPOS="193" VPOS="1203" WIDTH="34" HEIGHT="31" CONTENT="de" WC="1.00" CC="00"/>
						<SP ID="P131_SP00164" HPOS="227" VPOS="1234" WIDTH="16"/>
						<String ID="P131_ST00185" HPOS="243" VPOS="1213" WIDTH="66" HEIGHT="31" CONTENT="gran" WC="0.72" CC="0037"/>
						<SP ID="P131_SP00165" HPOS="309" VPOS="1244" WIDTH="17"/>
						<String ID="P131_ST00186" HPOS="326" VPOS="1208" WIDTH="89" HEIGHT="25" CONTENT="suerte" WC="0.76" CC="180300"/>
						<SP ID="P131_SP00166" HPOS="415" VPOS="1244" WIDTH="22"/>
						<String ID="P131_ST00187" HPOS="437" VPOS="1213" WIDTH="53" HEIGHT="31" CONTENT="que" WC="0.83" CC="050"/>
						<SP ID="P131_SP00167" HPOS="490" VPOS="1244" WIDTH="17"/>
						<String ID="P131_ST00188" HPOS="507" VPOS="1202" WIDTH="136" HEIGHT="31" CONTENT="declinara" WC="0.77" CC="000506520"/>
						<SP ID="P131_SP00168" HPOS="643" VPOS="1244" WIDTH="28"/>
						<String ID="P131_ST00189" HPOS="671" VPOS="1203" WIDTH="24" HEIGHT="30" CONTENT="la" WC="0.70" CC="50"/>
						<SP ID="P131_SP00169" HPOS="695" VPOS="1244" WIDTH="26"/>
						<String ID="P131_ST00190" HPOS="721" VPOS="1202" WIDTH="68" HEIGHT="31" CONTENT="furia" WC="0.65" CC="07305"/>
						<SP ID="P131_SP00170" HPOS="789" VPOS="1244" WIDTH="16"/>
						<String ID="P131_ST00191" HPOS="805" VPOS="1202" WIDTH="43" HEIGHT="31" CONTENT="del" WC="1.00" CC="000"/>
						<SP ID="P131_SP00171" HPOS="848" VPOS="1244" WIDTH="17"/>
						<String ID="P131_ST00192" HPOS="865" VPOS="1203" WIDTH="89" HEIGHT="30" CONTENT="viento" WC="0.78" CC="050501"/>
						<SP ID="P131_SP00172" HPOS="954" VPOS="1244" WIDTH="24"/>
						<String ID="P131_ST00193" HPOS="978" VPOS="1203" WIDTH="14" HEIGHT="29" CONTENT="á" WC="1.00" CC="0"/>
						<SP ID="P131_SP00173" HPOS="992" VPOS="1244" WIDTH="17"/>
						<String ID="P131_ST00194" HPOS="1009" VPOS="1202" WIDTH="106" HEIGHT="30" CONTENT="medida" WC="0.61" CC="009409"/>
					</TextLine>
					<TextLine ID="P131_TL00021" HPOS="81" VPOS="1259" WIDTH="1034" HEIGHT="43">
						<String ID="P131_ST00195" HPOS="81" VPOS="1272" WIDTH="53" HEIGHT="30" CONTENT="que" WC="0.79" CC="060"/>
						<SP ID="P131_SP00174" HPOS="134" VPOS="1302" WIDTH="17"/>
						<String ID="P131_ST00196" HPOS="151" VPOS="1262" WIDTH="23" HEIGHT="29" CONTENT="el" WC="1.00" CC="00"/>
						<SP ID="P131_SP00175" HPOS="174" VPOS="1302" WIDTH="15"/>
						<String ID="P131_ST00197" HPOS="189" VPOS="1262" WIDTH="39" HEIGHT="29" CONTENT="sol" WC="0.63" CC="352"/>
						<SP ID="P131_SP00176" HPOS="228" VPOS="1302" WIDTH="13"/>
						<String ID="P131_ST00198" HPOS="241" VPOS="1272" WIDTH="29" HEIGHT="19" CONTENT="se" WC="0.99" CC="00"/>
						<SP ID="P131_SP00177" HPOS="270" VPOS="1302" WIDTH="14"/>
						<String ID="P131_ST00199" HPOS="284" VPOS="1261" WIDTH="112" HEIGHT="30" CONTENT="elevaba" WC="0.90" CC="0040020"/>
						<SP ID="P131_SP00178" HPOS="396" VPOS="1302" WIDTH="16"/>
						<String ID="P131_ST00200" HPOS="412" VPOS="1261" WIDTH="75" HEIGHT="30" CONTENT="hacia" WC="0.86" CC="60000"/>
						<SP ID="P131_SP00179" HPOS="487" VPOS="1302" WIDTH="17"/>
						<String ID="P131_ST00201" HPOS="504" VPOS="1261" WIDTH="24" HEIGHT="29" CONTENT="el" WC="0.71" CC="05"/>
						<SP ID="P131_SP00180" HPOS="528" VPOS="1302" WIDTH="13"/>
						<String ID="P131_ST00202" HPOS="541" VPOS="1260" WIDTH="159" HEIGHT="36" CONTENT="meridiano," WC="0.71" CC="6300004562"/>
						<SP ID="P131_SP00181" HPOS="700" VPOS="1302" WIDTH="16"/>
						<String ID="P131_ST00203" HPOS="716" VPOS="1260" WIDTH="142" HEIGHT="41" CONTENT="quedando" WC="0.92" CC="00000006"/>
						<SP ID="P131_SP00182" HPOS="858" VPOS="1302" WIDTH="12"/>
						<String ID="P131_ST00204" HPOS="870" VPOS="1259" WIDTH="186" HEIGHT="42" CONTENT="amortiguado" WC="0.72" CC="65100094002"/>
						<SP ID="P131_SP00183" HPOS="1056" VPOS="1302" WIDTH="14"/>
						<String ID="P131_ST00205" HPOS="1070" VPOS="1259" WIDTH="45" HEIGHT="30" CONTENT="del" WC="0.88" CC="030"/>
					</TextLine>
					<TextLine ID="P131_TL00022" HPOS="81" VPOS="1315" WIDTH="1033" HEIGHT="44">
						<String ID="P131_ST00206" HPOS="81" VPOS="1318" WIDTH="63" HEIGHT="31" CONTENT="todo" WC="0.84" CC="1004"/>
						<SP ID="P131_SP00184" HPOS="144" VPOS="1349" WIDTH="17"/>
						<String ID="P131_ST00207" HPOS="161" VPOS="1329" WIDTH="16" HEIGHT="30" CONTENT="y" WC="1.00" CC="0"/>
						<SP ID="P131_SP00185" HPOS="177" VPOS="1359" WIDTH="13"/>
						<String ID="P131_ST00208" HPOS="190" VPOS="1318" WIDTH="117" HEIGHT="31" CONTENT="cesando" WC="0.73" CC="0064601"/>
						<SP ID="P131_SP00186" HPOS="307" VPOS="1359" WIDTH="16"/>
						<String ID="P131_ST00209" HPOS="323" VPOS="1318" WIDTH="33" HEIGHT="29" CONTENT="de" WC="1.00" CC="00"/>
						<SP ID="P131_SP00187" HPOS="356" VPOS="1359" WIDTH="13"/>
						<String ID="P131_ST00210" HPOS="369" VPOS="1327" WIDTH="93" HEIGHT="26" CONTENT="nevar," WC="0.70" CC="742030"/>
						<SP ID="P131_SP00188" HPOS="462" VPOS="1359" WIDTH="16"/>
						<String ID="P131_ST00211" HPOS="478" VPOS="1317" WIDTH="24" HEIGHT="29" CONTENT="al" WC="0.75" CC="13"/>
						<SP ID="P131_SP00189" HPOS="502" VPOS="1359" WIDTH="17"/>
						<String ID="P131_ST00212" HPOS="519" VPOS="1327" WIDTH="139" HEIGHT="20" CONTENT="comenzar" WC="0.60" CC="04605266"/>
						<SP ID="P131_SP00190" HPOS="658" VPOS="1359" WIDTH="13"/>
						<String ID="P131_ST00213" HPOS="671" VPOS="1318" WIDTH="13" HEIGHT="29" CONTENT="á" WC="1.00" CC="0"/>
						<SP ID="P131_SP00191" HPOS="684" VPOS="1359" WIDTH="16"/>
						<String ID="P131_ST00214" HPOS="700" VPOS="1317" WIDTH="149" HEIGHT="30" CONTENT="descender" WC="0.82" CC="004007004"/>
						<SP ID="P131_SP00192" HPOS="849" VPOS="1359" WIDTH="21"/>
						<String ID="P131_ST00215" HPOS="870" VPOS="1317" WIDTH="23" HEIGHT="30" CONTENT="el" WC="0.89" CC="20"/>
						<SP ID="P131_SP00193" HPOS="893" VPOS="1359" WIDTH="17"/>
						<String ID="P131_ST00216" HPOS="910" VPOS="1322" WIDTH="71" HEIGHT="24" CONTENT="astro" WC="0.58" CC="04736"/>
						<SP ID="P131_SP00194" HPOS="981" VPOS="1359" WIDTH="16"/>
						<String ID="P131_ST00217" HPOS="997" VPOS="1316" WIDTH="76" HEIGHT="30" CONTENT="hacia" WC="0.63" CC="75005"/>
						<SP ID="P131_SP00195" HPOS="1073" VPOS="1359" WIDTH="16"/>
						<String ID="P131_ST00218" HPOS="1089" VPOS="1315" WIDTH="25" HEIGHT="31" CONTENT="el" WC="0.80" CC="04"/>
					</TextLine>
					<TextLine ID="P131_TL00023" HPOS="84" VPOS="1373" WIDTH="1031" HEIGHT="44">
						<String ID="P131_ST00219" HPOS="84" VPOS="1376" WIDTH="137" HEIGHT="30" CONTENT="horizonte" WC="0.57" CC="710725346"/>
						<SP ID="P131_SP00196" HPOS="221" VPOS="1406" WIDTH="14"/>
						<String ID="P131_ST00220" HPOS="235" VPOS="1390" WIDTH="6" HEIGHT="21" CONTENT=";" WC="0.63" CC="3"/>
						<SP ID="P131_SP00197" HPOS="241" VPOS="1411" WIDTH="27"/>
						<String ID="P131_ST00221" HPOS="268" VPOS="1386" WIDTH="50" HEIGHT="31" CONTENT="por" WC="0.79" CC="050"/>
						<SP ID="P131_SP00198" HPOS="318" VPOS="1417" WIDTH="20"/>
						<String ID="P131_ST00222" HPOS="338" VPOS="1384" WIDTH="108" HEIGHT="21" CONTENT="manera" WC="0.67" CC="077031"/>
						<SP ID="P131_SP00199" HPOS="446" VPOS="1417" WIDTH="16"/>
						<String ID="P131_ST00223" HPOS="462" VPOS="1384" WIDTH="52" HEIGHT="32" CONTENT="que" WC="0.85" CC="040"/>
						<SP ID="P131_SP00200" HPOS="514" VPOS="1417" WIDTH="17"/>
						<String ID="P131_ST00224" HPOS="531" VPOS="1379" WIDTH="75" HEIGHT="25" CONTENT="antes" WC="0.76" CC="00604"/>
						<SP ID="P131_SP00201" HPOS="606" VPOS="1417" WIDTH="13"/>
						<String ID="P131_ST00225" HPOS="619" VPOS="1373" WIDTH="32" HEIGHT="31" CONTENT="de" WC="1.00" CC="00"/>
						<SP ID="P131_SP00202" HPOS="651" VPOS="1417" WIDTH="14"/>
						<String ID="P131_ST00226" HPOS="665" VPOS="1374" WIDTH="150" HEIGHT="30" CONTENT="concluirse" WC="0.76" CC="2040507040"/>
						<SP ID="P131_SP00203" HPOS="815" VPOS="1417" WIDTH="13"/>
						<String ID="P131_ST00227" HPOS="828" VPOS="1373" WIDTH="23" HEIGHT="31" CONTENT="el" WC="0.86" CC="02"/>
						<SP ID="P131_SP00204" HPOS="851" VPOS="1417" WIDTH="14"/>
						<String ID="P131_ST00228" HPOS="865" VPOS="1373" WIDTH="127" HEIGHT="30" CONTENT="ofuscado" WC="0.74" CC="30250404"/>
						<SP ID="P131_SP00205" HPOS="992" VPOS="1417" WIDTH="15"/>
						<String ID="P131_ST00229" HPOS="1007" VPOS="1373" WIDTH="55" HEIGHT="36" CONTENT="dia," WC="1.00" CC="0000"/>
						<SP ID="P131_SP00206" HPOS="1062" VPOS="1417" WIDTH="19"/>
						<String ID="P131_ST00230" HPOS="1081" VPOS="1382" WIDTH="34" HEIGHT="31" CONTENT="ya" WC="1.00" CC="00"/>
					</TextLine>
					<TextLine ID="P131_TL00024" HPOS="80" VPOS="1430" WIDTH="1034" HEIGHT="44">
						<String ID="P131_ST00231" HPOS="80" VPOS="1433" WIDTH="73" HEIGHT="41" CONTENT="pudo" WC="0.61" CC="9104"/>
						<SP ID="P131_SP00207" HPOS="153" VPOS="1474" WIDTH="17"/>
						<String ID="P131_ST00232" HPOS="170" VPOS="1432" WIDTH="61" HEIGHT="30" CONTENT="todo" WC="0.57" CC="4605"/>
						<SP ID="P131_SP00208" HPOS="231" VPOS="1474" WIDTH="17"/>
						<String ID="P131_ST00233" HPOS="248" VPOS="1433" WIDTH="23" HEIGHT="29" CONTENT="el" WC="0.88" CC="02"/>
						<SP ID="P131_SP00209" HPOS="271" VPOS="1474" WIDTH="19"/>
						<String ID="P131_ST00234" HPOS="290" VPOS="1431" WIDTH="100" HEIGHT="31" CONTENT="mundo" WC="0.72" CC="03405"/>
						<SP ID="P131_SP00210" HPOS="390" VPOS="1474" WIDTH="15"/>
						<String ID="P131_ST00235" HPOS="405" VPOS="1440" WIDTH="140" HEIGHT="33" CONTENT="repararse" WC="0.80" CC="500610400"/>
						<SP ID="P131_SP00211" HPOS="545" VPOS="1474" WIDTH="14"/>
						<String ID="P131_ST00236" HPOS="559" VPOS="1433" WIDTH="15" HEIGHT="27" CONTENT="ó" WC="0.36" CC="6"/>
						<SP ID="P131_SP00212" HPOS="574" VPOS="1474" WIDTH="15"/>
						<String ID="P131_ST00237" HPOS="589" VPOS="1440" WIDTH="145" HEIGHT="32" CONTENT="reponerse" WC="0.79" CC="020070350"/>
						<SP ID="P131_SP00213" HPOS="734" VPOS="1474" WIDTH="11"/>
						<String ID="P131_ST00238" HPOS="745" VPOS="1430" WIDTH="33" HEIGHT="30" CONTENT="de" WC="1.00" CC="00"/>
						<SP ID="P131_SP00214" HPOS="778" VPOS="1474" WIDTH="17"/>
						<String ID="P131_ST00239" HPOS="795" VPOS="1430" WIDTH="39" HEIGHT="30" CONTENT="las" WC="0.89" CC="030"/>
						<SP ID="P131_SP00215" HPOS="834" VPOS="1474" WIDTH="15"/>
						<String ID="P131_ST00240" HPOS="849" VPOS="1430" WIDTH="96" HEIGHT="41" CONTENT="fatigas" WC="0.87" CC="1000052"/>
						<SP ID="P131_SP00216" HPOS="945" VPOS="1474" WIDTH="17"/>
						<String ID="P131_ST00241" HPOS="962" VPOS="1440" WIDTH="18" HEIGHT="31" CONTENT="y" WC="1.00" CC="0"/>
						<SP ID="P131_SP00217" HPOS="980" VPOS="1474" WIDTH="13"/>
						<String ID="P131_ST00242" HPOS="993" VPOS="1439" WIDTH="121" HEIGHT="31" CONTENT="percan" SUBS_TYPE="HypPart1" SUBS_CONTENT="percances" WC="0.85" CC="0000460"/>
						<HYP CONTENT="-"/>
					</TextLine>
					<TextLine ID="P131_TL00025" HPOS="80" VPOS="1486" WIDTH="841" HEIGHT="43">
						<String ID="P131_ST00243" HPOS="80" VPOS="1500" WIDTH="45" HEIGHT="20" CONTENT="ces" SUBS_TYPE="HypPart2" SUBS_CONTENT="percances" WC="1.00" CC="000"/>
						<SP ID="P131_SP00218" HPOS="125" VPOS="1520" WIDTH="17"/>
						<String ID="P131_ST00244" HPOS="142" VPOS="1500" WIDTH="52" HEIGHT="29" CONTENT="que" WC="0.78" CC="060"/>
						<SP ID="P131_SP00219" HPOS="194" VPOS="1529" WIDTH="17"/>
						<String ID="P131_ST00245" HPOS="211" VPOS="1489" WIDTH="155" HEIGHT="30" CONTENT="ocasionara" WC="0.86" CC="6000300400"/>
						<SP ID="P131_SP00220" HPOS="366" VPOS="1529" WIDTH="16"/>
						<String ID="P131_ST00246" HPOS="382" VPOS="1488" WIDTH="79" HEIGHT="40" CONTENT="aquel" WC="0.62" CC="60406"/>
						<SP ID="P131_SP00221" HPOS="461" VPOS="1529" WIDTH="15"/>
						<String ID="P131_ST00247" HPOS="476" VPOS="1487" WIDTH="127" HEIGHT="30" CONTENT="señalado" WC="0.80" CC="30403400"/>
						<SP ID="P131_SP00222" HPOS="603" VPOS="1529" WIDTH="16"/>
						<String ID="P131_ST00248" HPOS="619" VPOS="1486" WIDTH="108" HEIGHT="31" CONTENT="desmán" WC="0.62" CC="014644"/>
						<SP ID="P131_SP00223" HPOS="727" VPOS="1529" WIDTH="15"/>
						<String ID="P131_ST00249" HPOS="742" VPOS="1486" WIDTH="179" HEIGHT="31" CONTENT="atmosférico." WC="0.81" CC="050640000050"/>
					</TextLine>
				</TextBlock>
				<TextBlock ID="P131_TB00008" HPOS="74" VPOS="1542" WIDTH="1040" HEIGHT="388" STYLEREFS="TXT_1 PAR_LEFT">
					<TextLine ID="P131_TL00026" HPOS="121" VPOS="1543" WIDTH="993" HEIGHT="42">
						<String ID="P131_ST00250" HPOS="121" VPOS="1546" WIDTH="33" HEIGHT="30" CONTENT="Al" WC="0.79" CC="04"/>
						<SP ID="P131_SP00224" HPOS="154" VPOS="1576" WIDTH="15"/>
						<String ID="P131_ST00251" HPOS="169" VPOS="1550" WIDTH="56" HEIGHT="26" CONTENT="olro" WC="0.60" CC="5604"/>
						<SP ID="P131_SP00225" HPOS="225" VPOS="1576" WIDTH="15"/>
						<String ID="P131_ST00252" HPOS="240" VPOS="1545" WIDTH="43" HEIGHT="30" CONTENT="dia" WC="0.76" CC="033"/>
						<SP ID="P131_SP00226" HPOS="283" VPOS="1576" WIDTH="15"/>
						<String ID="P131_ST00253" HPOS="298" VPOS="1550" WIDTH="71" HEIGHT="25" CONTENT="oíros" WC="0.75" CC="07004"/>
						<SP ID="P131_SP00227" HPOS="369" VPOS="1576" WIDTH="13"/>
						<String ID="P131_ST00254" HPOS="382" VPOS="1544" WIDTH="138" HEIGHT="41" CONTENT="disgustos" WC="0.59" CC="025074746"/>
						<SP ID="P131_SP00228" HPOS="520" VPOS="1585" WIDTH="16"/>
						<String ID="P131_ST00255" HPOS="536" VPOS="1555" WIDTH="4" HEIGHT="19" CONTENT=":" WC="0.31" CC="6"/>
						<SP ID="P131_SP00229" HPOS="540" VPOS="1585" WIDTH="18"/>
						<String ID="P131_ST00256" HPOS="558" VPOS="1543" WIDTH="40" HEIGHT="30" CONTENT="los" WC="0.42" CC="466"/>
						<SP ID="P131_SP00230" HPOS="598" VPOS="1585" WIDTH="17"/>
						<String ID="P131_ST00257" HPOS="615" VPOS="1543" WIDTH="48" HEIGHT="30" CONTENT="dos" WC="0.62" CC="910"/>
						<SP ID="P131_SP00231" HPOS="663" VPOS="1585" WIDTH="13"/>
						<String ID="P131_ST00258" HPOS="676" VPOS="1543" WIDTH="135" HEIGHT="41" CONTENT="capitanes" WC="0.79" CC="300205006"/>
						<SP ID="P131_SP00232" HPOS="811" VPOS="1585" WIDTH="14"/>
						<String ID="P131_ST00259" HPOS="825" VPOS="1543" WIDTH="168" HEIGHT="41" CONTENT="napolitanos" WC="0.72" CC="50005004642"/>
						<SP ID="P131_SP00233" HPOS="993" VPOS="1585" WIDTH="16"/>
						<String ID="P131_ST00260" HPOS="1009" VPOS="1553" WIDTH="49" HEIGHT="19" CONTENT="nos" WC="0.53" CC="760"/>
						<SP ID="P131_SP00234" HPOS="1058" VPOS="1585" WIDTH="16"/>
						<String ID="P131_ST00261" HPOS="1074" VPOS="1552" WIDTH="40" HEIGHT="20" CONTENT="re" SUBS_TYPE="HypPart1" SUBS_CONTENT="reclamaban" WC="0.82" CC="500"/>
						<HYP CONTENT="-"/>
					</TextLine>
					<TextLine ID="P131_TL00027" HPOS="77" VPOS="1599" WIDTH="1034" HEIGHT="43">
						<String ID="P131_ST00262" HPOS="77" VPOS="1603" WIDTH="139" HEIGHT="31" CONTENT="clamaban" SUBS_TYPE="HypPart2" SUBS_CONTENT="reclamaban" WC="0.82" CC="00060007"/>
						<SP ID="P131_SP00235" HPOS="216" VPOS="1634" WIDTH="12"/>
						<String ID="P131_ST00263" HPOS="228" VPOS="1602" WIDTH="212" HEIGHT="31" CONTENT="indemnización" WC="0.73" CC="7300764040000"/>
						<SP ID="P131_SP00236" HPOS="440" VPOS="1634" WIDTH="11"/>
						<String ID="P131_ST00264" HPOS="451" VPOS="1601" WIDTH="33" HEIGHT="31" CONTENT="de" WC="1.00" CC="00"/>
						<SP ID="P131_SP00237" HPOS="484" VPOS="1634" WIDTH="13"/>
						<String ID="P131_ST00265" HPOS="497" VPOS="1601" WIDTH="38" HEIGHT="31" CONTENT="las" WC="0.72" CC="206"/>
						<SP ID="P131_SP00238" HPOS="535" VPOS="1634" WIDTH="11"/>
						<String ID="P131_ST00266" HPOS="546" VPOS="1602" WIDTH="105" HEIGHT="30" CONTENT="averías" WC="0.89" CC="4003000"/>
						<SP ID="P131_SP00239" HPOS="651" VPOS="1634" WIDTH="10"/>
						<String ID="P131_ST00267" HPOS="661" VPOS="1611" WIDTH="53" HEIGHT="31" CONTENT="que" WC="0.92" CC="020"/>
						<SP ID="P131_SP00240" HPOS="714" VPOS="1642" WIDTH="13"/>
						<String ID="P131_ST00268" HPOS="727" VPOS="1605" WIDTH="122" HEIGHT="25" CONTENT="nuestras" WC="0.68" CC="65005043"/>
						<SP ID="P131_SP00241" HPOS="849" VPOS="1642" WIDTH="15"/>
						<String ID="P131_ST00269" HPOS="864" VPOS="1600" WIDTH="133" HEIGHT="30" CONTENT="escaleras" WC="0.90" CC="000000205"/>
						<SP ID="P131_SP00242" HPOS="997" VPOS="1642" WIDTH="12"/>
						<String ID="P131_ST00270" HPOS="1009" VPOS="1600" WIDTH="39" HEIGHT="30" CONTENT="les" WC="0.98" CC="000"/>
						<SP ID="P131_SP00243" HPOS="1048" VPOS="1642" WIDTH="14"/>
						<String ID="P131_ST00271" HPOS="1062" VPOS="1599" WIDTH="49" HEIGHT="31" CONTENT="ha" SUBS_TYPE="HypPart1" SUBS_CONTENT="habían" WC="0.64" CC="640"/>
						<HYP CONTENT="-"/>
					</TextLine>
					<TextLine ID="P131_TL00028" HPOS="76" VPOS="1657" WIDTH="1037" HEIGHT="42">
						<String ID="P131_ST00272" HPOS="76" VPOS="1660" WIDTH="64" HEIGHT="32" CONTENT="bían" SUBS_TYPE="HypPart2" SUBS_CONTENT="habían" WC="0.68" CC="7410"/>
						<SP ID="P131_SP00244" HPOS="140" VPOS="1692" WIDTH="17"/>
						<String ID="P131_ST00273" HPOS="157" VPOS="1660" WIDTH="129" HEIGHT="36" CONTENT="causado," WC="0.85" CC="00610030"/>
						<SP ID="P131_SP00245" HPOS="286" VPOS="1696" WIDTH="27"/>
						<String ID="P131_ST00274" HPOS="313" VPOS="1659" WIDTH="169" HEIGHT="31" CONTENT="fundándose" WC="0.79" CC="2560000400"/>
						<SP ID="P131_SP00246" HPOS="482" VPOS="1696" WIDTH="14"/>
						<String ID="P131_ST00275" HPOS="496" VPOS="1670" WIDTH="32" HEIGHT="19" CONTENT="en" WC="0.82" CC="03"/>
						<SP ID="P131_SP00247" HPOS="528" VPOS="1696" WIDTH="21"/>
						<String ID="P131_ST00276" HPOS="549" VPOS="1669" WIDTH="52" HEIGHT="30" CONTENT="que" WC="0.86" CC="021"/>
						<SP ID="P131_SP00248" HPOS="601" VPOS="1699" WIDTH="14"/>
						<String ID="P131_ST00277" HPOS="615" VPOS="1659" WIDTH="56" HEIGHT="29" CONTENT="está" WC="0.86" CC="3020"/>
						<SP ID="P131_SP00249" HPOS="671" VPOS="1699" WIDTH="17"/>
						<String ID="P131_ST00278" HPOS="688" VPOS="1658" WIDTH="141" HEIGHT="41" CONTENT="prohibido" WC="0.80" CC="080052001"/>
						<SP ID="P131_SP00250" HPOS="829" VPOS="1699" WIDTH="18"/>
						<String ID="P131_ST00279" HPOS="847" VPOS="1657" WIDTH="127" HEIGHT="31" CONTENT="llevarlas" WC="0.93" CC="000000401"/>
						<SP ID="P131_SP00251" HPOS="974" VPOS="1699" WIDTH="17"/>
						<String ID="P131_ST00280" HPOS="991" VPOS="1662" WIDTH="43" HEIGHT="26" CONTENT="tan" WC="0.67" CC="027"/>
						<SP ID="P131_SP00252" HPOS="1034" VPOS="1699" WIDTH="25"/>
						<String ID="P131_ST00281" HPOS="1059" VPOS="1659" WIDTH="54" HEIGHT="29" CONTENT="fir" SUBS_TYPE="HypPart1" SUBS_CONTENT="firmes." WC="0.95" CC="0002"/>
						<HYP CONTENT="-"/>
					</TextLine>
					<TextLine ID="P131_TL00029" HPOS="77" VPOS="1713" WIDTH="1036" HEIGHT="44">
						<String ID="P131_ST00282" HPOS="77" VPOS="1728" WIDTH="68" HEIGHT="21" CONTENT="mes." SUBS_TYPE="HypPart2" SUBS_CONTENT="firmes." WC="0.83" CC="6000"/>
						<SP ID="P131_SP00253" HPOS="145" VPOS="1749" WIDTH="19"/>
						<String ID="P131_ST00283" HPOS="164" VPOS="1720" WIDTH="123" HEIGHT="28" CONTENT="Nosotros" WC="0.45" CC="96335455"/>
						<SP ID="P131_SP00254" HPOS="287" VPOS="1749" WIDTH="17"/>
						<String ID="P131_ST00284" HPOS="304" VPOS="1727" WIDTH="48" HEIGHT="20" CONTENT="nos" WC="0.98" CC="000"/>
						<SP ID="P131_SP00255" HPOS="352" VPOS="1749" WIDTH="16"/>
						<String ID="P131_ST00285" HPOS="368" VPOS="1716" WIDTH="169" HEIGHT="31" CONTENT="defendimos" WC="0.70" CC="0700607043"/>
						<SP ID="P131_SP00256" HPOS="537" VPOS="1749" WIDTH="14"/>
						<String ID="P131_ST00286" HPOS="551" VPOS="1715" WIDTH="191" HEIGHT="42" CONTENT="apoyándonos" WC="0.80" CC="00400305053"/>
						<SP ID="P131_SP00257" HPOS="742" VPOS="1757" WIDTH="14"/>
						<String ID="P131_ST00287" HPOS="756" VPOS="1725" WIDTH="32" HEIGHT="19" CONTENT="en" WC="0.69" CC="32"/>
						<SP ID="P131_SP00258" HPOS="788" VPOS="1757" WIDTH="17"/>
						<String ID="P131_ST00288" HPOS="805" VPOS="1725" WIDTH="53" HEIGHT="29" CONTENT="que" WC="0.99" CC="000"/>
						<SP ID="P131_SP00259" HPOS="858" VPOS="1757" WIDTH="13"/>
						<String ID="P131_ST00289" HPOS="871" VPOS="1714" WIDTH="66" HEIGHT="30" CONTENT="ellos" WC="0.85" CC="00015"/>
						<SP ID="P131_SP00260" HPOS="937" VPOS="1757" WIDTH="18"/>
						<String ID="P131_ST00290" HPOS="955" VPOS="1724" WIDTH="33" HEIGHT="20" CONTENT="no" WC="0.64" CC="70"/>
						<SP ID="P131_SP00261" HPOS="988" VPOS="1757" WIDTH="14"/>
						<String ID="P131_ST00291" HPOS="1002" VPOS="1713" WIDTH="111" HEIGHT="31" CONTENT="estaban" WC="0.81" CC="0000607"/>
					</TextLine>
					<TextLine ID="P131_TL00030" HPOS="77" VPOS="1771" WIDTH="1033" HEIGHT="44">
						<String ID="P131_ST00292" HPOS="77" VPOS="1776" WIDTH="154" HEIGHT="30" CONTENT="amarrados" WC="0.90" CC="040000040"/>
						<SP ID="P131_SP00262" HPOS="231" VPOS="1806" WIDTH="12"/>
						<String ID="P131_ST00293" HPOS="243" VPOS="1785" WIDTH="32" HEIGHT="20" CONTENT="en" WC="0.66" CC="06"/>
						<SP ID="P131_SP00263" HPOS="275" VPOS="1806" WIDTH="16"/>
						<String ID="P131_ST00294" HPOS="291" VPOS="1775" WIDTH="87" HEIGHT="40" CONTENT="regla," WC="0.80" CC="230500"/>
						<SP ID="P131_SP00264" HPOS="378" VPOS="1815" WIDTH="19"/>
						<String ID="P131_ST00295" HPOS="397" VPOS="1785" WIDTH="16" HEIGHT="30" CONTENT="y" WC="1.00" CC="0"/>
						<SP ID="P131_SP00265" HPOS="413" VPOS="1815" WIDTH="14"/>
						<String ID="P131_ST00296" HPOS="427" VPOS="1784" WIDTH="53" HEIGHT="31" CONTENT="que" WC="0.85" CC="040"/>
						<SP ID="P131_SP00266" HPOS="480" VPOS="1815" WIDTH="10"/>
						<String ID="P131_ST00297" HPOS="490" VPOS="1773" WIDTH="58" HEIGHT="31" CONTENT="solo" WC="0.61" CC="0662"/>
						<SP ID="P131_SP00267" HPOS="548" VPOS="1815" WIDTH="13"/>
						<String ID="P131_ST00298" HPOS="561" VPOS="1774" WIDTH="13" HEIGHT="30" CONTENT="á" WC="1.00" CC="0"/>
						<SP ID="P131_SP00268" HPOS="574" VPOS="1815" WIDTH="17"/>
						<String ID="P131_ST00299" HPOS="591" VPOS="1783" WIDTH="46" HEIGHT="21" CONTENT="eso" WC="0.65" CC="045"/>
						<SP ID="P131_SP00269" HPOS="637" VPOS="1815" WIDTH="15"/>
						<String ID="P131_ST00300" HPOS="652" VPOS="1772" WIDTH="79" HEIGHT="31" CONTENT="habia" WC="0.66" CC="70702"/>
						<SP ID="P131_SP00270" HPOS="731" VPOS="1815" WIDTH="17"/>
						<String ID="P131_ST00301" HPOS="748" VPOS="1782" WIDTH="52" HEIGHT="32" CONTENT="que" WC="0.81" CC="050"/>
						<SP ID="P131_SP00271" HPOS="800" VPOS="1815" WIDTH="18"/>
						<String ID="P131_ST00302" HPOS="818" VPOS="1771" WIDTH="113" HEIGHT="32" CONTENT="atribuir" WC="0.62" CC="56030354"/>
						<SP ID="P131_SP00272" HPOS="931" VPOS="1815" WIDTH="16"/>
						<String ID="P131_ST00303" HPOS="947" VPOS="1771" WIDTH="23" HEIGHT="31" CONTENT="la" WC="0.75" CC="04"/>
						<SP ID="P131_SP00273" HPOS="970" VPOS="1815" WIDTH="11"/>
						<String ID="P131_ST00304" HPOS="981" VPOS="1771" WIDTH="129" HEIGHT="36" CONTENT="colisión;" WC="0.60" CC="005078454"/>
					</TextLine>
					<TextLine ID="P131_TL00031" HPOS="76" VPOS="1829" WIDTH="1036" HEIGHT="45">
						<String ID="P131_ST00305" HPOS="76" VPOS="1843" WIDTH="17" HEIGHT="31" CONTENT="y" WC="0.18" CC="8"/>
						<SP ID="P131_SP00274" HPOS="93" VPOS="1874" WIDTH="12"/>
						<String ID="P131_ST00306" HPOS="105" VPOS="1843" WIDTH="76" HEIGHT="21" CONTENT="como" WC="0.67" CC="0363"/>
						<SP ID="P131_SP00275" HPOS="181" VPOS="1874" WIDTH="13"/>
						<String ID="P131_ST00307" HPOS="194" VPOS="1832" WIDTH="66" HEIGHT="32" CONTENT="cada" WC="0.64" CC="0391"/>
						<SP ID="P131_SP00276" HPOS="260" VPOS="1874" WIDTH="21"/>
						<String ID="P131_ST00308" HPOS="281" VPOS="1832" WIDTH="60" HEIGHT="31" CONTENT="cual" WC="0.64" CC="0743"/>
						<SP ID="P131_SP00277" HPOS="341" VPOS="1874" WIDTH="18"/>
						<String ID="P131_ST00309" HPOS="359" VPOS="1831" WIDTH="109" HEIGHT="41" CONTENT="edujera" WC="0.82" CC="0050510"/>
						<SP ID="P131_SP00278" HPOS="468" VPOS="1874" WIDTH="28"/>
						<String ID="P131_ST00310" HPOS="496" VPOS="1841" WIDTH="101" HEIGHT="20" CONTENT="nuevas" WC="0.74" CC="710006"/>
						<SP ID="P131_SP00279" HPOS="597" VPOS="1874" WIDTH="28"/>
						<String ID="P131_ST00311" HPOS="625" VPOS="1830" WIDTH="246" HEIGHT="35" CONTENT="recriminaciones," WC="0.77" CC="4004207400043600"/>
						<SP ID="P131_SP00280" HPOS="871" VPOS="1874" WIDTH="20"/>
						<String ID="P131_ST00312" HPOS="891" VPOS="1829" WIDTH="79" HEIGHT="30" CONTENT="debió" WC="0.86" CC="00015"/>
						<SP ID="P131_SP00281" HPOS="970" VPOS="1874" WIDTH="18"/>
						<String ID="P131_ST00313" HPOS="988" VPOS="1829" WIDTH="86" HEIGHT="41" CONTENT="llegar" WC="0.71" CC="440052"/>
						<SP ID="P131_SP00282" HPOS="1074" VPOS="1874" WIDTH="13"/>
						<String ID="P131_ST00314" HPOS="1087" VPOS="1830" WIDTH="25" HEIGHT="29" CONTENT="el" WC="1.00" CC="00"/>
					</TextLine>
					<TextLine ID="P131_TL00032" HPOS="76" VPOS="1887" WIDTH="1036" HEIGHT="43">
						<String ID="P131_ST00315" HPOS="76" VPOS="1890" WIDTH="83" HEIGHT="40" CONTENT="pleito" WC="0.63" CC="035444"/>
						<SP ID="P131_SP00283" HPOS="159" VPOS="1930" WIDTH="16"/>
						<String ID="P131_ST00316" HPOS="175" VPOS="1901" WIDTH="32" HEIGHT="20" CONTENT="en" WC="0.75" CC="04"/>
						<SP ID="P131_SP00284" HPOS="207" VPOS="1930" WIDTH="14"/>
						<String ID="P131_ST00317" HPOS="221" VPOS="1899" WIDTH="93" HEIGHT="21" CONTENT="manos" WC="0.67" CC="00555"/>
						<SP ID="P131_SP00285" HPOS="314" VPOS="1930" WIDTH="12"/>
						<String ID="P131_ST00318" HPOS="326" VPOS="1889" WIDTH="33" HEIGHT="31" CONTENT="de" WC="1.00" CC="00"/>
						<SP ID="P131_SP00286" HPOS="359" VPOS="1930" WIDTH="16"/>
						<String ID="P131_ST00319" HPOS="375" VPOS="1888" WIDTH="40" HEIGHT="31" CONTENT="los" WC="0.64" CC="045"/>
						<SP ID="P131_SP00287" HPOS="415" VPOS="1930" WIDTH="13"/>
						<String ID="P131_ST00320" HPOS="428" VPOS="1888" WIDTH="166" HEIGHT="42" CONTENT="respectivos" WC="0.80" CC="00500062060"/>
						<SP ID="P131_SP00288" HPOS="594" VPOS="1930" WIDTH="13"/>
						<String ID="P131_ST00321" HPOS="607" VPOS="1887" WIDTH="126" HEIGHT="32" CONTENT="cónsules" WC="0.85" CC="00043300"/>
						<SP ID="P131_SP00289" HPOS="733" VPOS="1930" WIDTH="12"/>
						<String ID="P131_ST00322" HPOS="745" VPOS="1898" WIDTH="32" HEIGHT="20" CONTENT="en" WC="1.00" CC="00"/>
						<SP ID="P131_SP00290" HPOS="777" VPOS="1930" WIDTH="15"/>
						<String ID="P131_ST00323" HPOS="792" VPOS="1887" WIDTH="218" HEIGHT="42" CONTENT="Constantinopla" WC="0.71" CC="00006725062025"/>
						<SP ID="P131_SP00291" HPOS="1010" VPOS="1930" WIDTH="15"/>
						<String ID="P131_ST00324" HPOS="1025" VPOS="1900" WIDTH="6" HEIGHT="24" CONTENT=";" WC="1.00" CC="0"/>
						<SP ID="P131_SP00292" HPOS="1031" VPOS="1930" WIDTH="17"/>
						<String ID="P131_ST00325" HPOS="1048" VPOS="1897" WIDTH="64" HEIGHT="31" CONTENT="pero" WC="0.60" CC="7053"/>
					</TextLine>
				</TextBlock>
			</PrintSpace>
		</Page>
	</Layout>
</alto>
