1241 2180
513 127 179 28 181

91 197 46 26 ro,
155 194 76 24 anles
247 189 33 29 de
301 190 141 40 proseguir
454 201 30 19 en
499 190 51 30 ella
565 215 6 10 ,
589 191 80 30 hacer
682 192 121 30 mención
828 191 32 31 de
877 202 49 21 una
941 193 174 41 parliculari-

91 244 50 31 dad
157 256 51 29 que
224 245 143 31 observara
382 247 112 30 durante
510 248 23 29 el
553 248 96 40 tiempo
665 258 51 30 que
739 250 208 38 permanecimos
959 250 153 30 sondeados.

134 304 58 40 Hay
209 313 53 30 que
279 302 117 31 advertir
414 305 114 39 primero
543 329 6 10 ,
577 315 52 30 que
650 315 48 19 con
715 305 24 29 el
756 306 89 29 viento
857 306 130 30 contrarío
1004 317 32 19 no
1051 317 66 29 pue-

92 359 52 30 den
172 360 38 29 los
234 360 105 41 buques
356 361 32 29 de
406 361 58 29 vela
479 361 183 29 remontarlos
680 361 178 36 Dardanelos,
875 373 49 30 por
938 368 91 31 tener,
1047 363 70 31 ade-

94 417 57 30 más
163 416 41 30 del
225 417 89 29 viento
328 442 6 9 ,
350 417 22 30 la
388 417 184 30 contrariedad
587 417 33 30 de
637 417 37 30 las
689 424 141 34 perpetuas
845 420 154 29 corrientes.

136 476 101 28 Parece
253 485 52 30 que
323 474 38 30 los
375 473 58 31 dias
459 476 145 28 anteriores
617 474 23 30 al
655 485 31 19 en
698 486 52 29 que
764 475 129 40 llegamos
906 482 124 24 entonces
1046 477 12 29 á
1075 477 45 29 di-

94 532 51 30 cho
158 543 80 29 paso,
262 532 79 30 habia
355 532 109 30 reinado
477 542 32 19 en
523 532 22 29 él
562 532 21 29 la
597 543 63 29 muy
681 537 135 25 constante
839 532 70 31 brisa
934 532 41 31 del
990 536 91 32 Norte,
1105 545 17 31 y

95 588 80 31 habia
191 588 125 31 detenido
339 590 13 28 á
379 588 111 30 muchos
506 587 33 31 de
553 588 39 30 los
618 587 103 42 buques
746 589 114 30 devela.
886 592 77 28 Enlre
978 596 68 24 eslos
1071 601 52 30 que

96 645 193 41 aguardaban,
311 656 17 30 y
350 645 38 30 los
400 656 53 28 que
467 645 75 30 hacia
555 645 101 30 recalar
669 645 23 30 el
710 646 88 29 viento
814 646 22 29 al
854 645 147 30 cambiarse
1013 646 23 30 al
1058 648 62 34 Sur,

96 703 94 29 fueron
215 702 117 40 pasando
349 702 96 29 Ínterin
462 702 153 30 estábamos
637 702 145 30 sondeados
799 713 54 19 mas
865 703 32 30 de
915 704 69 29 200.
1001 703 122 30 Tainísi-

96 769 58 21 mas
168 759 88 35 velas,
276 769 67 31 pues
358 783 6 11 ,
396 769 52 20 una
466 764 52 24 tras
535 764 55 25 olra
605 758 140 41 impelidas
762 769 47 31 por
824 759 21 30 la
864 758 85 31 fuerza
963 759 41 30 del
1024 760 97 35 viento,

97 817 123 41 aquellos
236 816 59 30 dias
307 815 137 31 favorable
461 815 23 31 al
507 825 63 31 paso
582 815 42 30 del
637 815 75 31 canal
723 841 6 11 ,
748 826 33 20 no
794 817 122 39 parecían
930 816 57 30 sino
1000 826 48 20 una
1060 826 63 28 pro-

98 874 90 31 cesión
205 873 32 30 de
252 873 153 30 fantasmas.
421 873 97 34 Todas,
538 883 106 30 empero
657 897 6 10 ,
679 872 108 30 estando
803 872 148 30 adornadas
966 883 48 19 con
1030 873 22 29 la
1069 882 55 20 en-

102 935 64 27 seña
179 930 34 30 de
231 930 38 29 las
284 930 164 40 respectivas
472 929 126 30 naciones
619 929 13 30 á
647 940 51 30 que
710 929 168 41 pertenecían
894 954 6 10 ,
915 929 73 30 bacía
1006 940 51 29 que
1070 929 56 29 ad-

100 989 136 40 quiriesen
255 988 83 29 cierlo
354 985 162 32 encantador
542 985 129 31 atractivo
687 985 23 30 al
741 985 139 31 detenerse
900 986 14 29 á
937 985 186 31 examinarlas.

101 1046 82 28 Tanla
208 1043 138 41 profusión
364 1054 15 30 y
398 1042 124 31 variedad
538 1042 32 30 de
587 1042 131 30 banderas
731 1067 6 9 ,
753 1051 33 20 no
803 1052 28 19 se
847 1041 67 31 debe
927 1052 81 30 poner
1024 1052 31 20 en
1068 1042 58 30 du-

101 1102 34 30 da
149 1128 6 8 ,
184 1112 50 30 que
263 1101 74 29 fuese
350 1111 31 19 en
400 1106 114 24 eslremo
534 1099 136 29 hermoso.
689 1101 65 27 Esos
772 1098 154 41 pabellones
942 1098 60 30 iban
1016 1098 110 40 desple-

99 1158 86 42 gados
199 1183 6 11 ,
220 1164 125 24 entonces
359 1182 6 10 ,
380 1167 61 31 para
454 1162 106 24 acatar
572 1156 23 29 el
615 1155 83 41 poder
714 1155 32 30 de
766 1155 39 29 las
820 1154 138 30 fortalezas
970 1165 52 30 que
1038 1164 88 31 guar-

102 1227 83 19 necen
200 1215 92 29 ambas
309 1215 91 29 orillas
417 1213 42 30 del
472 1214 109 38 antiguo
594 1212 174 40 Helesponto.

144 1274 81 29 Hasia
251 1272 85 39 llegar
351 1272 14 29 á
383 1271 77 29 Malta
473 1272 117 37 ninguna
614 1268 120 31 novedad
751 1269 113 29 luvimos
879 1293 6 11 ,
903 1269 21 29 si
941 1274 184 35 escepluamos

103 1331 24 29 el
145 1329 189 31 fallecimiento
351 1327 32 31 de
400 1327 49 29 dos
472 1327 107 29 heridos
596 1336 56 19 mas
665 1325 33 30 de
712 1326 37 29 los
763 1335 63 31 que,
845 1335 75 20 como
940 1325 188 30 convalecien-

102 1394 42 25 tes
157 1413 7 11 ,
181 1389 125 28 traíamos
322 1411 6 10 ,
348 1397 14 29 y
379 1385 39 30 los
434 1384 91 31 cuales
546 1383 44 30 fué
604 1383 103 41 preciso
724 1382 124 41 sumerjir
866 1393 33 19 en
917 1382 38 30 las
977 1392 83 30 aguas
1073 1383 55 29 Me-

103 1446 179 29 diterráneas.

146 1504 69 29 AI°-o
240 1512 49 19 nos
315 1498 215 43 impresionaban
547 1498 13 30 á
578 1502 120 25 nosotros
714 1504 60 22 esas
796 1494 133 42 repelidas
942 1494 185 37 defunciones,

105 1559 90 42 peroá
222 1559 39 29 los
292 1556 126 31 soldados
432 1566 52 31 que
500 1565 29 19 se
545 1552 179 32 encontraban
741 1551 207 36 restablecidos,
968 1561 63 31 poca
1053 1551 78 30 mella

106 1616 40 31 les
157 1615 74 31 hacia
243 1625 45 19 esa
301 1614 93 29 misma
410 1610 108 43 pérdida
529 1635 7 9 ,
565 1620 47 30 por
628 1620 55 18 mas
694 1618 52 30 que
759 1607 74 30 fuese
847 1607 22 29 la
880 1607 34 29 de
927 1618 45 18 sus
988 1612 144 35 compañe-

106 1684 44 20 ros
178 1673 33 32 de
228 1681 98 22 armas.
343 1673 60 28 Aun
419 1669 58 30 diré
490 1693 6 9 ,
516 1676 99 32 apenas
631 1665 122 41 espiraba
769 1664 99 39 alguno
885 1688 6 11 ,
914 1674 33 31 ya
962 1675 28 19 se
1006 1664 126 40 disputa-

105 1730 52 31 ban
175 1731 13 29 á
204 1730 22 29 la
245 1729 91 41 propia
350 1727 128 31 cabecera
489 1725 44 29 del
551 1723 75 30 lecho
638 1721 159 36 mortuorio,
815 1720 38 31 las
870 1721 115 40 prendas
1001 1720 33 31 de
1052 1721 80 30 veslir

107 1798 52 29 que
178 1786 112 31 hubiese
302 1785 98 42 podido
413 1783 75 40 dejar
505 1781 22 31 el
541 1780 114 31 difunto.

149 1846 80 29 Enlre
256 1844 40 30 los
322 1841 213 32 convalecientes
549 1841 13 28 é
576 1836 132 32 inválidos
724 1847 52 31 que
798 1835 239 43 trasportábamos,
1054 1835 78 31 habia

107 1908 53 26 tres
177 1912 98 21 zuavos
290 1910 51 29 que
356 1924 6 11 ,
378 1898 104 31 cuando
498 1907 28 20 se
542 1896 173 31 embarcaron
731 1905 32 19 en
780 1894 216 40 Conslantinopla
1011 1918 6 11 ,
1036 1904 15 30 y
1066 1899 66 24 lam-
