1241 2180
600 122 162 27 46

167 190 181 31 voluminosos
360 192 137 26 montones
508 185 33 31 de
555 185 59 30 toda
626 184 106 41 especie
743 183 33 29 de
788 183 172 30 comestibles
974 192 17 30 y
1004 180 114 41 equipos
1131 188 64 32 para

167 253 40 25 tan
224 255 141 22 numeroso
381 244 120 40 ejército,
520 242 39 30 sin
573 241 77 31 faltar
664 245 120 36 tampoco
812 239 23 29 el
853 239 140 29 suficiente
1009 236 105 42 ganado
1126 236 67 31 den-

165 309 39 25 tro
219 301 136 36 cercados,
371 310 62 31 para
449 301 140 29 alimentar
603 308 50 21 con
664 307 79 21 carne
759 296 86 31 fresca
860 295 25 31 al
897 295 123 31 soldado.

206 361 49 28 Por
271 363 73 26 entre
367 367 44 21 esa
436 366 64 31 gran
517 365 73 21 masa
607 354 34 30 de
658 354 102 40 objetos
777 352 124 35 existían,
929 361 76 21 como
1036 350 157 31 escondidas

165 416 193 39 madrigueras,
378 414 39 30 las
434 412 102 32 tiendas
552 411 34 31 de
602 416 128 36 campaña
747 410 33 30 de
794 410 39 30 los
849 409 124 30 distintos
988 407 69 42 jefes
1085 407 33 30 de
1139 406 54 32 ad-

164 472 196 31 ministración:
373 480 63 31 para
452 469 48 30 dar
511 480 48 19 con
574 469 66 30 ellos
656 479 28 20 se
706 466 153 32 necesitaba
876 466 80 29 hacer
979 474 58 20 mas
1059 464 134 30 revueltas

164 539 51 32 que
228 530 22 29 si
266 528 72 31 fuera
355 538 34 19 un
407 527 146 30 verdadero
571 526 143 29 laberinto:
736 525 23 29 lo
777 534 64 31 peor
857 532 44 21 era
918 532 53 32 que
988 522 23 30 el
1027 522 57 41 piso
1101 521 90 31 estaba

164 585 182 30 intransitable
364 595 46 30 por
422 584 24 30 el
465 583 94 31 mucho
575 582 80 41 fango
668 593 53 30 que
737 582 46 29 allí
801 592 28 19 se
846 581 124 30 formara.
988 581 62 29 Esto
1067 578 125 42 obligaba

164 643 13 29 á
195 641 60 30 todo
266 642 24 29 el
304 640 98 31 mundo
415 641 15 29 á
443 641 22 29 ir
481 640 116 41 siempre
613 650 49 20 con
679 639 75 31 botas
771 637 116 43 grandes
900 642 107 36 puestas
1024 646 48 31 por
1089 636 102 30 encima

163 698 39 29 los
215 698 167 39 pantalones.

205 754 53 30 Coa
272 753 22 30 el
314 759 130 24 trascurso
460 752 43 30 del
515 753 98 39 tiempo
625 762 28 19 se
670 751 93 30 fueron
776 750 131 31 haciendo
923 750 103 31 buenas
1039 761 17 30 y
1072 749 61 31 bien
1150 750 39 30 si-

163 809 92 30 tuadas
271 809 134 35 barracas,
424 818 48 20 con
489 814 71 23 otros
571 807 137 40 prodigios
718 807 33 30 de
764 808 154 29 constancia
933 817 31 20 en
982 816 136 31 empresas
1134 807 55 30 casi

162 864 146 35 fabulosas,
324 875 75 19 como
415 875 28 19 se
460 864 56 30 dirá
530 875 31 18 en
578 875 31 19 su
623 864 87 40 lugar.
727 865 132 29 Entonces
874 864 60 30 todo
951 873 43 21 era
1009 874 52 20 aun
1074 874 87 20 nuevo
1176 875 13 30 y

162 921 140 29 marchaba
316 921 24 29 al
358 931 45 19 son
421 921 32 29 de
471 920 23 30 la
510 920 205 30 arbitrariedad.

203 977 84 30 Habia
305 987 51 20 una
373 978 104 29 sección
491 977 33 30 de
537 978 147 29 marineros
697 977 32 30 de
741 977 23 30 la
777 977 130 30 escuadra
922 977 137 41 ocupados
1075 978 113 41 siempre

161 1043 31 20 en
206 1034 77 29 obras
299 1034 34 29 de
345 1034 159 40 carpintería
529 1044 16 30 y
562 1033 157 30 albañilería
734 1046 5 17 :
765 1035 87 28 tenían
882 1034 168 40 principiada
1080 1044 31 31 ya
1138 1045 50 20 una

161 1090 94 29 oficina
267 1089 32 29 de
313 1094 92 35 puerto
420 1099 16 30 y
451 1099 35 19 un
504 1093 122 36 pequeño
642 1089 106 29 arsenal
765 1089 139 30 fabricado
920 1090 33 29 de
980 1092 187 38 manipostería
1179 1102 6 19 :

161 1151 54 25 este
228 1145 103 31 arsenal
351 1145 79 31 debia
452 1146 85 30 servir
551 1156 63 30 para
631 1146 38 30 las
686 1146 189 41 reparaciones
893 1157 121 21 menores
1028 1147 33 30 de
1075 1147 39 31 los
1130 1147 58 31 bu-

161 1212 66 30 ques
244 1201 31 30 de
292 1212 106 29 guerra.

201 1261 115 28 Tocanle
341 1260 14 29 á
382 1259 23 30 la
424 1265 84 34 tropa,
527 1259 24 30 la
577 1258 115 31 división
719 1259 33 30 de
774 1269 111 21 reserva
901 1261 147 40 acampada
1072 1272 77 20 cerca
1164 1261 23 31 el

159 1321 93 35 puerto
276 1326 28 19 se
320 1315 119 41 ocupaba
450 1326 32 19 en
500 1316 23 28 la
540 1316 100 39 mejora
652 1316 33 29 de
696 1316 136 40 depósitos
846 1328 17 28 y
878 1317 129 31 caminos.

202 1372 39 30 Un
259 1382 65 29 poco
340 1377 90 35 aparte
442 1372 42 30 del
497 1372 78 30 fondo
586 1372 41 29 del
646 1378 93 35 puerto
750 1383 28 20 se
792 1373 78 31 habia
885 1374 141 31 levantado
1039 1375 25 30 la
1087 1376 100 40 pobla-

158 1427 58 30 ción
230 1427 152 30 ambulante
399 1427 32 30 de
444 1427 40 31 los
500 1429 208 40 especuladores
720 1440 53 31 que
785 1431 111 40 seguían
909 1431 23 29 al
946 1432 110 39 ejército
1070 1432 115 37 francés;

157 1494 52 31 que
226 1494 47 31 por
288 1484 93 36 cierto,
397 1484 113 41 algunos
526 1495 63 20 eran
603 1486 25 30 la
644 1487 102 29 escoria
761 1486 32 31 de
812 1487 40 30 los
868 1487 138 32 barateros
1023 1488 163 33 levantinos:

155 1538 33 32 de
211 1550 97 31 seguro
331 1551 52 31 que
404 1541 111 30 muchos
539 1542 119 30 hicieron
684 1554 31 19 su
733 1548 103 35 agosto.
857 1544 109 31 Cuando
985 1555 60 21 esos
1060 1548 127 29 trafican-

157 1601 37 25 tes
207 1596 131 30 hubieron
351 1598 113 39 agolado
477 1598 23 29 el
513 1598 101 31 surtido
631 1598 33 32 de
680 1600 172 31 comestibles
881 1601 107 30 llevado
1001 1603 122 40 consigo,
1141 1609 46 24 tu-

155 1653 92 30 vieron
265 1664 51 30 que
333 1655 116 29 recurrir
463 1655 15 29 á
495 1654 39 31 los
550 1656 171 39 pacotilleros
733 1656 34 31 de
794 1658 39 30 los
858 1659 118 40 buques,
995 1670 53 31 que
1061 1661 126 41 supieron

156 1709 139 40 aplicarles
311 1710 61 30 bien
391 1711 24 30 la
432 1711 56 39 ley.

197 1765 30 29 El
244 1765 83 40 pobre
342 1767 107 35 militar,
467 1768 102 40 pagaba
584 1769 24 29 lo
621 1780 53 29 que
691 1770 94 40 queria
802 1780 90 21 comer
909 1774 14 28 ó
940 1772 85 32 beber
1045 1775 33 29 de
1093 1786 29 19 su
1138 1786 50 30 pe-

156 1821 90 35 cunio,
266 1823 13 28 á
302 1832 34 19 un
354 1825 89 38 precio
471 1825 210 29 escesivamente
701 1825 207 41 sobrecargado.
935 1830 66 29 Pero
1023 1834 66 38 ¡qué
1121 1833 68 30 tenia

156 1887 52 31 que
225 1877 79 30 hacer
319 1878 41 30 del
385 1879 104 36 dinero,
506 1881 34 36 si,
553 1891 75 20 como
642 1880 92 31 decían
749 1882 125 39 algunos,
894 1885 111 32 vendría
1022 1895 96 25 cuanto
1131 1900 57 20 an-
