1241 2180
541 126 182 27 156

159 198 49 28 Nos
230 192 149 32 mandaban
396 191 33 30 de
442 200 67 20 unos
526 188 153 42 empleados
702 188 14 29 á
729 192 70 24 oíros
816 194 62 32 para
891 195 52 31 que
963 194 47 20 nos
1024 183 120 31 facilita-

120 264 44 20 sen
181 252 112 40 algunos
309 249 32 30 de
360 248 39 30 los
412 246 159 31 consabidos
594 255 75 21 sacos
685 269 5 12 ,
715 254 64 31 pero
796 243 75 30 todos
887 253 28 19 se
933 241 149 31 escusaban
1096 250 48 20 con

119 311 101 30 buenas
236 318 108 21 razones
358 332 5 10 ,
390 304 238 32 demostrándonos
644 303 24 29 la
683 300 202 42 imposibilidad
906 310 53 31 que
982 299 117 31 sentían
1112 298 33 30 de

119 368 194 29 favorecernos.
331 364 28 30 El
378 374 51 30 que
443 362 91 30 estaba
551 358 150 42 encargado
715 358 33 30 de
764 368 112 30 recoger
887 357 40 29 los
944 367 51 30 que
1009 367 28 19 se
1050 356 95 30 vacia-

119 423 51 30 ban
187 433 32 20 en
233 421 24 31 el
273 424 182 37 campamento
471 428 47 30 por
531 426 129 21 consumo
673 414 43 31 del
730 425 82 30 grano
829 439 5 9 ,
850 414 75 29 decia
938 424 54 30 que
1008 423 33 19 no
1056 412 25 30 le
1095 412 49 30 de-

121 480 104 30 volvían
252 479 24 29 la
293 477 81 31 mitad
387 476 32 30 de
433 476 39 30 los
484 486 52 30 que
558 485 28 19 se
604 473 123 30 llevaban
744 475 15 27 ó
771 472 61 30 bien
846 471 25 29 lo
887 470 93 31 hacian
998 469 108 31 estando
1122 469 24 31 la

120 546 92 31 mayor
225 541 73 35 parte
313 532 160 32 inservibles
490 541 32 31 ya
537 543 6 18 :
570 530 23 31 el
611 541 52 30 que
686 530 39 29 los
745 528 101 30 recibía
865 537 103 21 nuevos
987 526 34 31 de
1034 527 112 30 Francia

123 603 60 31 para
202 592 32 30 lal
250 591 134 41 propósito
401 614 5 11 ,
425 588 113 41 alegaba
551 597 52 32 que
617 586 38 30 las
673 585 117 41 partidas
806 596 53 29 que
872 585 121 29 remitían
1010 594 33 19 no
1059 584 87 30 basta-

120 651 52 29 ban
186 651 14 28 á
213 648 90 31 cubrir
317 647 24 30 la
354 646 82 30 mitad
453 645 32 30 de
507 645 40 28 las
571 654 51 30 que
639 653 28 20 se
684 643 24 30 le
723 641 185 32 demandaban
923 653 6 18 :
952 641 22 29 el
992 651 52 28 que
1058 640 88 30 estaba

122 707 23 29 al
159 706 83 29 frenle
258 704 33 30 de
308 704 38 29 los
364 703 95 29 hornos
475 726 5 11 ,
498 701 86 29 donde
598 705 84 24 tantos
699 710 28 19 se
742 698 162 42 replegaban
921 697 33 31 de
970 698 39 30 los
1025 697 34 31 de
1072 697 73 31 hari-

122 773 32 21 na
168 788 7 11 ,
191 773 47 20 con
259 762 23 29 el
304 770 64 31 gran
391 769 127 20 consumo
531 768 51 31 que
599 757 32 30 de
647 762 54 25 este
718 756 79 41 polvo
813 767 28 19 se
854 756 74 29 hacia
943 780 5 10 ,
968 756 109 39 esponia
1094 765 51 31 que

123 825 85 25 tanlos
219 828 75 21 como
307 816 111 31 vaciaba
434 827 27 18 se
477 816 40 29 los
531 814 121 31 llevaban
669 824 31 20 en
718 812 121 42 seguida.
860 814 49 28 Por
922 812 104 36 último,
1043 813 15 29 á
1071 812 75 30 fuer-

124 885 28 20 za
168 875 33 30 de
217 880 69 24 estar
302 873 114 40 siempre
432 872 102 29 encima
548 871 32 29 de
596 870 78 35 ellos,
692 869 188 41 conseguimos
896 869 102 35 reunir,
1015 873 73 25 entre
1101 873 45 25 to-

128 932 47 29 dos
190 955 6 11 ,
213 931 39 30 los
268 940 51 29 que
333 939 47 20 nos
397 938 63 20 eran
476 927 160 30 necesarios.

165 989 36 29 No
218 987 87 41 puedo
318 996 91 20 menos
423 985 31 29 de
468 984 153 30 acordarme
634 983 80 30 ahora
729 1007 5 10 ,
753 982 33 30 de
799 992 52 19 una
868 982 98 41 pasada
983 982 33 30 de
1033 982 115 29 astucia

124 1044 135 31 mercantil
285 1053 51 30 que
363 1052 28 19 se
414 1042 66 40 jugó
503 1042 13 29 á
534 1051 51 19 uno
608 1039 32 31 de
665 1039 39 30 los
727 1041 149 28 trafican'es
897 1038 42 30 del
957 1038 144 31 comercio
1117 1038 32 30 de

125 1101 105 41 aquella
241 1099 91 41 plaza
349 1097 218 31 consumidora.
594 1097 20 29 A
627 1094 82 31 bordo
725 1094 78 31 habia
816 1095 80 40 quien
914 1095 67 30 tenia
999 1104 64 32 para
1075 1105 74 20 ven-

126 1158 47 29 der
186 1167 65 20 unos
262 1160 109 26 cuantos
387 1154 113 30 barriles
517 1153 32 29 de
566 1153 61 29 vino
641 1157 72 24 turco
727 1177 6 10 ,
755 1151 145 42 comprado
915 1161 32 20 en
962 1151 123 30 Salónica
1101 1161 47 20 con

126 1214 88 40 objelo
227 1212 31 30 de
272 1211 139 41 especular
424 1221 48 20 con
490 1210 66 30 ellos
570 1223 6 21 ;
601 1220 63 29 pero
682 1208 110 30 sucedía
805 1219 52 30 que
874 1219 34 19 no
922 1219 27 18 se
967 1209 97 39 podían
1082 1208 68 30 des-

128 1270 97 41 pachar
238 1270 13 29 á
268 1270 99 28 motivo
380 1268 32 29 de
429 1266 120 31 abundar
566 1275 32 32 ya
612 1265 25 31 el
650 1266 62 30 vino
727 1265 105 30 francés
845 1291 6 10 ,
866 1275 53 31 que
932 1275 44 20 era
990 1265 24 30 el
1027 1275 52 30 que
1096 1264 56 30 ob-

126 1327 69 30 tenía
208 1327 83 39 mejor
308 1325 150 40 aceptación
474 1348 5 10 ,
501 1334 15 30 y
529 1324 13 29 á
556 1332 56 21 mas
628 1347 6 10 ,
660 1332 101 31 porque
775 1332 28 20 se
820 1321 78 30 habia
917 1321 166 41 averiguado
1099 1331 52 31 que

127 1384 96 40 alguna
236 1383 72 30 clase
320 1381 43 30 del
378 1381 32 30 tal
430 1380 100 41 líquido
548 1379 148 41 importado
712 1379 32 30 de
759 1380 23 28 la
796 1380 130 39 Turquía,
946 1380 121 29 contenia
1086 1389 66 19 sus-

129 1440 98 29 tancias
240 1440 107 29 nocivas
359 1463 7 10 ,
381 1448 48 31 por
443 1437 223 41 esperimentarse
678 1436 112 40 algunas
804 1435 117 31 diarreas
934 1447 31 19 en
980 1436 40 30 los
1034 1447 52 30 que
1097 1446 55 20 mas

129 1497 24 28 lo
170 1496 96 29 bebían
277 1496 32 29 de
324 1501 53 23 esla
391 1493 115 31 calidad.

171 1555 80 29 Como
267 1552 23 31 el
307 1551 31 30 de
352 1551 83 30 bordo
448 1562 43 19 era
507 1551 88 29 bueno
609 1575 5 11 ,
632 1550 165 40 pudiéndose
813 1550 148 41 responder
974 1551 32 30 de
1020 1551 22 30 él
1058 1562 47 29 por
1119 1555 36 26 te-

130 1610 73 30 nerlo
220 1607 211 43 esperimentado
446 1632 5 12 ,
478 1618 16 30 y
516 1618 73 19 como
608 1618 46 30 por
670 1607 56 30 solo
744 1618 29 19 su
796 1607 111 30 nombre
929 1607 34 30 de
985 1613 84 25 turco
1086 1618 33 20 no
1130 1607 26 30 lo

131 1667 110 40 querían
263 1666 120 40 apreciar
399 1665 38 29 los
456 1669 123 25 traíanles
592 1673 31 20 en
640 1665 105 29 víveres
760 1688 6 10 ,
795 1665 71 39 ¿qué
880 1673 28 20 se
921 1663 81 31 hizo?
1020 1664 137 41 Comprá-

131 1734 77 20 ronse
225 1733 91 20 cascos
332 1723 90 29 vacíos
441 1721 33 30 de
491 1721 156 30 burdalesas
669 1720 136 30 francesas
820 1745 6 11 ,
850 1731 15 30 y
888 1731 28 19 se
934 1723 106 38 trasegó
1057 1721 24 29 el
1096 1721 61 29 vino

132 1790 32 20 en
177 1780 65 29 ellas
255 1778 81 31 desde
350 1778 39 30 los
405 1778 112 30 barriles
531 1783 87 24 turcos
632 1777 87 29 donde
733 1777 76 29 venia
824 1789 6 23 ;
847 1782 55 24 esla
919 1778 141 40 operación
1075 1788 82 19 arre-

132 1834 77 42 glada
225 1860 5 11 ,
249 1834 136 30 andúvose
406 1835 13 29 á
437 1834 77 29 tierra
533 1844 31 19 en
581 1833 82 30 busca
680 1832 32 30 de
728 1833 80 40 quien
832 1834 91 39 quería
951 1844 123 31 comprar
1097 1835 60 29 vino

132 1891 33 31 de
177 1894 115 38 España.
311 1893 55 28 Uno
382 1891 33 30 de
429 1891 39 30 los
484 1890 184 31 Merchantes
685 1896 149 35 creyentes
850 1889 68 41 dijo:
942 1892 56 29 «Yo
1013 1891 24 30 lo
1053 1892 102 29 tomaré
