1241 2180
491 120 160 28 81

100 182 22 28 Y
138 181 23 30 el
178 181 145 31 redoblado
339 182 144 30 estruendo
499 183 32 29 de
549 188 69 24 tanto
642 183 58 35 tiro,
727 182 105 39 parecía
855 182 151 33 evidenciar
1034 193 47 29 por

61 238 92 32 último
170 238 23 30 la
211 238 137 41 esplosion
366 238 135 31 volcánica
516 238 33 30 de
565 239 79 40 aquel
661 239 164 40 sangriento,
844 249 106 31 aunque
966 239 116 31 simula-

62 296 33 29 do
111 295 128 30 Vesubio.

103 354 36 30 No
151 353 49 40 hay
217 363 52 30 que
283 352 84 30 dudar
381 353 21 29 si
412 363 49 19 con
473 352 168 30 satisfacción
654 363 28 19 se
698 352 126 40 apartaba
841 363 52 19 uno
906 353 33 29 de
968 359 41 24 tan
1036 354 46 29 si-

63 411 98 31 niestro
171 410 76 41 lugar
261 423 6 23 ;
287 419 56 20 mas
359 420 51 19 aun
426 409 105 40 oyendo
544 420 32 19 en
592 409 79 41 aquel
697 409 94 30 mismo
804 409 114 30 instante
932 409 39 30 los
986 419 64 31 ayes
1068 420 14 30 y

64 468 127 29 lamentos
205 466 33 31 de
259 466 38 31 los
310 465 107 31 heridos
433 465 186 37 embarcados,
636 465 70 31 fruto
723 466 157 31 malhadado
896 466 33 31 de
945 476 44 21 ese
1005 466 77 31 beli-

64 534 62 20 coso
143 534 151 29 panorama.

106 580 31 30 Al
150 590 64 31 paso
224 591 51 30 que
291 591 28 19 se
332 580 137 29 internaba
486 591 52 19 uno
548 580 76 30 hacia
636 580 52 29 alia
700 589 67 27 mar,
785 580 201 32 trasformábase
1001 590 85 30 aque-

67 639 34 29 lla
117 637 143 31 llamarada
278 647 32 20 en
338 647 34 20 un
401 637 190 41 relampagueo
616 647 31 20 en
664 637 25 30 el
719 637 87 40 lejano
821 636 146 36 horizonte,
989 636 60 30 cual
1066 637 21 30 si

65 705 165 25 amenazara,
245 700 72 24 enlre
330 694 129 41 apiñados
471 694 177 34 nubarrones,
663 695 148 29 levantarse
823 704 33 20 un
869 699 141 36 espantoso
1017 694 68 30 chu-

67 752 89 29 basco.

107 809 96 31 Oculto
221 808 69 36 todo,
305 819 33 20 en
354 810 46 34 fin,
419 819 32 19 en
469 808 164 35 lontananza,
662 813 122 25 nuestros
800 807 129 31 cuidados
945 807 140 41 requerían

69 875 31 31 ya
116 866 123 40 dirigirse
255 867 14 28 á
287 865 37 30 las
347 865 153 30 atenciones
516 875 52 31 que
590 865 131 41 inspirara
745 864 24 31 la
791 874 56 21 mas
865 864 115 31 sublime
999 863 34 31 de
1049 864 37 30 las

68 922 131 36 virtudes,
217 922 23 30 la
254 922 106 39 piedad.

108 981 50 28 Los
170 978 95 41 pobres
281 978 107 31 heridos
404 978 177 30 comenzaban
594 979 14 29 á
620 978 165 35 condolerse,
804 989 48 19 con
869 978 103 39 agudos
990 989 15 28 y
1030 988 57 29 pe-

68 1042 132 24 netrantes
213 1036 132 40 gemidos,
370 1034 33 31 de
419 1045 30 20 su
465 1034 175 40 desgraciado
666 1034 106 31 estado:
795 1035 23 29 la
835 1034 80 40 fatiga
939 1034 42 30 del
999 1044 88 20 mareo

64 1094 76 38 junto
156 1103 49 19 con
222 1092 23 29 la
263 1092 119 30 molestia
410 1091 33 30 de
465 1092 39 29 los
515 1091 127 30 balances
659 1102 15 30 y
697 1090 147 31 cabezadas
869 1091 43 30 del
929 1090 101 41 buque,
1050 1090 37 30 les

67 1149 135 38 agravaba
216 1149 23 28 el
256 1148 52 29 mal
322 1159 53 28 que
386 1148 140 39 padecían.

112 1206 22 28 A
146 1211 68 29 esto,
233 1204 99 40 ningún
350 1204 131 29 ausilioni
498 1204 116 29 remedio
636 1214 99 30 apenas
759 1204 98 34 tenían,
889 1214 64 29 pues
978 1204 39 29 los
1041 1202 47 31 dos

70 1260 163 31 enfermeros
256 1270 52 30 que
326 1260 93 29 venían
437 1269 62 31 para
522 1259 147 36 cuidarlos,
693 1259 109 30 estaban
817 1265 40 24 tan
869 1259 149 35 mareados,
1037 1270 51 29 que

70 1328 123 20 moverse
205 1317 56 30 casi
274 1327 32 21 no
324 1316 106 39 podían.

108 1375 82 40 Aquí,
209 1385 77 29 pues,
305 1372 43 31 fué
366 1373 103 41 preciso
484 1381 53 32 que
547 1371 211 42 depusiéramos,
774 1382 32 20 en
818 1372 130 40 obsequio
961 1374 14 28 á
995 1373 23 29 la
1035 1372 53 31 hu-

70 1433 124 31 manidad
210 1433 127 34 doliente,
352 1432 25 29 la
393 1430 181 41 repugnancia
593 1441 52 29 que
670 1430 82 30 sentir
767 1430 136 30 debíamos
919 1430 33 30 de
969 1430 122 30 transitar

71 1502 48 31 por
134 1497 74 24 enlre
221 1490 106 41 aquella
341 1495 79 35 gente
436 1487 135 42 postrada,
589 1489 33 34 sí,
637 1497 32 20 en
686 1487 23 30 el
724 1487 75 30 lecho
814 1486 43 31 del
874 1486 87 36 dolor,
981 1497 62 31 pero
1058 1497 32 21 en

70 1557 161 32 asquerosas
246 1546 183 31 condiciones.
446 1546 113 39 Aunque
573 1555 47 19 nos
640 1544 137 41 podíamos
793 1554 108 20 escusar
928 1544 32 30 de
976 1544 63 36 ello,
1057 1555 34 19 no

71 1605 175 42 pervertimos
266 1609 108 25 nuestro
388 1602 67 30 libre
471 1602 130 30 albedrío.
620 1602 22 28 A
658 1601 24 30 sé
698 1612 63 30 que,
780 1601 71 29 hubo
868 1612 52 29 que
951 1602 142 30 revestirse

70 1662 35 31 de
121 1662 99 35 ánimo,
239 1662 38 29 así
294 1670 63 31 para
368 1660 81 30 sufrir
465 1660 24 30 la
506 1658 153 42 pestilencia
677 1668 53 31 que
746 1657 129 31 exhalaba
898 1658 23 30 la
934 1668 96 31 sangre
1041 1661 52 39 pú-

69 1718 70 33 trida
156 1729 15 30 y
184 1718 147 40 coagulada
348 1728 52 30 que
414 1727 28 19 se
459 1715 132 30 mantenía
603 1725 46 30 por
660 1713 62 32 falta
738 1713 33 31 de
785 1714 121 41 limpieza
919 1725 32 20 en
962 1715 39 30 los
1014 1726 78 19 cuer-

71 1785 48 32 pos
135 1786 15 30 y
161 1775 93 41 ropaje
269 1773 34 31 de
316 1773 65 31 cada
397 1783 51 20 uno
459 1772 33 30 de
507 1772 79 40 aquel
603 1773 110 27 número
724 1770 33 30 de
772 1781 74 19 seres
855 1770 163 37 desvalidos,
1039 1783 15 29 y
1071 1773 22 29 la

72 1831 162 31 inmundicia
249 1830 144 31 adherente
405 1830 15 30 á
431 1839 32 20 su
478 1828 156 40 deplorable
651 1827 90 30 estado
755 1840 6 23 ;
780 1838 75 19 como
869 1838 61 30 para
944 1828 149 40 resignarse

71 1889 16 30 á
102 1888 39 35 pir
154 1889 40 30 los
208 1889 87 32 tristes
311 1887 130 30 lamentos
459 1896 14 29 y
491 1886 74 30 vivas
579 1884 206 31 esclamaciones
802 1894 52 31 que
870 1895 28 20 se
918 1886 149 39 escapaban
1079 1888 13 28 á

953 1933 22 19 11
