1241 2180
550 149 179 27 166

132 218 24 32 el
170 218 42 30 dia
227 219 37 29 12
280 243 4 9 ,
304 214 177 34 continuando
496 224 30 20 en
541 224 32 20 su
590 212 129 30 descenso
733 210 75 31 hasta
822 210 24 30 el
864 212 37 27 14
917 220 4 19 :
938 207 117 41 después
1068 205 87 42 quedó

133 275 130 31 reducido
276 275 22 30 el
316 273 80 40 fuego
411 273 14 30 á
442 283 31 20 su
490 270 91 31 estado
597 269 128 31 normal.

175 334 36 28 La
229 337 74 35 tropa
318 341 51 31 que
383 329 70 31 tenia
468 328 24 31 la
506 328 82 30 orden
602 326 32 30 de
647 332 71 24 eslar
735 325 59 30 lisia
805 323 87 43 quedó
905 333 32 20 en
950 320 164 42 especlaliva
1126 318 31 32 de

133 390 104 31 ceñirse
253 388 23 30 el
293 387 138 31 codiciado
447 385 100 36 laurel,
563 394 63 31 para
637 388 56 25 olra
709 382 108 30 ocasión
828 390 56 20 mas
900 379 130 42 propicia.

175 446 29 29 El
221 445 107 41 ejército
353 443 87 31 aliado
457 453 28 19 se
501 440 173 43 aproximaba
699 444 126 26 entonces
851 438 15 29 á
895 438 58 28 150
980 435 45 30 mil
1042 432 115 33 comba-

136 503 105 28 tientes.

177 560 36 28 Lo
234 569 51 30 que
302 561 181 37 mayormente
507 554 97 31 fallaba
621 564 43 20 era
682 554 121 29 levantar
818 560 102 22 nuevas
936 549 117 30 balerías
1067 550 30 33 ó,
1113 558 47 30 por

135 616 84 40 mejor
235 615 74 30 decir
321 638 6 11 ,
354 614 95 39 dirigir
465 613 39 29 los
520 610 163 42 principales
699 616 111 34 ataques
827 609 14 29 á
858 608 25 30 la
900 613 71 24 torre
983 606 33 31 de
1033 604 125 35 Malakof,

136 683 52 31 que
210 672 74 30 hasla
301 676 124 25 entonces
442 680 28 19 se
486 669 79 29 habia
582 667 101 30 mirado
700 677 48 20 con
773 665 98 41 alguna
889 663 174 31 indiferencia
1080 686 6 10 ,
1105 672 16 31 y
1138 660 22 31 la

135 729 117 41 práctica
268 727 145 31 acreditará
426 736 57 25 ser,
503 736 33 19 no
552 725 23 29 la
590 730 73 35 parle
679 733 56 20 mas
749 721 170 35 vulnerable,
938 730 76 21 como
1027 719 34 29 tal
1073 728 47 19 vez
1132 728 28 19 se

136 796 62 20 cree
209 810 6 11 ,
233 786 58 29 sino
303 795 56 19 mas
370 784 62 29 bien
448 783 25 30 la
489 783 77 30 clave
579 781 33 31 de
629 781 60 30 loda
702 780 104 41 aquella
821 788 74 20 masa
911 778 33 30 de
958 776 202 32 fortificaciones

137 841 207 33 circunvalando
359 841 22 30 la
400 841 72 40 plaza
489 866 6 10 ,
511 851 15 30 y
543 850 52 30 que
611 850 48 30 por
675 843 56 26 esto
747 839 96 29 mismo
859 847 29 20 se
904 834 152 32 necesitaba
1081 834 13 29 á
1111 832 49 31 ella

138 900 204 39 primeramente
353 897 100 31 rendir.

179 955 140 31 Habiendo
331 960 121 25 nosotros
464 952 140 32 concluido
621 952 23 30 la
658 951 128 40 descarga
799 951 23 29 el
836 950 42 29 dia
894 951 37 28 12
947 974 5 11 ,
973 959 48 20 nos
1034 947 129 31 lastraron

138 1012 24 30 al
177 1017 145 30 momento,
342 1009 202 31 ordenándonos
558 1014 72 25 eslar
646 1013 106 36 prontos
767 1008 12 29 á
796 1007 99 30 recibir
906 1005 109 31 heridos
1028 1014 63 32 para
1105 1014 58 20 con-

138 1068 77 31 ducir
228 1093 5 11 ,
253 1078 75 19 como
345 1067 115 39 siempre
474 1091 6 10 ,
498 1067 14 29 á
524 1065 227 40 Constantinopla.

181 1126 29 30 El
229 1128 36 27 13
283 1135 48 30 por
347 1124 23 29 la
389 1123 72 30 tarde
483 1134 47 18 nos
542 1122 144 30 mandaron
702 1131 50 20 una
767 1130 101 20 remesa
884 1120 33 30 de
934 1122 70 28 180.
1033 1121 62 29 Esla
1119 1128 46 20 vez

140 1182 133 30 causaban
289 1186 68 25 lanía
373 1180 153 41 compasión
540 1189 77 21 como
633 1179 93 29 horror
741 1183 71 25 estos
829 1177 126 30 hombres
972 1187 52 30 que
1049 1176 23 29 el
1095 1175 71 30 furor

140 1239 33 29 de
187 1239 23 29 la
224 1247 95 31 guerra
337 1236 116 31 acababa
477 1236 32 30 de
524 1236 89 36 lisiar,
630 1245 66 31 pues
718 1235 55 30 casi
791 1234 75 31 todos
884 1244 27 20 se
928 1234 77 30 veian
1023 1232 143 31 mutilados

141 1294 82 31 desde
245 1305 64 30 muy
321 1304 66 31 poco
405 1294 113 39 tiempo;
545 1303 74 19 como
634 1303 51 30 que
699 1302 43 20 era
759 1291 33 30 de
808 1291 114 30 resultas
946 1290 42 31 del
1005 1290 117 31 reciente
1138 1291 26 34 ó,

142 1352 54 30 casi
210 1362 28 19 se
256 1350 85 41 puede
354 1349 74 30 decir
442 1375 6 10 ,
464 1349 41 30 del
521 1355 137 34 presente,
674 1358 53 20 aun
741 1353 126 25 entonces
882 1372 6 11 ,
906 1346 177 31 bombardeo.

186 1410 33 27 Se
237 1418 39 19 me
304 1407 73 30 hacia
396 1411 104 25 estraño
518 1416 45 19 ver
579 1415 51 31 que
647 1405 55 31 casi
721 1404 58 31 toda
806 1404 26 30 la
848 1404 103 41 partida
968 1404 33 30 de
1016 1403 109 31 heridos
1142 1413 27 20 se

143 1465 138 41 componía
296 1490 5 10 ,
321 1476 75 18 como
418 1465 32 28 he
468 1464 78 29 dicho
558 1488 5 11 ,
586 1463 33 30 de
633 1463 144 30 mutilados
791 1487 5 11 ,
824 1474 16 30 y
863 1473 33 20 no
913 1462 71 41 pude
1008 1472 92 21 menos
1117 1471 51 31 que

142 1523 112 40 indagar
271 1522 22 30 la
305 1531 79 20 causa
398 1547 5 7 ,
419 1522 13 29 á
446 1531 33 20 un
497 1526 124 35 sargento
634 1520 33 30 de
679 1520 128 29 artillería
824 1530 53 29 que
897 1520 77 29 venia
989 1530 49 19 con
1055 1519 24 29 el
1092 1519 79 30 brazo

143 1578 116 31 derecho
275 1579 205 30 recientemente
506 1576 153 41 amputado.
691 1578 81 39 «Muy
789 1575 111 31 sencilla
917 1586 28 20 es
970 1575 24 30 la
1011 1586 78 20 razón
1105 1600 6 11 ,
1131 1585 40 20 me

144 1635 55 40 dijo
215 1646 47 18 con
280 1634 135 40 prontitud
430 1658 5 11 ,
456 1633 173 41 prestándose
646 1638 109 35 gustoso
772 1633 12 29 á
799 1632 34 29 mi
846 1631 132 31 demanda
992 1645 6 23 ;
1019 1642 63 31 pero
1099 1631 25 31 ni
1137 1633 33 29 V.

143 1691 27 31 ni
187 1691 109 30 muchos
311 1715 5 12 ,
332 1691 33 29 de
377 1695 109 36 pronto,
504 1699 65 20 caen
582 1699 31 20 en
631 1688 62 31 ello.
711 1690 51 29 Los
778 1698 93 21 cascos
891 1687 33 31 de
945 1688 97 31 bomba
1058 1713 5 11 ,
1083 1693 89 37 aparle

143 1757 73 21 raras
232 1747 171 40 escepciones
418 1771 6 11 ,
443 1747 91 28 hieren
549 1745 183 30 mortalmente
748 1756 32 19 en
798 1744 141 41 cualquier
952 1751 75 34 parte
1039 1745 44 30 del
1098 1756 75 19 cuer-

144 1815 34 31 po
194 1815 51 30 que
271 1804 50 30 den
338 1814 93 20 menos
447 1814 31 20 en
497 1803 38 30 los
552 1802 93 31 brazos
663 1813 15 30 y
693 1803 106 40 piernas
812 1827 7 12 ,
848 1803 14 28 á
878 1812 85 31 cuyos
988 1802 145 31 miembros
1147 1812 26 20 se

146 1871 68 31 pone
228 1861 22 29 el
269 1861 116 29 remedio
398 1860 204 41 amputándolos
616 1873 6 23 ;
638 1860 39 30 así
691 1870 27 19 es
732 1869 52 30 que
809 1864 41 24 lan
866 1859 56 30 solo
947 1870 29 20 se
995 1859 106 42 pueden
1116 1870 57 20 em-

143 1918 95 29 barcar
256 1918 38 28 los
313 1928 52 29 que
378 1917 103 40 quedan
498 1916 108 30 heridos
622 1916 33 29 de
669 1916 23 29 la
710 1915 91 30 última
817 1925 107 20 manera
937 1929 7 23 ;
961 1927 66 30 pues
1044 1917 22 29 el
1081 1926 53 31 que
1147 1916 24 30 lo
