1241 2180
519 127 182 27 175

88 187 161 30 arremolina
262 211 7 11 ,
294 187 113 31 referiré
425 198 33 19 un
479 198 62 20 caso
557 199 52 29 que
625 191 65 38 pasó
706 200 52 19 uno
773 189 33 30 de
830 194 70 25 eslos
921 190 108 29 mismos
1045 188 70 37 dias,

87 244 41 31 sin
155 244 129 42 embargo
306 244 34 31 de
367 245 39 31 los
434 245 112 31 muchos
563 256 51 31 que
629 271 5 11 ,
664 246 33 31 de
722 247 72 41 igual
819 247 151 30 naturaleza
986 271 5 12 ,
1021 257 28 20 se
1065 247 51 30 han

90 302 165 41 consignado
282 312 33 31 ya
347 313 32 19 en
404 303 25 29 la
457 309 123 35 presente
605 303 168 41 descripción
804 304 33 31 de
865 305 50 30 mis
942 305 84 40 viajes
1052 305 15 30 á
1096 304 24 30 la

92 359 114 30 Crimea.

134 415 127 31 Acababa
278 415 32 31 de
324 416 84 41 llegar
424 426 53 20 uno
490 415 33 31 de
540 417 39 30 los
592 426 114 32 vapores
723 416 33 31 de
769 417 38 30 las
822 419 198 39 «Mensagerías
1032 420 89 39 Impe-

93 473 95 31 riales:
205 487 12 13 »
244 473 165 30 habiéndose
431 473 99 30 metido
557 483 49 31 por
627 479 74 24 enlre
717 473 39 30 los
773 473 105 41 buques
899 474 144 30 fondeados
1060 485 64 30 para

93 530 100 30 buscar
205 530 60 29 sitio
281 554 6 11 ,
306 540 16 30 y
339 540 33 19 no
389 529 207 30 encontrándolo
613 530 24 29 el
651 530 105 40 capilan
769 531 15 29 á
801 541 30 19 su
846 530 165 31 satisfacción
1025 542 48 29 por
1085 531 38 29 las

93 586 211 31 inmediaciones
320 587 33 29 de
370 586 25 30 la
412 587 76 30 orilla
505 586 33 31 de
556 587 78 30 tierra
650 612 6 11 ,
675 588 57 29 viró
754 597 63 31 para
833 588 93 30 salirse
943 593 55 25 olra
1014 598 47 20 vez
1077 598 49 31 por

96 644 75 30 fuera
186 644 40 30 los
242 644 107 41 buques
364 668 6 12 ,
397 643 184 42 dirigiéndose
604 645 14 29 á
640 653 77 32 pasar
739 654 49 31 por
811 644 25 30 la
858 654 64 32 proa
946 645 32 29 de
994 654 52 20 una
1063 654 63 20 urca

96 700 120 30 francesa
231 699 33 31 de
281 709 109 31 guerra,
408 700 23 30 A
445 710 65 31 poca
524 700 131 30 distancia
673 699 33 31 de
719 705 56 25 esla
794 724 6 12 ,
816 700 139 30 cambiaba
967 700 160 41 repentina-

97 760 89 25 mente
202 754 24 31 el
241 765 79 20 curso
336 755 33 30 de
386 756 25 29 la
427 755 131 30 corriente
568 755 33 30 de
617 760 74 25 norte
703 756 14 29 á
734 765 55 25 sur,
808 765 73 25 cosa,
896 765 48 31 por
957 755 25 30 lo
993 756 83 34 visto,
1094 765 35 20 no

98 812 152 30 observada
263 813 208 29 anteriormente
485 823 47 29 por
546 812 22 29 el
586 812 104 39 capitán
705 836 5 12 ,
729 822 66 30 pues
809 822 52 30 que
876 836 6 11 ,
900 812 180 30 continuando
1096 822 31 19 en

99 879 32 20 su
147 868 135 31 dirección
299 894 6 11 ,
334 868 45 31 fué
395 868 96 41 cogido
512 879 48 30 por
576 868 52 31 ella
640 868 24 30 el
683 878 82 31 vapor
777 892 5 9 ,
807 868 148 30 echándolo
975 868 153 41 repentina-

100 931 88 25 mente
203 925 104 31 encima
323 924 25 31 la
364 934 74 21 mura
456 924 33 30 de
506 924 24 31 la
549 924 146 31 Gavarra.
720 924 63 30 Bien
804 923 96 31 mandó
914 923 176 31 súbitamente
1106 923 24 31 el

99 983 105 40 capitán
222 992 79 31 parar
323 982 24 29 la
365 983 126 39 máquina
513 981 24 30 al
560 992 47 19 ver
619 981 24 30 el
657 981 104 41 choque
777 981 145 30 inminente
936 1006 6 11 ,
969 990 63 32 pero
1049 990 33 32 ya
1097 990 33 21 no

99 1039 73 42 pudo
185 1039 85 30 evitar
283 1050 53 30 que
353 1050 27 18 se
393 1039 74 29 diera
483 1049 50 19 con
550 1038 34 30 tal
599 1038 130 30 violencia
744 1062 6 11 ,
766 1048 52 30 que
834 1048 33 19 no
884 1038 105 40 parecía
1006 1038 58 29 sino
1077 1047 52 31 que

100 1097 45 30 iba
161 1098 15 29 á
193 1097 83 41 partir
291 1107 32 20 en
340 1096 48 30 dos
405 1096 24 30 la
446 1095 173 31 mencionada
636 1105 75 20 urca.
729 1096 36 29 La
778 1100 88 25 suerte
879 1094 44 31 fué
939 1105 53 31 que
1005 1100 55 25 esla
1073 1094 58 31 cla-

101 1164 29 20 se
154 1153 33 30 de
209 1153 106 41 buques
332 1163 48 19 son
398 1163 65 30 muy
479 1151 100 31 sólidos
602 1162 32 20 en
651 1161 31 20 su
706 1152 185 30 construcción
905 1176 6 12 ,
930 1162 15 29 y
962 1161 52 31 que
1031 1151 102 30 tuviese

103 1220 31 20 su
147 1209 101 30 cadena
265 1209 33 29 de
315 1218 64 31 proa
393 1233 6 11 ,
425 1218 48 31 por
489 1208 24 30 la
530 1218 51 30 que
596 1207 90 30 estaba
708 1206 131 31 fondeada
855 1232 6 9 ,
880 1217 63 30 muy
960 1206 72 41 larga
1049 1217 16 29 y
1082 1216 50 20 en-

102 1271 91 25 tonces
207 1276 31 19 en
256 1265 86 29 banda
366 1275 48 30 por
437 1274 34 20 no
490 1264 84 29 haber
590 1264 89 29 viento
695 1262 85 31 fresco
795 1287 6 11 ,
828 1273 66 30 pues
909 1262 33 31 de
958 1268 54 24 esla
1027 1271 106 21 manera

103 1329 63 25 tuvo
188 1322 25 31 el
234 1322 105 40 choque
353 1346 6 11 ,
385 1321 150 40 digámoslo
551 1321 38 28 así
605 1344 6 12 ,
629 1320 98 40 alguna
744 1318 167 31 elasticidad.
932 1320 45 28 Sin
992 1319 137 40 embargo,

103 1381 25 30 le
144 1381 122 29 destrozó
281 1379 59 30 toda
358 1378 23 30 la
398 1387 76 21 mura
491 1388 16 30 y
523 1381 74 37 parle
614 1376 33 31 de
663 1387 30 19 su
712 1376 170 30 arboladura.
900 1376 28 30 El
947 1387 92 29 vapor,
1060 1386 73 20 como

104 1437 126 32 embistió
245 1447 49 20 con
312 1436 23 30 el
353 1436 111 38 tajamar
478 1459 6 11 ,
503 1445 66 29 poco
586 1433 68 31 daño
668 1433 110 31 recibió.

146 1496 83 29 Como
243 1493 34 31 he
293 1492 80 31 dicho
389 1502 33 31 ya
435 1517 6 11 ,
468 1492 175 29 recorríamos
666 1490 40 29 los
729 1489 110 30 bazares
855 1493 89 26 turcos
965 1499 48 20 con
1030 1488 58 31 idea
1104 1488 33 31 de

104 1560 137 31 comprar,
259 1550 22 30 si
299 1550 26 30 lo
342 1547 232 35 encontrábamos,
594 1546 80 40 algún
692 1545 89 41 objeto
797 1545 82 41 digno
888 1544 34 31 de
934 1545 24 30 la
972 1545 67 30 fama
1053 1545 85 30 orien-

105 1609 34 31 tal
163 1618 63 31 para
242 1608 87 29 llevar
344 1607 33 29 de
394 1605 91 41 regalo
502 1605 14 30 á
530 1604 38 30 las
584 1612 128 32 personas
734 1602 33 30 de
784 1607 109 25 nuestro
909 1611 92 31 mayor
1017 1602 117 40 aprecio.

105 1666 55 30 Con
176 1663 100 42 perdón
291 1663 33 30 de
336 1663 40 30 los
394 1668 88 24 turcos
496 1685 6 11 ,
520 1660 59 30 diré
593 1685 5 10 ,
618 1669 52 31 que
685 1668 61 21 cosa
763 1658 119 40 ninguna
901 1659 25 28 vi
942 1668 51 31 que
1010 1658 128 31 merecie-

106 1733 29 21 se
151 1722 25 30 el
193 1722 84 29 honor
292 1720 33 30 de
341 1719 23 31 la
381 1718 165 42 preferencia
564 1716 79 30 sobre
660 1716 39 29 los
712 1715 156 41 prosaicos
885 1716 102 29 atavíos
1008 1715 130 31 occiden-

106 1779 77 31 tales.
204 1777 88 30 Todos
307 1777 39 29 los
358 1775 111 31 bazares
481 1773 33 30 de
528 1771 218 41 Conslanlinopla
763 1770 137 36 reunidos,
916 1781 33 20 no
963 1771 76 30 valen
1052 1772 24 30 lo
1088 1783 50 30 que

106 1845 54 21 una
176 1836 89 30 tienda
280 1834 34 30 de
329 1832 146 31 Barcelona
488 1833 14 28 ó
513 1829 123 31 Marsella
651 1840 5 18 :
675 1833 97 25 cuanto
787 1837 54 20 mas
851 1827 33 30 de
896 1828 74 29 Paris
982 1830 14 27 ó
1009 1829 128 30 Londres.

150 1894 43 38 ¿A
210 1890 89 32 dónde
315 1890 56 30 está
386 1914 6 12 ,
420 1886 152 33 esclamaba
589 1896 33 32 yo
636 1910 6 12 ,
661 1895 45 20 ese
723 1889 77 37 guslo
822 1884 116 31 refinado
955 1884 33 31 de
1004 1885 40 31 los
1059 1891 79 26 enlu-
