1241 2180
580 110 159 28 44

148 184 44 22 cas
214 185 61 31 muy
291 174 101 36 chalas,
411 184 63 30 para
490 173 117 31 efectuar
623 173 61 30 bien
703 173 38 30 los
757 173 212 40 desembarques
998 172 33 30 de
1056 170 118 31 caballos

148 243 17 27 y
182 231 90 30 demás
288 231 138 30 animales.

189 288 120 39 Algunos
325 287 33 29 de
371 287 39 29 los
423 288 92 28 navios
531 286 32 30 de
576 286 59 30 vela
649 285 96 31 habían
757 284 212 32 desembarcado
983 295 46 20 sus
1046 289 126 30 cañones,

148 349 106 35 escepto
268 344 39 30 los
322 344 32 29 de
372 344 24 29 la
412 344 100 30 batería
530 343 71 40 baja,
621 353 62 30 para
699 342 125 30 llevarlos
840 342 24 30 al
882 342 77 35 sitio,
976 353 16 30 y
1009 341 111 31 estando
1132 351 43 20 co-

147 410 43 20 mo
206 399 107 31 estaban
330 399 94 31 dentro
436 399 43 31 del
496 404 105 36 puerto,
621 399 87 30 tenían
733 398 154 30 destinadas
912 404 69 24 tanto
998 409 45 19 sus
1061 397 114 41 tripula-

148 456 89 30 ciones
253 467 75 20 como
345 456 216 31 embarcaciones
574 466 122 20 menores
708 457 13 30 á
739 455 155 42 coadyuvar
904 456 13 29 á
932 455 38 30 las
986 454 144 41 descargas
1143 454 32 31 de

148 513 39 30 los
203 513 105 41 buques
321 518 158 30 mercantes,
498 512 78 31 sobre
590 513 59 30 lodo
661 513 40 30 los
716 522 113 32 vapores
843 523 51 30 que
909 513 130 30 convenia
1052 517 123 36 apronlar

148 569 114 40 siempre
278 579 62 30 para
357 569 113 30 llevarse
490 569 108 30 heridos
612 580 16 29 y
645 568 132 30 enfermos
794 570 14 29 á
825 568 229 41 Constantinopla,
1075 568 32 30 de
1125 578 49 20 cu-

149 636 48 30 yos
212 625 153 31 desvalidos
381 625 78 31 habia
475 627 115 40 siempre
603 626 181 31 abundancia.
800 628 37 28 De
849 631 56 26 este
921 626 88 31 citado
1026 631 82 35 punto
1121 628 54 29 ha-

148 682 61 31 bían
224 682 95 30 venido
330 682 111 41 algunos
464 683 150 41 vaporcitos
641 683 168 31 contratados
833 693 64 31 para
921 683 132 31 remolcar
1075 683 25 30 lo
1125 693 50 31 que

148 738 153 30 conviniese
314 748 32 20 en
363 738 23 29 el
405 739 109 29 interior
525 738 41 31 del
590 745 104 35 puerto,
710 750 18 30 y
739 749 87 20 nunca
839 739 130 41 paraban,
989 749 66 31 pues
1071 739 23 30 la
1113 749 62 20 ma-

148 803 49 31 yor
210 798 72 36 parte
298 793 32 30 de
344 793 39 30 los
396 793 105 41 buques
518 794 127 30 entraban
663 806 16 29 y
693 795 84 29 salían
788 805 49 20 con
855 806 30 19 su
903 795 99 40 ayuda.

190 851 68 28 Pues
286 850 100 40 ¿quién
404 849 65 30 (liria
487 861 53 29 que
557 851 74 30 lodos
647 857 70 24 estos
734 862 124 20 recursos
880 852 105 36 fueran,
1016 863 33 20 no
1070 852 105 31 insufi-

148 907 99 29 cienles
261 917 74 19 como
352 907 73 29 suele
441 907 115 36 decirse,
575 908 58 30 sino
649 913 166 26 sumamenle
832 909 151 31 relrasados
996 911 14 29 á
1035 910 25 30 la
1072 909 103 31 verda-

149 963 64 30 dera
230 963 161 30 necesidad?

190 1022 41 28 Me
242 1023 121 28 atreveré
378 1021 13 29 á
407 1020 84 36 decir,
510 1032 52 30 que
576 1027 40 24 tan
630 1023 57 29 solo
700 1023 24 29 la
740 1023 64 30 falla
819 1023 33 30 de
864 1023 101 31 medios
981 1034 61 31 para
1057 1025 40 31 las
1111 1025 64 31 des-

149 1085 104 31 cargas,
269 1087 17 29 y
302 1076 32 30 de
350 1081 146 26 trasnorles
511 1077 82 30 desde
609 1078 24 30 el
646 1084 94 34 puerto
756 1078 23 30 al
793 1085 195 35 campamento,
1008 1081 82 30 dilató
1106 1082 70 30 bás-

149 1137 70 24 tanle
232 1132 23 29 el
269 1133 96 39 tiempo
379 1143 50 29 que
443 1133 104 39 empleó
561 1133 23 30 el
599 1134 69 30 sitio.

190 1189 35 28 No
242 1198 127 30 creyeron
382 1189 25 29 al
424 1189 130 41 principio
572 1189 84 32 llevar
667 1190 25 31 la
709 1201 62 21 cosa
783 1193 15 29 á
815 1198 41 24 tan
874 1193 52 30 alto
937 1194 94 40 grado,
1048 1205 49 31 por
1122 1206 52 20 su-

149 1254 83 31 poner
248 1254 54 20 mas
320 1246 65 29 flaca
401 1244 33 31 de
451 1245 23 30 lo
490 1256 54 31 que
560 1247 144 30 realmente
718 1248 54 35 fué,
792 1249 24 30 la
844 1249 157 32 resistencia
1015 1250 33 32 de
1069 1252 105 41 aquella

150 1301 85 39 plaza.

192 1358 73 35 ¿Fué
277 1360 14 27 ó
308 1367 33 20 no
353 1357 43 30 fué
407 1363 56 24 esto
479 1368 35 19 un
527 1361 91 28 error?

192 1415 35 28 La
240 1414 132 30 actividad
384 1424 52 30 que
452 1415 177 41 desplegaron
646 1417 182 32 últimamente
840 1430 155 31 compensa,
1018 1432 29 21 es
1063 1423 110 36 verdad,

150 1469 39 29 las
205 1470 129 39 primeras
347 1469 88 36 faltas,
451 1481 62 29 pero
529 1481 33 20 no
577 1471 38 31 las
631 1472 89 31 borra.

192 1526 50 39 ¿No
254 1536 28 19 es
295 1535 63 31 para
372 1526 66 30 citar
449 1527 25 30 lo
484 1537 51 31 que
552 1529 99 41 pasaba
662 1540 49 20 con
728 1536 133 33 nosotros,
878 1543 53 31 que
948 1535 40 29 sin
1006 1536 128 41 embargo
1147 1536 32 31 de

149 1581 159 31 atendernos
320 1592 49 20 con
383 1582 24 31 la
421 1582 180 42 predilección
614 1596 53 30 que
678 1586 86 31 daban
778 1588 14 30 á
805 1587 40 31 los
857 1599 125 31 vapores,
999 1592 128 32 lardaban
1142 1595 37 29 10

151 1648 16 29 y
185 1640 36 29 12
236 1638 57 31 dias
309 1649 64 31 para
389 1639 191 41 descargarnos
602 1642 25 30 lo
643 1653 52 31 que
711 1644 23 30 el
751 1645 97 30 mismo
872 1656 84 31 vapor
972 1650 122 40 ocupado
1108 1660 33 20 en
1157 1650 22 31 el

151 1696 132 29 comercio
299 1696 130 40 descarga
439 1708 31 19 en
486 1699 37 28 24
539 1697 102 32 horas?

193 1751 54 30 Con
261 1752 72 35 todo,
347 1763 121 20 merecen
482 1753 97 41 alguna
595 1754 122 43 disculpa
730 1758 123 40 aquellos
865 1763 91 28 vacíos
969 1762 34 31 de
1015 1763 23 30 la
1050 1763 132 32 adminis-

153 1808 98 29 tración
264 1808 22 30 si
297 1819 28 20 se
338 1810 65 30 mira
414 1815 176 26 atentamente
608 1812 24 30 la
648 1813 190 40 grandiosidad
852 1817 33 30 de
908 1818 59 31 toda
985 1819 62 32 ella.
1062 1821 21 30 A
1097 1820 23 31 la
1135 1821 47 30 in-

153 1863 137 32 tendencia
306 1866 107 40 general
427 1877 32 20 en
473 1868 227 43 Constantinopla,
717 1882 76 20 como
816 1874 96 31 núcleo
925 1874 33 32 de
971 1877 79 39 aquel
1068 1877 111 36 enredo,
