1241 2180
568 127 181 28 148

147 197 96 41 alguna
260 196 146 31 distinción
421 194 103 31 cuando
539 195 59 29 vino
615 194 12 29 á
647 192 84 31 bordo
747 202 62 32 para
830 192 142 31 visitarnos
986 216 6 12 ,
1011 190 160 41 dispusimos

147 264 67 30 que,
234 253 22 30 al
272 262 85 32 poner
370 251 22 31 el
407 251 44 42 pié
467 262 30 19 en
515 250 23 31 la
555 250 117 31 cubierta
687 274 6 11 ,
712 259 28 20 se
760 248 160 41 desplegase
937 258 33 20 en
986 246 23 32 el
1027 246 60 42 palo
1101 246 70 31 trin-

146 314 78 36 quete
240 309 23 30 el
280 308 122 42 pabellón
419 307 33 30 de
468 317 95 31 guerra
580 306 108 41 español
705 330 5 10 ,
736 304 148 31 saludando
895 304 25 30 el
936 309 59 25 acto
1011 313 49 20 con
1074 313 34 20 un
1120 312 51 21 ca-

147 370 114 29 ñonazo;
281 364 59 30 todo
351 364 24 30 lo
389 375 50 30 que
456 364 110 30 hicimos
587 373 48 20 con
653 361 94 31 mucha
763 361 131 41 precisión
911 386 5 11 ,
938 372 15 30 y
969 371 48 20 con
1031 364 69 26 lanía
1117 369 54 31 ga-

149 421 92 29 llardía
257 432 74 18 como
349 431 43 19 era
410 425 140 25 menester.

191 477 160 31 «Salónica»
369 488 28 20 es
424 487 50 20 una
498 476 140 41 población
654 475 33 30 de
704 475 23 30 la
741 476 118 39 Turquía
874 474 33 30 de
923 474 123 30 bástanle
1063 474 107 41 impor-

149 535 83 30 tancia
257 534 140 31 comercial
413 559 6 10 ,
444 543 62 31 pero
533 532 166 41 desprovista
714 557 5 10 ,
738 542 74 20 como
831 532 72 29 todas
926 531 39 30 las
982 530 129 31 ciudades
1128 531 42 30 del

148 593 115 29 Levante
275 617 5 9 ,
294 592 41 29 del
351 591 126 30 atractivo
489 589 33 31 de
535 590 70 30 buen
616 595 77 35 gusto
711 600 15 30 y
739 588 197 42 espaciosidad.
954 590 35 29 La
1006 588 164 31 recolección

147 648 33 31 de
197 648 75 30 vinos
289 659 15 29 y
321 658 96 30 granos
433 658 28 18 es
474 647 24 29 lo
511 657 67 30 que,
594 651 195 36 mayormente,
808 646 134 29 mantiene
959 656 31 19 en
1008 646 51 29 ella
1076 656 35 19 un
1127 656 43 20 co-

148 706 98 30 mercio
263 705 118 30 bástanle
398 704 85 30 aclivo
500 714 15 29 y
532 703 118 40 general.

190 764 36 28 La
241 761 157 30 recorrimos
422 770 31 20 en
467 770 44 20 sus
526 758 159 42 principales
705 759 81 30 calles
800 784 6 11 ,
825 769 17 31 y
858 769 62 31 para
943 759 94 31 acudir
1053 761 14 29 á
1084 760 86 31 donde

151 817 114 30 admirar
281 818 98 39 alguno
400 827 51 30 que
478 822 55 24 olro
558 821 69 26 resto
649 815 33 31 de
704 815 161 41 antigüedad
887 826 52 31 que
955 826 31 20 su
1003 817 100 30 recinto
1119 826 50 21 aun

150 874 127 30 encierra.
297 874 106 29 Fuimos
419 874 13 29 á
457 874 92 29 visitar
567 873 22 29 la
604 873 129 40 principal
750 873 133 40 mezquita
899 873 115 30 llamada
1042 873 126 36 lambien,

149 941 75 20 como
246 941 31 19 en
294 929 231 40 Constantinopla,
556 930 77 28 Santa
651 928 85 35 Sofía,
765 940 30 19 su
818 929 111 30 nombre
947 929 172 31 tradicional:
1138 941 30 19 en

150 986 50 31 ella
213 997 28 20 se
257 986 100 40 guarda
373 996 50 20 aun
441 985 22 30 el
478 985 101 41 púlpito
596 985 87 29 donde
700 985 137 40 predicara
852 987 50 28 San
920 985 94 31 Pablo.

191 1045 50 29 Ese
252 1044 106 40 antiguo
376 1042 97 41 templo
485 1042 140 36 cristiano,
641 1052 28 20 se
686 1052 30 20 ve
729 1042 135 30 adornado
877 1052 51 21 aun
942 1054 33 19 en
992 1054 31 19 su
1036 1044 103 30 bóveda
1155 1055 15 30 y

150 1101 91 30 frontis
258 1101 86 29 donde
360 1100 77 29 habia
461 1099 23 30 el
500 1100 66 28 aliar
582 1109 91 30 mayor
686 1124 5 10 ,
711 1099 32 30 de
756 1100 113 39 algunas
887 1101 138 39 imágenes
1041 1101 129 31 simbóli-

150 1167 44 21 cas
209 1156 32 31 de
257 1162 40 24 tan
315 1161 149 25 sacrosanta
481 1156 112 40 religión
607 1181 5 10 ,
628 1156 56 30 solo
701 1167 67 30 que,
787 1156 93 31 siendo
893 1157 153 42 esculpidas
1063 1169 32 20 en
1106 1169 64 20 mo-

150 1214 85 34 saico,
254 1213 39 30 los
308 1218 86 25 turcos
416 1211 149 31 fácilmente
582 1212 37 29 les
643 1211 49 31 han
710 1211 112 31 borrado
849 1222 60 21 cara
934 1224 16 30 y
974 1224 91 20 manos
1080 1239 6 11 ,
1105 1225 63 30 para

148 1280 52 30 que
225 1268 115 39 quedara
367 1268 177 31 desvanecida
618 1269 105 30 esencia
749 1268 33 31 de
808 1280 29 19 su
863 1269 112 41 sagrada
996 1277 174 34 representa-

148 1326 69 29 ción.

189 1383 50 28 Por
255 1382 24 29 lo
302 1382 90 29 demás
406 1406 6 10 ,
439 1382 56 29 está
511 1387 178 25 enteramente
714 1382 168 41 desprovista
898 1382 33 31 de
946 1383 59 31 loda
1023 1389 55 26 olra
1101 1384 70 31 clase

147 1438 33 31 de
197 1439 103 30 señales
316 1449 52 30 que
384 1438 164 30 manifiesten
565 1438 24 30 el
605 1438 72 30 culto
693 1449 52 30 que
761 1449 32 20 en
819 1439 52 31 ella
887 1441 178 31 actualmente
1083 1453 29 19 se
1124 1453 46 20 ce-

147 1494 72 31 lebra
233 1520 6 11 ,
257 1495 14 30 á
288 1495 139 40 escepcion
452 1494 32 30 de
507 1494 25 30 la
560 1494 122 31 multitud
699 1495 33 30 de
749 1495 132 42 lámparas
898 1507 48 19 con
964 1497 39 30 las
1019 1509 53 30 que
1088 1509 83 20 acos-

147 1551 121 30 tumbran
285 1551 39 30 los
354 1557 86 24 turcos
456 1550 113 30 adornar
585 1553 14 28 é
615 1551 125 30 iluminar
756 1562 45 19 sus
817 1553 157 40 mezquilas.
995 1556 79 29 Están
1091 1566 80 20 com-

147 1614 106 35 puestas
267 1609 38 29 las
324 1609 63 29 tales
401 1609 142 40 lámparas,
573 1608 33 30 de
621 1608 127 31 infinidad
765 1609 33 30 de
815 1620 78 20 vasos
906 1610 32 32 de
954 1612 104 31 colores
1081 1614 25 29 al
1122 1624 49 20 es-

148 1665 43 31 tilo
205 1665 32 30 de
254 1665 38 30 los
308 1676 52 30 que
376 1676 28 19 se
417 1675 85 31 ponen
517 1675 31 20 en
566 1665 38 31 las
616 1666 201 31 iluminaciones
834 1678 52 30 que
902 1678 32 19 en
950 1669 113 40 algunas
1077 1676 87 36 partes

147 1733 29 19 se
191 1722 82 30 hacen
287 1734 47 28 por
350 1723 38 29 las
401 1723 82 29 calles
497 1747 6 11 ,
522 1733 32 19 en
570 1723 57 29 dias
644 1723 33 30 de
693 1724 96 38 alguna
807 1724 180 32 celebración.

191 1780 35 28 Lo
240 1779 111 30 ridículo
362 1804 6 11 ,
384 1780 14 30 á
412 1780 33 29 mi
463 1780 142 35 entender,
624 1791 27 18 es
668 1780 24 30 al
709 1780 91 30 visitar
816 1780 38 31 las
865 1784 147 40 mezquitas
1026 1809 5 12 ,
1052 1796 52 30 que
1119 1791 53 25 ten-

150 1845 32 31 ga
198 1846 52 19 uno
267 1846 51 30 que
342 1836 117 40 quitarse
475 1835 39 31 los
531 1841 104 35 zapatos
652 1846 63 30 para
728 1841 89 25 entrar
832 1847 33 20 en
887 1838 66 31 ellas
967 1864 6 11 ,
994 1852 15 29 y
1025 1842 147 39 permitirle

147 1891 25 31 el
184 1901 33 21 no
233 1891 168 32 descubrirse
419 1892 23 31 la
458 1892 105 31 cabeza.
583 1892 108 31 Cuando
707 1902 47 21 nos
768 1893 86 31 vimos
870 1894 137 34 descalzos
1020 1923 7 12 ,
1046 1910 17 28 y
1079 1910 49 20 con
1145 1900 24 31 el
