1241 2180
596 118 160 27 64

165 187 32 30 de
213 186 108 30 defensa
338 195 50 30 que
413 184 38 30 las
468 188 88 35 tropas
572 181 93 31 hacían
684 206 5 10 ,
709 190 62 32 para
795 180 23 29 el
843 189 62 20 caso
927 179 34 29 de
978 188 33 20 un
1028 182 96 36 ataque
1141 187 46 31 por

164 249 74 35 parte
251 242 32 30 de
301 242 38 29 los
356 251 87 19 rusos.

205 302 50 28 Los
269 298 101 31 aliados
387 308 27 20 se
430 297 95 30 habían
542 296 143 41 amparado
697 295 33 29 de
746 299 55 25 este
812 298 94 37 punto,
926 302 48 32 por
986 302 43 21 ser
1044 291 33 31 de
1091 292 96 41 alguna

164 355 171 41 importancia
352 353 151 35 comercial,
522 363 75 20 como
614 357 93 36 puerto
723 351 32 29 de
772 350 166 40 esporlacion
951 348 33 31 de
1001 349 24 30 la
1042 353 74 36 parte
1140 358 47 21 oc-

164 411 113 29 cidental
293 410 33 30 de
343 410 22 30 la
382 410 114 30 Crimea.

205 468 141 40 Eupaloria
362 467 68 29 nada
446 466 80 40 digno
544 465 32 30 de
593 465 182 30 mencionarse
791 473 76 21 como
891 462 107 30 notable
1025 462 130 35 encierra,
1174 463 13 29 á

162 534 33 20 no
211 534 43 20 ser
269 524 39 30 las
323 524 81 30 calles
415 534 51 29 que
483 534 47 29 por
543 523 25 28 lo
577 521 149 30 inundadas
742 531 48 20 con
804 520 111 30 charcos
932 518 33 31 de
991 528 81 31 agua,
1099 529 88 20 mere-

162 591 48 20 cen
227 584 185 37 séguramenle
434 589 87 20 suma
536 578 136 31 atención
697 578 44 29 del
763 578 109 39 viajero,
903 577 21 29 si
949 586 29 20 es
1006 586 63 31 que,
1096 586 33 20 no
1155 577 32 29 ha

162 637 145 39 aprendido
317 638 22 29 el
354 638 111 29 sencillo
480 637 111 29 artificio
604 636 33 30 de
653 637 24 29 la
694 636 133 29 natación.

205 696 49 28 Sus
270 694 160 34 habitantes,
448 704 28 19 se
490 693 149 29 mostraban
652 703 64 30 muy
730 694 124 38 pacíficos
871 696 60 25 anle
956 690 106 41 aquella
1079 691 105 40 especie

161 750 33 31 de
210 750 164 30 dominación
399 750 154 39 estranjera.
574 751 36 28 En
635 749 23 30 el
685 749 108 34 muelle,
812 759 29 19 se
869 749 94 28 venían
981 754 156 24 centenares
1153 748 31 30 de

162 807 123 30 hombres
302 818 15 29 y
330 806 152 41 chiquillos,
508 807 12 29 á
539 807 161 40 presenciar,
732 805 84 30 llenos
838 805 33 29 de
895 805 166 35 curiosidad,
1088 805 23 30 el
1133 805 53 30 de-

162 862 159 38 sembarque
332 862 32 29 de
380 861 98 31 efeclos
492 871 62 29 para
570 861 39 30 los
623 860 112 32 aliados.

201 920 56 28 Mas
267 918 120 30 adelante
404 918 77 30 habia
498 918 32 30 de
547 928 43 20 ser
603 923 81 25 teatro
697 923 55 25 este
776 925 82 34 punto
885 917 33 31 de
945 918 115 39 algunos
1087 918 95 30 hechos

161 975 138 29 señalados
312 985 31 19 en
357 975 105 39 aquella
476 985 105 30 guerra.
597 976 133 28 Primero:
748 976 23 28 la
786 975 98 29 batalla
910 985 53 30 que
977 975 208 30 valerosamente

161 1036 108 25 sostuvo
284 1031 159 39 Omer-bajá
457 1042 47 19 con
518 1042 30 19 su
562 1031 119 40 ejército,
701 1042 52 29 que
769 1031 84 29 desde
879 1031 38 29 los
943 1031 173 41 Principados
1133 1033 51 29 Da-

160 1088 129 30 nubianos
303 1098 28 20 se
347 1088 77 30 habia
442 1087 149 31 trasladado
614 1088 67 36 allá;
702 1098 15 30 y
733 1087 117 41 después
867 1087 22 30 la
907 1087 125 32 brillante
1049 1098 79 31 carga
1151 1088 32 31 de

161 1146 141 30 caballería
316 1155 60 20 rusa
394 1157 15 27 y
426 1146 130 29 francesa.

204 1202 52 28 Una
274 1200 83 35 larde,
376 1201 116 40 pasando
506 1200 84 30 frente
602 1210 50 20 una
669 1202 94 39 iglesia
777 1202 105 39 griega,
900 1202 96 30 viendo
1010 1213 52 30 que
1076 1212 109 20 concur-

161 1258 55 29 rían
230 1259 13 28 á
260 1257 50 30 ella
324 1268 63 29 gran
400 1259 109 29 número
522 1257 33 31 de
571 1258 86 35 fieles,
673 1268 48 20 nos
735 1259 59 40 picó
808 1259 23 30 la
849 1259 153 31 curiosidad
1019 1260 32 30 de
1075 1270 47 20 ver
1134 1269 49 21 una

161 1314 146 30 ceremonia
325 1314 32 29 de
374 1314 24 30 la
412 1314 112 41 religión
542 1315 133 30 cismática
692 1316 103 39 griega,
810 1326 17 29 y
840 1322 135 24 entramos
992 1317 126 29 lambien.

201 1370 68 31 Cada
283 1380 122 30 persona,
420 1371 23 30 al
461 1376 98 30 entrar,
576 1371 104 30 tomaba
698 1381 51 20 una
766 1372 70 34 vela,
856 1373 33 29 de
901 1373 112 30 muchas
1026 1384 53 30 que
1106 1373 77 30 habia

161 1436 31 20 en
204 1435 51 20 una
266 1426 122 40 bandeja,
404 1426 24 30 la
442 1426 127 30 encendía
583 1437 16 30 y
611 1437 29 19 se
655 1427 172 30 arrodillaba.
846 1428 32 30 Al
893 1440 68 30 poco
983 1435 67 30 ralo,
1070 1430 112 31 salieron

161 1487 88 24 cuatro
260 1482 113 40 clérigos
384 1493 16 29 y
413 1488 123 24 cantaron
553 1493 74 19 como
641 1493 66 19 unas
730 1484 111 29 letanías
857 1495 49 19 con
928 1485 122 32 bastante
1072 1492 110 25 entona-

161 1537 66 29 ción.
245 1537 93 30 Finido
349 1548 44 19 efe
406 1544 57 23 acto
475 1547 107 20 rezaron
596 1549 74 19 como
691 1549 50 19 una
758 1540 107 30 oración
892 1543 98 29 menlal
1006 1554 15 29 y
1038 1554 28 19 se
1083 1544 101 29 retira-

160 1602 56 20 ron.
238 1593 111 40 Aquella
362 1594 148 28 ceremonia
524 1604 40 19 me
577 1593 120 31 infundió
713 1595 190 40 recogimiento
920 1607 17 31 y
951 1600 160 30 veneración
1138 1610 46 31 por

161 1658 31 19 su
208 1649 101 28 mística
326 1649 175 29 solemnidad.

201 1703 30 29 El
244 1704 151 30 intendente
406 1705 120 40 ocupaba
542 1705 25 31 la
580 1716 59 20 casa
654 1717 53 31 que
717 1714 74 24 antes
806 1718 44 20 era
866 1709 33 30 de
923 1710 24 30 la
970 1712 141 31 autoridad
1131 1723 52 30 gu-

161 1759 147 36 bernativa,
322 1771 16 30 y
354 1771 51 20 aun
420 1772 28 20 se
465 1765 75 28 veían
554 1763 112 41 algunos
677 1764 102 40 objetos
791 1776 53 30 que
862 1765 23 30 lo
903 1769 186 40 atestiguaban
1099 1782 5 18 :
1133 1770 51 30 do-

161 1821 136 25 cumentos
309 1827 30 20 en
357 1817 38 31 los
411 1825 125 30 estantes,
555 1821 114 30 cuadros
696 1821 161 41 alegóricos,
875 1835 18 28 y
909 1835 109 22 enseres
1030 1826 34 32 de
1077 1829 104 30 oficina.

202 1873 39 29 Un
258 1872 41 30 dia
312 1884 52 30 que
378 1876 113 29 tuvimos
503 1887 51 30 que
568 1880 148 28 avistarnos
731 1888 49 21 con
793 1880 24 29 el
832 1881 32 28 tal
875 1882 152 41 empleado,
1044 1895 17 30 y
1074 1896 52 30 que
1137 1897 48 29 por
