1241 2180
508 115 180 28 159

85 177 35 30 tal
137 176 99 31 mezcla
250 176 33 31 de
299 176 125 31 hombres
440 201 6 11 ,
466 188 44 20 era
527 178 60 30 fácil
604 178 144 41 distinguir
764 189 48 30 por
824 189 45 20 sus
884 188 80 21 canas
979 203 6 10 ,
1000 188 47 30 por
1063 188 45 19 sus

84 235 138 31 cicatrices
235 260 6 10 ,
261 245 17 31 y
295 245 47 31 por
359 245 30 20 su
407 245 83 31 grave
507 241 74 36 porte
595 260 5 11 ,
619 237 14 29 á
654 237 112 39 algunos
784 242 137 24 veteranos
941 236 43 30 del
1007 235 101 41 grande

87 292 110 30 hombre
211 291 44 30 del
273 292 110 41 Egipto,
400 292 43 29 del
460 293 162 30 memorable
638 293 109 30 Ibraim-
756 294 72 39 Bajá.

127 349 22 30 A
167 349 73 30 lodos
254 349 40 30 los
308 349 173 41 regimientos
496 350 39 30 los
551 349 125 42 precedía
692 350 23 30 la
728 350 105 31 sección
847 350 32 31 de
893 350 157 42 zarpadores
1062 361 48 20 con

85 417 32 20 su
133 405 117 31 delantal
272 405 33 31 de
322 408 135 39 marroquí
479 406 149 31 encarnado
653 417 16 31 y
695 407 24 30 la
741 407 176 30 herramienta
938 408 24 29 al
986 406 123 37 hombro,

86 463 163 30 marchando
262 474 49 19 con
327 463 70 30 buen
412 464 54 29 aire
483 464 98 30 militar
594 476 5 17 :
626 465 15 29 á
657 469 70 24 estos
740 464 38 29 les
794 465 110 40 seguian
922 475 65 19 unos
1001 470 110 25 cuantos

86 520 71 41 pilos
174 531 16 29 y
208 520 150 34 tambores,
377 521 14 29 á
415 530 68 30 cuyo
505 520 154 40 campesino
681 530 46 19 son
746 520 159 30 marchaban
919 520 14 30 á
946 521 107 39 compás
1067 544 6 12 ,
1098 522 13 28 ó

88 576 121 31 bástanle
223 578 12 28 á
252 579 109 39 compás
375 602 7 11 ,
400 577 121 41 aquellos
538 576 136 31 soldados.
692 579 33 28 Se
742 576 134 31 formaban
893 578 15 29 á
922 583 51 24 tres
985 576 32 31 de
1034 575 77 32 fondo

90 634 24 29 al
132 633 134 30 marchar.

134 691 51 30 Los
202 696 89 25 turcos
305 715 6 11 ,
328 702 27 19 es
368 690 74 31 decir
455 715 6 11 ,
481 701 30 20 su
528 691 109 40 ejército
651 715 6 10 ,
676 691 55 30 está
743 696 154 34 compuesto
913 701 49 20 con
978 696 71 25 corla
1065 690 49 30 di-

90 747 117 32 ferencia
220 749 14 29 á
252 747 24 30 lo
292 747 115 31 descrito
421 747 78 31 sobre
516 747 22 30 el
553 747 114 41 egipcio.
684 749 34 28 La
735 747 161 31 instrucción
909 757 51 31 que
973 747 85 30 lienen
1073 752 41 24 lo-

93 807 48 29 dos
155 806 40 30 los
208 806 126 30 soldados
351 817 52 30 que
424 807 74 28 están
521 806 61 40 bajo
604 806 22 29 el
645 806 117 29 dominio
777 805 43 30 del
835 806 91 29 Sullan
942 829 6 11 ,
967 816 28 19 es
1012 805 102 30 todavía

95 864 23 30 la
132 863 119 40 antigua.
272 862 28 31 El
316 862 130 31 uniforme
462 873 29 20 es
504 863 13 30 á
535 862 25 30 la
575 872 127 31 europea,
720 864 15 27 ó
748 862 123 40 parecido
885 862 12 29 á
912 862 51 29 ella
977 873 5 19 :
1001 862 116 40 chaque-

95 926 23 25 ta
143 931 18 31 y
181 920 125 41 pantalón
322 919 33 31 de
372 924 67 37 paño
456 919 203 31 verde-bolella
673 943 6 11 ,
705 929 64 31 pero
790 917 107 31 cortado
918 929 48 19 con
989 923 40 25 tan
1052 928 65 31 poca

94 978 90 39 gracia
201 988 16 30 y
236 976 105 30 llevado
354 987 48 19 con
421 982 41 24 tan
476 986 92 20 escasa
592 975 187 31 desenvoltura
792 1000 6 11 ,
817 985 52 31 que
882 985 32 20 no
928 974 85 41 puede
1028 984 89 21 menos

94 1033 33 31 de
143 1033 97 31 chocar
256 1044 31 19 su
301 1033 167 35 continente;
484 1043 32 19 en
529 1032 24 29 la
565 1032 95 30 cabeza
675 1041 76 26 usan,
770 1042 74 19 como
859 1031 98 41 prenda
967 1031 32 30 de
1013 1042 30 19 su
1056 1032 61 29 ins-

95 1091 110 30 titución
216 1116 6 11 ,
241 1090 23 31 el
278 1089 40 32 fez
333 1089 150 31 encarnado
495 1114 6 11 ,
521 1100 63 30 pero
596 1089 41 29 sin
650 1094 87 35 gastar
752 1088 130 30 turbante.
902 1089 65 29 Para
979 1088 93 40 abrigo
1084 1098 33 20 en

96 1148 98 40 liempo
206 1147 33 30 de
256 1146 50 31 frío
320 1171 6 11 ,
346 1147 98 35 llevan,
463 1156 64 31 pero
543 1145 115 30 lambien
672 1155 64 30 muy
752 1144 51 30 mal
819 1144 139 41 arreglado
971 1144 23 31 al
1007 1155 110 31 cuerpo,

95 1215 36 19 un
144 1210 95 34 capole
254 1215 17 29 y
286 1203 119 40 capucha
422 1202 33 30 de
467 1207 68 36 paño
551 1202 187 41 blanquinoso.

140 1263 36 29 Lo
199 1271 56 20 mas
276 1260 155 30 defectuoso
446 1284 6 10 ,
470 1269 108 31 empero
590 1283 6 11 ,
615 1258 34 30 de
664 1269 31 19 su
712 1259 156 29 vestimenta
882 1283 6 12 ,
912 1270 29 18 es
957 1260 22 28 el
999 1259 118 30 calzado.

96 1321 37 28 Lo
150 1319 89 29 llevan
256 1328 63 31 muy
336 1317 52 30 mal
404 1315 101 41 forjado
527 1317 14 29 á
565 1326 80 19 causa
663 1315 42 30 del
728 1326 47 19 uso
794 1326 16 30 y
823 1315 70 30 culto
908 1315 148 31 musulmán
1070 1327 5 19 :
1095 1315 25 30 lo

97 1377 94 42 propio
207 1387 54 30 que
273 1376 14 29 á
305 1375 38 29 las
361 1373 146 41 mezquitas
521 1397 6 11 ,
546 1372 24 30 al
587 1377 89 26 entrar
696 1382 32 20 en
746 1372 39 30 los
800 1372 130 30 cuarteles
945 1371 85 31 deben
1048 1377 74 26 lam-

96 1434 63 30 bien
174 1433 76 41 dejar
263 1443 47 20 sus
325 1437 107 36 zapatos
445 1431 14 29 á
474 1431 23 28 la
514 1435 92 35 puerta
621 1453 5 12 ,
657 1440 15 30 y
696 1429 38 30 los
747 1439 86 31 ponen
849 1439 32 20 en
905 1439 52 20 una
970 1430 104 40 especie
1088 1429 33 30 de

97 1491 125 31 armario.
253 1492 34 28 Se
313 1489 78 30 llama
405 1489 14 29 á
433 1487 143 31 formación
591 1499 6 23 ;
623 1486 73 30 lodos
709 1486 102 30 acuden
825 1496 33 19 en
875 1486 82 41 tropel
979 1486 13 30 á
1005 1486 117 31 calzarse

97 1547 264 42 apresuradamente.
379 1545 120 41 Algunas
516 1553 78 21 veces
608 1552 79 22 causa
703 1543 106 32 irrisión
825 1542 88 31 verlos
929 1548 87 25 entrar
1031 1553 31 21 en
1079 1543 43 31 fila

98 1615 50 20 con
161 1605 40 29 los
217 1608 105 35 zapatos
339 1613 32 20 en
383 1601 148 31 chancleta.

140 1663 52 29 Las
207 1670 87 21 armas
310 1659 51 41 hay
376 1668 51 31 que
444 1657 74 30 decir
531 1681 6 12 ,
554 1666 53 30 que
631 1656 38 29 las
687 1656 86 29 tenían
789 1665 32 20 en
838 1654 69 31 buen
924 1655 102 37 estado,
1047 1667 15 29 y
1074 1666 48 20 ca-

98 1719 23 31 si
135 1718 74 31 lodos
226 1718 39 29 los
281 1716 173 41 regimientos
468 1714 38 30 las
524 1713 86 31 lenian
627 1712 153 36 modernas,
799 1711 99 31 salidas
909 1712 34 30 de
955 1712 39 30 las
1010 1713 113 31 fábricas

98 1775 119 41 bélgicas
231 1776 14 28 ó
260 1773 145 30 francesas.

140 1833 46 29 Sin
208 1830 129 42 embargo
360 1829 34 30 de
411 1828 60 31 todo
493 1832 98 26 cuanto
607 1836 29 20 se
651 1825 82 31 acaba
758 1825 34 30 de
814 1830 100 26 mentar
927 1836 16 31 y
959 1836 52 31 que
1024 1851 7 11 ,
1049 1837 75 21 como

99 1889 74 31 suele
187 1889 105 30 decirse
307 1911 7 13 ,
337 1887 68 40 haga
422 1895 66 32 poco
504 1884 76 31 favor
601 1884 25 30 al
644 1883 109 41 ejército
767 1888 73 25 turco
852 1906 7 12 ,
883 1892 33 20 no
930 1882 120 32 obslanle
1062 1884 62 31 haré
