1241 2180
578 120 161 27 34

149 191 135 36 compacta
300 187 14 29 á
330 185 24 29 la
369 185 77 29 vista.
462 185 37 28 En
513 188 55 25 otro
580 188 93 35 puerto
688 183 15 28 á
716 192 31 19 su
761 181 59 30 lado
833 181 79 30 habia
927 181 116 29 lambien
1060 180 115 30 bastan-

149 248 49 29 tes,
213 253 14 29 y
243 251 33 20 no
289 239 127 31 sabiendo
429 244 120 26 nosotros
564 239 14 30 á
591 238 59 31 cual
663 238 33 35 ir,
715 238 119 40 dejamos
851 248 62 20 caer
928 238 24 29 el
977 237 76 31 ancla
1075 238 14 29 á
1110 237 65 30 doce

146 298 91 30 brazas
254 297 33 29 de
302 296 90 36 fondo,
412 295 86 42 yendo
511 305 32 21 en
560 295 112 40 seguida
685 294 22 31 el
722 295 105 40 capitán
844 295 14 30 á
874 295 76 29 tierra
964 295 14 29 á
991 294 99 30 recibir
1110 294 65 31 ins-

147 354 157 29 trucciones.

188 413 38 28 Un
243 410 88 30 viento
347 420 45 20 ora
407 410 44 30 del
467 409 67 36 Sud,
550 420 45 19 ora
607 409 25 29 al
644 409 136 34 Poniente,
798 419 52 31 que
862 409 110 30 reinaba
989 409 84 29 desde
1090 409 23 29 el
1131 408 40 30 dia

145 467 126 36 anterior,
289 468 124 29 comenzó
429 467 14 29 á
457 466 89 40 soplar
562 475 48 21 con
626 465 121 30 bástanle
769 464 101 36 fuerza,
884 476 18 30 y
915 464 92 31 fueron
1030 465 141 40 agrupán-

143 524 65 30 dose
226 530 67 23 lanío
310 524 39 29 los
366 523 164 30 nubarrones
556 522 191 31 oscureciendo
776 523 23 29 la
825 522 154 36 atmósfera,
999 532 53 31 que
1074 522 97 31 viendo

144 591 32 20 en
193 580 51 30 ello
258 580 104 30 señales
383 588 171 31 precursoras
567 578 34 30 de
616 588 52 20 una
684 579 119 39 próxima
830 578 138 35 borrasca,
988 589 33 19 no
1038 578 133 30 ansiába-

144 646 55 20 mos
215 646 56 19 mas
287 646 51 28 que
354 635 25 29 el
395 639 132 25 momento
542 634 33 29 de
591 633 132 41 podernos
740 633 108 41 abrigar
865 644 31 19 en
913 635 23 28 el
955 639 105 35 puerto.

184 693 108 30 Gracias
308 692 23 30 al
345 702 108 30 regreso
466 691 44 30 del
525 691 104 40 capilan
643 701 34 18 no
696 701 64 29 muy
773 691 109 29 entrada
895 691 25 30 la
935 691 73 30 tarde
1024 702 49 19 con
1086 691 24 30 la
1124 694 44 28 or-

143 749 50 30 den
210 749 32 30 de
259 754 131 25 meternos
406 748 92 30 dentro
514 746 154 37 Kamiesch,
695 757 16 30 y
727 747 40 30 sin
784 746 108 31 demora
920 747 124 31 funcionó
1071 749 23 30 la
1111 750 57 29 má-

143 807 79 39 quina
235 815 62 31 para
315 804 157 30 verificarlo.
487 803 97 31 Estaba
600 804 24 30 el
640 813 65 31 paso
723 809 42 25 lan
778 804 138 30 obstruido
931 805 32 29 de
980 804 105 41 buques
1102 816 63 30 que,

142 862 24 30 al
180 862 46 30 dar
241 862 22 29 la
280 861 89 29 vuelta
390 865 74 25 entre
483 860 47 29 dos
546 860 34 29 de
596 860 77 35 ellos,
692 859 44 30 fué
753 860 145 30 inevitable
914 871 49 20 con
981 862 23 29 la
1021 861 88 31 fuerza
1125 862 43 31 del

143 918 88 29 viento
247 927 51 30 que
315 917 84 33 hacia,
432 916 106 34 chocar,
558 926 65 30 pero
639 916 185 40 ligeramente,
848 928 48 19 con
927 928 52 19 una
1001 918 108 31 corbeta
1135 919 33 31 de

140 983 97 31 guerra
261 973 114 39 inglesa,
394 972 161 30 causándole
579 981 51 20 una
656 982 66 30 poca
745 973 100 29 avería.
872 974 53 29 Con
943 974 23 30 el
996 975 97 30 ausilio
1115 986 52 30 que

140 1032 61 29 vino
217 1031 33 30 de
264 1031 112 40 algunos
393 1030 146 30 marineros
552 1029 146 36 franceses,
716 1041 16 29 y
744 1030 23 30 la
778 1030 88 41 ayuda
880 1030 32 31 de
926 1032 23 29 la
961 1037 72 36 tropa
1047 1044 52 29 que
1110 1033 57 30 lle-

139 1088 138 33 vábamos,
297 1087 188 40 conseguimos
502 1086 154 30 colocarnos
673 1087 14 29 á
703 1092 107 35 puesto,
828 1098 34 18 no
879 1088 40 30 sin
932 1089 98 30 mucho
1052 1090 112 41 trabajo,

138 1153 66 28 pues
217 1142 165 30 concluimos
397 1142 22 29 la
432 1141 76 30 faena
522 1151 75 20 cerca
609 1152 34 29 ya
656 1142 33 29 de
703 1143 87 29 media
804 1143 95 31 noche.

178 1199 143 28 Fuímonos
337 1198 14 28 á
367 1196 154 36 descansar,
540 1207 64 30 pero
620 1199 40 27 sin
678 1198 84 39 poder
778 1209 83 30 pegar
888 1200 38 30 los
944 1201 58 40 ojos
1018 1212 31 20 en
1066 1203 59 29 lodo
1141 1204 23 29 el

138 1259 68 25 resto
218 1254 32 29 de
267 1254 23 29 la
306 1253 99 34 noche;
425 1263 101 30 porque
542 1253 165 40 desfogando
720 1254 24 30 el
758 1255 89 30 viento
860 1266 49 20 con
923 1257 101 31 fuertes
1043 1259 118 41 ráfagas,

138 1320 47 20 nos
195 1309 75 30 hacia
287 1309 116 30 calcular
419 1320 42 19 ser
475 1309 143 30 inminente
637 1309 23 30 la
685 1311 157 39 tempestad,
860 1323 17 30 y
886 1324 47 29 por
948 1319 69 26 tanto
1033 1321 131 26 enlraren

137 1366 45 30 mil
195 1375 121 31 amargas
340 1366 167 30 reflexiones.
528 1367 35 28 La
580 1376 55 20 mas
662 1367 133 30 llevadera
812 1370 127 30 consistía
966 1381 33 20 en
1013 1382 53 31 que
1090 1374 22 29 si
1140 1373 24 30 la

135 1422 129 31 escuadra
285 1422 86 31 aliada
388 1422 121 41 quedaba
525 1422 210 36 desmantelada,
762 1424 132 32 fondeada
914 1437 76 21 como
1006 1429 93 30 estaba
1122 1430 42 30 sin

135 1479 103 40 abrigo,
259 1478 78 41 podia
353 1479 14 29 á
380 1478 22 30 la
419 1479 121 29 cesación
557 1478 42 30 del
613 1479 128 40 temporal
767 1480 64 30 salir
857 1481 22 30 la
907 1493 62 20 rusa
993 1495 52 30 que
1062 1496 28 20 se
1114 1486 50 31 ha-

138 1535 69 29 llaba
223 1545 31 19 en
272 1534 155 40 seguridad,
447 1545 16 29 y
489 1545 130 29 cogernos
635 1535 172 39 prisioneros.
829 1538 27 29 Si
872 1548 34 20 no
922 1541 110 30 sucedió
1048 1544 40 28 así
1106 1542 55 38 fué,

134 1602 52 29 que
199 1591 23 29 la
240 1591 66 29 furia
331 1590 43 30 del
392 1591 88 29 viento
495 1590 67 30 duró
578 1601 77 30 poco,
671 1602 52 29 que
740 1602 44 20 era
796 1592 24 30 el
841 1593 81 31 fondo
939 1596 42 30 del
1006 1607 70 31 agua
1099 1610 65 29 muy

134 1646 87 30 bueno
237 1655 63 31 para
313 1651 73 24 tener
403 1646 38 29 las
457 1646 100 34 anclas,
577 1657 16 29 y
609 1657 103 30 porque
730 1647 38 31 los
781 1650 93 29 navios
891 1661 78 20 rusos
991 1655 123 30 carecían
1130 1656 34 30 de

133 1702 85 31 hélice
238 1712 63 29 para
316 1701 80 31 hacer
408 1701 39 31 las
471 1701 151 32 maniobras
639 1713 52 29 que
708 1705 141 37 requerían
864 1706 38 30 las
914 1707 223 35 circunstancias.

174 1759 22 29 A
213 1758 35 30 mi
258 1757 77 31 modo
348 1757 33 31 de
393 1768 58 26 ver,
464 1757 71 31 hubo
548 1758 112 41 algunas
673 1759 78 30 fallas
764 1761 23 29 al
801 1761 130 42 principio
944 1764 33 31 de
989 1767 80 40 aquel
1087 1768 72 37 silio,

132 1814 74 31 todas
222 1813 156 31 dimanadas
392 1814 33 31 de
438 1814 23 31 la
475 1824 65 31 gran
552 1817 134 28 confianza
699 1816 33 29 de
742 1816 91 31 rendir
850 1818 159 43 Sebastopol
1025 1834 33 20 en
1074 1824 83 32 breve

126 1871 106 38 tiempo.
