1241 2180
575 108 162 28 76

141 175 99 34 exista;
257 184 15 31 y
287 184 61 31 muy
366 173 66 41 lejos
446 172 33 31 de
491 178 69 31 eslo,
575 182 97 31 parece
688 182 52 31 que
756 172 14 30 á
784 172 137 41 propósito
938 181 47 20 nos
1005 171 53 29 han
1074 170 94 40 dejado

140 241 79 30 pasar
234 231 40 29 sin
288 230 166 30 advertirnos
467 230 24 30 la
508 240 92 19 menor
616 239 73 20 cosa.
700 242 12 15 »
720 247 35 4 —
762 231 52 28 «Es
831 232 118 31 estraño,
967 228 55 40 dijo
1034 227 24 31 él
1073 253 6 11 ,
1094 238 74 21 como

140 298 63 31 para
220 290 22 28 sí
266 289 110 35 mismo;
396 298 66 30 pues
479 297 81 32 sepan
574 287 81 35 Vds.,
670 287 128 35 esclamó,
818 285 159 31 recalcando
994 286 38 30 las
1046 285 122 41 palabras

140 355 75 20 como
232 354 60 32 para
313 344 88 31 darles
417 354 93 31 mayor
526 343 139 31 evidencia
680 369 6 9 ,
705 353 51 31 que
774 343 22 30 si
816 342 66 31 Vds.
901 343 88 41 llegan
1017 343 14 30 á
1046 343 25 30 la
1087 353 81 20 cum-

138 402 48 30 bre
199 402 32 30 de
248 402 22 29 la
287 402 85 30 colina
390 413 52 30 que
458 401 152 30 intentaban
628 401 85 36 subir,
730 401 218 40 positivamente,
966 401 14 29 á
1002 405 70 25 estas
1088 400 79 31 horas

139 459 114 30 estarían
270 469 31 20 en
317 459 24 30 el
366 464 57 25 olro
438 458 111 36 mundo,
576 459 14 29 á
618 458 73 30 favor
718 458 33 29 de
768 458 24 29 la
819 463 102 25 certera
938 459 122 39 puntería
1077 457 33 31 de
1126 458 39 30 los

139 516 124 30 fusileros
284 526 109 20 rusos.»
402 535 32 4 —
442 515 118 31 «Siendo
574 518 39 28 así
628 541 5 11 ,
662 515 146 41 objetamos
828 521 122 24 nosotros
966 525 50 21 con
1034 520 131 26 muestras

139 574 33 29 de
192 574 179 35 sentimiento,
390 573 127 30 deberían
541 573 39 28 los
596 572 147 30 centinelas
762 578 72 23 tener
850 572 85 39 mejor
955 583 33 18 su
1004 572 160 40 consigna.»

140 647 36 5 —
182 631 55 28 «De
252 629 24 30 lo
289 640 51 30 que
362 640 29 19 se
408 634 62 25 trata
485 654 6 10 ,
515 629 175 40 interrumpió
707 638 60 20 asaz
781 628 145 30 amoscado
942 628 33 30 de
992 633 107 24 nueslra
1115 638 51 20 re-

138 685 171 30 criminación
324 710 6 11 ,
353 695 29 20 es
399 695 47 20 ver
461 686 22 29 si
511 686 86 29 tienen
615 684 64 31 Vds.
696 685 99 39 alguna
811 695 115 31 persona
940 684 154 31 acreditada
1115 695 51 30 que

138 742 40 30 los
192 742 133 41 garantice
337 752 31 20 en
381 742 23 30 el
421 747 69 31 acto,
509 752 65 31 para
589 742 114 41 poderse
719 741 123 31 marchar
858 741 93 31 libres.
963 756 11 13 »
993 741 173 31 Nombramos

138 798 23 30 al
176 799 103 40 capitán
297 800 91 28 Mells:
408 798 25 30 lo
447 798 83 30 buscó
543 809 31 19 en
597 799 25 29 la
635 800 67 28 Guia
719 799 109 35 militar,
848 809 17 30 y
881 798 69 41 dijo:
980 800 69 28 «Ese
1062 799 103 40 capitán

138 856 55 29 eslá
210 855 143 40 acampado
369 855 60 41 algo
442 855 114 30 distante
572 855 32 30 de
620 857 62 39 aquí
696 866 16 30 y
724 866 29 19 se
766 855 65 30 hace
845 855 83 30 larde.
946 857 43 37 ¿Y
1001 866 32 20 en
1048 856 23 30 el
1088 867 74 30 puer-

138 916 26 25 to
180 911 38 30 les
234 922 97 19 conoce
344 911 81 40 algún
449 911 181 41 empleado?»
639 931 33 2 —
679 911 145 38 «Todos,»
840 922 175 31 aseguramos
1031 919 131 25 nosotros.

140 968 45 30 Sin
202 968 73 30 decir
286 978 56 20 mas
355 993 6 11 ,
380 968 78 31 llamó
475 969 23 30 al
516 968 84 31 oficial
615 968 32 31 de
663 969 187 40 gendarmería
867 980 16 30 y
898 970 23 29 le
935 970 107 35 mandó,
1062 981 53 29 que
1128 981 34 19 un

138 1025 154 29 individuo
314 1035 47 19 nos
377 1030 175 35 acompañase
569 1025 22 29 al
609 1031 93 34 puerto
729 1034 63 31 para
818 1032 189 33 presentarnos
1024 1026 24 30 al
1071 1027 94 30 inten-

138 1080 89 29 dente.

180 1137 126 29 Tuvimos
332 1148 52 29 que
406 1147 109 31 esperar
537 1148 32 19 en
583 1148 49 19 una
651 1137 88 31 tienda
753 1138 32 30 de
804 1144 129 36 campaña
950 1139 148 31 inmediata
1115 1150 50 31 que

138 1203 27 20 se
182 1193 116 30 ataviara
314 1193 23 30 el
353 1203 53 31 que
421 1193 78 31 debia
516 1199 208 36 acompañarnos
739 1220 5 11 ,
763 1207 16 29 y
798 1196 199 40 emprendimos
1015 1197 23 30 la
1056 1197 105 30 marcha

138 1248 115 41 después
266 1249 75 30 hacia
352 1250 141 30 Kamiesch
510 1275 5 11 ,
532 1261 62 30 muy
608 1261 111 30 gozosos
735 1251 33 30 de
785 1263 97 19 vernos
894 1253 83 30 libres
990 1253 33 30 de
1045 1253 39 30 las
1095 1264 70 30 gar-

138 1315 42 20 ras
196 1305 32 29 de
245 1305 120 39 aquellos
377 1306 169 38 presumidos
559 1307 139 30 militares.

178 1363 106 39 Apenas
299 1362 118 30 andados
442 1374 68 19 unos
526 1364 153 40 quinientos
696 1374 78 31 pasos
789 1390 6 11 ,
815 1366 24 30 el
863 1367 147 40 gendarme
1027 1378 48 19 nos
1099 1367 64 41 dijo:

139 1419 133 29 «Señores
286 1443 6 10 ,
308 1418 66 30 salta
395 1419 14 30 á
427 1418 24 30 la
468 1419 67 30 vista
552 1430 52 30 que
617 1419 65 32 Vds.
699 1431 46 20 son
763 1423 113 39 quienes
889 1423 77 30 dicen
982 1448 5 11 ,
1006 1435 50 19 con
1071 1426 54 39 qué
1138 1435 27 19 es

138 1474 130 30 escusado
281 1485 50 29 que
343 1485 33 30 yo
390 1474 39 31 les
442 1480 155 36 acompañe.
613 1478 38 29 No
663 1477 53 41 hay
732 1477 43 30 dia
792 1489 53 30 que
857 1490 33 18 no
904 1485 77 35 lenga
996 1491 52 30 que
1060 1480 105 32 desem-

138 1535 82 37 peñar
237 1531 22 30 la
273 1531 93 30 misma
380 1532 127 30 comisión
521 1557 6 11 ,
546 1544 17 29 y
577 1533 74 30 todas
668 1534 73 29 salen
758 1534 150 32 conformes
922 1548 5 19 :
948 1548 33 19 no
994 1548 28 20 es
1034 1539 53 29 mal
1105 1544 60 24 tra-

137 1587 62 41 bajo
212 1588 89 35 hacer,
321 1599 15 29 y
353 1598 50 19 aun
416 1588 32 29 de
465 1589 94 36 noche,
576 1589 48 30 dos
640 1590 78 30 horas
734 1590 34 32 de
784 1593 105 30 camino
902 1599 75 25 enlre
990 1595 44 30 ¡da
1050 1606 15 29 y
1078 1595 87 31 vuel-

138 1649 25 25 ta
177 1668 6 10 ,
204 1653 83 31 ¿para
302 1645 70 39 qué?
389 1645 122 40 Vayanse
526 1656 48 19 con
592 1646 24 30 la
636 1656 48 31 paz
701 1647 33 31 de
754 1649 63 29 Dios
834 1660 52 30 que
909 1661 33 30 yo
965 1661 42 21 me
1034 1652 131 32 vuelvo.»

137 1700 83 30 Dicho
233 1711 15 27 y
265 1700 94 30 hecho.

179 1755 152 36 Quedamos
343 1757 71 30 solos
428 1767 63 31 para
508 1759 80 30 echar
598 1760 65 30 cada
685 1761 60 30 cual
759 1763 14 29 á
787 1773 45 20 sus
849 1764 134 31 anchuras
1006 1766 48 30 mil
1080 1772 88 36 pestes

138 1817 89 26 contra
240 1812 22 31 el
277 1813 104 31 coronel
399 1838 5 11 ,
431 1822 126 24 causante
570 1816 131 42 principal
718 1818 32 31 de
773 1820 107 40 aquella
902 1822 102 38 rigidez
1027 1823 141 32 fantástica
