1241 2180
581 126 160 28 84

148 203 50 20 con
212 193 23 30 la
252 192 59 30 cual
328 191 45 30 fué
383 191 117 41 preciso,
519 199 53 21 uno
586 194 51 25 tras
654 193 67 31 otro,
737 188 64 29 irlos
816 186 116 31 sacando
948 197 18 29 y
986 184 146 32 colocando
1144 195 30 21 en

149 249 24 30 el
188 249 78 30 fondo
282 248 43 30 del
339 248 123 30 lanchon.

191 308 114 28 Durante
322 315 43 21 esa
389 315 98 31 penosa
504 304 141 42 operación
661 328 4 10 ,
685 302 111 41 soplaba
817 313 36 19 un
870 302 90 29 viento
977 300 97 42 glacial
1088 311 17 31 y
1117 300 57 31 llo-

147 363 110 30 viznaba
271 363 39 29 sin
325 363 180 40 interrupción
519 386 5 11 ,
540 361 24 30 lo
575 360 59 32 cual
648 360 75 30 hacia
737 359 96 30 mucho
845 369 57 20 mas
914 358 131 35 sensible,
1060 358 22 29 si
1095 358 76 36 cabe,

145 419 25 31 el
193 419 194 41 padecimiento
413 419 32 29 de
461 418 122 41 aquellos
599 416 121 31 infelices
734 442 5 10 ,
759 420 140 36 espneslos
916 425 32 20 en
966 414 23 31 la
1016 414 158 42 intemperie

144 486 49 32 por
215 476 88 40 largas
325 475 88 31 horas.
433 477 36 28 No
485 486 28 19 es
533 475 167 38 exajeracion
724 474 24 29 el
773 482 128 31 suponer,
921 482 52 31 que
990 471 114 31 muchos
1120 482 54 20 su-

143 532 149 31 cumbirían
310 538 41 25 tan
375 532 57 30 solo
458 533 14 29 á
495 541 80 21 causa
602 530 33 31 de
658 536 42 25 tan
725 530 135 41 repelidos
877 529 193 30 sufrimientos.
1097 529 77 38 ¿Qué

143 590 94 30 mortal
262 589 88 40 puede
374 590 102 28 resistir
491 613 5 11 ,
525 598 32 20 en
585 588 145 40 semejante
756 586 103 36 estado,
886 592 43 25 tan
953 591 105 25 costosa
1085 596 86 20 remo-

144 646 81 30 ción?

187 704 77 33 Pero,
291 704 71 39 ¿qué
378 701 146 41 importaba
540 712 52 30 que
605 701 153 30 fallecieran
786 701 14 29 á
827 706 177 27 centenares,
1032 700 22 29 si
1067 699 104 30 diaria-

148 765 86 24 mente
251 759 122 41 llegaban
385 770 47 19 con
447 758 250 42 superabundancia
712 759 38 30 los
764 758 165 41 reemplazos
945 758 34 30 de
993 762 42 25 tan
1053 756 118 32 crecidas

146 816 124 41 pérdidas
284 829 6 21 ;
303 828 15 28 y
336 816 103 30 cuando
456 826 55 19 mas
527 816 60 29 bien
606 816 23 29 la
641 817 190 29 conservación
848 816 33 29 de
899 816 39 29 los
951 825 31 31 ya
1000 815 171 41 imposibili-

145 872 73 31 tados
234 872 32 30 de
282 873 88 29 asistir
392 874 15 29 á
424 872 23 30 la
469 873 114 40 palestra
596 898 6 9 ,
621 883 44 20 era
683 883 51 19 una
750 883 79 30 carga
857 873 175 30 mortificante
1058 883 62 30 para
1145 872 24 30 la

143 930 223 29 Administración
376 932 14 27 ?

184 988 37 29 No
248 988 109 39 negaré,
380 997 52 30 que
459 988 151 29 estuviesen
637 987 139 30 atendidos
802 988 39 28 los
864 987 181 30 desdichados
1062 986 107 30 heridos

144 1054 16 30 y
176 1043 132 31 enfermos
332 1054 47 29 por
393 1049 109 24 cuantos
524 1043 101 30 medios
640 1054 27 19 se
684 1043 96 41 podia;
797 1054 64 31 pero
878 1045 82 38 ¡cuán
975 1043 130 31 distantes
1121 1054 49 20 es-

143 1100 77 30 taban
237 1110 51 19 aun
305 1099 34 31 de
352 1110 43 19 ser
407 1100 150 30 socorridos
585 1100 57 30 cual
670 1110 94 31 parece
778 1100 114 41 exigirlo
909 1102 23 29 la
948 1101 106 30 estricta
1070 1101 100 30 huma-

143 1154 77 30 nidad
230 1157 4 27 !

184 1212 30 29 Al
231 1212 131 40 principio
378 1211 32 30 de
424 1211 104 41 aquella
546 1221 95 31 guerra
657 1212 60 30 todo
728 1212 43 30 iba
789 1215 12 27 á
828 1213 22 29 la
866 1214 89 29 buena
968 1214 33 30 de
1019 1215 63 30 Dios
1094 1225 75 20 como

143 1269 73 29 suele
233 1269 112 29 decirse.
364 1270 63 28 Para
440 1269 23 29 el
476 1280 103 18 esmero
591 1269 33 29 de
643 1275 40 24 tan
696 1270 136 30 atendible
845 1272 155 39 particular,
1018 1283 75 20 como
1111 1283 58 20 me-

142 1325 87 29 recían
248 1325 36 29 las
302 1325 119 29 víctimas
432 1325 33 30 de
486 1325 23 29 la
523 1325 150 30 desastrosa
697 1326 140 30 contienda
852 1353 5 9 ,
877 1338 33 20 no
927 1339 29 19 se
976 1329 59 29 hizo
1060 1339 109 31 esperar

143 1382 94 30 mucho
253 1392 44 20 esa
314 1382 153 31 institución
484 1408 6 9 ,
509 1388 42 25 tan
568 1383 120 30 benéfica
704 1394 75 19 como
805 1386 136 29 necesaria
956 1411 5 10 ,
991 1386 33 30 de
1043 1387 38 30 las
1094 1389 75 29 Her-

143 1448 90 20 manas
246 1439 33 30 de
292 1439 23 29 la
329 1439 127 30 Caridad:
475 1440 96 29 mandó
587 1440 51 29 ella
654 1440 115 30 también
787 1452 29 18 su
829 1442 171 41 contingente
1017 1444 13 30 á
1048 1444 121 41 aquellos

144 1495 126 40 lugares,
288 1495 87 30 donde
391 1496 78 29 debia
482 1496 143 40 desplegar
648 1496 38 30 los
703 1496 137 42 prodigios
863 1497 33 31 de
920 1509 31 20 su
973 1506 74 24 santa
1060 1502 107 35 misión,

144 1562 49 20 con
209 1557 85 24 tantos
309 1551 95 30 alivios
417 1562 74 20 como
504 1552 58 30 hizo
573 1553 127 31 saborear
715 1555 13 29 á
746 1566 46 19 sus
808 1555 131 31 dolientes
957 1558 167 40 protegidos.

186 1609 34 28 La
242 1607 82 30 orden
347 1618 52 30 que
423 1608 142 30 recibimos
579 1608 33 31 de
626 1609 23 30 la
665 1610 168 31 Intendencia
856 1613 110 38 general
981 1613 56 36 fué,
1057 1625 52 31 que
1124 1625 47 20 nos

143 1664 90 30 darían
248 1664 111 41 algunos
372 1665 213 30 convalecientes
599 1690 5 11 ,
620 1677 16 30 y
652 1677 52 29 que
721 1668 228 40 prosiguiéramos
969 1678 110 24 nuestro
1103 1673 68 40 viaje

143 1723 14 28 á
175 1722 112 40 Galípoli
303 1734 15 28 y
331 1723 137 30 Marsella:
483 1723 24 30 al
522 1724 98 39 primer
634 1730 80 35 punto
728 1736 61 30 para
807 1726 76 41 dejar
895 1728 39 30 los
949 1728 165 33 licenciados
1128 1756 6 11 ,
1153 1742 17 30 y

143 1778 24 30 al
177 1778 93 30 último
286 1789 61 29 para
358 1779 127 31 conducir
501 1781 39 29 los
554 1781 131 30 inválidos
699 1793 51 30 que
763 1794 48 19 nos
828 1783 87 32 daban
928 1799 6 21 ;
954 1786 137 32 debiendo
1106 1800 64 19 em-

146 1834 116 42 prender
273 1845 88 20 nuevo
375 1836 68 40 viaje
458 1847 48 19 con
518 1837 99 30 efectos
629 1839 33 29 de
677 1840 121 31 Francia.

187 1892 80 29 Como
281 1891 22 30 el
320 1891 42 30 dia
380 1894 36 28 15
435 1894 97 30 hiciera
557 1894 51 31 mal
625 1896 109 41 tiempo,
761 1907 33 20 no
818 1899 123 39 pudimos
959 1911 163 30 proveernos
1138 1902 33 31 de
