1241 2180
519 124 161 28 85

75 183 99 31 carbón
187 183 75 31 hasta
278 185 23 29 el
321 187 36 28 16
372 210 6 10 ,
398 186 151 30 tomándolo
564 187 33 29 de
622 198 33 19 un
670 187 139 41 berganlin
827 188 87 41 inglés
938 188 117 41 cargado
1071 188 33 31 de

78 252 44 20 ese
147 241 190 36 combustible,
362 253 70 30 cuyo
454 242 93 42 buque
571 244 62 29 vino
649 246 15 28 á
688 250 133 25 atracarse
837 246 14 29 á
875 251 108 24 nuestro
996 245 108 30 costado

79 308 62 32 para
158 298 77 31 hacer
248 308 56 21 mas
321 298 82 32 breve
417 300 22 30 el
456 300 148 30 trasbordo.
622 301 27 29 El
664 302 117 40 capitán,
799 312 44 20 era
859 313 65 30 muy
937 303 71 30 buen
1020 314 83 30 suge-

81 363 43 28 lo;
151 367 45 19 nos
218 356 131 41 obsequió
373 368 50 19 con
453 368 30 19 su
511 358 206 31 acostumbrado
747 369 46 20 ron
807 385 6 11 ,
839 359 186 31 hablándonos
1055 370 49 21 con

80 413 85 41 elogio
180 413 33 30 de
228 413 145 31 Barcelona
387 439 5 11 ,
423 424 31 21 en
482 414 88 31 donde
598 415 78 31 habia
702 416 103 36 estado,
836 415 65 42 dijo,
921 427 66 30 poco
1007 417 97 41 tiempo

80 471 83 28 hacia.

120 529 97 29 Ínterin
230 539 28 19 se
274 528 75 30 hacia
367 529 23 29 la
404 528 75 31 faena
495 529 44 30 del
555 529 98 31 carbón
668 555 6 10 ,
693 529 133 32 fuímonos
842 532 14 29 á
874 541 93 30 pasear
983 532 14 29 á
1013 532 89 35 tierra;

80 596 63 30 pero
159 595 54 21 mas
226 585 61 31 bien
304 591 107 25 nuestra
431 585 162 32 distracción
614 597 28 20 se
662 590 124 27 concreló
805 589 15 28 á
840 597 51 20 una
909 589 76 29 visita
1002 589 23 29 al
1040 599 64 19 em-

80 643 109 40 bajador
204 643 107 41 español
324 667 6 11 ,
346 643 24 30 el
387 643 59 30 cual
469 653 48 20 nos
539 644 79 29 habia
635 644 175 30 manifestado
837 655 49 30 por
901 645 132 30 conducto
1060 645 43 31 del

80 700 90 30 cónsul
185 724 5 11 ,
208 699 94 30 deseos
318 699 33 30 de
367 710 106 19 vernos.
494 701 108 28 Nuestra
619 700 189 30 conversación
826 700 99 31 estribó
947 701 156 41 principal-

80 762 85 26 mente
182 756 77 31 sobre
276 756 39 31 los
331 757 148 30 incidentes
496 767 52 32 que
572 757 138 31 habíamos
729 758 173 41 presenciado
917 768 33 20 en
967 758 23 30 el
1020 764 83 24 teatro

81 814 67 31 déla
163 824 105 30 guerra.

121 873 52 29 Nos
196 882 151 30 separamos
371 871 121 31 bastante
506 872 181 40 complacidos
703 872 33 31 de
761 872 23 30 la
800 872 100 31 cordial
917 871 141 43 franqueza
1071 872 32 31 de

81 930 78 41 aquel
176 930 179 41 diplomático.

122 987 37 29 Lo
172 992 113 24 restante
301 986 43 30 del
366 986 42 30 dia
423 987 24 29 lo
463 987 156 30 invertimos
635 987 169 30 recorriendo
824 987 36 29 las
876 987 164 40 principales
1052 996 51 21 ca-

80 1042 50 30 lles
146 1042 32 30 de
194 1053 44 19 ese
252 1042 119 31 Stambul
387 1048 41 25 tan
441 1042 107 31 célebre
565 1053 31 20 en
614 1043 24 30 la
658 1043 108 30 historia
785 1068 6 9 ,
809 1043 39 30 sin
863 1042 83 41 poder
962 1042 93 30 referir
1071 1042 32 30 de

79 1099 24 30 él
119 1098 68 31 nada
202 1099 107 30 notable
330 1100 15 29 á
361 1099 24 30 lo
401 1099 79 31 dicho
499 1099 23 30 la
539 1104 56 25 otra
611 1109 48 20 vez
675 1098 32 31 de
735 1104 107 25 nuestra
859 1099 185 40 permanencia
1071 1109 32 19 en

82 1162 54 23 esta
151 1158 95 27 misma
258 1156 109 29 ciudad.

120 1214 37 28 Lo
173 1224 51 29 que
240 1212 207 40 procurábamos
459 1222 45 20 era
517 1213 81 39 poder
621 1213 165 39 contemplar
801 1212 33 29 de
850 1222 64 30 paso
941 1212 23 30 el
989 1217 84 25 roslro
1089 1214 13 28 á

78 1270 97 40 alguna
189 1269 33 30 de
239 1269 38 30 las
303 1269 174 40 voluptuosas
492 1274 96 24 turcas.
617 1269 62 29 Solo
702 1269 13 29 á
740 1268 158 29 hurtadillas
914 1269 190 39 conseguimos

78 1326 106 31 vérselo
207 1336 48 31 por
278 1326 127 30 instantes
432 1326 13 29 á
474 1335 49 20 una
550 1335 53 31 que
632 1335 44 20 era
700 1324 135 41 jovencita
859 1335 16 30 y
892 1324 212 30 medianamente

78 1384 80 28 bella.

121 1441 26 29 Si
163 1451 28 19 se
213 1440 113 30 hubiese
342 1440 33 30 de
388 1440 95 40 juzgar
503 1449 49 30 por
567 1439 40 29 los
621 1444 56 35 ojos
694 1449 16 30 y
727 1438 25 30 lo
769 1448 65 31 poco
849 1447 52 31 que
914 1447 28 20 se
960 1437 38 30 les
1013 1447 30 20 ve
1060 1437 43 31 del

78 1498 157 35 semblante,
255 1497 127 31 adolecen
400 1497 38 30 las
462 1502 88 25 turcas
566 1495 33 31 de
622 1495 139 41 insipidez.
782 1496 55 29 Mas
859 1505 34 19 no
909 1496 39 28 así
963 1495 38 29 las
1018 1505 86 30 geor-

78 1556 92 40 gianas
187 1566 16 29 y
219 1556 162 29 circacianas
396 1579 5 10 ,
421 1564 52 31 que
490 1553 100 31 forman
605 1553 22 30 el
643 1553 52 40 tipo
709 1552 102 40 poético
825 1551 33 31 de
874 1551 24 30 la
914 1551 86 41 mujer
1014 1552 88 30 orien-

77 1612 45 31 tal.
140 1612 104 39 ¿Quién
258 1622 51 29 que
323 1622 67 30 vaya
403 1612 14 29 á
433 1611 110 30 Oriente
564 1621 33 18 no
613 1609 111 30 deseará
738 1619 63 24 ver,
820 1608 116 41 siquiera
952 1618 46 30 por
1015 1608 89 30 satis-

76 1669 72 31 facer
163 1679 30 20 su
208 1668 119 31 ardiente
343 1666 153 32 curiosidad
511 1692 6 10 ,
531 1666 146 30 solamente
691 1666 32 29 de
735 1675 75 30 paso,
824 1675 51 19 una
889 1664 33 30 de
934 1674 59 20 esas
1006 1665 96 40 volup-

76 1733 89 24 tuosas
175 1728 100 37 figuras
292 1736 52 29 que
359 1725 169 40 constituyen
546 1724 23 29 la
586 1722 95 31 delicia
699 1722 41 30 del
759 1721 132 31 serrallo?

117 1783 171 32 Cabalmente
300 1782 101 30 íbamos
413 1780 176 32 atravesando
605 1789 54 21 uno
674 1778 33 31 de
721 1779 39 30 los
773 1777 47 31 dos
837 1782 111 37 puentes
961 1788 52 30 que
1029 1788 69 20 cru-

75 1851 46 21 zan
141 1842 22 29 el
181 1842 104 29 Cuerno
301 1839 33 31 de
347 1850 57 26 oro,
424 1841 33 39 (y
471 1839 13 30 á
498 1838 24 30 sé
534 1838 40 30 sin
588 1847 83 32 pagar
686 1837 23 29 el
726 1836 95 29 tributo
839 1836 131 40 impuesto
987 1835 23 30 al
1027 1840 71 25 tran-

74 1904 104 29 seúnte,
196 1899 14 30 á
228 1898 139 40 escepcion
384 1897 43 30 del
451 1896 99 30 militar
575 1906 17 30 y
608 1895 102 29 marino
736 1893 34 30 de
797 1902 95 31 guerra
907 1904 6 25 ;
942 1892 105 40 gracias
1072 1891 25 30 al
