1241 2180
239 542 50 44 DE
319 541 365 47 CONSTANTINOPLA
704 543 28 46 A
754 544 217 45 KAMIESCH.

485 1111 15 19 l
516 1099 43 31 dia
574 1102 35 28 11
628 1100 33 30 de
679 1099 154 32 noviembre
848 1100 26 30 al
886 1100 87 31 medio
986 1100 44 31 dia
1041 1125 6 12 ,
1066 1110 52 21 sa-

487 1153 77 31 limos
591 1164 47 31 por
663 1156 35 28 fin
714 1153 188 32 directamente
929 1164 33 32 ya
975 1179 7 12 ,
1005 1164 64 32 para
1096 1154 22 31 el

488 1207 111 30 término
612 1207 33 29 de
658 1212 107 25 nuestro
782 1207 81 39 viaje.

529 1262 30 29 El
583 1261 109 31 Bósforo
718 1264 14 27 ó
748 1262 76 30 canal
847 1262 34 29 de
904 1262 216 40 Constantinopla

488 1316 33 31 de
547 1316 75 31 cinco
639 1315 93 41 leguas
757 1315 33 31 de
807 1315 74 42 largo
906 1326 18 31 y
939 1326 35 20 un
991 1316 82 30 tercio
1089 1315 32 31 de

489 1373 83 30 ancho
587 1396 6 12 ,
611 1382 29 20 es
657 1372 59 30 todo
732 1373 26 29 lo
773 1382 56 21 mas
842 1373 71 29 bello
935 1384 17 29 y
966 1373 155 40 caprichoso

488 1439 53 31 que
568 1428 87 41 puede
678 1437 76 21 crear
773 1428 25 30 la
820 1428 188 40 imaginación.
1028 1429 93 29 Forma

488 1485 113 40 algunos
614 1484 112 30 recodos
741 1494 52 30 que
809 1494 48 19 son
873 1483 161 31 verdaderas
1052 1483 69 31 dár-

489 1550 77 20 senas
581 1564 6 11 ,
615 1550 16 28 y
655 1549 28 20 es
705 1544 43 24 tan
776 1538 131 40 profundo
923 1538 75 31 hasla
1024 1549 33 19 en
1077 1549 44 20 sus

97 1600 110 30 mismas
221 1599 102 37 orillas,
338 1609 51 31 que
406 1597 110 31 estando
533 1595 110 32 muchas
660 1605 76 21 casas
752 1594 33 31 de
802 1605 90 20 recreo
906 1595 168 30 construidas
1091 1606 30 20 en

97 1656 82 36 ellas,
205 1656 117 41 puédese
334 1655 83 31 desde
431 1665 36 20 un
483 1654 92 41 buque
591 1653 41 30 sin
649 1651 96 32 ausilio
761 1651 34 31 de
809 1651 112 41 plancha
936 1676 6 10 ,
968 1661 77 32 pasar
1057 1652 13 31 á
1084 1652 37 31 las

97 1720 127 26 ventanas
238 1715 33 30 de
285 1715 38 30 los
337 1715 72 40 pisos
422 1714 34 30 de
468 1712 93 32 dichas
575 1721 86 21 casas.

136 1773 38 29 En
191 1772 79 41 aquel
288 1777 125 25 entonces
423 1795 7 12 ,
448 1770 110 30 además
571 1768 34 31 de
621 1767 25 31 lo
662 1766 189 31 hermoseadas
868 1777 53 30 que
937 1766 75 31 están
1029 1777 45 20 sus
1088 1766 34 30 ri-

96 1830 78 30 beras
192 1841 49 30 por
256 1829 118 42 palacios
387 1855 6 11 ,
412 1828 115 43 pueblos
542 1853 6 11 ,
566 1827 107 41 quintas
687 1850 6 11 ,
708 1825 122 41 jardines
853 1825 124 30 asiáticos
991 1849 6 11 ,
1015 1836 18 30 y
1048 1824 74 31 hasta

96 1886 136 40 graciosos
248 1886 175 32 cementerios
446 1891 90 25 turcos
550 1909 5 11 ,
581 1882 108 33 además
705 1882 33 31 de
756 1881 59 31 todo
829 1886 57 26 esto
900 1906 7 12 ,
933 1891 28 20 se
977 1881 59 31 veia
1050 1891 72 20 con-
