1241 2180
511 115 181 28 133

89 175 42 25 tos
144 179 32 21 en
193 182 68 22 unos
273 184 113 30 gruesos
400 176 110 41 caiques
522 179 14 28 ó
546 183 108 35 capotes
669 178 33 31 de
715 183 68 36 paño
799 189 95 21 oscuro
907 191 53 30 que
974 181 40 30 los
1026 182 92 31 cubría

87 236 32 20 en
133 237 65 30 gran
213 239 125 27 manera;
358 242 47 19 sus
422 233 156 39 pantalones
594 244 62 20 eran
678 234 33 31 de
728 239 68 36 paño
811 236 58 30 azul
888 237 97 30 subido
1000 263 6 11 ,
1025 239 93 31 ceñían

87 283 112 41 espadín
214 309 6 11 ,
236 296 17 29 y
266 296 33 20 en
317 287 24 29 la
354 288 97 30 cabeza
468 290 127 40 gastaban
611 300 51 21 una
679 301 77 31 gorra
773 292 14 29 á
805 292 22 30 la
841 293 102 41 inglesa
958 305 67 30 que,
1043 305 75 21 aun-

87 350 52 32 que
152 340 24 31 la
193 341 120 31 llevaran
330 343 105 31 forrada
452 355 48 20 con
522 355 51 21 una
596 346 82 30 funda
700 347 33 30 de
746 348 80 37 hule,
844 360 29 20 se
889 350 95 32 notaba
1001 362 35 20 un
1053 363 65 30 poco

87 409 50 31 por
150 398 25 31 la
189 405 74 35 parle
275 411 51 31 que
343 412 34 20 no
391 402 124 41 quedaba
537 409 180 27 enleramenle
737 406 120 31 cubierla
870 432 6 12 ,
893 409 89 30 estaba
995 421 123 29 guarne-

86 456 58 31 cida
160 468 49 19 con
227 459 79 39 galón
328 459 34 30 de
382 470 81 31 grana
479 486 5 11 ,
503 461 232 42 distinguiéndose
748 489 5 11 ,
770 465 13 30 á
797 475 56 21 mas
866 476 31 20 en
910 466 26 31 el
950 467 84 31 frente
1044 492 6 12 ,
1065 477 53 22 una

86 514 116 40 granada
220 514 119 31 bordada
357 526 31 21 en
402 527 61 26 oro,
482 516 139 32 distintivo
637 519 33 30 de
686 520 139 32 artillería.

126 572 30 30 El
174 583 51 20 uno
239 583 44 20 era
297 573 33 30 de
344 574 67 29 edad
427 581 124 33 provecía
565 587 5 19 :
590 576 23 30 el
628 582 56 25 olro
695 577 78 40 joven
789 588 61 21 aun.

126 629 81 30 Como
223 640 29 20 se
265 630 146 30 susurraba
428 630 24 31 la
466 631 96 32 venida
578 633 14 30 á
609 633 24 30 la
645 634 103 30 Crimea
765 635 41 30 del
820 636 108 40 ejército
946 636 78 31 sardo
1034 662 6 12 ,
1059 647 54 21 su-

83 685 136 41 pusimos,
237 696 49 19 con
303 691 56 25 esle
372 686 172 32 fundamento
557 713 6 11 ,
583 698 51 31 que
651 690 88 29 serian
756 690 116 30 oficiales
886 691 33 30 de
935 697 56 25 esta
1006 692 106 38 nación,

85 744 80 40 (pues
182 753 32 31 ya
227 743 32 30 he
275 743 80 31 dicho
369 755 33 19 no
419 746 124 39 parecían
560 746 135 31 franceses
719 747 26 30 ni
770 748 135 40 ingleses,
925 753 70 26 lanto
1011 760 49 30 por
1083 761 30 19 su

83 801 90 40 ropaje
186 811 76 19 como
275 812 48 30 por
334 812 29 20 su
381 802 164 41 semblante)
560 814 52 31 que
625 804 128 31 vendrían
770 815 48 20 con
835 806 177 40 anticipación
1030 807 15 30 á
1059 817 54 30 po-

83 867 77 20 nerse
176 857 33 30 de
225 858 117 30 acuerdo
358 868 50 21 con
435 859 25 30 el
475 860 109 40 general
601 871 33 19 en
647 860 54 41 jefe
717 860 34 31 de
764 861 40 30 los
819 861 136 31 franceses
971 887 5 11 ,
995 862 79 31 sobre
1089 862 24 31 el

83 914 77 31 modo
172 913 32 32 de
218 924 126 31 acampar
360 926 31 19 su
408 916 121 39 ejército.

124 973 107 38 ¿Quién
255 973 80 29 habia
352 973 32 30 de
401 984 99 30 pensar
521 984 52 31 que
598 973 92 32 fueran
707 974 162 42 españoles?
891 977 107 29 Lomas
1014 981 98 25 remoto

82 1040 50 30 que
151 1031 141 29 teníamos.

122 1087 106 41 Apenas
241 1097 48 20 nos
306 1087 25 30 lo
343 1086 55 41 dijo
419 1098 35 19 un
468 1087 85 31 oficial
568 1088 105 30 francés
686 1088 125 30 enterado
827 1088 33 30 de
875 1089 52 29 ello
938 1113 5 11 ,
962 1099 48 20 nos
1026 1099 85 31 apre-

81 1154 119 21 suramos
211 1145 14 29 á
238 1144 149 31 saludarles
403 1155 18 31 y
437 1144 144 31 ofrecerles
597 1150 123 25 nueslros
748 1145 137 30 servicios.
918 1146 52 29 Los
986 1145 125 41 cumpli-

79 1202 113 30 mientos
205 1201 166 31 anduvieron
397 1203 13 29 á
424 1202 25 30 lo
469 1202 99 30 militar
580 1216 6 23 ;
602 1202 108 41 rápidos
725 1227 6 11 ,
745 1203 152 40 espresivos
915 1213 16 30 y
946 1203 116 30 francos.
1081 1203 30 29 El

78 1268 93 31 mayor
181 1259 34 30 de
231 1258 69 30 edad
317 1268 44 21 era
375 1259 23 29 el
413 1260 124 39 marqués
553 1258 33 30 de
603 1259 25 29 la
644 1259 148 31 Concordia
806 1283 6 13 ,
831 1259 107 30 coronel
954 1259 33 30 de
1002 1259 109 31 artille-

77 1316 55 35 ría;
150 1315 26 31 el
198 1321 56 25 otro
270 1315 24 31 el
313 1315 114 30 teniente
445 1320 78 25 señor
538 1317 87 39 Lopez
641 1315 179 41 Domínguez;
839 1315 93 31 ambos
955 1315 23 30 al
994 1316 116 30 servicio

77 1372 32 31 de
124 1375 114 39 España.
258 1372 203 31 Comisionados
477 1383 48 31 por
541 1373 23 30 el
582 1372 149 36 Gobierno,
750 1373 98 30 habían
865 1372 99 31 venido
982 1382 63 31 para
1059 1383 51 20 es-

76 1431 138 30 tudiarlas
227 1431 72 30 faces
315 1431 33 30 de
363 1431 22 29 la
397 1440 98 31 guerra
511 1455 6 11 ,
536 1441 16 30 y
568 1430 48 30 dar
629 1429 33 31 de
678 1430 51 29 ella
746 1440 46 19 sus
808 1430 108 40 propias
927 1428 182 31 observacio-

75 1497 57 22 nes.
153 1488 158 41 Dijéronnos
337 1497 54 32 que
417 1486 137 31 acababan
579 1486 33 30 de
634 1486 86 40 llegar
744 1496 49 20 con
810 1496 34 19 un
862 1494 83 31 vapor
960 1484 33 30 de
1010 1495 97 30 guerra

74 1545 104 31 francés
191 1571 6 11 ,
215 1557 17 30 y
249 1544 173 42 aguardaban
445 1555 51 31 que
513 1544 25 31 el
554 1545 105 41 capitán
676 1543 42 30 del
733 1548 94 36 puerlo
844 1542 39 31 les
899 1542 130 30 facilitase
1043 1552 66 21 rae-

73 1602 59 31 dios
148 1602 32 31 de
203 1602 85 42 poder
303 1602 190 30 desembarcar
518 1601 39 29 los
573 1601 139 40 equipajes
727 1625 6 11 ,
761 1599 99 31 efectos
885 1610 16 30 y
917 1598 119 32 caballos
1052 1609 54 32 que

73 1660 99 36 traían,
191 1669 64 31 para
272 1658 152 32 marcharse
440 1668 31 21 en
490 1657 111 41 seguida
617 1657 25 30 al
660 1662 195 36 campamento.

113 1718 122 41 Después
251 1717 34 30 de
301 1727 35 20 un
352 1722 57 25 ralo
430 1716 33 30 de
479 1715 192 31 conversación
683 1740 6 11 ,
708 1713 234 42 prometiéndonos
958 1714 142 32 volvernos

70 1775 14 31 á
100 1785 48 21 ver
162 1773 107 33 cuando
281 1774 154 30 esluviesen
452 1784 33 31 ya
502 1772 146 31 instalados
661 1797 6 11 ,
684 1782 47 20 nos
748 1781 153 31 separamos
918 1781 63 31 para
993 1772 24 30 ir
1032 1772 66 30 cada

70 1833 59 30 cual
143 1833 14 29 á
170 1843 46 19 sus
230 1830 170 40 diligencias.

108 1889 24 31 A
147 1889 24 30 la
184 1886 78 32 caída
277 1885 34 31 de
334 1886 25 30 la
375 1886 91 37 tarde,
491 1886 132 31 volvimos
640 1887 13 30 á
671 1885 78 31 tierra
766 1894 63 31 para
844 1895 77 21 cosas
937 1884 34 31 de
986 1889 107 26 nuestro
