1241 2180
502 123 182 27 109

80 190 47 20 ñas
142 205 5 11 ,
166 182 186 31 continuamos
366 183 74 30 hasla
456 185 78 39 aquel
554 196 96 29 seguro
663 186 160 32 fondeadero
837 187 41 31 del
891 190 73 29 canal
979 190 33 30 de
1025 191 83 30 Cons-

83 238 155 39 tantinopla.

124 296 37 28 En
175 300 55 24 este
246 296 125 39 ancoraje
388 296 79 31 habia
481 323 6 8 .
506 308 32 20 en
552 299 78 40 aquel
648 305 125 25 entonces
788 326 5 10 ,
812 302 110 31 muchos
943 302 32 31 de
992 303 39 31 los
1050 303 58 31 bu-

84 362 66 32 ques
166 351 33 31 de
213 362 96 31 guerra
326 364 53 31 que
392 356 158 39 componían
569 357 38 29 las
629 358 144 31 escuadras
795 359 102 31 aliadas
909 360 154 32 deslinadas
1085 362 23 30 al

86 411 119 29 Oriente.

126 468 128 31 También
272 468 79 31 habia
368 470 113 40 algunos
499 476 143 36 trasportes
658 472 33 31 de
717 473 58 30 vela
790 499 5 11 ,
814 475 133 41 cargando
969 478 58 39 paja
1049 486 59 31 para

84 527 24 30 la
124 526 144 31 caballería
282 552 5 9 ,
308 539 16 28 y
340 527 60 30 leña
413 528 32 30 de
460 539 120 29 quemar.

124 584 144 31 Asimismo
282 585 114 41 algunos
411 595 117 31 vapores
547 593 148 24 mercantes
712 599 48 19 con
775 589 87 40 objeto
879 595 42 25 tan
942 590 55 31 solo
1012 616 6 10 ,
1036 601 73 20 como

83 647 120 25 nosotros
218 666 6 9 ,
239 641 34 30 de
290 641 80 30 hacer
385 642 99 30 carbón
500 668 6 11 ,
526 644 93 30 siendo
631 644 78 40 aquel
727 651 82 35 punto
833 656 51 21 uno
900 646 32 31 de
949 647 39 30 los
1008 657 100 31 mayo-

82 709 42 20 res
137 699 139 40 depósitos
287 698 33 30 de
337 705 56 24 este
409 699 191 32 combustible.

124 757 66 29 Para
206 754 167 32 embarcarlo
389 781 5 8 ,
413 755 147 42 obligaban
574 759 14 28 á
605 757 39 30 los
661 768 112 31 vapores
789 770 52 30 que
855 771 28 19 se
907 765 135 26 atracaran
1065 760 44 30 del

84 813 59 31 todo
160 813 13 30 á
188 813 80 30 tierra
282 837 6 10 ,
310 812 95 31 siendo
422 814 106 39 preciso
542 839 5 9 ,
567 815 118 39 paraello
697 840 5 9 ,
722 821 73 25 tener
815 816 39 30 las
877 826 117 22 amarras
1011 818 98 40 sujetas

83 871 14 29 á
109 881 67 19 unos
193 870 106 30 árboles
315 895 5 8 ,
346 881 52 29 que
412 870 87 30 daban
523 870 106 31 sombra
642 872 14 30 á
674 881 65 22 unas
761 873 151 40 sepulturas
928 885 52 29 que
1003 874 106 30 consti-

85 928 72 30 tuían
175 927 23 30 el
212 927 162 31 cementerio
389 927 42 30 del
448 926 108 40 pueblo.

124 984 79 30 Hubo
219 995 33 19 un
269 994 82 31 vapor
376 995 53 29 que
444 1008 6 11 ,
468 995 49 19 con
534 984 24 30 la
583 984 90 30 fuerza
690 996 52 29 que
759 986 75 30 hacia
852 1011 6 9 ,
876 986 127 41 impelido
1019 997 47 30 por
1090 986 23 29 el

84 1042 87 30 viento
195 1052 52 30 que
270 1041 33 30 de
329 1042 88 29 través
441 1041 111 41 soplaba
567 1067 5 6 ,
592 1041 145 31 arrancaba
754 1042 22 29 el
801 1042 73 30 árbol
900 1044 15 29 á
936 1043 86 30 donde
1045 1043 68 30 tenia

83 1098 138 31 amarrado
238 1108 30 20 su
283 1097 149 34 calabrote,
448 1108 17 29 y
482 1102 67 30 este,
563 1097 146 31 rozándose
725 1108 48 20 con
790 1098 39 30 las
846 1098 103 41 lápidas
969 1099 145 41 sepulcra-

83 1156 38 30 les
145 1166 52 30 que
211 1181 5 8 ,
236 1160 111 36 puestas
364 1155 12 30 á
402 1155 151 40 semejanza
567 1154 33 31 de
622 1155 101 41 pilares
738 1180 5 10 ,
763 1155 118 30 adornan
909 1156 38 29 las
964 1156 150 40 sepulturas

84 1218 86 24 turcas
186 1237 5 9 ,
209 1212 45 29 iba
270 1210 164 31 derribando
451 1211 113 40 algunas
580 1236 5 10 ,
605 1211 25 29 lo
643 1222 51 29 que
708 1211 91 40 obligó
815 1222 31 19 en
860 1212 25 28 lo
903 1213 122 29 sucesivo
1042 1213 15 28 á
1074 1217 40 25 to-

83 1279 56 20 mar
160 1268 97 31 ciertas
274 1268 195 40 prevenciones
484 1292 5 11 ,
509 1277 62 31 para
588 1278 51 30 que
665 1279 33 19 no
724 1268 119 40 quedase
864 1268 147 40 profanado
1036 1268 78 40 aquel

84 1325 116 39 sagrado
218 1325 87 39 lugar.

125 1382 22 29 A
164 1381 86 41 llegar
263 1386 55 25 este
335 1380 119 31 sensible
478 1390 62 21 caso
555 1406 5 10 ,
580 1381 24 29 la
632 1381 79 41 culpa
729 1380 111 31 hubiera
865 1380 58 30 sido
939 1380 32 30 de
988 1385 74 36 parle
1083 1378 32 31 de

83 1439 40 30 los
139 1439 109 30 mismos
275 1444 88 24 hircos
379 1462 6 10 ,
403 1449 53 29 que
473 1449 48 19 con
539 1443 42 24 tan
604 1449 67 29 poco
696 1438 167 29 miramiento
879 1437 43 30 del
946 1437 76 40 lugar
1034 1461 8 11 ,
1070 1436 45 31 le-

83 1502 95 23 vantan
197 1506 61 19 esos
274 1495 160 30 venerables
451 1495 126 30 recintos.

123 1554 126 29 Mientras
266 1552 40 31 los
324 1562 99 31 peones
440 1557 88 25 turcos
543 1577 5 9 ,
567 1562 49 19 con
633 1562 46 19 sus
694 1553 155 28 monótonos
866 1555 92 26 cantos
975 1560 17 30 y
1006 1555 110 24 atrona-

83 1610 79 31 dores
175 1610 84 41 gritos
274 1635 6 10 ,
300 1621 29 18 se
354 1609 141 40 ocupaban
512 1620 32 18 en
571 1609 189 29 embarcarnos
785 1608 39 30 las
840 1608 58 30 cien
929 1606 135 32 toneladas
1085 1606 33 30 de

82 1666 100 31 carbón
197 1677 54 30 que
265 1665 214 31 necesitábamos
495 1690 5 9 ,
519 1676 29 19 se
564 1665 43 29 fué
622 1665 23 29 el
661 1665 104 39 capitán
788 1665 13 29 á
823 1674 75 20 cazar
915 1689 6 10 ,
940 1675 17 29 y
974 1664 56 29 solo
1047 1662 71 42 pudo

82 1730 70 24 traer
169 1749 5 7 ,
193 1735 77 19 como
289 1723 82 31 trofeo
387 1748 6 11 ,
413 1734 35 20 un
465 1722 142 32 animalole
627 1733 63 29 muy
708 1721 101 42 grande
821 1721 116 41 delgado
954 1721 33 30 de
1001 1721 87 30 cuello
1102 1730 16 30 y

83 1781 107 41 piernas
205 1806 4 8 ,
230 1791 52 31 que
299 1791 34 19 no
350 1780 130 31 recuerdo
496 1780 82 30 ahora
594 1790 76 19 como
681 1779 24 30 le
722 1778 129 31 llamaron
862 1792 6 21 ;
883 1778 23 30 el
924 1778 60 30 cual
999 1803 6 11 ,
1025 1776 93 32 herido

83 1843 42 26 lan
137 1838 57 30 solo
208 1848 31 20 en
257 1837 23 30 el
298 1837 42 30 ala
357 1837 114 31 derecha
488 1862 6 10 ,
521 1836 71 41 pudo
616 1845 80 20 curar
712 1846 15 29 y
742 1845 47 19 nos
805 1835 82 29 sirvió
906 1834 34 30 de
957 1833 95 31 mucha
1069 1833 49 30 di-

81 1895 107 31 versión
205 1906 49 29 por
268 1903 55 21 mas
338 1893 33 31 de
384 1893 48 31 dos
449 1904 86 20 meses
552 1904 53 30 que
616 1903 53 20 aun
686 1892 72 30 vivió
774 1917 6 10 ,
799 1902 66 30 pues
878 1892 66 29 solía
958 1901 85 20 armar
1059 1891 53 29 ba-
