1241 2180
530 124 160 27 87

99 183 51 30 nía.
185 184 51 29 Esa
266 183 71 31 clase
354 183 33 31 de
403 185 101 29 música
529 196 28 19 es
574 186 118 40 peculiar
716 187 14 28 á
746 186 39 29 los
802 186 171 40 regimientos
998 187 128 39 ingleses.

99 239 98 31 Ambas
214 250 47 19 nos
277 242 226 39 proporcionaron
520 252 50 20 una
584 242 63 29 hora
664 242 33 30 de
713 242 145 39 agradable
882 244 243 30 entretenimiento.

142 298 54 29 Nos
208 297 145 30 dormimos
365 299 105 41 aquella
485 299 83 30 noche
586 299 59 40 bajo
659 299 22 30 la
696 305 73 35 grata
786 300 143 40 impresión
946 301 32 29 de
1004 302 38 28 las
1057 301 70 30 dul-

98 366 45 19 ces
159 355 169 30 sensaciones
344 355 133 30 recibidas
499 356 113 29 durante
628 356 23 29 el
677 356 55 35 dia,
752 368 17 28 y
784 367 48 19 con
857 358 22 28 la
897 358 168 30 satisfacción
1091 358 34 30 de

100 412 119 30 marchar
234 412 23 29 el
275 412 133 40 siguiente
425 422 62 30 para
501 413 133 34 Marsella,
650 412 87 30 donde
753 413 175 30 deseábamos
940 424 32 29 ya
988 424 135 29 regresar.

139 468 142 30 Amaneció
300 468 23 30 el
340 468 43 30 dia
401 471 38 28 17
455 479 48 20 con
517 468 24 31 el
558 469 67 30 cielo
642 468 119 32 bastante
776 469 157 42 despejado,
949 481 16 30 y
981 481 48 20 nos
1055 481 70 31 pre-

98 535 120 31 paramos
236 535 60 31 para
311 525 75 30 salir.

139 582 79 30 Antes
234 592 53 31 que
300 582 25 30 lo
342 584 196 29 verificáramos
555 583 97 30 fuimos
680 589 188 35 penosamente
895 584 109 40 testigos
1028 583 33 31 de
1088 594 35 19 un

98 639 133 31 accidente
244 639 187 40 desgraciado,
446 650 52 29 que
515 650 47 20 nos
580 640 69 30 llenó
662 639 32 31 de
712 640 212 30 consternación.

137 696 56 29 Uno
205 695 32 30 de
255 695 39 30 los
308 695 87 30 varios
406 695 150 41 vaporcitos
570 706 52 30 que
639 695 91 31 hacían
747 695 24 30 el
790 697 88 29 tráfico
894 695 82 30 desde
989 696 130 30 Constan-

95 752 98 40 tinopla
217 753 15 29 á
259 752 38 30 los
314 752 143 30 diferentes
480 758 95 35 puntos
597 752 33 31 de
656 753 24 30 la
696 754 130 39 Turquía,
846 753 66 30 salía
936 758 180 25 enleramente

95 808 114 41 cargado
234 808 33 30 de
294 809 151 40 pasajeros;
477 810 54 28 casi
549 808 74 30 lodos
650 809 60 29 iban
734 809 127 40 apiñados
887 809 79 29 sobre
986 809 131 30 cubierta.

95 865 31 29 Al
143 871 68 24 estar
227 865 169 41 emparejado
407 876 48 19 con
468 876 52 19 una
547 866 100 39 fragata
674 865 33 30 de
720 876 96 29 guerra
843 866 119 29 francesa
990 866 130 29 fondeada

95 932 75 20 cerca
186 928 131 30 nosotros,
336 922 43 31 fué
395 924 14 29 á
422 923 117 31 cambiar
555 923 32 30 de
601 923 133 30 dirección
752 933 64 31 para
828 923 103 41 pasarle
946 933 47 31 por
1006 923 23 30 la
1045 933 73 30 proa,

95 990 17 30 y
128 990 51 19 uno
194 979 33 30 de
243 980 39 29 los
295 981 142 28 remolinos
462 980 33 29 de
519 981 142 34 corriente,
688 985 42 24 tan
757 979 150 30 frecuentes
935 991 14 29 y
973 980 88 29 varios
1087 989 33 20 en

93 1036 77 40 aquel
184 1036 85 34 canal,
283 1036 156 40 engañando
453 1037 23 28 la
493 1037 98 40 pericia
608 1036 42 29 del
664 1037 116 39 capilan,
796 1037 107 39 empujó
920 1037 23 28 al
962 1046 82 30 vapor
1056 1046 63 19 con-

94 1098 36 25 tra
144 1093 23 29 la
184 1103 63 31 proa
274 1093 32 30 de
334 1094 24 29 la
385 1093 111 41 fragata,
512 1105 16 30 y
542 1104 48 20 con
608 1094 23 29 la
648 1092 140 31 velocidad
817 1103 52 31 que
896 1093 78 41 aquel
1001 1092 116 37 llevaba,

91 1149 87 31 dando
196 1151 38 29 los
250 1151 75 40 palos
337 1161 48 19 con
402 1151 23 29 el
443 1151 116 40 bauprés
569 1151 32 29 de
614 1156 67 30 esta,
698 1150 119 30 vinieron
842 1150 32 29 de
889 1160 33 19 un
934 1150 79 40 golpe
1028 1149 88 40 abajo,

91 1207 120 40 cayendo
233 1217 48 30 por
296 1207 133 40 precisión
446 1206 78 30 sobre
540 1207 110 29 muchos
666 1206 32 30 de
714 1206 121 41 aquellos
864 1207 145 40 pasajeros.
1030 1205 86 30 Todos

91 1263 77 35 ellos,
187 1263 83 30 desde
286 1263 24 29 el
324 1268 131 24 momento
471 1263 44 28 del
532 1263 112 39 peligro,
664 1273 32 29 ya
713 1262 169 30 esclamaban
901 1262 100 40 agudos
1022 1262 94 40 gritos,

89 1319 216 32 convirtiéndose
320 1330 31 19 en
369 1319 149 30 lastimeros
531 1329 63 29 ayes
609 1330 15 28 y
636 1319 241 30 desconsoladores
892 1319 105 32 llantos,
1011 1319 24 28 al
1048 1329 68 29 que-

89 1377 47 30 dar
149 1377 107 30 heridos
272 1377 110 30 muchos
399 1376 60 40 bajo
471 1376 79 41 aquel
565 1376 88 29 súbito
668 1375 152 31 desarbolo.
840 1376 81 29 Como
933 1374 78 31 habia
1028 1378 87 26 varias

87 1433 115 30 familias
218 1439 74 24 enlre
304 1433 39 29 los
357 1433 146 40 pasajeros,
522 1432 80 40 quien
621 1431 68 30 tenia
705 1431 23 30 el
746 1430 83 41 padre
846 1431 121 29 exánime
989 1430 42 30 del
1049 1430 67 41 gol-

88 1501 33 29 pe
134 1500 51 30 que
201 1490 129 30 recibiera
345 1502 6 22 ;
371 1489 79 40 quien
465 1488 24 29 la
507 1487 89 30 madre
609 1486 95 42 cogida
716 1486 96 40 debajo
824 1485 32 31 de
878 1496 33 20 un
926 1486 59 41 palo
996 1499 5 24 ;
1032 1487 79 40 quien

86 1556 52 21 una
155 1546 64 41 hija,
238 1556 17 31 y
268 1547 81 40 quien
365 1556 31 20 en
415 1547 45 33 sin,
479 1550 56 25 olro
551 1544 118 40 pariente
686 1543 32 30 de
734 1544 39 29 los
790 1553 55 20 mas
861 1543 147 41 allegados,
1028 1554 31 19 en
1076 1554 35 19 un

86 1603 91 30 estado
194 1614 50 29 que
256 1602 149 31 teclamaba
418 1606 182 37 prontamente
613 1600 95 30 ausilio
724 1611 16 30 y
752 1600 152 30 asistencia.

126 1661 59 29 Aun
202 1671 42 19 me
256 1662 84 38 figuro
354 1666 70 23 estar
439 1658 97 30 viendo
552 1658 112 41 algunas
691 1658 143 35 señoritas,
860 1667 79 31 pocos
965 1661 146 26 momentos

84 1723 74 25 antes
175 1716 124 31 sentadas
312 1727 31 19 en
361 1716 23 30 la
399 1726 79 31 popa,
498 1726 63 29 muy
574 1720 136 25 contentas
725 1714 24 30 al
768 1724 118 31 parecer.
903 1715 37 29 En
957 1714 23 30 el
998 1714 113 30 instante

84 1774 41 31 del
139 1775 116 40 choque,
274 1785 33 19 no
325 1774 68 41 pude
410 1783 92 21 menos
519 1783 51 31 que
586 1777 105 36 apartar
714 1771 24 30 la
761 1771 67 30 vista
851 1771 32 29 de
900 1771 79 35 ellas,
1004 1782 47 29 por
1078 1781 33 19 no

84 1832 86 30 verlas
187 1842 91 29 presas
295 1842 48 29 por
356 1832 22 29 el
393 1831 61 40 palo
466 1841 92 30 mayor
570 1840 53 31 que
634 1830 37 30 les
685 1829 56 31 caia
755 1829 113 30 encima.
889 1828 58 39 ¡Tal
962 1838 46 20 vez
1032 1828 78 41 aquel
