1241 2180
590 114 160 27 54

158 182 59 32 lado
230 182 22 30 el
267 182 86 39 inglés
368 191 49 19 con
429 190 31 20 su
476 179 108 41 ejército
600 177 172 41 apoyándose
789 187 32 19 en
835 177 35 34 él,
891 188 17 28 y
925 187 47 30 por
995 175 93 29 último
1102 171 81 42 algu-

158 250 47 20 nos
220 238 148 30 batallones
384 243 105 23 turcos:
506 236 23 29 la
548 235 41 30 2.a
607 245 15 30 y
648 234 43 29 1.a
704 232 148 31 divisiones
868 231 139 30 formaban
1034 240 35 19 un
1085 239 98 31 cuerpo

157 296 32 30 de
200 294 184 31 observación.
413 293 93 29 Detrás
528 292 33 29 de
584 292 40 29 los
641 289 132 31 cuarteles
796 288 141 41 generales
964 287 165 40 acampaban
1146 286 37 30 los

158 351 179 29 escuadrones
351 349 32 31 de
400 348 153 32 caballería.

199 409 31 29 Al
254 414 56 24 olio
337 408 59 30 lado
424 407 43 29 del
494 405 164 31 Tachernaia
689 404 87 31 tenían
804 402 162 41 acampados
993 402 41 30 los
1061 412 76 20 rusos
1153 412 29 19 su

158 466 109 39 ejército
279 465 33 30 de
329 464 184 31 observación.

199 524 50 28 Por
261 524 35 27 fin
307 531 47 20 nos
370 520 153 31 instalamos
538 530 32 20 en
587 524 107 25 nuestro
708 517 117 31 mirador
841 528 52 30 que
906 516 68 31 daba
989 516 85 30 frente
1091 515 23 30 el
1128 514 54 31 ba-

158 579 85 29 luarte
257 578 33 30 de
307 578 23 29 la
344 577 129 36 Bandera,
489 582 81 34 punto
583 577 15 30 á
615 576 22 30 la
655 585 77 21 sazón
749 575 23 30 el
787 585 56 20 mas
859 574 120 30 atacado.

200 637 107 38 Apenas
323 633 191 41 posesionados
530 633 33 29 de
579 633 78 40 aquel
672 632 88 41 lugar,
776 637 108 25 nuestra
896 631 67 29 visla
976 629 78 31 ávida
1071 629 33 30 de
1114 640 68 20 sen-

160 692 120 29 saciones
293 701 28 19 se
337 690 119 30 eslendió
473 689 180 40 rápidamente
666 689 79 29 sobre
760 688 73 30 todos
848 688 39 30 los
903 686 121 42 objetos;
1043 696 56 20 mas
1115 685 67 31 des-

158 758 77 31 pués,
253 746 182 41 arrepentidos
452 745 33 30 de
503 751 108 24 nueslra
635 745 202 40 precipitación,
865 754 49 20 nos
941 743 156 30 dedicamos
1112 744 14 29 á
1149 754 33 19 un

158 805 110 29 examen
285 814 55 20 mas
367 803 133 31 detenido.
518 803 73 30 Todo
607 803 25 30 lo
648 802 161 31 mirábamos
825 812 49 20 con
891 801 23 30 la
931 801 88 40 ayuda
1036 801 33 29 de
1082 801 100 30 buenos

159 861 118 39 gemelos
290 872 17 28 y
323 861 127 39 anteojos.

199 920 36 28 La
252 917 111 30 muralla
376 916 32 30 de
427 916 156 41 Sebastopol
597 928 28 18 se
639 916 159 42 presentaba
816 916 108 34 blanca,
940 915 33 30 de
992 925 66 20 unos
1077 916 36 28 20
1127 915 56 40 pies

159 974 33 30 de
202 973 96 36 altura,
316 984 14 28 y
347 973 23 30 al
384 983 110 30 parecer
513 983 63 30 muy
589 972 71 30 débil
678 982 63 31 para
765 977 69 25 tanta
858 972 172 35 resistencia;
1047 983 63 29 pero
1126 982 57 20 esas

158 1030 84 30 moles
255 1029 130 31 colosales
401 1029 33 30 de
448 1034 52 25 tres
512 1029 115 30 balerías
644 1039 52 31 que
712 1028 144 31 asomaban
882 1027 33 31 de
933 1028 90 31 trecho
1039 1039 33 20 en
1096 1028 87 31 trecho

159 1086 87 30 daban
259 1086 61 29 bien
336 1086 71 29 claro
420 1086 24 29 el
460 1086 75 29 aviso
551 1086 23 29 al
593 1085 119 40 público.

200 1145 36 28 No
250 1143 90 30 fueron
356 1143 39 29 sin
412 1143 127 40 embargo
555 1143 122 40 aquellos
702 1143 147 40 poderosos
865 1143 100 30 fuertes
983 1143 87 41 loque
1085 1143 100 30 hiciera

159 1205 139 36 postergar
313 1199 23 30 el
351 1200 71 29 éxito
438 1199 32 30 de
488 1199 23 30 la
539 1205 67 25 toma
622 1199 33 30 de
678 1199 25 31 la
716 1199 97 31 ciudad
823 1213 6 22 ;
856 1200 58 30 sino
931 1199 24 31 la
971 1200 75 30 sabia
1062 1200 123 41 disposi-

159 1257 59 29 ción
231 1257 32 29 de
277 1267 51 19 uno
341 1256 32 30 de
385 1256 39 30 los
435 1256 155 30 osicialesde
603 1257 164 40 ingenieros,
783 1256 43 30 del
840 1257 107 30 célebre
961 1258 148 29 Toldleben
1119 1281 5 12 ,
1134 1267 51 31 que

160 1324 66 29 supo
237 1319 143 34 anteponer
395 1314 23 28 al
435 1313 157 40 aventajado
606 1314 109 29 sistema
729 1313 34 31 de
778 1320 109 34 ataque,
907 1325 52 19 uno
976 1314 34 30 de
1027 1314 109 31 defensa
1153 1325 32 19 no

160 1369 127 31 conocido
299 1373 13 26 ó
326 1369 152 39 practicado
495 1370 74 30 hasla
585 1375 136 26 entonces.

200 1428 38 28 En
251 1426 37 29 las
305 1426 78 30 obras
395 1426 140 30 esleriores
552 1437 52 30 que
617 1427 136 30 levantara
766 1438 45 20 ese
827 1433 108 36 esperto
949 1429 99 34 oficial,
1064 1439 28 19 se
1105 1430 80 28 afian-

161 1485 29 28 zó
206 1482 23 30 el
245 1482 141 41 inopinado
403 1482 83 41 poder
501 1482 32 31 de
551 1483 167 41 Sebastopol.
749 1484 54 29 Allí
819 1495 29 18 se
864 1490 126 24 mantuvo
1007 1485 23 30 el
1062 1485 77 40 vigor
1153 1485 32 30 de

160 1538 25 30 la
202 1538 77 30 lucha
295 1538 73 30 hasta
384 1549 52 30 que
454 1538 38 30 los
508 1539 112 35 aliados,
635 1540 194 29 reconociendo
847 1540 55 30 casi
916 1551 31 19 su
972 1541 160 41 impotencia
1155 1552 32 20 en

160 1595 77 39 aquel
255 1600 80 34 punto
350 1604 62 30 para
430 1595 24 29 la
470 1595 137 30 rendición
624 1596 32 29 de
674 1596 23 29 la
709 1596 85 40 plaza,
809 1596 147 41 dirigieron
972 1607 48 21 con
1038 1607 56 21 mas
1105 1598 82 31 acier-

160 1656 25 25 to
202 1662 45 18 sus
265 1651 160 40 principales
441 1651 80 31 miras
536 1652 14 30 á
566 1652 25 30 la
602 1651 83 32 desde
698 1658 56 25 este
767 1654 98 39 tiempo
877 1654 177 30 renombrada
1072 1659 69 25 torre
1155 1653 32 31 de

162 1706 124 29 Malakof.

202 1763 127 40 Aquellas
341 1764 115 30 balerías
473 1765 149 31 avanzadas
638 1766 33 29 de
684 1777 53 29 que
749 1777 28 18 se
797 1771 63 24 trata
870 1790 6 11 ,
890 1777 29 18 se
931 1768 194 38 guarnecieron
1140 1778 47 20 con

161 1819 25 31 la
199 1820 125 30 artillería
337 1820 32 30 de
384 1821 22 29 la
423 1821 129 31 escuadra
566 1833 52 29 que
631 1821 149 30 inatacable
793 1823 13 27 é
822 1821 207 33 indestructible
1039 1824 148 40 holgábase
