1241 2180
557 127 182 27 122

138 193 88 41 gabán
244 193 40 29 los
299 192 145 30 remolinos
460 190 33 31 de
511 190 104 37 viento;
630 190 39 30 las
686 199 80 20 voces
781 188 34 31 de
835 187 114 36 mando,
966 197 28 20 se
1010 186 160 31 confundían

138 261 49 20 con
199 250 24 30 el
239 249 98 31 silbido
353 260 13 30 y
383 248 194 31 sacudimiento
593 247 33 30 de
642 247 40 30 los
698 245 91 32 cables
799 258 6 24 ;
822 256 14 30 y
854 255 32 20 en
903 246 35 28 fin
950 268 6 13 ,
975 244 25 30 el
1013 244 157 40 estrepitoso

138 308 111 40 crugido
265 317 53 31 que
343 317 49 30 por
407 311 147 26 momentos
570 316 29 19 se
618 304 96 41 dejaba
730 304 55 34 oir,
811 303 75 29 hacia
914 302 82 30 mirar
1011 301 159 41 espavorido

138 375 52 29 que
204 375 34 19 un
251 364 118 29 astillazo
381 374 33 19 no
426 363 25 30 le
466 363 107 40 cogiera
586 363 15 29 á
613 372 52 20 uno
682 371 31 20 en
731 360 88 30 medio
835 359 33 30 de
885 359 80 41 aquel
982 364 143 24 trastorno.

178 420 116 30 Estando
310 419 176 41 apuntalados
501 420 39 29 los
558 424 97 24 tramos
668 417 34 31 de
724 417 38 31 las
775 415 103 33 citadas
895 415 134 31 escaleras
1040 425 50 20 con
1105 415 64 30 bar-

137 487 42 20 ras
195 476 33 31 de
242 476 88 31 hierro
346 476 63 30 bien
425 475 125 31 clavadas
564 500 5 11 ,
588 475 117 40 después
723 473 33 30 de
772 471 172 32 destrozadas
958 472 39 30 las
1014 471 135 31 escaleras
1160 496 7 13 ,

137 532 133 31 causaban
286 532 121 42 aquellos
424 531 115 42 grandes
552 531 135 30 destrozos
702 541 32 19 en
752 531 41 29 los
809 528 124 31 costados
950 527 33 31 de
1001 527 39 31 los
1057 537 112 32 vapores

135 588 175 42 adyacentes:
329 589 40 30 los
384 588 47 31 dos
448 598 62 21 eran
527 587 178 42 napolitanos,
724 597 64 30 pero
810 585 102 31 usaban
934 584 120 30 bandera
1084 584 82 31 fran-

136 655 73 19 cesa.

177 705 37 27 Lo
231 713 62 30 peor
305 702 43 30 fué
360 702 24 30 al
398 708 74 23 notar
484 713 35 18 un
530 702 141 40 berganlin
682 702 133 29 austríaco
827 711 63 30 que,
911 699 124 31 atracado
1049 700 13 29 á
1073 709 36 20 un
1120 708 44 21 va»

136 769 51 30 por
202 759 86 40 inglés
303 768 63 30 para
381 757 179 31 trasbordarle
576 768 31 19 su
621 767 79 30 carga
716 782 5 8 ,
741 766 63 31 para
818 756 102 30 zafarse
937 756 33 29 de
983 756 39 29 los
1046 755 119 41 choques

136 827 52 30 que
203 826 48 31 por
263 825 77 21 razón
353 815 33 30 de
398 820 71 26 estar
485 820 73 25 entre
570 814 82 42 aquel
663 825 16 30 y
697 819 57 25 olro
773 824 84 31 vapor
873 813 112 36 recibía,
1001 823 30 20 se
1047 813 65 29 salia
1136 812 31 30 de

134 872 26 29 la
172 872 114 36 andana;
304 883 16 29 y
332 881 44 21 era
387 871 122 30 evidente
522 882 51 30 que
586 871 88 30 caeria
686 871 104 30 encima
804 876 107 25 nuestra
925 879 80 32 popa,
1021 880 46 31 por
1081 869 24 30 lo
1116 879 51 32 que

134 928 45 31 fué
206 929 103 39 preciso
337 929 111 29 tirarnos
465 934 95 24 avante
583 928 14 29 á
614 930 35 27 fin
666 928 33 29 de
715 927 132 30 librarnos
860 940 7 23 ;
886 938 16 29 y
919 936 64 31 para
1011 926 80 30 hacer
1113 931 54 26 esla

134 986 141 40 operación
292 996 29 20 se
334 991 61 25 tuvo
412 996 52 30 que
480 984 93 31 añadir
589 986 13 29 á
620 984 24 30 la
660 984 101 31 cadena
788 984 34 31 de
845 994 68 31 popa
931 995 34 19 un
983 984 100 41 pedazo
1105 994 62 31 para

134 1042 182 41 prolongarla,
332 1042 161 30 haciéndose
508 1047 166 25 sumamente
685 1041 125 30 doloroso
828 1041 23 30 el
867 1046 67 26 tacto
948 1041 44 30 del
1005 1041 90 31 hierro
1119 1051 47 20 con

135 1099 79 39 aquel
227 1099 120 29 escesivo
365 1098 49 30 frío
426 1109 52 29 que
490 1099 86 29 hacia.
591 1099 63 29 Bien
668 1098 26 29 lo
709 1097 86 41 puedo
807 1098 146 40 justificar,
967 1108 103 30 porque
1095 1104 70 23 ater-

134 1154 135 30 rorizados
285 1160 122 24 nuestros
418 1155 147 29 marineros
581 1165 49 30 por
652 1165 44 19 ser
708 1164 51 20 aun
773 1154 121 35 bisónos,
913 1154 44 30 fué
981 1155 106 40 preciso
1108 1154 57 30 ani-

135 1211 97 30 marles
249 1221 48 21 con
314 1211 23 30 el
354 1212 115 40 ejemplo
491 1211 39 30 los
550 1212 109 29 mismos
676 1211 117 31 oficiales
808 1236 6 11 ,
834 1222 15 30 y
866 1211 75 31 hasla
957 1212 24 30 el
1004 1211 94 42 propio
1119 1221 46 21 ca-

138 1267 72 41 pilan
227 1277 33 20 no
271 1277 27 20 se
312 1267 68 30 libró
393 1267 33 30 de
438 1267 22 30 la
475 1267 100 41 prueba
586 1280 5 23 ;
607 1267 32 30 tal
653 1277 43 20 era
710 1267 25 30 el
751 1266 59 32 asan
833 1277 49 21 con
904 1278 52 30 que
970 1267 194 42 trabajábamos

133 1333 64 30 para
214 1324 84 30 evitar
315 1329 40 25 tan
367 1325 144 29 inminente
527 1324 138 39 abordaje.

175 1381 159 30 Felizmente
348 1381 24 30 lo
386 1382 198 39 conseguimos,
599 1392 64 30 pero
679 1381 45 31 fué
734 1382 14 30 á
764 1387 72 25 costa
848 1381 34 31 de
902 1381 136 32 destrozar
1066 1393 56 21 mas
1150 1394 15 31 y

133 1447 56 20 mas
205 1448 49 19 con
271 1437 39 31 los
324 1437 128 31 referidos
464 1437 120 31 barrotes
594 1438 33 30 de
638 1438 38 31 las
689 1438 145 36 escaleras,
850 1444 69 25 tanto
930 1450 76 20 como
1021 1441 144 30 tirábamos

133 1493 25 30 el
168 1492 91 42 buque
271 1499 106 31 avante,
397 1494 39 30 los
449 1494 48 31 dos
514 1505 112 31 vapores
640 1495 102 30 citados
754 1508 6 23 ;
790 1506 49 30 por
864 1495 79 31 dicha
967 1503 109 25 nuestra
1104 1507 61 21 eran

133 1560 121 20 menores
269 1561 51 30 que
332 1550 24 30 el
372 1551 169 36 «Tharsis»,
560 1552 25 29 lo
602 1562 51 30 que
669 1552 76 30 hacia
771 1563 52 30 que
849 1558 57 25 este
930 1563 34 21 no
985 1554 131 32 recibiera
1133 1554 32 31 de

133 1606 66 30 ellos
213 1607 95 30 mucho
322 1607 79 30 daño.

175 1663 185 31 Entretenidos
374 1674 32 21 en
423 1674 66 21 unas
506 1676 15 30 y
537 1671 70 25 otras
623 1666 90 30 faenas
730 1691 6 11 ,
756 1669 125 28 comenzó
895 1668 24 28 el
942 1668 44 30 dia
1013 1669 15 30 á
1050 1668 112 32 aclarar.

133 1719 72 35 Este,
226 1719 122 31 viniendo
360 1721 125 30 envuelto
497 1733 31 18 en
547 1722 37 30 las
602 1723 124 30 tinieblas
740 1724 214 41 blanquinosas
971 1725 33 31 de
1021 1726 24 31 la
1062 1726 103 31 nevada

133 1785 52 31 que
208 1777 56 29 caía
278 1801 6 11 ,
309 1777 239 32 dificultosamente
571 1780 123 40 permitía
716 1780 143 42 distinguir
873 1781 39 31 los
929 1782 104 41 objetos
1051 1795 33 19 no
1099 1795 64 31 muy

132 1841 134 21 cercanos.
284 1833 108 30 Cuando
412 1845 45 19 era
473 1845 33 31 ya
523 1835 63 31 hora
602 1836 33 30 de
651 1835 83 32 haber
751 1837 123 30 aclarado
889 1863 6 11 ,
911 1844 63 25 tuve
991 1851 53 30 que
1063 1841 58 40 fijar
1139 1841 26 30 la

132 1889 67 29 vista
218 1899 47 19 con
280 1889 81 31 cierta
374 1891 120 31 atención
512 1902 47 31 por
576 1892 74 31 todas
673 1900 88 34 partes
775 1919 6 12 ,
801 1904 64 30 para
892 1896 181 32 cerciorarme
1099 1898 61 31 bien
