1241 2180
552 148 183 27 176

136 213 94 30 siaslas
243 218 117 24 amanles
373 212 44 30 del
432 213 119 29 Harem?
568 211 41 38 ¿A
622 210 87 31 dónde
723 210 39 30 los
775 210 146 41 esquisilos
941 208 95 31 afeites
1053 207 33 30 de
1103 218 59 20 esos

136 270 161 29 adoradores
309 270 33 29 de
359 270 23 29 la
398 268 227 41 voluptuosidad?

176 326 222 30 Concedámosles
421 325 97 40 alguna
540 325 141 29 distinción
707 324 103 41 poética
832 334 31 19 en
880 334 31 19 su
928 323 123 41 peculiar
1068 322 91 31 estilo:

136 382 40 39 ¡la
199 392 89 20 vemos
303 407 6 10 ,
332 392 107 30 empero
453 406 6 12 ,
479 381 115 30 rodeada
610 381 33 29 de
660 386 84 24 tantas
760 380 146 30 anomalías
922 403 6 12 ,
944 390 52 30 que
1013 389 29 19 se
1059 379 100 40 eclipsa

137 439 232 30 miserablemente
381 449 29 20 su
428 439 107 30 insólito
545 437 157 41 esplendor!

177 497 81 29 Hasla
275 497 23 28 el
315 497 93 40 propio
425 496 92 29 Sultán
541 506 35 19 no
598 505 29 20 se
649 494 70 30 halla
733 499 107 25 escenlo
856 492 33 31 de
906 492 98 41 alguna
1021 491 136 31 ridiculez.

134 555 65 29 Para
215 553 97 41 probar
324 558 55 25 esle
395 558 86 25 aserto
494 577 7 11 ,
519 552 110 30 referiré
642 563 35 18 un
694 551 84 30 hecho
795 551 121 29 baslanle
931 550 117 30 reciente
1060 556 100 24 enlon-

134 621 45 19 ces
193 635 6 11 ,
217 610 112 30 contado
343 621 47 28 por
405 620 35 20 un
459 609 93 40 testigo
569 608 100 31 ocular.

175 668 85 30 Habia
272 668 114 30 acudido
404 666 240 41 «Abdul-Medjid»
662 676 49 19 con
734 665 60 30 toda
811 665 22 30 la
849 675 94 31 pompa
961 675 16 31 y
993 668 166 37 acompaña-

134 725 97 30 miento
242 735 51 31 que
310 725 73 30 suele
399 724 121 31 rodearle
536 748 7 11 ,
570 724 14 29 á
606 723 151 40 presenciar
772 723 23 30 el
810 723 175 30 lanzamiento
1001 723 25 29 al
1043 732 67 30 agua
1127 721 32 30 de

134 791 51 20 una
202 781 100 40 fragata
315 781 33 30 de
362 790 108 31 guerra.

176 839 119 39 Después
311 849 52 29 que
378 848 47 19 con
450 837 58 30 loda
532 837 126 30 felicidad
681 849 28 18 se
731 837 134 30 efectuara
878 842 55 25 esta
953 837 141 41 operación
1109 861 6 11 ,
1132 846 28 21 se

134 894 124 31 embarcó
274 895 23 30 el
321 895 92 30 Sultán
437 905 30 20 en
489 905 30 20 su
536 894 115 41 góndola
667 894 121 42 imperial
809 894 33 30 de
860 904 51 20 una
928 894 117 30 hechura
1062 903 98 20 suma-

133 957 87 24 mente
233 951 121 41 elegante
370 962 16 30 y
402 951 117 31 cubierta
536 951 33 31 de
585 962 34 19 un
638 951 53 41 lujo
710 950 236 31 verdaderamente
963 950 112 31 oriental
1090 976 6 11 ,
1115 950 45 31 si-

133 1008 143 40 guiéndole
290 1019 33 19 un
337 1007 125 31 soberbio
478 1019 17 30 y
510 1018 142 20 numeroso
669 1008 110 40 cortejo.
799 1008 77 30 Miles
889 1006 33 31 de
935 1007 84 30 almas
1035 1017 53 31 que
1105 1017 55 21 cu-

133 1064 75 29 brían
226 1064 119 40 aquellos
367 1063 171 30 alrededores
555 1064 25 29 lo
596 1064 166 29 victorearon
779 1064 25 29 al
828 1063 158 41 despedirse
1000 1076 6 23 ;
1026 1074 17 30 y
1060 1064 99 40 ¿quién

133 1130 115 31 pensara
265 1130 50 30 que
330 1144 5 11 ,
365 1130 44 19 ese
426 1130 52 30 que
495 1120 96 29 llaman
610 1130 48 19 con
676 1119 98 30 énfasis
788 1120 68 29 Gran
872 1121 84 28 Señor
971 1144 6 10 ,
1005 1130 45 19 ese
1066 1131 52 29 que
1132 1131 28 19 se

133 1176 73 31 titula
223 1176 54 40 hijo
293 1176 42 30 del
354 1176 44 30 Sol
413 1201 6 11 ,
437 1187 45 20 ese
497 1202 6 11 ,
519 1187 32 20 en
569 1178 34 29 fin
619 1202 5 11 ,
641 1176 158 41 emperador
811 1176 33 31 de
862 1177 38 30 los
917 1182 89 26 turcos
1021 1202 6 11 ,
1046 1188 28 20 se
1085 1177 74 31 abri-

134 1243 62 31 gara
212 1233 32 30 de
259 1234 39 30 los
309 1243 78 32 rayos
403 1233 32 31 de
448 1244 29 20 su
495 1234 105 30 celeste
616 1234 102 30 Padre
732 1259 7 11 ,
757 1244 48 20 con
819 1234 25 30 el
860 1244 57 20 mas
933 1235 112 31 sencillo
1062 1245 16 30 y
1092 1235 68 29 ordi-

133 1291 73 29 nario
221 1299 129 31 paraguas
367 1300 52 30 que
436 1301 28 19 se
481 1290 86 40 puede
581 1301 51 19 uno
645 1292 150 38 imaginar?

172 1347 38 29 Ya
224 1358 51 29 que
291 1347 32 29 de
341 1356 130 31 paraguas
496 1347 80 29 hablo
594 1348 29 38 (ó
647 1347 137 39 escribo),
803 1347 33 30 he
851 1347 33 31 de
900 1348 67 30 citar
993 1348 115 31 también
1126 1359 32 20 un

133 1413 61 22 caso
210 1403 32 30 de
255 1404 191 40 perplejidad
460 1404 192 30 musulmana
666 1429 7 11 ,
687 1414 32 20 en
733 1414 86 31 apoyo
832 1404 34 30 de
883 1404 23 30 la
922 1406 122 29 aserción
1061 1417 52 29 que
1127 1406 31 30 he

133 1461 108 30 sentado
254 1471 56 20 mas
326 1461 86 30 arriba
428 1486 5 10 ,
450 1472 63 30 pero
528 1461 135 30 advertiré
679 1472 53 30 que
749 1462 24 29 el
790 1468 95 24 cuento
902 1463 119 30 verídico
1037 1465 15 28 ó
1064 1474 48 26 no,
1131 1474 27 20 es

132 1518 32 30 de
180 1528 83 30 agena
280 1518 184 40 procedencia.
484 1518 66 30 Helo
564 1520 63 38 aquí
642 1530 5 18 :

171 1576 39 29 Un
227 1575 42 29 dia
286 1575 90 30 estaba
392 1574 112 31 reunido
518 1585 31 20 en
564 1575 107 40 consejo
685 1575 22 31 el
723 1576 109 40 Capilan
849 1577 61 40 Bajá
928 1587 49 20 con
992 1578 113 40 algunos
1116 1579 43 40 je-

132 1631 39 31 fes
188 1631 33 31 de
243 1632 23 30 la
282 1632 107 30 armada
404 1638 71 24 turca
491 1656 4 11 ,
511 1642 31 20 en
560 1632 23 30 el
600 1633 103 29 arsenal
728 1634 133 29 marítimo
877 1633 33 30 de
927 1634 230 44 Constantinopla;

133 1689 32 30 de
188 1695 94 34 pronto
304 1689 23 30 el
348 1689 83 36 cielo,
459 1689 180 31 cubriéndose
655 1700 48 20 con
721 1700 34 20 un
780 1700 96 31 espeso
897 1691 120 32 nublado
1033 1695 126 29 amenazó

133 1746 83 31 lluvia
230 1760 6 23 ;
258 1747 67 30 visto
342 1746 24 31 lo
379 1747 58 30 cual
451 1757 48 31 por
516 1748 26 29 S.
563 1749 29 28 E.
610 1772 6 11 ,
632 1747 97 31 mandó
746 1758 51 20 uno
813 1748 33 30 de
862 1759 46 19 sus
930 1749 133 32 edecanes
1080 1753 14 29 á
1109 1761 50 21 una

133 1803 88 30 tienda
238 1813 109 20 cercana
362 1814 47 30 por
425 1814 33 19 un
476 1813 143 31 paraguas.
640 1805 35 28 Le
689 1804 144 30 mandaron
851 1810 51 25 tres
926 1816 63 30 para
1005 1818 53 30 que
1081 1819 78 19 esco-

133 1859 72 40 giera
217 1872 6 22 ;
248 1861 61 38 aquí
326 1859 92 30 fueron
435 1859 40 30 los
491 1869 107 32 apuros.
628 1861 57 29 Uno
700 1870 44 19 era
762 1861 97 34 verde,
885 1861 22 30 el
933 1868 57 25 olro
1014 1864 74 41 rojo,
1108 1876 17 29 y
1136 1865 23 30 el

133 1921 116 25 restante
269 1916 68 29 azul.
359 1916 30 29 El
406 1916 99 41 primer
519 1916 73 31 color
613 1927 29 19 es
658 1916 24 30 el
707 1916 134 32 venerado
863 1917 43 32 del
924 1919 103 41 profeta
1043 1933 5 18 :
1068 1921 23 31 el
1110 1932 49 21 se-
