1241 2180
599 120 160 27 88

160 184 61 42 palo
231 184 24 30 al
271 194 61 21 caer
349 183 149 36 tronchara,
513 194 31 20 en
562 183 24 30 lo
604 193 56 20 mas
676 183 94 30 florido
780 183 34 30 de
824 193 31 19 su
868 181 79 35 edad,
965 182 24 29 la
1000 182 146 29 existencia
1160 182 31 30 de

161 247 43 23 lan
217 241 136 29 hermosas
365 241 141 29 criaturas!

203 291 82 29 Raros
299 291 86 29 serian
403 290 38 31 los
458 291 134 41 pasajeros
608 300 52 31 que
677 289 117 31 saldrían
807 289 82 31 ilesos
905 288 33 31 de
956 287 82 43 aquel
1054 288 133 32 siniestro.

162 348 37 29 No
215 348 119 39 supimos
357 348 24 30 el
404 350 111 29 número
528 348 33 30 de
576 348 121 30 víctimas
715 358 101 30 porque
833 352 146 25 momentos
1003 346 118 41 después
1144 357 46 20 nos

163 407 58 28 tocó
233 415 132 30 ponernos
376 415 33 20 en
425 406 113 30 camÍEo.
559 407 133 39 Tampoco
713 404 199 31 consideramos
940 404 138 30 necesario
1099 403 91 31 acudir

162 471 48 21 con
227 468 122 24 nuestros
365 461 75 31 boles
457 473 16 30 y
490 472 107 20 escasos
614 463 110 29 ausilios
741 462 23 30 al
783 462 77 40 lugar
873 461 33 31 de
923 461 23 30 la
962 460 143 31 catástrofe
1120 474 6 23 ;
1147 471 44 31 por

163 525 96 23 cuanlo
273 543 6 12 ,
299 520 33 28 de
346 519 74 30 todos
438 519 39 31 los
494 519 104 42 buques
614 519 33 30 de
661 530 95 30 guerra
770 519 147 30 fondeados
931 529 33 19 en
988 519 39 29 las
1043 519 146 36 cercanías,

162 575 93 30 fueron
273 575 253 41 precipiladamenle
552 576 39 31 los
607 576 117 32 médicos
747 586 49 21 con
813 586 46 20 sus
875 575 155 42 botiquines
1047 600 5 10 ,
1072 586 16 29 y
1105 575 85 31 varios

165 633 116 30 oficiales
298 658 5 10 ,
322 643 64 30 para
404 634 88 29 salvar
509 634 38 30 las
560 644 128 29 personas
706 633 128 40 posibles.

208 689 122 30 Sensible
346 700 47 19 nos
409 690 44 30 fué
469 691 78 40 aquel
564 691 170 40 espectáculo
755 701 32 19 en
804 691 25 29 el
856 695 57 25 aclo
931 690 35 29 de
987 689 129 31 hacernos
1132 691 14 29 á
1168 690 22 29 la

165 745 58 30 vela
238 770 6 11 ,
260 748 15 27 ó
292 746 82 40 mejor
390 746 79 32 dicho
483 772 6 11 ,
509 747 33 31 de
564 747 172 31 marcharnos
752 748 15 30 á
780 757 93 20 cruzar
886 746 25 31 el
936 756 65 20 mar.
1030 757 6 28 ¡
1046 747 20 29 A
1083 747 107 32 cuántas

165 801 198 40 contingencias
376 826 5 11 ,
399 812 140 30 pensamos
555 828 6 9 ,
588 803 54 30 eslá
659 808 126 35 espueslo
809 802 23 30 e!
855 803 166 40 navegante!
1050 812 13 28 ¿
1076 803 20 28 Y
1111 801 79 32 habrá

165 866 51 20 aun
230 856 106 41 alguien
354 868 51 31 que
421 869 33 20 no
467 859 174 40 compadezca
658 859 23 30 la
695 869 107 20 azarosa
817 858 59 31 vida
893 858 43 31 del
953 858 102 31 marino
1067 861 13 27 ?
