1241 2180
551 127 183 27 118

134 194 57 30 dias
216 203 34 19 un
264 192 60 30 todo
339 196 88 26 señor
441 190 126 41 relojero,
586 189 23 31 al
626 189 61 31 cual
700 200 33 19 no
746 189 24 29 le
787 188 103 30 fallaría
905 186 113 41 trabajo,
1034 187 13 29 á
1065 187 94 40 juzgar

132 261 49 31 por
195 250 22 30 la
232 249 127 30 variedad
381 248 33 30 de
427 248 98 40 relojes
541 258 52 30 que
604 246 154 31 adornaban
775 245 39 31 los
838 245 101 31 vidrios
955 244 33 31 de
1005 244 24 30 la
1045 249 113 27 ventana

131 307 33 30 de
181 317 31 20 su
228 306 261 35 establecimiento,
509 316 16 30 y
542 315 51 30 que
604 305 142 40 aparecían
762 313 49 20 con
827 302 152 30 frecuencia
990 301 169 31 diferencia-

130 364 49 29 dos
194 377 6 22 ;
216 375 17 29 y
249 363 109 30 añadiré
374 373 53 31 que
438 363 76 30 hasta
528 372 28 20 se
579 361 74 31 abrió
670 371 64 31 para
750 360 24 30 el
788 360 107 40 público
912 370 34 19 un
968 358 56 31 café
1039 359 119 30 bastante

131 420 111 31 decente
256 432 16 29 y
289 420 61 30 bien
365 420 117 36 servido,
499 430 50 31 que
563 424 121 25 nosotros
698 417 131 42 quisimos
842 421 121 26 estrenar
973 416 23 30 el
1009 416 96 30 mismo
1116 415 42 31 dia

131 476 33 32 de
180 487 31 20 su
224 477 203 39 inauguración.

173 533 78 40 ¿Qué
278 543 55 21 mas
350 532 77 31 diré?
454 533 38 30 Ya
519 542 33 20 no
568 532 96 30 venian
690 531 126 30 hombres
836 530 71 30 solos
935 531 14 29 á
965 528 191 37 establecerse,

132 601 68 30 pues
216 601 51 29 que
283 591 38 28 los
335 590 111 29 casados
460 600 28 19 se
505 590 82 29 traían
604 600 32 19 su
658 598 60 21 cara
735 587 81 31 mitad
836 590 13 28 é
865 587 79 40 hijos.
972 588 51 29 Por
1040 592 69 24 lanío
1125 596 32 31 ya

131 659 31 21 se
184 648 126 31 recreaba
323 658 52 20 uno
399 648 25 30 la
450 648 68 29 vista
535 658 49 19 con
600 647 99 40 alguno
715 656 53 31 que
784 651 57 24 otro
854 645 165 41 miriñaque;
1035 654 33 21 en
1084 643 73 31 todas

130 711 90 35 partes
237 706 24 29 la
278 706 85 40 mujer
390 715 28 20 se
434 710 72 25 atrae
535 705 40 29 las
590 703 117 31 miradas
723 702 42 32 del
782 702 122 36 hombre,
931 702 126 30 influidas
1073 712 49 30 por
1134 702 23 30 el

134 763 70 29 imán
221 762 32 30 de
269 772 52 20 una
337 762 77 30 dulce
428 762 148 29 sensación.

172 820 51 28 Los
238 818 102 41 precios
354 818 33 29 de
403 818 39 29 los
459 817 172 31 comestibles
642 823 73 23 antes
728 816 181 30 exorbitantes
925 841 5 11 ,
945 827 29 19 se
986 816 98 30 habían
1097 827 59 19 mo-

130 874 98 31 derado
245 885 30 19 en
289 884 65 30 gran
377 884 109 19 manera
502 884 50 30 por
569 873 24 30 la
609 884 66 29 gran
698 873 166 30 abundancia
882 873 32 29 de
928 873 67 30 ellos
1005 885 6 23 ;
1026 884 64 30 pero
1106 883 51 21 aun

129 936 126 25 entonces
268 956 6 10 ,
293 931 95 30 vendió
413 932 229 39 ventajosamente
658 936 108 25 nuestro
788 929 186 42 mayordomo,
993 930 25 31 la
1034 931 123 41 pacotilla

131 998 52 29 que
199 988 136 29 habíamos
352 987 115 30 llevado.

173 1044 73 31 Todo
267 1046 22 29 sí
302 1069 6 11 ,
324 1044 62 30 todo
403 1045 68 29 tenia
488 1045 83 40 mejor
587 1044 127 30 andanza.
734 1044 106 31 Abusos
853 1044 155 41 corregidos
1022 1070 5 10 ,
1055 1044 102 41 legali-

130 1100 51 31 dad
198 1111 31 19 en
244 1101 37 29 las
296 1101 194 30 transacciones
504 1126 6 10 ,
528 1101 147 30 relaciones
691 1111 55 20 mas
759 1102 108 29 íntimas
880 1113 5 19 :
906 1101 24 31 la
946 1102 213 40 gendarmería

133 1156 111 31 velando
256 1167 46 30 por
316 1157 23 29 la
356 1157 121 40 limpieza
503 1168 18 30 y
537 1157 76 30 salud
630 1157 123 41 pública:
770 1158 22 29 la
802 1158 110 40 justicia
925 1182 5 12 ,
950 1158 21 30 si
987 1168 43 20 era
1045 1169 113 19 menes-

131 1218 50 31 ter,
200 1219 89 35 pronta
308 1225 17 29 y
338 1216 78 27 eficaz
432 1238 4 11 ,
453 1225 15 29 y
482 1214 74 29 hasla
571 1224 64 30 para
650 1214 158 30 comodidad
823 1215 32 29 de
873 1215 38 29 los
924 1216 188 39 particulares,
1131 1226 27 20 se

131 1271 124 38 organizó
271 1279 51 20 una
334 1271 94 28 oficina
444 1270 33 29 de
490 1281 107 19 correos
610 1295 6 11 ,
640 1281 75 20 como
733 1271 115 29 también
863 1282 51 19 una
931 1272 150 30 asociación
1096 1282 63 31 para

131 1326 111 31 facilitar
258 1326 39 31 los
315 1332 142 35 trasportes
472 1327 34 30 de
522 1329 165 29 mercancías
701 1353 5 8 ,
727 1328 132 31 mediante
876 1339 35 20 un
929 1329 144 30 moderado
1087 1329 72 30 esti-

130 1383 107 41 pendio.

170 1440 163 40 Contribuyó
349 1441 13 29 á
378 1441 101 29 animar
501 1441 23 29 el
542 1442 172 29 movimiento
731 1442 108 40 general
852 1467 6 11 ,
877 1442 24 30 el
918 1453 53 30 que
988 1453 28 20 se
1033 1442 124 31 estable-

128 1497 70 29 ciera
212 1521 6 10 ,
234 1498 14 27 ó
261 1506 44 19 sea
318 1507 52 30 que
387 1508 28 18 se
438 1507 140 31 acampara
602 1497 23 31 el
639 1498 109 40 ejército
772 1498 105 31 francés
899 1498 33 31 de
946 1510 109 20 reserva
1070 1510 32 20 en
1117 1500 39 30 las

133 1554 135 28 cercauías
284 1552 43 31 del
344 1552 98 41 pueblo
452 1567 6 24 ;
477 1563 74 21 como
570 1554 135 30 asimismo
731 1554 24 30 lo
780 1554 58 31 hizo
852 1565 52 21 una
918 1555 116 31 división
1049 1557 33 30 de
1099 1562 60 25 tro-

133 1619 47 30 pas
197 1614 97 26 turcas.

171 1667 128 30 También
326 1667 96 30 habían
449 1667 96 30 venido
573 1668 114 40 algunos
713 1674 156 25 centenares
897 1669 33 31 de
947 1670 184 42 trabajadores
1147 1674 14 28 ó

130 1732 98 30 peones
242 1728 86 24 turcos
344 1724 167 30 contratados
526 1735 48 30 por
587 1724 23 30 la
625 1724 223 31 Administración
863 1725 120 32 francesa
996 1752 5 11 ,
1020 1738 64 30 para
1097 1738 64 31 ayu-

134 1778 48 30 dar
197 1779 24 29 al
234 1779 202 41 imponderable
453 1781 85 40 tragin
553 1792 51 29 que
616 1792 27 20 se
658 1781 183 31 desarrollaba
854 1783 66 30 cada
936 1784 54 31 dia.

169 1836 122 40 Después
313 1836 33 31 de
362 1838 151 30 recorridos
531 1839 38 29 los
582 1839 174 30 alrededores
773 1839 43 31 del
833 1847 107 34 puerto,
965 1844 146 29 sentíamos
1128 1854 33 19 un

129 1892 63 30 vivo
208 1892 81 31 deseo
305 1893 33 30 de
355 1895 91 30 visitar
459 1895 24 30 el
496 1900 199 36 campamento;
714 1906 64 31 pero
790 1897 169 32 recordando
972 1900 25 30 el
1010 1900 96 32 chasco
1118 1911 43 21 re-
