1241 2180
560 148 167 18 VIII

130 204 140 41 predecian
288 204 23 29 la
328 203 74 30 caida
417 203 33 29 de
464 202 158 41 Sebastopol
640 212 63 31 para
720 208 74 25 antes
820 202 33 30 de
875 203 104 40 espirar
996 202 24 30 el
1037 207 89 30 otoño,
1145 204 15 28 ó

129 270 43 22 sea
185 261 16 30 á
217 260 38 30 los
281 265 124 25 cuarenta
421 259 58 31 días
502 259 32 30 de
554 259 70 31 silio.
655 259 130 41 Aquellos
810 270 28 20 es
855 259 100 31 verdad
982 259 137 30 rindieron
1135 259 25 29 la

129 317 73 41 plaza
219 327 48 31 por
279 317 103 34 último,
398 326 62 32 pero
473 326 86 21 nunca
576 318 28 29 sé
621 327 53 31 que
687 315 130 32 hubiesen
830 316 85 31 hecho
930 316 92 31 alarde
1047 315 34 31 de
1108 326 52 30 que

128 373 75 30 fuese
216 372 205 42 inespugnable,
449 373 22 29 sí
494 372 61 31 bien
571 372 24 30 el
620 372 110 31 saberse
750 371 129 31 defender
904 371 256 43 prolongadamente

129 440 49 20 con
197 435 106 35 respeto
327 430 14 29 á
363 429 39 30 los
422 430 164 40 pronósticos
610 429 32 29 de
659 440 48 18 sus
724 429 157 36 contrarios,
911 429 40 30 les
977 428 183 41 enorgulleció

128 486 75 31 hasta
217 486 23 30 el
257 491 114 25 estremo
388 486 33 30 de
438 486 100 30 tenerlo
551 495 53 31 que
620 486 83 30 sentir
716 486 119 40 después
851 486 55 30 casi
922 497 77 19 como
1021 496 52 19 una
1090 485 70 30 der-

129 548 55 25 rota
201 542 33 31 de
250 542 23 31 la
285 543 59 30 cual
362 553 28 19 se
403 542 88 31 creian
507 552 31 30 ya
555 542 93 31 libres.

172 599 113 31 Sentado
300 609 65 31 pues
378 609 52 30 que
443 599 188 30 Mentschikoff
640 609 28 20 se
684 599 164 41 parapetaba
858 601 14 28 á
885 599 108 30 últimos
1007 598 32 31 de
1051 599 110 30 seliem-

131 657 48 29 bre
191 656 32 30 de
239 657 78 29 1854
333 665 63 31 para
412 655 103 30 resistir
531 655 23 30 la
579 660 69 25 toma
664 655 33 31 de
714 656 106 40 aquella
845 656 85 40 plaza,
960 665 69 31 cuya
1046 656 67 29 mira
1132 666 29 20 se

130 713 59 29 veía
204 722 43 21 era
263 712 23 30 el
300 718 74 35 parto
387 712 42 30 del
443 712 106 40 consejo
563 712 33 30 de
609 712 139 40 generales
762 723 31 19 en
806 714 103 35 Varna,
928 723 15 30 y
957 712 133 31 resueltos
1112 723 49 30 por

131 774 53 24 olra
198 773 73 35 parle
283 767 40 31 los
339 767 102 31 aliados
455 768 13 29 á
482 767 24 30 la
522 767 86 31 citada
625 767 75 31 fecha
716 769 14 29 á
747 769 171 41 conseguirlo
930 779 33 20 no
979 774 70 25 tanto
1064 778 31 32 ya
1114 779 47 30 por

129 823 212 42 predestinación
358 834 75 20 como
450 834 48 31 por
509 834 73 20 amor
598 825 93 40 propio
701 837 6 24 ;
720 825 130 31 debieron
867 831 70 25 estos
950 825 62 41 bajo
1026 825 24 30 la
1065 824 96 42 proba-

130 880 101 31 bilidad
243 890 51 31 que
307 891 27 19 se
344 880 174 31 manifestaba
532 880 32 31 de
576 881 175 41 prolongarse
776 883 23 28 el
818 883 60 29 silio
892 882 187 41 emprendido,
1109 892 52 30 que

131 938 116 29 recurrir
259 938 13 28 á
286 937 110 40 adoptar
408 937 38 29 los
457 938 184 39 preparativos
663 938 178 30 conducentes
863 939 14 30 á
902 949 46 20 ese
973 941 46 34 fin,
1047 949 17 31 y
1085 949 76 20 como

131 994 39 30 los
181 993 100 30 medios
294 993 34 30 de
340 999 145 35 transporte
499 994 97 30 debían
614 999 168 26 aumentarse
797 1005 31 20 en
853 1005 79 21 razón
951 996 33 30 de
996 996 65 36 ello,
1080 1006 16 31 y
1109 1006 52 20 re-

130 1049 140 43 quiriendo
287 1049 134 41 prontitud
430 1060 30 20 en
472 1050 121 30 atención
609 1051 15 29 á
639 1050 24 30 la
674 1051 203 41 perentoriedad
894 1052 32 30 de
955 1053 109 40 tiempo,
1091 1052 70 30 fue-

132 1116 47 20 ron
195 1106 14 29 á
225 1111 54 24 esle
293 1104 87 41 objeto
397 1105 108 31 fletados
516 1115 32 20 en
562 1107 125 30 Marsella
710 1107 113 41 algunos
837 1118 126 30 vapores,
988 1108 94 30 siendo
1108 1120 53 19 uno

131 1161 33 30 de
180 1161 65 30 ellos
261 1160 24 30 el
299 1174 12 13 «
323 1160 130 31 Tharsis»
471 1161 33 30 de
522 1162 104 30 tornillo
645 1173 16 30 y
677 1164 198 39 perteneciente
885 1165 15 29 á
917 1165 24 29 la
957 1165 127 30 sociedad
1100 1167 61 29 Bo-

130 1217 50 36 fill,
198 1216 133 31 Martorell
348 1227 15 30 y
377 1218 43 29 C.a
435 1217 34 31 de
485 1218 152 35 Barcelona,
659 1230 15 29 y
690 1220 131 30 mandado
834 1231 47 30 por
903 1221 25 30 el
952 1222 107 40 capitán
1082 1224 79 29 Mer-

133 1274 88 29 cadal.

175 1330 136 30 Teniendo
338 1341 51 29 que
410 1330 155 31 habilitarse
592 1342 67 30 pues
674 1331 79 32 dicho
770 1342 82 32 vapor
876 1343 64 32 para
966 1335 33 29 lal
1024 1346 135 30 empresa,

134 1398 16 30 y
162 1387 134 30 deseando
314 1393 81 25 lomar
408 1393 55 25 olro
479 1388 86 31 oficial
582 1390 13 29 á
610 1389 86 30 bordo
712 1400 31 19 en
768 1391 72 30 clase
855 1391 33 30 de
905 1392 132 41 segundo,
1056 1392 39 32 fui
1111 1404 51 20 so-

135 1443 107 31 licitado
259 1454 47 30 por
322 1444 24 30 el
358 1445 104 40 capitán
476 1454 62 31 para
557 1445 32 29 lal
606 1446 86 40 plaza,
711 1452 130 34 supuesto
870 1458 53 31 que
939 1459 35 20 no
989 1449 115 41 dejaban
1130 1450 33 31 de

135 1510 42 19 ser
188 1510 32 19 en
236 1506 75 34 parte
328 1501 77 29 útiles
432 1501 112 39 algunos
560 1502 207 31 conocimientos
777 1503 33 30 de
826 1503 39 31 los
887 1514 87 21 mares
989 1506 43 29 del
1045 1508 118 30 Levante

135 1566 52 30 que
212 1556 78 29 habia
317 1556 142 40 adquirido
485 1567 32 19 en
543 1562 52 25 tres
610 1558 93 41 viages
731 1569 53 31 que
799 1560 119 31 acababa
935 1562 33 30 de
985 1563 124 31 verificar
1132 1573 31 22 en

134 1613 78 41 aquel
226 1618 125 25 entonces
367 1615 14 29 á
398 1614 154 40 Alejandría
569 1615 33 30 de
616 1616 106 40 Egipto.

176 1670 23 29 A
215 1669 23 30 la
253 1669 108 37 verdad,
381 1670 24 30 el
421 1670 80 30 deseo
514 1671 33 29 de
563 1672 92 30 visitar
669 1673 23 30 el
709 1678 83 26 teatro
808 1674 33 31 de
863 1676 24 30 la
909 1687 98 30 guerra
1025 1689 43 20 me
1092 1680 73 30 esti-

134 1725 72 31 muló
219 1726 13 29 á
245 1731 107 34 aceptar
369 1726 32 30 tal
418 1728 181 39 proposición,
615 1729 120 40 pasando
748 1740 49 32 por
808 1733 102 29 encima
927 1734 34 30 de
974 1745 43 19 ser
1033 1736 68 30 mala
1118 1746 47 21 es-

136 1783 85 29 tación
236 1792 61 30 para
314 1793 91 20 surcar
421 1783 23 31 el
458 1786 56 29 Mar
529 1786 97 40 Negro,
643 1797 16 30 y
671 1793 71 24 otros
758 1788 145 32 diferentes
921 1801 120 30 reparos.

178 1838 93 36 Quedé
288 1850 64 29 pues
368 1841 208 40 comprometido
591 1843 14 29 á
618 1843 107 30 últimos
736 1844 33 30 de
780 1845 110 32 octubre
902 1846 33 31 de
951 1850 79 28 1854
1048 1860 63 31 para
1122 1861 45 20 en-

140 1905 138 32 cargarme
293 1895 32 31 de
339 1897 77 40 aquel
433 1897 114 38 destino,
566 1910 32 19 en
611 1910 69 31 cuya
697 1903 82 39 época
792 1913 28 19 se
836 1905 162 31 encontraba
1016 1906 25 31 la
1068 1917 99 31 guerra
