1241 2180
167 215 149 29 narrador
334 214 36 30 de
386 212 134 43 aquellos
530 223 118 20 sucesos
660 223 56 31 que
731 214 120 40 forman
869 222 58 20 una
935 211 116 41 página
1062 211 133 40 gloriosa

167 281 35 20 en
217 271 30 29 la
267 270 127 30 historia
409 270 36 29 de
460 270 45 29 las
527 270 137 29 naciones
680 280 56 30 que
756 269 184 30 arredraron
965 267 30 30 la
1018 266 175 32 autocracia

166 327 49 31 del
233 327 86 31 Czar.
339 327 25 30 A
378 327 82 30 nada
475 327 35 31 de
522 338 48 19 eso
590 327 111 40 aspiro.
719 326 216 41 Seguramente
951 335 57 31 que
1023 325 57 29 mis
1094 330 100 25 cortas

166 383 78 30 luces
261 383 151 30 literarias
427 394 37 19 no
477 383 147 30 alcanzan
639 384 18 29 á
675 390 92 23 tanto.

202 441 48 29 En
271 452 59 19 una
348 441 133 40 palabra
492 452 8 18 :
522 452 65 19 mas
604 442 35 29 he
661 441 108 30 escrito
780 451 80 30 para
875 451 40 19 un
935 440 148 41 desahogo
1096 440 38 30 de
1148 440 43 30 mi

164 507 125 20 corazón
311 508 55 30 que
377 508 79 29 para
472 497 143 30 alcanzar
637 498 29 29 la
682 498 173 39 aceptación
878 497 50 30 del
939 497 136 40 piíblico.
1091 498 54 29 Así
1161 507 29 20 es

163 564 57 30 que
234 553 88 31 sabré
334 553 150 31 conllevar
505 564 53 19 con
574 553 186 40 resignación
777 553 42 30 los
836 553 142 31 dicterios
991 564 58 31 que
1070 564 31 19 se
1119 564 72 30 pro-

162 610 109 39 diguen
283 611 17 28 á
316 616 77 24 estos
408 609 63 31 mal
481 609 188 42 pergeñados
692 609 166 41 renglones.
879 609 130 42 Téngase
1030 609 160 31 entendido

162 668 26 29 sí
200 691 6 12 ,
222 678 56 30 que
286 691 6 12 ,
310 667 86 30 sobre
407 667 68 30 todo
484 691 6 12 ,
509 677 45 20 me
570 667 36 30 he
618 666 135 31 atrevido
769 668 17 29 á
798 666 57 31 ello
865 691 8 11 ,
891 677 35 20 en
942 667 77 30 vista
1032 666 36 31 de
1080 677 57 31 que
1152 677 37 20 no

161 734 30 19 se
214 724 38 29 ha
263 724 166 40 publicado
450 734 36 19 en
501 724 123 40 España
639 747 7 13 ,
671 734 56 31 que
742 734 37 30 yo
794 734 86 30 sepa,
900 724 78 30 libro
998 724 112 40 alguno
1130 734 57 31 que

161 790 30 19 se
203 791 91 29 ocupe
305 780 18 29 á
335 780 158 40 pintarnos
510 780 26 30 el
553 780 76 30 bello
640 780 119 40 paisaje
775 780 37 31 de
824 781 30 30 la
867 791 111 29 guerra
990 780 38 31 de
1050 780 133 31 Oriente.
