1241 2180
535 122 160 27 25

106 190 74 26 antes
194 185 39 31 sin
249 185 108 31 nombre
372 196 13 29 y
403 185 175 30 deshabitado
591 185 89 31 detrás
695 185 43 31 del
753 185 71 32 Cabo
840 188 134 29 Kersonés
987 196 31 20 en
1037 186 21 29 la
1076 186 56 30 Cri-

109 252 69 26 mea,
196 242 23 30 el
234 241 59 32 cual
310 241 95 31 habian
421 240 103 32 tomado
541 251 47 31 por
600 246 82 36 punto
694 241 33 31 de
740 242 175 31 desembarco
931 243 41 30 los
985 242 144 36 franceses,

107 301 39 29 así
162 309 75 20 como
256 299 37 29 los
309 298 116 40 ingleses
449 308 28 20 se
493 298 99 30 habian
610 299 176 40 posesionado
803 299 33 30 de
861 300 143 30 Balaklava
1017 324 6 12 ,
1040 300 92 29 ambos

109 361 94 34 puntos
218 354 191 40 equidistantes
425 355 33 29 de
475 354 157 41 Sebastopol
652 366 15 29 y
684 356 147 39 prócsimos
848 356 25 29 al
901 356 230 30 establecimiento

109 411 41 31 del
165 411 68 30 silio.
253 411 28 29 El
295 411 110 30 nombre
427 412 142 29 Kamiesch
586 411 78 31 habia
681 411 57 30 sido
753 411 71 31 dado
843 422 48 30 por
906 413 113 40 algunos
1035 411 97 31 aldea-

109 479 46 20 nos
171 479 51 30 que
239 474 173 25 encontraron
430 469 39 30 los
485 469 136 30 franceses
638 469 23 30 al
681 475 83 24 tomar
779 470 124 39 posesión
921 469 42 31 del
980 470 89 39 lugar.

149 525 137 41 Oportuno
300 536 28 19 se
343 525 65 30 hace
424 527 62 39 aquí
502 525 47 30 dar
563 535 51 20 una
631 525 82 30 breve
728 530 92 25 reseña
834 525 34 30 de
881 526 39 29 los
936 536 111 20 sucesos
1064 531 69 24 tras-

108 581 120 30 curridos
245 581 83 30 desde
344 581 24 29 la
381 581 98 30 batalla
494 581 33 30 de
548 582 86 34 Alma,
651 592 52 29 que
720 581 43 30 fué
777 581 88 30 donde
877 582 134 40 concluyó
1024 582 25 28 la
1065 582 69 28 «In-

111 637 184 35 troducción»,
309 637 74 30 hasla
404 637 23 29 la
444 637 74 31 fecha
535 637 33 30 de
584 643 106 25 nuestra
708 638 104 40 llegada
831 648 32 20 en
890 637 220 40 Constanlinopla
1125 649 6 25 ;

110 700 125 35 supuesto
251 705 53 30 que
324 697 61 38 aquí
411 694 43 30 fué
467 694 87 31 donde
581 694 141 31 recibimos
753 694 64 31 tales
849 694 130 36 noticias;
996 704 15 31 y
1028 694 33 30 de
1077 698 57 27 este

111 751 75 30 modo
199 762 27 19 se
239 751 89 30 tendrá
344 761 50 20 una
407 751 60 30 idea
480 751 32 30 de
521 751 73 30 todos
609 752 38 29 los
659 751 161 41 principales
839 751 216 35 acaecimientos,
1071 759 63 22 cosa

111 818 51 29 que
173 808 33 29 he
223 807 173 30 considerado
410 808 134 29 necesaria
562 817 63 30 para
637 808 165 30 satisfacción
816 807 42 30 del
880 808 94 29 lector.

151 864 140 29 Resueltos
306 864 40 30 los
361 864 100 30 aliados
473 864 116 41 después
605 864 32 30 de
655 864 23 30 la
700 864 98 30 batalla
814 864 33 30 de
863 864 90 36 Alma,
978 874 74 20 como
1074 864 60 39 dejé

112 919 119 34 sentado,
250 921 14 29 á
280 920 73 30 sitiar
375 920 168 41 Sebastopol,
563 931 63 31 pero
642 921 182 31 insuficientes
840 930 63 32 para
928 919 207 32 circunvalarla

113 976 84 42 plaza,
215 988 52 30 que
280 988 28 19 se
323 978 110 30 hubiera
450 979 152 30 necesitado
626 989 33 19 un
676 979 110 39 ejército
802 979 141 39 quíntuplo
957 991 6 22 ;
991 977 144 30 concibie-

113 1044 46 19 ron
171 1044 74 19 como
261 1034 60 40 plan
345 1044 55 19 mas
414 1035 137 39 ventajoso
572 1040 89 24 atacar
676 1045 35 19 un
728 1035 56 29 solo
808 1040 83 34 punto
915 1045 16 29 y
947 1044 54 30 que
1024 1034 74 29 fuese
1111 1033 24 30 la

112 1096 73 35 parte
196 1090 154 31 meridional
368 1090 32 31 de
417 1091 24 29 la
454 1091 108 36 ciudad,
579 1097 69 25 tanto
662 1102 47 31 por
725 1102 43 19 ser
790 1091 24 30 el
830 1090 109 32 costado
956 1101 56 19 mas
1026 1090 109 31 accesi-

112 1147 55 35 ble,
181 1157 75 20 como
268 1158 49 30 por
333 1152 73 25 lener
419 1147 39 31 los
471 1147 48 30 dos
532 1150 15 28 ó
560 1153 51 25 tres
620 1153 107 36 puertos
739 1147 158 31 inmediatos
914 1156 62 33 para
991 1147 108 40 abrigar
1112 1146 23 31 el

112 1201 125 41 comboy.

154 1261 158 29 Pusiéronse
327 1270 65 30 pues
405 1271 32 18 en
454 1260 106 30 marcha
577 1260 38 29 los
631 1261 122 39 ejércitos
765 1260 117 41 pasando
895 1260 32 30 de
941 1262 78 27 Norte
1035 1261 14 29 á
1067 1260 67 35 Sud,

112 1316 172 40 dirijiéndose
300 1316 24 29 al
342 1317 94 29 mismo
453 1317 96 40 tiempo
564 1316 59 30 todo
639 1317 24 29 el
676 1317 112 39 comboy
802 1317 13 29 á
842 1317 39 29 los
894 1322 108 34 puertos
1023 1315 113 30 señala-

112 1375 60 33 dos,
192 1383 14 30 y
219 1372 175 31 colocándose
408 1372 39 30 las
460 1372 143 31 escuadras
616 1372 85 30 frenle
712 1373 24 29 la
747 1372 65 31 boca
825 1372 43 30 del
882 1377 92 36 puerlo
987 1372 33 29 de
1035 1372 99 30 Sebas-

114 1430 69 39 topol
196 1438 61 31 para
269 1429 75 40 dejar
356 1429 182 40 resguardado
555 1429 89 40 aquel.

155 1486 188 40 Empleáronse
355 1486 114 40 algunos
480 1485 68 32 dias,
565 1486 39 29 los
617 1486 130 40 primeros
758 1485 34 30 de
803 1484 121 35 octubre,
941 1494 32 21 en
988 1484 24 31 el
1029 1484 107 30 desem-

112 1543 101 40 barque
223 1543 42 29 del
280 1543 118 30 material
412 1543 33 30 de
459 1543 58 30 toda
530 1543 106 40 especie
653 1554 16 29 y
683 1543 179 29 municiones.

156 1599 166 32 Conociendo
344 1599 83 32 desde
440 1601 80 40 luego
542 1600 24 31 la
587 1599 212 32 infructuosidad
816 1599 33 31 de
866 1609 34 20 un
917 1598 98 31 brusco
1042 1604 95 34 ataque

112 1668 76 20 como
204 1668 28 20 se
250 1658 68 29 tenia
343 1659 147 34 intentado,
516 1669 29 19 se
571 1658 154 30 decidieron
742 1659 14 28 á
772 1657 72 30 abrir
862 1656 131 31 trinchera
1012 1667 16 30 y
1046 1655 91 41 seguir

114 1714 38 29 las
169 1714 87 39 reglas
269 1713 42 30 del
325 1720 66 29 arle,
407 1714 130 31 contando
554 1714 83 40 poder
647 1713 47 30 dar
709 1714 25 29 el
747 1713 83 30 asalto
847 1724 16 29 y
878 1711 90 31 rendir
993 1712 24 30 la
1034 1711 74 42 plaza
1124 1712 13 29 á

115 1769 38 30 los
168 1771 35 28 15
220 1769 69 30 dias.

157 1826 28 30 El
197 1828 29 34 8,
252 1832 76 25 antes
340 1826 32 31 de
388 1827 111 31 hacerse
515 1827 32 30 de
560 1826 43 31 dia
619 1826 88 42 quedó
731 1826 99 30 abierta
857 1825 23 31 la
902 1825 130 30 trinchera
1046 1825 13 29 á
1079 1825 56 28 900

113 1888 99 25 metros
228 1883 33 30 de
273 1883 39 31 las
326 1884 134 30 murallas.
481 1885 87 29 Desde
585 1889 124 25 entonces
725 1885 123 29 comenzó
864 1883 23 30 el
905 1886 118 27 cañoneo
1039 1881 95 31 diario.

1015 1931 9 19 i
