1241 2180
506 125 160 27 29

116 187 86 40 Aquel
215 186 116 30 mirador
347 197 32 19 en
396 188 33 28 fin
446 211 6 10 ,
469 198 52 29 que
536 188 57 29 solo
607 188 69 30 tiene
692 199 48 30 por
752 188 88 41 objeto
857 188 128 31 observar
997 188 102 31 cuando

76 243 81 41 algún
180 243 103 31 edificio
305 254 29 19 se
358 253 68 31 pega
453 243 79 41 fuego
549 254 31 20 en
607 246 52 39 qué
674 250 75 36 parte
764 255 29 21 es
804 270 6 11 ,
828 245 106 31 domina
950 256 35 20 un
1001 245 98 31 cuadro

76 306 44 25 tan
137 299 161 32 encantador
320 299 33 31 de
380 299 23 32 la
425 300 60 30 viva
510 300 151 31 naturaleza
678 326 5 7 ,
710 312 52 30 que
778 312 34 19 no
828 303 40 28 sin
881 302 81 40 algún
978 312 78 31 pesar
1072 313 27 19 se

77 355 61 41 deja
150 356 76 41 aquel
242 355 127 31 delicioso
381 362 82 35 punto
476 370 6 21 ;
499 362 81 35 punto
595 356 87 31 donde
699 357 237 31 verdaderamente
953 369 28 19 se
998 359 101 41 respira

78 413 25 29 el
118 422 64 20 aura
198 413 106 39 poética
320 412 33 30 de
369 413 229 39 Constantinopla.

119 469 106 30 Preciso
241 469 44 30 fué
298 470 147 39 regresará
458 469 83 31 bordo
554 480 62 30 para
630 470 111 31 atender
753 471 14 30 á
784 471 49 30 mis
850 470 190 40 obligaciones.

118 526 81 31 Como
215 536 49 21 nos
288 526 147 31 ordenaron
452 527 79 31 hacer
547 527 23 31 el
593 527 98 31 carbón
707 527 33 31 de
756 539 35 19 un
814 528 121 41 depósito
949 528 104 30 situado
1068 539 32 19 en

77 583 26 30 la
125 583 75 30 orilla
217 583 32 30 de
266 583 25 30 la
306 588 72 25 cosía
398 583 33 30 de
447 577 78 43 Asia,
544 585 13 29 á
575 595 66 19 unas
663 587 16 27 7
696 585 88 30 millas
810 584 33 31 de
869 585 229 40 Constantinopla,

78 650 49 30 por
143 650 44 19 ser
200 640 73 29 larde
289 649 33 31 ya
335 651 34 19 no
385 640 123 41 pudimos
524 641 22 30 ir
562 641 79 41 aquel
657 640 44 31 dia
714 666 7 11 ,
741 641 189 31 verificándolo
942 652 32 20 en
997 641 24 30 la
1038 651 62 21 ma-

77 696 121 40 drugada
215 696 43 30 del
275 696 143 40 siguiente.
447 698 66 29 Para
529 697 106 41 aquella
651 699 141 40 operación
808 708 48 21 nos
883 697 150 31 detuvimos
1064 700 36 28 24

77 752 79 30 horas
171 778 6 10 ,
198 763 15 30 y
229 763 75 20 como
320 757 146 26 atracamos
482 756 15 28 á
513 754 24 29 la
554 753 88 36 orilla,
660 764 29 20 se
701 754 122 40 permitió
836 755 14 29 á
866 754 25 30 la
903 760 74 35 tropa
992 754 79 30 sallar
1087 756 13 28 á

78 809 80 30 tierra
175 809 40 30 sin
231 809 112 40 alejarse
358 834 5 11 ,
383 818 63 32 para
460 809 81 31 hacer
557 810 121 40 limpieza
694 811 106 39 general
816 835 6 11 ,
837 822 17 29 y
866 812 14 29 á
901 811 12 30 f
912 812 14 29 é
938 822 52 29 que
1003 822 29 19 se
1044 822 56 20 ne-

78 867 128 28 cesitaba.

121 924 83 29 Tanto
220 925 111 28 número
348 922 33 31 de
398 922 126 31 hombres
540 923 55 30 casi
616 922 74 31 todos
706 923 115 41 siempre
837 923 78 31 sobre
931 923 119 31 cubierta
1066 934 32 20 no

79 978 97 41 podían
194 990 91 20 menos
301 990 52 30 que
374 980 67 30 criar
472 979 163 31 inmundicia
649 1005 6 10 ,
680 990 17 30 y
713 979 95 31 mucho
830 989 55 21 mas
901 980 107 41 aquella
1023 986 77 35 gente

79 1040 42 24 tan
136 1035 164 29 descuidada
314 1035 33 29 de
364 1037 22 27 sí
402 1036 105 28 misma.

120 1093 51 28 Esa
194 1092 198 40 aglomeración
422 1091 34 30 de
483 1091 125 31 soldados
635 1092 157 30 ocasionaba
812 1092 115 30 lambien
953 1092 147 30 frecuentes

78 1148 162 41 pendencias
254 1173 6 11 ,
279 1148 126 30 viniendo
419 1148 75 30 hasta
510 1148 97 40 alguna
622 1159 46 19 vez
684 1149 14 29 á
712 1148 38 30 las
762 1159 101 20 manos.
883 1148 83 30 Habia
984 1159 53 20 uno
1053 1148 47 31 lla-

78 1204 78 31 mado
173 1204 107 31 Lassala
303 1204 34 31 de
361 1215 36 20 un
419 1205 77 40 genio
514 1210 40 25 tan
573 1205 125 35 travieso,
717 1215 52 31 que
787 1206 213 29 continuamente
1012 1215 44 20 era
1078 1205 22 30 él

81 1262 79 41 quien
190 1261 108 31 armaba
323 1271 118 21 camorra
458 1286 6 11 ,
489 1272 16 30 y
520 1271 44 20 era
582 1267 41 24 lan
646 1261 95 30 truhán
759 1261 22 30 al
799 1262 95 30 mismo
910 1262 98 40 tiempo
1021 1286 6 11 ,
1049 1271 51 31 que

77 1319 116 39 siempre
211 1319 70 29 tenia
298 1328 110 20 razones
425 1327 64 31 para
506 1318 101 40 quedar
623 1318 167 40 disculpado.

119 1375 99 30 ínterin
241 1375 212 41 permanecimos
479 1385 32 19 en
528 1380 57 24 este
601 1380 82 35 punto
700 1375 118 40 ninguna
835 1374 123 30 novedad
984 1375 115 36 ocurrió;

79 1432 56 30 solo
151 1443 52 30 que
220 1442 28 20 se
264 1431 155 31 reembarcó
434 1431 79 41 aquel
530 1430 69 31 cabo
612 1441 52 31 que
678 1430 118 41 dejamos
812 1441 32 20 en
858 1431 78 31 Malla
948 1456 6 11 ,
969 1431 131 31 habiendo

78 1489 98 29 venido
187 1499 49 19 con
253 1489 23 29 el
291 1498 82 31 vapor
387 1498 52 31 que
452 1498 48 20 nos
516 1489 93 40 seguía
625 1498 32 20 en
672 1493 86 25 turno.
778 1488 29 30 El
824 1488 174 30 comandante
1013 1489 25 29 le
1049 1498 51 20 ar-

78 1548 71 29 restó
165 1546 76 38 abajo
257 1546 74 30 hasta
344 1546 85 38 llegar
444 1546 14 29 á
474 1545 23 30 la
513 1546 115 29 Crimea.
