<?xml version="1.0" encoding="UTF-8"?>
<alto xmlns:xsi="http://www.w3.org/2001/XMLSchema-instance" xsi:noNamespaceSchemaLocation="http://www.bl.uk/schemas/alto/alto-1-4.xsd" xmlns:xlink="http://www.w3.org/1999/xlink">
	<Description>
		<MeasurementUnit>mm10</MeasurementUnit>
		<sourceImageInformation>
			<fileName>//head1/IN/2008-26/A0011736599/009214.jp2</fileName>
		</sourceImageInformation>
		<OCRProcessing ID="OCRPROCESSING_1">
			<preProcessingStep>
				<processingSoftware>
					<softwareCreator>CCS Content Conversion Specialists GmbH, Germany</softwareCreator>
					<softwareName>CCS docWORKS</softwareName>
					<softwareVersion>6.1-0.67</softwareVersion>
				</processingSoftware>
			</preProcessingStep>
			<ocrProcessingStep>
				<processingSoftware>
					<softwareCreator>ABBYY (BIT Software), Russia</softwareCreator>
					<softwareName>Finereader</softwareName>
				</processingSoftware>
			</ocrProcessingStep>
		</OCRProcessing>
	</Description>
	<Styles>
		<TextStyle ID="TXT_0" FONTSIZE="10" FONTFAMILY="Courier New"/>
		<TextStyle ID="TXT_1" FONTSIZE="9" FONTFAMILY="Courier New"/>
		<ParagraphStyle ID="PAR_RIGHT" ALIGN="Right"/>
		<ParagraphStyle ID="PAR_LEFT" ALIGN="Left"/>
		<ParagraphStyle ID="PAR_CENTER" ALIGN="Center"/>
	</Styles>
	<Layout>
		<Page ID="P162" PHYSICAL_IMG_NR="162" HEIGHT="2180" WIDTH="1241" PRINTED_IMG_NR="154" POSITION="Left" ACCURACY="79.60">
			<TopMargin ID="P162_TM00001" HPOS="0" VPOS="0" WIDTH="1241" HEIGHT="156">
				<TextBlock ID="P162_TB00001" HPOS="558" VPOS="127" WIDTH="182" HEIGHT="27" STYLEREFS="TXT_0 PAR_RIGHT">
					<TextLine ID="P162_TL00001" HPOS="558" VPOS="127" WIDTH="182" HEIGHT="27">
						<String ID="P162_ST00001" HPOS="558" VPOS="127" WIDTH="182" HEIGHT="27" CONTENT="154" WC="1.00" CC="000"/>
					</TextLine>
				</TextBlock>
			</TopMargin>
			<LeftMargin ID="P162_LM00001" HPOS="0" VPOS="156" WIDTH="136" HEIGHT="1783"/>
			<RightMargin ID="P162_RM00001" HPOS="1165" VPOS="156" WIDTH="76" HEIGHT="1783"/>
			<BottomMargin ID="P162_BM00001" HPOS="0" VPOS="1939" WIDTH="1241" HEIGHT="241"/>
			<PrintSpace ID="P162_PS00001" HPOS="136" VPOS="156" WIDTH="1029" HEIGHT="1783">
				<TextBlock ID="P162_TB00002" HPOS="139" VPOS="185" WIDTH="1026" HEIGHT="446" STYLEREFS="TXT_1 PAR_LEFT">
					<TextLine ID="P162_TL00002" HPOS="185" VPOS="186" WIDTH="980" HEIGHT="48">
						<String ID="P162_ST00002" HPOS="185" VPOS="196" WIDTH="49" HEIGHT="28" CONTENT="Los" WC="0.68" CC="503"/>
						<SP ID="P162_SP00001" HPOS="234" VPOS="224" WIDTH="17"/>
						<String ID="P162_ST00003" HPOS="251" VPOS="194" WIDTH="103" HEIGHT="40" CONTENT="buques" WC="0.64" CC="540172"/>
						<SP ID="P162_SP00002" HPOS="354" VPOS="234" WIDTH="23"/>
						<String ID="P162_ST00004" HPOS="377" VPOS="203" WIDTH="31" HEIGHT="20" CONTENT="en" WC="0.64" CC="70"/>
						<SP ID="P162_SP00003" HPOS="408" VPOS="234" WIDTH="15"/>
						<String ID="P162_ST00005" HPOS="423" VPOS="197" WIDTH="107" HEIGHT="37" CONTENT="puerto," WC="0.71" CC="0600751"/>
						<SP ID="P162_SP00004" HPOS="530" VPOS="234" WIDTH="19"/>
						<String ID="P162_ST00006" HPOS="549" VPOS="196" WIDTH="69" HEIGHT="26" CONTENT="estos" WC="0.62" CC="10664"/>
						<SP ID="P162_SP00005" HPOS="618" VPOS="234" WIDTH="17"/>
						<String ID="P162_ST00007" HPOS="635" VPOS="190" WIDTH="58" HEIGHT="30" CONTENT="dias" WC="0.90" CC="0040"/>
						<SP ID="P162_SP00006" HPOS="693" VPOS="234" WIDTH="19"/>
						<String ID="P162_ST00008" HPOS="712" VPOS="190" WIDTH="178" HEIGHT="41" CONTENT="principiaron" WC="0.80" CC="014000044305"/>
						<SP ID="P162_SP00007" HPOS="890" VPOS="234" WIDTH="15"/>
						<String ID="P162_ST00009" HPOS="905" VPOS="200" WIDTH="46" HEIGHT="19" CONTENT="sus" WC="0.77" CC="051"/>
						<SP ID="P162_SP00008" HPOS="951" VPOS="234" WIDTH="18"/>
						<String ID="P162_ST00010" HPOS="969" VPOS="186" WIDTH="152" HEIGHT="31" CONTENT="maniobras" WC="0.83" CC="064000003"/>
						<SP ID="P162_SP00009" HPOS="1121" VPOS="234" WIDTH="12"/>
						<String ID="P162_ST00011" HPOS="1133" VPOS="186" WIDTH="32" HEIGHT="31" CONTENT="de" WC="0.85" CC="02"/>
					</TextLine>
					<TextLine ID="P162_TL00003" HPOS="141" VPOS="244" WIDTH="1024" HEIGHT="48">
						<String ID="P162_ST00012" HPOS="141" VPOS="250" WIDTH="115" HEIGHT="42" CONTENT="guindar" WC="0.76" CC="9006000"/>
						<SP ID="P162_SP00010" HPOS="256" VPOS="292" WIDTH="16"/>
						<String ID="P162_ST00013" HPOS="272" VPOS="250" WIDTH="155" HEIGHT="30" CONTENT="masteleros" WC="0.68" CC="5238400060"/>
						<SP ID="P162_SP00011" HPOS="427" VPOS="292" WIDTH="17"/>
						<String ID="P162_ST00014" HPOS="444" VPOS="261" WIDTH="15" HEIGHT="30" CONTENT="y" WC="1.00" CC="0"/>
						<SP ID="P162_SP00012" HPOS="459" VPOS="292" WIDTH="11"/>
						<String ID="P162_ST00015" HPOS="470" VPOS="259" WIDTH="93" HEIGHT="21" CONTENT="cruzar" WC="0.73" CC="004514"/>
						<SP ID="P162_SP00013" HPOS="563" VPOS="292" WIDTH="12"/>
						<String ID="P162_ST00016" HPOS="575" VPOS="260" WIDTH="45" HEIGHT="19" CONTENT="sus" WC="0.60" CC="334"/>
						<SP ID="P162_SP00014" HPOS="620" VPOS="292" WIDTH="19"/>
						<String ID="P162_ST00017" HPOS="639" VPOS="258" WIDTH="94" HEIGHT="31" CONTENT="vergas" WC="0.89" CC="000024"/>
						<SP ID="P162_SP00015" HPOS="733" VPOS="292" WIDTH="12"/>
						<String ID="P162_ST00018" HPOS="745" VPOS="272" WIDTH="6" HEIGHT="11" CONTENT="," WC="1.00" CC="0"/>
						<SP ID="P162_SP00016" HPOS="751" VPOS="292" WIDTH="17"/>
						<String ID="P162_ST00019" HPOS="768" VPOS="259" WIDTH="16" HEIGHT="30" CONTENT="y" WC="1.00" CC="0"/>
						<SP ID="P162_SP00017" HPOS="784" VPOS="292" WIDTH="14"/>
						<String ID="P162_ST00020" HPOS="798" VPOS="247" WIDTH="91" HEIGHT="31" CONTENT="demás" WC="0.77" CC="00506"/>
						<SP ID="P162_SP00018" HPOS="889" VPOS="292" WIDTH="12"/>
						<String ID="P162_ST00021" HPOS="901" VPOS="246" WIDTH="90" HEIGHT="31" CONTENT="faenas" WC="0.79" CC="000650"/>
						<SP ID="P162_SP00019" HPOS="991" VPOS="292" WIDTH="14"/>
						<String ID="P162_ST00022" HPOS="1005" VPOS="244" WIDTH="160" HEIGHT="32" CONTENT="conducen" SUBS_TYPE="HypPart1" SUBS_CONTENT="conducentes" WC="0.81" CC="046010040"/>
						<HYP CONTENT="-"/>
					</TextLine>
					<TextLine ID="P162_TL00004" HPOS="143" VPOS="300" WIDTH="1022" HEIGHT="49">
						<String ID="P162_ST00023" HPOS="143" VPOS="313" WIDTH="39" HEIGHT="25" CONTENT="tes" SUBS_TYPE="HypPart2" SUBS_CONTENT="conducentes" WC="1.00" CC="000"/>
						<SP ID="P162_SP00020" HPOS="182" VPOS="338" WIDTH="15"/>
						<String ID="P162_ST00024" HPOS="197" VPOS="309" WIDTH="14" HEIGHT="29" CONTENT="á" WC="1.00" CC="0"/>
						<SP ID="P162_SP00021" HPOS="211" VPOS="338" WIDTH="22"/>
						<String ID="P162_ST00025" HPOS="233" VPOS="313" WIDTH="70" HEIGHT="25" CONTENT="eslar" WC="0.88" CC="04000"/>
						<SP ID="P162_SP00022" HPOS="303" VPOS="338" WIDTH="12"/>
						<String ID="P162_ST00026" HPOS="315" VPOS="307" WIDTH="161" HEIGHT="42" CONTENT="preparados" WC="0.88" CC="0000004033"/>
						<SP ID="P162_SP00023" HPOS="476" VPOS="349" WIDTH="16"/>
						<String ID="P162_ST00027" HPOS="492" VPOS="317" WIDTH="63" HEIGHT="31" CONTENT="para" WC="0.83" CC="0230"/>
						<SP ID="P162_SP00024" HPOS="555" VPOS="349" WIDTH="16"/>
						<String ID="P162_ST00028" HPOS="571" VPOS="306" WIDTH="66" HEIGHT="30" CONTENT="salir" WC="0.84" CC="40003"/>
						<SP ID="P162_SP00025" HPOS="637" VPOS="349" WIDTH="14"/>
						<String ID="P162_ST00029" HPOS="651" VPOS="306" WIDTH="13" HEIGHT="29" CONTENT="á" WC="1.00" CC="0"/>
						<SP ID="P162_SP00026" HPOS="664" VPOS="349" WIDTH="17"/>
						<String ID="P162_ST00030" HPOS="681" VPOS="305" WIDTH="24" HEIGHT="29" CONTENT="la" WC="0.97" CC="00"/>
						<SP ID="P162_SP00027" HPOS="705" VPOS="349" WIDTH="18"/>
						<String ID="P162_ST00031" HPOS="723" VPOS="314" WIDTH="64" HEIGHT="20" CONTENT="mar." WC="0.91" CC="0300"/>
						<SP ID="P162_SP00028" HPOS="787" VPOS="349" WIDTH="27"/>
						<String ID="P162_ST00032" HPOS="814" VPOS="304" WIDTH="32" HEIGHT="29" CONTENT="Al" WC="1.00" CC="00"/>
						<SP ID="P162_SP00029" HPOS="846" VPOS="349" WIDTH="27"/>
						<String ID="P162_ST00033" HPOS="873" VPOS="303" WIDTH="95" HEIGHT="30" CONTENT="mismo" WC="0.53" CC="40673"/>
						<SP ID="P162_SP00030" HPOS="968" VPOS="349" WIDTH="15"/>
						<String ID="P162_ST00034" HPOS="983" VPOS="302" WIDTH="97" HEIGHT="41" CONTENT="tiempo" WC="0.61" CC="700095"/>
						<SP ID="P162_SP00031" HPOS="1080" VPOS="349" WIDTH="24"/>
						<String ID="P162_ST00035" HPOS="1104" VPOS="300" WIDTH="61" HEIGHT="31" CONTENT="iban" WC="0.67" CC="1406"/>
					</TextLine>
					<TextLine ID="P162_TL00005" HPOS="143" VPOS="357" WIDTH="1022" HEIGHT="45">
						<String ID="P162_ST00036" HPOS="143" VPOS="363" WIDTH="177" HEIGHT="31" CONTENT="reuniéndose" WC="0.84" CC="00000060531"/>
						<SP ID="P162_SP00032" HPOS="320" VPOS="394" WIDTH="17"/>
						<String ID="P162_ST00037" HPOS="337" VPOS="374" WIDTH="31" HEIGHT="19" CONTENT="en" WC="0.71" CC="05"/>
						<SP ID="P162_SP00033" HPOS="368" VPOS="394" WIDTH="18"/>
						<String ID="P162_ST00038" HPOS="386" VPOS="363" WIDTH="22" HEIGHT="31" CONTENT="el" WC="1.00" CC="00"/>
						<SP ID="P162_SP00034" HPOS="408" VPOS="394" WIDTH="26"/>
						<String ID="P162_ST00039" HPOS="434" VPOS="362" WIDTH="160" HEIGHT="32" CONTENT="fondeadero" WC="0.69" CC="5560060007"/>
						<SP ID="P162_SP00035" HPOS="594" VPOS="394" WIDTH="13"/>
						<String ID="P162_ST00040" HPOS="607" VPOS="361" WIDTH="112" HEIGHT="32" CONTENT="eslerior" WC="0.80" CC="03500700"/>
						<SP ID="P162_SP00036" HPOS="719" VPOS="394" WIDTH="15"/>
						<String ID="P162_ST00041" HPOS="734" VPOS="361" WIDTH="44" HEIGHT="30" CONTENT="del" WC="1.00" CC="000"/>
						<SP ID="P162_SP00037" HPOS="778" VPOS="394" WIDTH="24"/>
						<String ID="P162_ST00042" HPOS="802" VPOS="366" WIDTH="93" HEIGHT="36" CONTENT="puerlo" WC="0.68" CC="000476"/>
						<SP ID="P162_SP00038" HPOS="895" VPOS="402" WIDTH="16"/>
						<String ID="P162_ST00043" HPOS="911" VPOS="384" WIDTH="5" HEIGHT="12" CONTENT="," WC="1.00" CC="0"/>
						<SP ID="P162_SP00039" HPOS="916" VPOS="402" WIDTH="24"/>
						<String ID="P162_ST00044" HPOS="940" VPOS="360" WIDTH="39" HEIGHT="29" CONTENT="los" WC="0.63" CC="523"/>
						<SP ID="P162_SP00040" HPOS="979" VPOS="402" WIDTH="17"/>
						<String ID="P162_ST00045" HPOS="996" VPOS="369" WIDTH="53" HEIGHT="30" CONTENT="que" WC="0.94" CC="010"/>
						<SP ID="P162_SP00041" HPOS="1049" VPOS="402" WIDTH="22"/>
						<String ID="P162_ST00046" HPOS="1071" VPOS="357" WIDTH="94" HEIGHT="31" CONTENT="habían" WC="0.66" CC="702405"/>
					</TextLine>
					<TextLine ID="P162_TL00006" HPOS="140" VPOS="416" WIDTH="1025" HEIGHT="42">
						<String ID="P162_ST00047" HPOS="140" VPOS="421" WIDTH="92" HEIGHT="30" CONTENT="estado" WC="0.74" CC="044302"/>
						<SP ID="P162_SP00042" HPOS="232" VPOS="451" WIDTH="16"/>
						<String ID="P162_ST00048" HPOS="248" VPOS="421" WIDTH="165" HEIGHT="29" CONTENT="invernando" WC="0.83" CC="1500060003"/>
						<SP ID="P162_SP00043" HPOS="413" VPOS="451" WIDTH="12"/>
						<String ID="P162_ST00049" HPOS="425" VPOS="431" WIDTH="32" HEIGHT="19" CONTENT="en" WC="1.00" CC="00"/>
						<SP ID="P162_SP00044" HPOS="457" VPOS="451" WIDTH="28"/>
						<String ID="P162_ST00050" HPOS="485" VPOS="420" WIDTH="23" HEIGHT="30" CONTENT="el" WC="1.00" CC="00"/>
						<SP ID="P162_SP00045" HPOS="508" VPOS="451" WIDTH="29"/>
						<String ID="P162_ST00051" HPOS="537" VPOS="420" WIDTH="75" HEIGHT="30" CONTENT="canal" WC="0.66" CC="03434"/>
						<SP ID="P162_SP00046" HPOS="612" VPOS="451" WIDTH="17"/>
						<String ID="P162_ST00052" HPOS="629" VPOS="419" WIDTH="33" HEIGHT="30" CONTENT="de" WC="0.92" CC="01"/>
						<SP ID="P162_SP00047" HPOS="662" VPOS="451" WIDTH="13"/>
						<String ID="P162_ST00053" HPOS="675" VPOS="417" WIDTH="218" HEIGHT="41" CONTENT="Constantinopla" WC="0.70" CC="45500006085040"/>
						<SP ID="P162_SP00048" HPOS="893" VPOS="458" WIDTH="13"/>
						<String ID="P162_ST00054" HPOS="906" VPOS="420" WIDTH="16" HEIGHT="27" CONTENT="ó" WC="0.46" CC="5"/>
						<SP ID="P162_SP00049" HPOS="922" VPOS="458" WIDTH="16"/>
						<String ID="P162_ST00055" HPOS="938" VPOS="427" WIDTH="28" HEIGHT="20" CONTENT="se" WC="1.00" CC="00"/>
						<SP ID="P162_SP00050" HPOS="966" VPOS="458" WIDTH="15"/>
						<String ID="P162_ST00056" HPOS="981" VPOS="416" WIDTH="121" HEIGHT="30" CONTENT="vinieran" WC="0.80" CC="00206041"/>
						<SP ID="P162_SP00051" HPOS="1102" VPOS="458" WIDTH="18"/>
						<String ID="P162_ST00057" HPOS="1120" VPOS="425" WIDTH="45" HEIGHT="30" CONTENT="por" WC="0.88" CC="030"/>
					</TextLine>
					<TextLine ID="P162_TL00007" HPOS="141" VPOS="472" WIDTH="1024" HEIGHT="46">
						<String ID="P162_ST00058" HPOS="141" VPOS="478" WIDTH="111" HEIGHT="40" CONTENT="primera" WC="0.89" CC="0400030"/>
						<SP ID="P162_SP00052" HPOS="252" VPOS="518" WIDTH="18"/>
						<String ID="P162_ST00059" HPOS="270" VPOS="488" WIDTH="45" HEIGHT="20" CONTENT="vez" WC="0.71" CC="026"/>
						<SP ID="P162_SP00053" HPOS="315" VPOS="518" WIDTH="28"/>
						<String ID="P162_ST00060" HPOS="343" VPOS="477" WIDTH="32" HEIGHT="30" CONTENT="de" WC="0.64" CC="07"/>
						<SP ID="P162_SP00054" HPOS="375" VPOS="518" WIDTH="16"/>
						<String ID="P162_ST00061" HPOS="391" VPOS="478" WIDTH="37" HEIGHT="29" CONTENT="los" WC="0.80" CC="032"/>
						<SP ID="P162_SP00055" HPOS="428" VPOS="518" WIDTH="23"/>
						<String ID="P162_ST00062" HPOS="451" VPOS="477" WIDTH="134" HEIGHT="30" CONTENT="arsenales" WC="0.67" CC="004713505"/>
						<SP ID="P162_SP00056" HPOS="585" VPOS="518" WIDTH="14"/>
						<String ID="P162_ST00063" HPOS="599" VPOS="477" WIDTH="32" HEIGHT="29" CONTENT="de" WC="1.00" CC="00"/>
						<SP ID="P162_SP00057" HPOS="631" VPOS="518" WIDTH="13"/>
						<String ID="P162_ST00064" HPOS="644" VPOS="477" WIDTH="109" HEIGHT="29" CONTENT="Francia" WC="0.87" CC="0305000"/>
						<SP ID="P162_SP00058" HPOS="753" VPOS="518" WIDTH="14"/>
						<String ID="P162_ST00065" HPOS="767" VPOS="477" WIDTH="14" HEIGHT="29" CONTENT="é" WC="0.32" CC="6"/>
						<SP ID="P162_SP00059" HPOS="781" VPOS="518" WIDTH="14"/>
						<String ID="P162_ST00066" HPOS="795" VPOS="475" WIDTH="145" HEIGHT="40" CONTENT="Inglaterra" WC="0.77" CC="2402580000"/>
						<SP ID="P162_SP00060" HPOS="940" VPOS="518" WIDTH="12"/>
						<String ID="P162_ST00067" HPOS="952" VPOS="499" WIDTH="6" HEIGHT="10" CONTENT="," WC="1.00" CC="0"/>
						<SP ID="P162_SP00061" HPOS="958" VPOS="518" WIDTH="25"/>
						<String ID="P162_ST00068" HPOS="983" VPOS="472" WIDTH="134" HEIGHT="32" CONTENT="habiendo" WC="0.79" CC="72000006"/>
						<SP ID="P162_SP00062" HPOS="1117" VPOS="518" WIDTH="16"/>
						<String ID="P162_ST00069" HPOS="1133" VPOS="472" WIDTH="32" HEIGHT="31" CONTENT="de" WC="1.00" CC="00"/>
					</TextLine>
					<TextLine ID="P162_TL00008" HPOS="141" VPOS="531" WIDTH="1024" HEIGHT="44">
						<String ID="P162_ST00070" HPOS="141" VPOS="534" WIDTH="38" HEIGHT="31" CONTENT="los" WC="0.72" CC="025"/>
						<SP ID="P162_SP00063" HPOS="179" VPOS="565" WIDTH="16"/>
						<String ID="P162_ST00071" HPOS="195" VPOS="534" WIDTH="32" HEIGHT="31" CONTENT="de" WC="1.00" CC="00"/>
						<SP ID="P162_SP00064" HPOS="227" VPOS="565" WIDTH="16"/>
						<String ID="P162_ST00072" HPOS="243" VPOS="534" WIDTH="85" HEIGHT="31" CONTENT="hélice" WC="0.70" CC="623004"/>
						<SP ID="P162_SP00065" HPOS="328" VPOS="565" WIDTH="12"/>
						<String ID="P162_ST00073" HPOS="340" VPOS="545" WIDTH="33" HEIGHT="19" CONTENT="un" WC="1.00" CC="00"/>
						<SP ID="P162_SP00066" HPOS="373" VPOS="565" WIDTH="13"/>
						<String ID="P162_ST00074" HPOS="386" VPOS="536" WIDTH="110" HEIGHT="28" CONTENT="número" WC="0.67" CC="653004"/>
						<SP ID="P162_SP00067" HPOS="496" VPOS="565" WIDTH="16"/>
						<String ID="P162_ST00075" HPOS="512" VPOS="544" WIDTH="91" HEIGHT="31" CONTENT="mayor" WC="0.88" CC="02020"/>
						<SP ID="P162_SP00068" HPOS="603" VPOS="575" WIDTH="13"/>
						<String ID="P162_ST00076" HPOS="616" VPOS="543" WIDTH="52" HEIGHT="31" CONTENT="que" WC="0.99" CC="000"/>
						<SP ID="P162_SP00069" HPOS="668" VPOS="575" WIDTH="13"/>
						<String ID="P162_ST00077" HPOS="681" VPOS="538" WIDTH="74" HEIGHT="25" CONTENT="antes" WC="0.62" CC="64600"/>
						<String ID="P162_ST00078" HPOS="765" VPOS="557" WIDTH="6" HEIGHT="11" CONTENT="," WC="1.00" CC="0"/>
						<SP ID="P162_SP00070" HPOS="771" VPOS="575" WIDTH="20"/>
						<String ID="P162_ST00079" HPOS="791" VPOS="543" WIDTH="67" HEIGHT="30" CONTENT="pues" WC="0.90" CC="0300"/>
						<SP ID="P162_SP00071" HPOS="858" VPOS="575" WIDTH="16"/>
						<String ID="P162_ST00080" HPOS="874" VPOS="532" WIDTH="77" HEIGHT="30" CONTENT="conlé" WC="0.66" CC="04424"/>
						<SP ID="P162_SP00072" HPOS="951" VPOS="575" WIDTH="13"/>
						<String ID="P162_ST00081" HPOS="964" VPOS="531" WIDTH="74" HEIGHT="29" CONTENT="hasla" WC="0.67" CC="73022"/>
						<SP ID="P162_SP00073" HPOS="1038" VPOS="575" WIDTH="16"/>
						<String ID="P162_ST00082" HPOS="1054" VPOS="532" WIDTH="13" HEIGHT="28" CONTENT="1" WC="0.50" CC="4"/>
						<String ID="P162_ST00083" HPOS="1076" VPOS="532" WIDTH="15" HEIGHT="28" CONTENT="5" WC="0.25" CC="7"/>
						<SP ID="P162_SP00074" HPOS="1091" VPOS="575" WIDTH="15"/>
						<String ID="P162_ST00084" HPOS="1106" VPOS="541" WIDTH="59" HEIGHT="20" CONTENT="reu" SUBS_TYPE="HypPart1" SUBS_CONTENT="reunidos" WC="0.88" CC="3000"/>
						<HYP CONTENT="-"/>
					</TextLine>
					<TextLine ID="P162_TL00009" HPOS="140" VPOS="591" WIDTH="366" HEIGHT="40">
						<String ID="P162_ST00085" HPOS="140" VPOS="591" WIDTH="76" HEIGHT="29" CONTENT="nidos" SUBS_TYPE="HypPart2" SUBS_CONTENT="reunidos" WC="0.55" CC="72029"/>
						<SP ID="P162_SP00075" HPOS="216" VPOS="620" WIDTH="16"/>
						<String ID="P162_ST00086" HPOS="232" VPOS="602" WIDTH="32" HEIGHT="19" CONTENT="en" WC="0.94" CC="01"/>
						<SP ID="P162_SP00076" HPOS="264" VPOS="621" WIDTH="14"/>
						<String ID="P162_ST00087" HPOS="278" VPOS="591" WIDTH="121" HEIGHT="40" CONTENT="aquellas" WC="0.80" CC="30004033"/>
						<SP ID="P162_SP00077" HPOS="399" VPOS="631" WIDTH="15"/>
						<String ID="P162_ST00088" HPOS="414" VPOS="600" WIDTH="92" HEIGHT="31" CONTENT="aguas." WC="0.81" CC="401050"/>
					</TextLine>
				</TextBlock>
				<TextBlock ID="P162_TB00003" HPOS="138" VPOS="643" WIDTH="1025" HEIGHT="440" STYLEREFS="TXT_1 PAR_LEFT">
					<TextLine ID="P162_TL00010" HPOS="181" VPOS="644" WIDTH="982" HEIGHT="45">
						<String ID="P162_ST00089" HPOS="181" VPOS="648" WIDTH="53" HEIGHT="30" CONTENT="Con" WC="0.85" CC="202"/>
						<SP ID="P162_SP00078" HPOS="234" VPOS="678" WIDTH="13"/>
						<String ID="P162_ST00090" HPOS="247" VPOS="648" WIDTH="39" HEIGHT="30" CONTENT="los" WC="0.61" CC="056"/>
						<SP ID="P162_SP00079" HPOS="286" VPOS="678" WIDTH="14"/>
						<String ID="P162_ST00091" HPOS="300" VPOS="658" WIDTH="112" HEIGHT="31" CONTENT="vapores" WC="0.69" CC="6003074"/>
						<SP ID="P162_SP00080" HPOS="412" VPOS="689" WIDTH="13"/>
						<String ID="P162_ST00092" HPOS="425" VPOS="658" WIDTH="52" HEIGHT="31" CONTENT="que" WC="0.78" CC="042"/>
						<SP ID="P162_SP00081" HPOS="477" VPOS="689" WIDTH="18"/>
						<String ID="P162_ST00093" HPOS="495" VPOS="648" WIDTH="93" HEIGHT="29" CONTENT="venían" WC="0.72" CC="003607"/>
						<SP ID="P162_SP00082" HPOS="588" VPOS="689" WIDTH="17"/>
						<String ID="P162_ST00094" HPOS="605" VPOS="652" WIDTH="174" HEIGHT="25" CONTENT="nuevamente" WC="0.80" CC="0003360600"/>
						<SP ID="P162_SP00083" HPOS="779" VPOS="689" WIDTH="13"/>
						<String ID="P162_ST00095" HPOS="792" VPOS="646" WIDTH="33" HEIGHT="29" CONTENT="de" WC="1.00" CC="00"/>
						<SP ID="P162_SP00084" HPOS="825" VPOS="689" WIDTH="15"/>
						<String ID="P162_ST00096" HPOS="840" VPOS="645" WIDTH="125" HEIGHT="30" CONTENT="Marsella" WC="0.71" CC="90100414"/>
						<SP ID="P162_SP00085" HPOS="965" VPOS="689" WIDTH="13"/>
						<String ID="P162_ST00097" HPOS="978" VPOS="670" WIDTH="6" HEIGHT="8" CONTENT="," WC="0.44" CC="5"/>
						<SP ID="P162_SP00086" HPOS="984" VPOS="689" WIDTH="22"/>
						<String ID="P162_ST00098" HPOS="1006" VPOS="645" WIDTH="113" HEIGHT="41" CONTENT="algunos" WC="0.64" CC="0005556"/>
						<SP ID="P162_SP00087" HPOS="1119" VPOS="689" WIDTH="13"/>
						<String ID="P162_ST00099" HPOS="1132" VPOS="644" WIDTH="31" HEIGHT="31" CONTENT="de" WC="1.00" CC="00"/>
					</TextLine>
					<TextLine ID="P162_TL00011" HPOS="139" VPOS="701" WIDTH="1024" HEIGHT="43">
						<String ID="P162_ST00100" HPOS="139" VPOS="705" WIDTH="67" HEIGHT="30" CONTENT="ellos" WC="0.76" CC="60005"/>
						<SP ID="P162_SP00088" HPOS="206" VPOS="735" WIDTH="17"/>
						<String ID="P162_ST00101" HPOS="223" VPOS="704" WIDTH="168" HEIGHT="31" CONTENT="remolcando" WC="0.59" CC="0669102706"/>
						<SP ID="P162_SP00089" HPOS="391" VPOS="735" WIDTH="17"/>
						<String ID="P162_ST00102" HPOS="408" VPOS="714" WIDTH="34" HEIGHT="20" CONTENT="un" WC="0.74" CC="05"/>
						<SP ID="P162_SP00090" HPOS="442" VPOS="735" WIDTH="24"/>
						<String ID="P162_ST00103" HPOS="466" VPOS="703" WIDTH="91" HEIGHT="41" CONTENT="buque" WC="0.83" CC="42010"/>
						<SP ID="P162_SP00091" HPOS="557" VPOS="744" WIDTH="16"/>
						<String ID="P162_ST00104" HPOS="573" VPOS="709" WIDTH="143" HEIGHT="35" CONTENT="trasporte," WC="0.69" CC="7306006700"/>
						<SP ID="P162_SP00092" HPOS="716" VPOS="744" WIDTH="19"/>
						<String ID="P162_ST00105" HPOS="735" VPOS="703" WIDTH="105" HEIGHT="40" CONTENT="llegaba" WC="0.78" CC="0300460"/>
						<SP ID="P162_SP00093" HPOS="840" VPOS="744" WIDTH="18"/>
						<String ID="P162_ST00106" HPOS="858" VPOS="708" WIDTH="126" HEIGHT="24" CONTENT="entonces" WC="0.73" CC="00845002"/>
						<SP ID="P162_SP00094" HPOS="984" VPOS="744" WIDTH="21"/>
						<String ID="P162_ST00107" HPOS="1005" VPOS="701" WIDTH="95" HEIGHT="30" CONTENT="mucha" WC="0.77" CC="00370"/>
						<SP ID="P162_SP00095" HPOS="1100" VPOS="744" WIDTH="13"/>
						<String ID="P162_ST00108" HPOS="1113" VPOS="711" WIDTH="50" HEIGHT="20" CONTENT="ca" SUBS_TYPE="HypPart1" SUBS_CONTENT="caballería:" WC="0.89" CC="003"/>
						<HYP CONTENT="-"/>
					</TextLine>
					<TextLine ID="P162_TL00012" HPOS="143" VPOS="759" WIDTH="1020" HEIGHT="42">
						<String ID="P162_ST00109" HPOS="143" VPOS="761" WIDTH="126" HEIGHT="30" CONTENT="ballería:" SUBS_TYPE="HypPart2" SUBS_CONTENT="caballería:" WC="0.67" CC="736070400"/>
						<SP ID="P162_SP00096" HPOS="269" VPOS="791" WIDTH="20"/>
						<String ID="P162_ST00110" HPOS="289" VPOS="762" WIDTH="39" HEIGHT="29" CONTENT="los" WC="0.57" CC="560"/>
						<SP ID="P162_SP00097" HPOS="328" VPOS="791" WIDTH="15"/>
						<String ID="P162_ST00111" HPOS="343" VPOS="761" WIDTH="134" HEIGHT="30" CONTENT="refuerzos" WC="0.83" CC="200600024"/>
						<SP ID="P162_SP00098" HPOS="477" VPOS="791" WIDTH="23"/>
						<String ID="P162_ST00112" HPOS="500" VPOS="760" WIDTH="33" HEIGHT="31" CONTENT="de" WC="1.00" CC="00"/>
						<SP ID="P162_SP00099" HPOS="533" VPOS="791" WIDTH="23"/>
						<String ID="P162_ST00113" HPOS="556" VPOS="760" WIDTH="138" HEIGHT="31" CONTENT="infantería" WC="0.70" CC="0640743002"/>
						<SP ID="P162_SP00100" HPOS="694" VPOS="791" WIDTH="16"/>
						<String ID="P162_ST00114" HPOS="710" VPOS="771" WIDTH="33" HEIGHT="19" CONTENT="no" WC="0.61" CC="43"/>
						<SP ID="P162_SP00101" HPOS="743" VPOS="791" WIDTH="14"/>
						<String ID="P162_ST00115" HPOS="757" VPOS="770" WIDTH="48" HEIGHT="31" CONTENT="por" WC="0.80" CC="060"/>
						<SP ID="P162_SP00102" HPOS="805" VPOS="801" WIDTH="13"/>
						<String ID="P162_ST00116" HPOS="818" VPOS="764" WIDTH="57" HEIGHT="26" CONTENT="esto" WC="0.58" CC="0385"/>
						<SP ID="P162_SP00103" HPOS="875" VPOS="801" WIDTH="16"/>
						<String ID="P162_ST00117" HPOS="891" VPOS="759" WIDTH="173" HEIGHT="30" CONTENT="disminuían." WC="0.75" CC="00660420070"/>
						<SP ID="P162_SP00104" HPOS="1064" VPOS="801" WIDTH="20"/>
						<String ID="P162_ST00118" HPOS="1084" VPOS="760" WIDTH="37" HEIGHT="28" CONTENT="No" WC="0.71" CC="05"/>
						<SP ID="P162_SP00105" HPOS="1121" VPOS="801" WIDTH="15"/>
						<String ID="P162_ST00119" HPOS="1136" VPOS="769" WIDTH="27" HEIGHT="20" CONTENT="es" WC="0.76" CC="04"/>
					</TextLine>
					<TextLine ID="P162_TL00013" HPOS="139" VPOS="815" WIDTH="1024" HEIGHT="43">
						<String ID="P162_ST00120" HPOS="139" VPOS="828" WIDTH="48" HEIGHT="30" CONTENT="por" WC="0.93" CC="010"/>
						<SP ID="P162_SP00106" HPOS="187" VPOS="858" WIDTH="15"/>
						<String ID="P162_ST00121" HPOS="202" VPOS="818" WIDTH="80" HEIGHT="29" CONTENT="cierto" WC="0.67" CC="500345"/>
						<SP ID="P162_SP00107" HPOS="282" VPOS="858" WIDTH="17"/>
						<String ID="P162_ST00122" HPOS="299" VPOS="817" WIDTH="67" HEIGHT="30" CONTENT="nada" WC="0.85" CC="5000"/>
						<SP ID="P162_SP00108" HPOS="366" VPOS="858" WIDTH="19"/>
						<String ID="P162_ST00123" HPOS="385" VPOS="827" WIDTH="127" HEIGHT="31" CONTENT="pomposo" WC="0.65" CC="0360435"/>
						<SP ID="P162_SP00109" HPOS="512" VPOS="858" WIDTH="26"/>
						<String ID="P162_ST00124" HPOS="538" VPOS="826" WIDTH="139" HEIGHT="31" CONTENT="asegurar," WC="0.95" CC="000000300"/>
						<SP ID="P162_SP00110" HPOS="677" VPOS="858" WIDTH="27"/>
						<String ID="P162_ST00125" HPOS="704" VPOS="826" WIDTH="52" HEIGHT="31" CONTENT="que" WC="0.81" CC="050"/>
						<SP ID="P162_SP00111" HPOS="756" VPOS="858" WIDTH="16"/>
						<String ID="P162_ST00126" HPOS="772" VPOS="821" WIDTH="73" HEIGHT="25" CONTENT="enlre" WC="0.77" CC="04510"/>
						<SP ID="P162_SP00112" HPOS="845" VPOS="858" WIDTH="11"/>
						<String ID="P162_ST00127" HPOS="856" VPOS="826" WIDTH="52" HEIGHT="20" CONTENT="uno" WC="0.51" CC="373"/>
						<SP ID="P162_SP00113" HPOS="908" VPOS="858" WIDTH="16"/>
						<String ID="P162_ST00128" HPOS="924" VPOS="815" WIDTH="34" HEIGHT="30" CONTENT="de" WC="0.91" CC="01"/>
						<SP ID="P162_SP00114" HPOS="958" VPOS="858" WIDTH="12"/>
						<String ID="P162_ST00129" HPOS="970" VPOS="826" WIDTH="60" HEIGHT="19" CONTENT="esos" WC="0.66" CC="0066"/>
						<SP ID="P162_SP00115" HPOS="1030" VPOS="858" WIDTH="18"/>
						<String ID="P162_ST00130" HPOS="1048" VPOS="815" WIDTH="115" HEIGHT="40" CONTENT="grandes" WC="0.88" CC="0500020"/>
					</TextLine>
					<TextLine ID="P162_TL00014" HPOS="139" VPOS="871" WIDTH="1024" HEIGHT="43">
						<String ID="P162_ST00131" HPOS="139" VPOS="884" WIDTH="111" HEIGHT="30" CONTENT="vapores" WC="0.81" CC="0005006"/>
						<SP ID="P162_SP00116" HPOS="250" VPOS="914" WIDTH="17"/>
						<String ID="P162_ST00132" HPOS="267" VPOS="874" WIDTH="118" HEIGHT="39" CONTENT="ingleses" WC="0.68" CC="20054506"/>
						<SP ID="P162_SP00117" HPOS="385" VPOS="914" WIDTH="13"/>
						<String ID="P162_ST00133" HPOS="398" VPOS="884" WIDTH="52" HEIGHT="30" CONTENT="que" WC="0.90" CC="020"/>
						<SP ID="P162_SP00118" HPOS="450" VPOS="914" WIDTH="14"/>
						<String ID="P162_ST00134" HPOS="464" VPOS="883" WIDTH="32" HEIGHT="30" CONTENT="ya" WC="1.00" CC="00"/>
						<SP ID="P162_SP00119" HPOS="496" VPOS="914" WIDTH="21"/>
						<String ID="P162_ST00135" HPOS="517" VPOS="884" WIDTH="28" HEIGHT="18" CONTENT="se" WC="1.00" CC="00"/>
						<SP ID="P162_SP00120" HPOS="545" VPOS="914" WIDTH="13"/>
						<String ID="P162_ST00136" HPOS="558" VPOS="873" WIDTH="51" HEIGHT="30" CONTENT="han" WC="0.84" CC="022"/>
						<String ID="P162_ST00137" HPOS="619" VPOS="898" WIDTH="5" HEIGHT="9" CONTENT="," WC="1.00" CC="0"/>
						<SP ID="P162_SP00121" HPOS="624" VPOS="914" WIDTH="20"/>
						<String ID="P162_ST00138" HPOS="644" VPOS="883" WIDTH="31" HEIGHT="19" CONTENT="en" WC="0.71" CC="05"/>
						<SP ID="P162_SP00122" HPOS="675" VPOS="914" WIDTH="15"/>
						<String ID="P162_ST00139" HPOS="690" VPOS="879" WIDTH="69" HEIGHT="23" CONTENT="otras" WC="0.70" CC="45040"/>
						<SP ID="P162_SP00123" HPOS="759" VPOS="914" WIDTH="16"/>
						<String ID="P162_ST00140" HPOS="775" VPOS="873" WIDTH="139" HEIGHT="29" CONTENT="ocasiones" WC="0.87" CC="302000050"/>
						<SP ID="P162_SP00124" HPOS="914" VPOS="914" WIDTH="24"/>
						<String ID="P162_ST00141" HPOS="938" VPOS="871" WIDTH="173" HEIGHT="31" CONTENT="mencionado" WC="0.80" CC="0060006006"/>
						<String ID="P162_ST00142" HPOS="1122" VPOS="896" WIDTH="6" HEIGHT="11" CONTENT="," WC="1.00" CC="0"/>
						<SP ID="P162_SP00125" HPOS="1128" VPOS="914" WIDTH="19"/>
						<String ID="P162_ST00143" HPOS="1147" VPOS="882" WIDTH="16" HEIGHT="31" CONTENT="y" WC="0.03" CC="9"/>
					</TextLine>
					<TextLine ID="P162_TL00015" HPOS="139" VPOS="928" WIDTH="1024" HEIGHT="43">
						<String ID="P162_ST00144" HPOS="139" VPOS="930" WIDTH="23" HEIGHT="30" CONTENT="el" WC="0.90" CC="20"/>
						<SP ID="P162_SP00126" HPOS="162" VPOS="960" WIDTH="27"/>
						<String ID="P162_ST00145" HPOS="189" VPOS="935" WIDTH="169" HEIGHT="25" CONTENT="monstruoso" WC="0.79" CC="6100000514"/>
						<SP ID="P162_SP00127" HPOS="358" VPOS="960" WIDTH="23"/>
						<String ID="P162_ST00146" HPOS="381" VPOS="930" WIDTH="104" HEIGHT="41" CONTENT="clipper" WC="0.87" CC="0400022"/>
						<SP ID="P162_SP00128" HPOS="485" VPOS="971" WIDTH="21"/>
						<String ID="P162_ST00147" HPOS="506" VPOS="930" WIDTH="150" HEIGHT="30" CONTENT="americano" WC="0.86" CC="040000044"/>
						<SP ID="P162_SP00129" HPOS="656" VPOS="971" WIDTH="27"/>
						<String ID="P162_ST00148" HPOS="683" VPOS="940" WIDTH="52" HEIGHT="30" CONTENT="que" WC="1.00" CC="000"/>
						<SP ID="P162_SP00130" HPOS="735" VPOS="971" WIDTH="21"/>
						<String ID="P162_ST00149" HPOS="756" VPOS="929" WIDTH="166" HEIGHT="36" CONTENT="remolcaba," WC="0.83" CC="0000403054"/>
						<SP ID="P162_SP00131" HPOS="922" VPOS="971" WIDTH="33"/>
						<String ID="P162_ST00150" HPOS="955" VPOS="929" WIDTH="160" HEIGHT="40" CONTENT="componían" WC="0.80" CC="106005004"/>
						<SP ID="P162_SP00132" HPOS="1115" VPOS="971" WIDTH="24"/>
						<String ID="P162_ST00151" HPOS="1139" VPOS="928" WIDTH="24" HEIGHT="30" CONTENT="el" WC="1.00" CC="00"/>
					</TextLine>
					<TextLine ID="P162_TL00016" HPOS="142" VPOS="986" WIDTH="1018" HEIGHT="42">
						<String ID="P162_ST00152" HPOS="142" VPOS="997" WIDTH="106" HEIGHT="20" CONTENT="enorme" WC="0.61" CC="537303"/>
						<SP ID="P162_SP00133" HPOS="248" VPOS="1017" WIDTH="16"/>
						<String ID="P162_ST00153" HPOS="264" VPOS="994" WIDTH="168" HEIGHT="34" CONTENT="cargamento" WC="0.85" CC="0060006001"/>
						<SP ID="P162_SP00134" HPOS="432" VPOS="1028" WIDTH="21"/>
						<String ID="P162_ST00154" HPOS="453" VPOS="987" WIDTH="33" HEIGHT="31" CONTENT="de" WC="0.67" CC="06"/>
						<SP ID="P162_SP00135" HPOS="486" VPOS="1028" WIDTH="16"/>
						<String ID="P162_ST00155" HPOS="502" VPOS="994" WIDTH="90" HEIGHT="24" CONTENT="cuatro" WC="0.74" CC="004703"/>
						<SP ID="P162_SP00136" HPOS="592" VPOS="1028" WIDTH="14"/>
						<String ID="P162_ST00156" HPOS="606" VPOS="987" WIDTH="45" HEIGHT="30" CONTENT="mil" WC="0.83" CC="400"/>
						<SP ID="P162_SP00137" HPOS="651" VPOS="1028" WIDTH="16"/>
						<String ID="P162_ST00157" HPOS="667" VPOS="986" WIDTH="134" HEIGHT="31" CONTENT="toneladas" WC="0.73" CC="655003003"/>
						<SP ID="P162_SP00138" HPOS="801" VPOS="1028" WIDTH="16"/>
						<String ID="P162_ST00158" HPOS="817" VPOS="986" WIDTH="33" HEIGHT="31" CONTENT="de" WC="1.00" CC="00"/>
						<SP ID="P162_SP00139" HPOS="850" VPOS="1028" WIDTH="17"/>
						<String ID="P162_ST00159" HPOS="867" VPOS="986" WIDTH="119" HEIGHT="31" CONTENT="material" WC="0.79" CC="01700330"/>
						<SP ID="P162_SP00140" HPOS="986" VPOS="1028" WIDTH="17"/>
						<String ID="P162_ST00160" HPOS="1003" VPOS="986" WIDTH="33" HEIGHT="31" CONTENT="de" WC="1.00" CC="00"/>
						<SP ID="P162_SP00141" HPOS="1036" VPOS="1028" WIDTH="16"/>
						<String ID="P162_ST00161" HPOS="1052" VPOS="996" WIDTH="108" HEIGHT="31" CONTENT="guerra," WC="0.72" CC="0555300"/>
					</TextLine>
					<TextLine ID="P162_TL00017" HPOS="138" VPOS="1043" WIDTH="980" HEIGHT="40">
						<String ID="P162_ST00162" HPOS="138" VPOS="1045" WIDTH="41" HEIGHT="29" CONTENT="sin" WC="0.89" CC="101"/>
						<SP ID="P162_SP00142" HPOS="179" VPOS="1074" WIDTH="17"/>
						<String ID="P162_ST00163" HPOS="196" VPOS="1045" WIDTH="154" HEIGHT="29" CONTENT="seiscienlos" WC="0.69" CC="06052104056"/>
						<SP ID="P162_SP00143" HPOS="350" VPOS="1074" WIDTH="13"/>
						<String ID="P162_ST00164" HPOS="363" VPOS="1044" WIDTH="117" HEIGHT="30" CONTENT="caballos" WC="0.66" CC="01501557"/>
						<SP ID="P162_SP00144" HPOS="480" VPOS="1074" WIDTH="17"/>
						<String ID="P162_ST00165" HPOS="497" VPOS="1055" WIDTH="16" HEIGHT="28" CONTENT="y" WC="1.00" CC="0"/>
						<SP ID="P162_SP00145" HPOS="513" VPOS="1083" WIDTH="16"/>
						<String ID="P162_ST00166" HPOS="529" VPOS="1044" WIDTH="45" HEIGHT="29" CONTENT="mil" WC="0.87" CC="300"/>
						<SP ID="P162_SP00146" HPOS="574" VPOS="1083" WIDTH="17"/>
						<String ID="P162_ST00167" HPOS="591" VPOS="1044" WIDTH="124" HEIGHT="29" CONTENT="hombres" WC="0.66" CC="6066300"/>
						<SP ID="P162_SP00147" HPOS="715" VPOS="1083" WIDTH="16"/>
						<String ID="P162_ST00168" HPOS="731" VPOS="1043" WIDTH="32" HEIGHT="30" CONTENT="de" WC="0.53" CC="90"/>
						<SP ID="P162_SP00148" HPOS="763" VPOS="1083" WIDTH="19"/>
						<String ID="P162_ST00169" HPOS="782" VPOS="1049" WIDTH="73" HEIGHT="34" CONTENT="tropa" WC="0.77" CC="05500"/>
						<SP ID="P162_SP00149" HPOS="855" VPOS="1083" WIDTH="28"/>
						<String ID="P162_ST00170" HPOS="883" VPOS="1054" WIDTH="52" HEIGHT="29" CONTENT="que" WC="0.76" CC="007"/>
						<SP ID="P162_SP00150" HPOS="935" VPOS="1083" WIDTH="25"/>
						<String ID="P162_ST00171" HPOS="960" VPOS="1043" WIDTH="158" HEIGHT="30" CONTENT="conducían." WC="0.81" CC="0050360030"/>
					</TextLine>
				</TextBlock>
				<TextBlock ID="P162_TB00004" HPOS="138" VPOS="1099" WIDTH="1023" HEIGHT="314" STYLEREFS="TXT_1 PAR_LEFT">
					<TextLine ID="P162_TL00018" HPOS="180" VPOS="1100" WIDTH="981" HEIGHT="40">
						<String ID="P162_ST00172" HPOS="180" VPOS="1101" WIDTH="100" HEIGHT="29" CONTENT="Pesado" WC="0.76" CC="404004"/>
						<SP ID="P162_SP00151" HPOS="280" VPOS="1130" WIDTH="16"/>
						<String ID="P162_ST00173" HPOS="296" VPOS="1112" WIDTH="28" HEIGHT="18" CONTENT="se" WC="0.75" CC="50"/>
						<SP ID="P162_SP00152" HPOS="324" VPOS="1130" WIDTH="15"/>
						<String ID="P162_ST00174" HPOS="339" VPOS="1101" WIDTH="73" HEIGHT="29" CONTENT="baria" WC="0.89" CC="05000"/>
						<SP ID="P162_SP00153" HPOS="412" VPOS="1130" WIDTH="17"/>
						<String ID="P162_ST00175" HPOS="429" VPOS="1101" WIDTH="22" HEIGHT="29" CONTENT="ir" WC="1.00" CC="00"/>
						<SP ID="P162_SP00154" HPOS="451" VPOS="1130" WIDTH="15"/>
						<String ID="P162_ST00176" HPOS="466" VPOS="1100" WIDTH="151" HEIGHT="30" CONTENT="detallando" WC="0.60" CC="9601531603"/>
						<SP ID="P162_SP00155" HPOS="617" VPOS="1130" WIDTH="13"/>
						<String ID="P162_ST00177" HPOS="630" VPOS="1100" WIDTH="59" HEIGHT="29" CONTENT="lodo" WC="0.66" CC="6600"/>
						<SP ID="P162_SP00156" HPOS="689" VPOS="1130" WIDTH="17"/>
						<String ID="P162_ST00178" HPOS="706" VPOS="1101" WIDTH="23" HEIGHT="29" CONTENT="el" WC="0.76" CC="04"/>
						<SP ID="P162_SP00157" HPOS="729" VPOS="1130" WIDTH="18"/>
						<String ID="P162_ST00179" HPOS="747" VPOS="1100" WIDTH="240" HEIGHT="30" CONTENT="acrecentamiento" WC="0.81" CC="000000770041070"/>
						<SP ID="P162_SP00158" HPOS="987" VPOS="1130" WIDTH="14"/>
						<String ID="P162_ST00180" HPOS="1001" VPOS="1110" WIDTH="53" HEIGHT="30" CONTENT="que" WC="0.72" CC="025"/>
						<SP ID="P162_SP00159" HPOS="1054" VPOS="1140" WIDTH="19"/>
						<String ID="P162_ST00181" HPOS="1073" VPOS="1110" WIDTH="28" HEIGHT="19" CONTENT="se" WC="0.72" CC="50"/>
						<SP ID="P162_SP00160" HPOS="1101" VPOS="1140" WIDTH="17"/>
						<String ID="P162_ST00182" HPOS="1118" VPOS="1110" WIDTH="43" HEIGHT="19" CONTENT="no" SUBS_TYPE="HypPart1" SUBS_CONTENT="notaba" WC="0.68" CC="143"/>
						<HYP CONTENT="-"/>
					</TextLine>
					<TextLine ID="P162_TL00019" HPOS="140" VPOS="1156" WIDTH="1021" HEIGHT="42">
						<String ID="P162_ST00183" HPOS="140" VPOS="1156" WIDTH="59" HEIGHT="30" CONTENT="taba" SUBS_TYPE="HypPart2" SUBS_CONTENT="notaba" WC="0.54" CC="7460"/>
						<SP ID="P162_SP00161" HPOS="199" VPOS="1186" WIDTH="16"/>
						<String ID="P162_ST00184" HPOS="215" VPOS="1167" WIDTH="32" HEIGHT="20" CONTENT="en" WC="0.77" CC="04"/>
						<SP ID="P162_SP00162" HPOS="247" VPOS="1187" WIDTH="17"/>
						<String ID="P162_ST00185" HPOS="264" VPOS="1163" WIDTH="53" HEIGHT="24" CONTENT="esta" WC="0.52" CC="2456"/>
						<SP ID="P162_SP00163" HPOS="317" VPOS="1187" WIDTH="18"/>
						<String ID="P162_ST00186" HPOS="335" VPOS="1159" WIDTH="81" HEIGHT="39" CONTENT="época" WC="0.91" CC="30000"/>
						<SP ID="P162_SP00164" HPOS="416" VPOS="1198" WIDTH="24"/>
						<String ID="P162_ST00187" HPOS="440" VPOS="1157" WIDTH="42" HEIGHT="31" CONTENT="del" WC="0.98" CC="000"/>
						<SP ID="P162_SP00165" HPOS="482" VPOS="1198" WIDTH="26"/>
						<String ID="P162_ST00188" HPOS="508" VPOS="1157" WIDTH="77" HEIGHT="37" CONTENT="sitio;" WC="0.81" CC="406000"/>
						<SP ID="P162_SP00166" HPOS="585" VPOS="1198" WIDTH="16"/>
						<String ID="P162_ST00189" HPOS="601" VPOS="1157" WIDTH="128" HEIGHT="41" CONTENT="juzgúelo" WC="0.66" CC="15408050"/>
						<SP ID="P162_SP00167" HPOS="729" VPOS="1198" WIDTH="27"/>
						<String ID="P162_ST00190" HPOS="756" VPOS="1167" WIDTH="47" HEIGHT="31" CONTENT="por" WC="0.80" CC="060"/>
						<SP ID="P162_SP00168" HPOS="803" VPOS="1198" WIDTH="14"/>
						<String ID="P162_ST00191" HPOS="817" VPOS="1158" WIDTH="22" HEIGHT="29" CONTENT="sí" WC="0.62" CC="51"/>
						<SP ID="P162_SP00169" HPOS="839" VPOS="1198" WIDTH="16"/>
						<String ID="P162_ST00192" HPOS="855" VPOS="1157" WIDTH="95" HEIGHT="30" CONTENT="mismo" WC="0.63" CC="60506"/>
						<SP ID="P162_SP00170" HPOS="950" VPOS="1198" WIDTH="16"/>
						<String ID="P162_ST00193" HPOS="966" VPOS="1156" WIDTH="23" HEIGHT="30" CONTENT="el" WC="1.00" CC="00"/>
						<SP ID="P162_SP00171" HPOS="989" VPOS="1198" WIDTH="16"/>
						<String ID="P162_ST00194" HPOS="1005" VPOS="1157" WIDTH="82" HEIGHT="30" CONTENT="lector" WC="0.92" CC="000030"/>
						<SP ID="P162_SP00172" HPOS="1087" VPOS="1198" WIDTH="20"/>
						<String ID="P162_ST00195" HPOS="1107" VPOS="1156" WIDTH="54" HEIGHT="31" CONTENT="ad" SUBS_TYPE="HypPart1" SUBS_CONTENT="adviniéndole" WC="0.80" CC="005"/>
						<HYP CONTENT="-"/>
					</TextLine>
					<TextLine ID="P162_TL00020" HPOS="138" VPOS="1213" WIDTH="1023" HEIGHT="42">
						<String ID="P162_ST00196" HPOS="138" VPOS="1213" WIDTH="157" HEIGHT="31" CONTENT="viniéndole" SUBS_TYPE="HypPart2" SUBS_CONTENT="adviniéndole" WC="0.70" CC="8080020451"/>
						<SP ID="P162_SP00173" HPOS="295" VPOS="1244" WIDTH="14"/>
						<String ID="P162_ST00197" HPOS="309" VPOS="1238" WIDTH="6" HEIGHT="11" CONTENT="," WC="1.00" CC="0"/>
						<SP ID="P162_SP00174" HPOS="315" VPOS="1249" WIDTH="19"/>
						<String ID="P162_ST00198" HPOS="334" VPOS="1214" WIDTH="143" HEIGHT="30" CONTENT="solamente" WC="0.60" CC="610556270"/>
						<String ID="P162_ST00199" HPOS="491" VPOS="1239" WIDTH="6" HEIGHT="10" CONTENT="," WC="1.00" CC="0"/>
						<SP ID="P162_SP00175" HPOS="497" VPOS="1249" WIDTH="33"/>
						<String ID="P162_ST00200" HPOS="530" VPOS="1224" WIDTH="51" HEIGHT="31" CONTENT="que" WC="0.89" CC="030"/>
						<SP ID="P162_SP00176" HPOS="581" VPOS="1255" WIDTH="27"/>
						<String ID="P162_ST00201" HPOS="608" VPOS="1214" WIDTH="38" HEIGHT="29" CONTENT="los" WC="0.85" CC="040"/>
						<SP ID="P162_SP00177" HPOS="646" VPOS="1255" WIDTH="25"/>
						<String ID="P162_ST00202" HPOS="671" VPOS="1214" WIDTH="105" HEIGHT="41" CONTENT="buques" WC="0.68" CC="140805"/>
						<SP ID="P162_SP00178" HPOS="776" VPOS="1255" WIDTH="14"/>
						<String ID="P162_ST00203" HPOS="790" VPOS="1223" WIDTH="32" HEIGHT="31" CONTENT="ya" WC="0.82" CC="03"/>
						<SP ID="P162_SP00179" HPOS="822" VPOS="1255" WIDTH="23"/>
						<String ID="P162_ST00204" HPOS="845" VPOS="1224" WIDTH="33" HEIGHT="20" CONTENT="no" WC="0.79" CC="04"/>
						<SP ID="P162_SP00180" HPOS="878" VPOS="1255" WIDTH="23"/>
						<String ID="P162_ST00205" HPOS="901" VPOS="1213" WIDTH="94" HEIGHT="31" CONTENT="cabían" WC="0.86" CC="000035"/>
						<SP ID="P162_SP00181" HPOS="995" VPOS="1255" WIDTH="18"/>
						<String ID="P162_ST00206" HPOS="1013" VPOS="1224" WIDTH="32" HEIGHT="20" CONTENT="en" WC="0.97" CC="00"/>
						<SP ID="P162_SP00182" HPOS="1045" VPOS="1255" WIDTH="26"/>
						<String ID="P162_ST00207" HPOS="1071" VPOS="1213" WIDTH="90" HEIGHT="31" CONTENT="ambos" WC="0.59" CC="16047"/>
					</TextLine>
					<TextLine ID="P162_TL00021" HPOS="138" VPOS="1270" WIDTH="1023" HEIGHT="42">
						<String ID="P162_ST00208" HPOS="138" VPOS="1282" WIDTH="108" HEIGHT="30" CONTENT="puenos" WC="0.71" CC="000835"/>
						<String ID="P162_ST00209" HPOS="260" VPOS="1295" WIDTH="6" HEIGHT="11" CONTENT="," WC="1.00" CC="0"/>
						<SP ID="P162_SP00183" HPOS="266" VPOS="1312" WIDTH="15"/>
						<String ID="P162_ST00210" HPOS="281" VPOS="1271" WIDTH="23" HEIGHT="29" CONTENT="el" WC="0.78" CC="04"/>
						<SP ID="P162_SP00184" HPOS="304" VPOS="1312" WIDTH="17"/>
						<String ID="P162_ST00211" HPOS="321" VPOS="1271" WIDTH="33" HEIGHT="29" CONTENT="de" WC="1.00" CC="00"/>
						<SP ID="P162_SP00185" HPOS="354" VPOS="1312" WIDTH="16"/>
						<String ID="P162_ST00212" HPOS="370" VPOS="1271" WIDTH="140" HEIGHT="29" CONTENT="Kamiesch" WC="0.85" CC="00002125"/>
						<SP ID="P162_SP00186" HPOS="510" VPOS="1312" WIDTH="16"/>
						<String ID="P162_ST00213" HPOS="526" VPOS="1281" WIDTH="15" HEIGHT="29" CONTENT="y" WC="1.00" CC="0"/>
						<SP ID="P162_SP00187" HPOS="541" VPOS="1312" WIDTH="13"/>
						<String ID="P162_ST00214" HPOS="554" VPOS="1271" WIDTH="23" HEIGHT="28" CONTENT="el" WC="1.00" CC="00"/>
						<SP ID="P162_SP00188" HPOS="577" VPOS="1312" WIDTH="14"/>
						<String ID="P162_ST00215" HPOS="591" VPOS="1281" WIDTH="52" HEIGHT="29" CONTENT="que" WC="0.70" CC="026"/>
						<SP ID="P162_SP00189" HPOS="643" VPOS="1312" WIDTH="14"/>
						<String ID="P162_ST00216" HPOS="657" VPOS="1271" WIDTH="50" HEIGHT="40" CONTENT="hay" WC="0.80" CC="500"/>
						<SP ID="P162_SP00190" HPOS="707" VPOS="1312" WIDTH="14"/>
						<String ID="P162_ST00217" HPOS="721" VPOS="1272" WIDTH="13" HEIGHT="28" CONTENT="á" WC="1.00" CC="0"/>
						<SP ID="P162_SP00191" HPOS="734" VPOS="1312" WIDTH="17"/>
						<String ID="P162_ST00218" HPOS="751" VPOS="1281" WIDTH="30" HEIGHT="18" CONTENT="su" WC="0.83" CC="20"/>
						<SP ID="P162_SP00192" HPOS="781" VPOS="1312" WIDTH="26"/>
						<String ID="P162_ST00219" HPOS="807" VPOS="1270" WIDTH="60" HEIGHT="29" CONTENT="lado" WC="0.71" CC="4600"/>
						<SP ID="P162_SP00193" HPOS="867" VPOS="1312" WIDTH="14"/>
						<String ID="P162_ST00220" HPOS="881" VPOS="1295" WIDTH="6" HEIGHT="10" CONTENT="," WC="0.76" CC="2"/>
						<SP ID="P162_SP00194" HPOS="887" VPOS="1312" WIDTH="21"/>
						<String ID="P162_ST00221" HPOS="908" VPOS="1280" WIDTH="65" HEIGHT="30" CONTENT="pues" WC="0.90" CC="0102"/>
						<SP ID="P162_SP00195" HPOS="973" VPOS="1312" WIDTH="17"/>
						<String ID="P162_ST00222" HPOS="990" VPOS="1280" WIDTH="53" HEIGHT="30" CONTENT="que" WC="0.79" CC="050"/>
						<SP ID="P162_SP00196" HPOS="1043" VPOS="1312" WIDTH="14"/>
						<String ID="P162_ST00223" HPOS="1057" VPOS="1270" WIDTH="104" HEIGHT="29" CONTENT="diaria" SUBS_TYPE="HypPart1" SUBS_CONTENT="diariamente" WC="0.85" CC="9000000"/>
						<HYP CONTENT="-"/>
					</TextLine>
					<TextLine ID="P162_TL00022" HPOS="138" VPOS="1326" WIDTH="1023" HEIGHT="41">
						<String ID="P162_ST00224" HPOS="138" VPOS="1333" WIDTH="87" HEIGHT="24" CONTENT="mente" SUBS_TYPE="HypPart2" SUBS_CONTENT="diariamente" WC="0.56" CC="07670"/>
						<SP ID="P162_SP00197" HPOS="225" VPOS="1357" WIDTH="12"/>
						<String ID="P162_ST00225" HPOS="237" VPOS="1327" WIDTH="78" HEIGHT="30" CONTENT="habia" WC="0.68" CC="63500"/>
						<SP ID="P162_SP00198" HPOS="315" VPOS="1357" WIDTH="16"/>
						<String ID="P162_ST00226" HPOS="331" VPOS="1327" WIDTH="121" HEIGHT="30" CONTENT="crecidos" WC="0.93" CC="00000050"/>
						<SP ID="P162_SP00199" HPOS="452" VPOS="1357" WIDTH="23"/>
						<String ID="P162_ST00227" HPOS="475" VPOS="1327" WIDTH="103" HEIGHT="30" CONTENT="arribos" WC="0.75" CC="4000542"/>
						<String ID="P162_ST00228" HPOS="589" VPOS="1351" WIDTH="6" HEIGHT="11" CONTENT="," WC="1.00" CC="0"/>
						<SP ID="P162_SP00200" HPOS="595" VPOS="1362" WIDTH="18"/>
						<String ID="P162_ST00229" HPOS="613" VPOS="1327" WIDTH="24" HEIGHT="29" CONTENT="al" WC="1.00" CC="00"/>
						<SP ID="P162_SP00201" HPOS="637" VPOS="1362" WIDTH="18"/>
						<String ID="P162_ST00230" HPOS="655" VPOS="1327" WIDTH="93" HEIGHT="40" CONTENT="propio" WC="0.80" CC="005005"/>
						<SP ID="P162_SP00202" HPOS="748" VPOS="1367" WIDTH="29"/>
						<String ID="P162_ST00231" HPOS="777" VPOS="1327" WIDTH="97" HEIGHT="40" CONTENT="tiempo" WC="0.88" CC="001005"/>
						<SP ID="P162_SP00203" HPOS="874" VPOS="1367" WIDTH="17"/>
						<String ID="P162_ST00232" HPOS="891" VPOS="1337" WIDTH="53" HEIGHT="29" CONTENT="que" WC="0.97" CC="000"/>
						<SP ID="P162_SP00204" HPOS="944" VPOS="1367" WIDTH="23"/>
						<String ID="P162_ST00233" HPOS="967" VPOS="1326" WIDTH="39" HEIGHT="30" CONTENT="las" WC="0.90" CC="020"/>
						<SP ID="P162_SP00205" HPOS="1006" VPOS="1367" WIDTH="12"/>
						<String ID="P162_ST00234" HPOS="1018" VPOS="1326" WIDTH="99" HEIGHT="30" CONTENT="salidas" WC="0.71" CC="0066042"/>
						<SP ID="P162_SP00206" HPOS="1117" VPOS="1367" WIDTH="14"/>
						<String ID="P162_ST00235" HPOS="1131" VPOS="1337" WIDTH="30" HEIGHT="19" CONTENT="no" WC="0.53" CC="63"/>
					</TextLine>
					<TextLine ID="P162_TL00023" HPOS="138" VPOS="1384" WIDTH="195" HEIGHT="29">
						<String ID="P162_ST00236" HPOS="138" VPOS="1393" WIDTH="62" HEIGHT="20" CONTENT="eran" WC="0.93" CC="0002"/>
						<SP ID="P162_SP00207" HPOS="200" VPOS="1413" WIDTH="15"/>
						<String ID="P162_ST00237" HPOS="215" VPOS="1384" WIDTH="118" HEIGHT="29" CONTENT="muchas." WC="0.57" CC="9465300"/>
					</TextLine>
				</TextBlock>
				<TextBlock ID="P162_TB00005" HPOS="136" VPOS="1440" WIDTH="1026" HEIGHT="438" STYLEREFS="TXT_1 PAR_LEFT">
					<TextLine ID="P162_TL00024" HPOS="180" VPOS="1441" WIDTH="982" HEIGHT="41">
						<String ID="P162_ST00238" HPOS="180" VPOS="1441" WIDTH="140" HEIGHT="30" CONTENT="Balaklava" WC="0.89" CC="600200000"/>
						<SP ID="P162_SP00208" HPOS="320" VPOS="1471" WIDTH="18"/>
						<String ID="P162_ST00239" HPOS="338" VPOS="1451" WIDTH="32" HEIGHT="31" CONTENT="ya" WC="1.00" CC="00"/>
						<SP ID="P162_SP00209" HPOS="370" VPOS="1482" WIDTH="19"/>
						<String ID="P162_ST00240" HPOS="389" VPOS="1446" WIDTH="118" HEIGHT="36" CONTENT="tampoco" WC="0.58" CC="6360514"/>
						<SP ID="P162_SP00210" HPOS="507" VPOS="1482" WIDTH="12"/>
						<String ID="P162_ST00241" HPOS="519" VPOS="1450" WIDTH="44" HEIGHT="21" CONTENT="era" WC="0.85" CC="103"/>
						<SP ID="P162_SP00211" HPOS="563" VPOS="1482" WIDTH="17"/>
						<String ID="P162_ST00242" HPOS="580" VPOS="1441" WIDTH="138" HEIGHT="30" CONTENT="suficiente" WC="0.64" CC="3400007585"/>
						<SP ID="P162_SP00212" HPOS="718" VPOS="1482" WIDTH="16"/>
						<String ID="P162_ST00243" HPOS="734" VPOS="1442" WIDTH="13" HEIGHT="29" CONTENT="á" WC="1.00" CC="0"/>
						<SP ID="P162_SP00213" HPOS="747" VPOS="1482" WIDTH="18"/>
						<String ID="P162_ST00244" HPOS="765" VPOS="1441" WIDTH="39" HEIGHT="30" CONTENT="los" WC="0.58" CC="056"/>
						<SP ID="P162_SP00214" HPOS="804" VPOS="1482" WIDTH="24"/>
						<String ID="P162_ST00245" HPOS="828" VPOS="1441" WIDTH="127" HEIGHT="40" CONTENT="ingleses." WC="0.67" CC="080045351"/>
						<SP ID="P162_SP00215" HPOS="955" VPOS="1482" WIDTH="17"/>
						<String ID="P162_ST00246" HPOS="972" VPOS="1443" WIDTH="77" HEIGHT="28" CONTENT="Estos" WC="0.61" CC="02852"/>
						<SP ID="P162_SP00216" HPOS="1049" VPOS="1482" WIDTH="16"/>
						<String ID="P162_ST00247" HPOS="1065" VPOS="1466" WIDTH="6" HEIGHT="10" CONTENT="," WC="1.00" CC="0"/>
						<SP ID="P162_SP00217" HPOS="1071" VPOS="1482" WIDTH="30"/>
						<String ID="P162_ST00248" HPOS="1101" VPOS="1450" WIDTH="61" HEIGHT="32" CONTENT="para" WC="0.94" CC="0200"/>
					</TextLine>
					<TextLine ID="P162_TL00025" HPOS="138" VPOS="1498" WIDTH="1024" HEIGHT="41">
						<String ID="P162_ST00249" HPOS="138" VPOS="1509" WIDTH="52" HEIGHT="30" CONTENT="que" WC="0.84" CC="040"/>
						<SP ID="P162_SP00218" HPOS="190" VPOS="1539" WIDTH="12"/>
						<String ID="P162_ST00250" HPOS="202" VPOS="1508" WIDTH="27" HEIGHT="19" CONTENT="se" WC="0.84" CC="03"/>
						<SP ID="P162_SP00219" HPOS="229" VPOS="1539" WIDTH="14"/>
						<String ID="P162_ST00251" HPOS="243" VPOS="1508" WIDTH="47" HEIGHT="19" CONTENT="vea" WC="0.95" CC="010"/>
						<SP ID="P162_SP00220" HPOS="290" VPOS="1539" WIDTH="17"/>
						<String ID="P162_ST00252" HPOS="307" VPOS="1509" WIDTH="30" HEIGHT="18" CONTENT="su" WC="0.78" CC="40"/>
						<SP ID="P162_SP00221" HPOS="337" VPOS="1539" WIDTH="17"/>
						<String ID="P162_ST00253" HPOS="354" VPOS="1498" WIDTH="78" HEIGHT="40" CONTENT="genio" WC="0.82" CC="00404"/>
						<SP ID="P162_SP00222" HPOS="432" VPOS="1539" WIDTH="16"/>
						<String ID="P162_ST00254" HPOS="448" VPOS="1498" WIDTH="195" HEIGHT="39" CONTENT="emprendedor" WC="0.82" CC="06050000024"/>
						<SP ID="P162_SP00223" HPOS="643" VPOS="1539" WIDTH="17"/>
						<String ID="P162_ST00255" HPOS="660" VPOS="1509" WIDTH="14" HEIGHT="28" CONTENT="y" WC="1.00" CC="0"/>
						<SP ID="P162_SP00224" HPOS="674" VPOS="1539" WIDTH="16"/>
						<String ID="P162_ST00256" HPOS="690" VPOS="1498" WIDTH="153" HEIGHT="35" CONTENT="mecánico," WC="0.82" CC="500061030"/>
						<SP ID="P162_SP00225" HPOS="843" VPOS="1539" WIDTH="20"/>
						<String ID="P162_ST00257" HPOS="863" VPOS="1498" WIDTH="120" HEIGHT="41" CONTENT="llegaron" WC="0.85" CC="30004020"/>
						<SP ID="P162_SP00226" HPOS="983" VPOS="1539" WIDTH="16"/>
						<String ID="P162_ST00258" HPOS="999" VPOS="1499" WIDTH="15" HEIGHT="30" CONTENT="á" WC="1.00" CC="0"/>
						<SP ID="P162_SP00227" HPOS="1014" VPOS="1539" WIDTH="17"/>
						<String ID="P162_ST00259" HPOS="1031" VPOS="1499" WIDTH="131" HEIGHT="30" CONTENT="construir" WC="0.63" CC="054600635"/>
					</TextLine>
					<TextLine ID="P162_TL00026" HPOS="138" VPOS="1554" WIDTH="1024" HEIGHT="42">
						<String ID="P162_ST00260" HPOS="138" VPOS="1565" WIDTH="52" HEIGHT="21" CONTENT="una" WC="0.56" CC="660"/>
						<SP ID="P162_SP00228" HPOS="190" VPOS="1586" WIDTH="18"/>
						<String ID="P162_ST00261" HPOS="208" VPOS="1555" WIDTH="67" HEIGHT="30" CONTENT="línea" WC="0.86" CC="00600"/>
						<SP ID="P162_SP00229" HPOS="275" VPOS="1586" WIDTH="16"/>
						<String ID="P162_ST00262" HPOS="291" VPOS="1554" WIDTH="84" HEIGHT="31" CONTENT="férrea" WC="0.81" CC="005500"/>
						<SP ID="P162_SP00230" HPOS="375" VPOS="1586" WIDTH="12"/>
						<String ID="P162_ST00263" HPOS="387" VPOS="1554" WIDTH="83" HEIGHT="31" CONTENT="desde" WC="0.86" CC="00600"/>
						<SP ID="P162_SP00231" HPOS="470" VPOS="1586" WIDTH="16"/>
						<String ID="P162_ST00264" HPOS="486" VPOS="1555" WIDTH="143" HEIGHT="30" CONTENT="Balaklava" WC="0.82" CC="404600000"/>
						<SP ID="P162_SP00232" HPOS="629" VPOS="1586" WIDTH="17"/>
						<String ID="P162_ST00265" HPOS="646" VPOS="1555" WIDTH="22" HEIGHT="30" CONTENT="al" WC="0.92" CC="01"/>
						<SP ID="P162_SP00233" HPOS="668" VPOS="1586" WIDTH="15"/>
						<String ID="P162_ST00266" HPOS="683" VPOS="1564" WIDTH="183" HEIGHT="32" CONTENT="campamen.o" WC="0.90" CC="0050000004"/>
						<SP ID="P162_SP00234" HPOS="866" VPOS="1596" WIDTH="15"/>
						<String ID="P162_ST00267" HPOS="881" VPOS="1580" WIDTH="6" HEIGHT="9" CONTENT="," WC="0.92" CC="0"/>
						<SP ID="P162_SP00235" HPOS="887" VPOS="1596" WIDTH="20"/>
						<String ID="P162_ST00268" HPOS="907" VPOS="1565" WIDTH="62" HEIGHT="31" CONTENT="para" WC="0.80" CC="0403"/>
						<SP ID="P162_SP00236" HPOS="969" VPOS="1596" WIDTH="12"/>
						<String ID="P162_ST00269" HPOS="981" VPOS="1556" WIDTH="123" HEIGHT="30" CONTENT="abreviar" WC="0.65" CC="07570060"/>
						<SP ID="P162_SP00237" HPOS="1104" VPOS="1596" WIDTH="21"/>
						<String ID="P162_ST00270" HPOS="1125" VPOS="1556" WIDTH="37" HEIGHT="30" CONTENT="los" WC="0.67" CC="044"/>
					</TextLine>
					<TextLine ID="P162_TL00027" HPOS="140" VPOS="1611" WIDTH="1022" HEIGHT="43">
						<String ID="P162_ST00271" HPOS="140" VPOS="1617" WIDTH="141" HEIGHT="36" CONTENT="trasportes" WC="0.88" CC="0005060000"/>
						<SP ID="P162_SP00238" HPOS="281" VPOS="1653" WIDTH="13"/>
						<String ID="P162_ST00272" HPOS="294" VPOS="1611" WIDTH="33" HEIGHT="31" CONTENT="de" WC="1.00" CC="00"/>
						<SP ID="P162_SP00239" HPOS="327" VPOS="1653" WIDTH="13"/>
						<String ID="P162_ST00273" HPOS="340" VPOS="1611" WIDTH="108" HEIGHT="31" CONTENT="efectos." WC="0.79" CC="04023600"/>
						<SP ID="P162_SP00240" HPOS="448" VPOS="1653" WIDTH="18"/>
						<String ID="P162_ST00274" HPOS="466" VPOS="1612" WIDTH="50" HEIGHT="29" CONTENT="Los" WC="0.78" CC="204"/>
						<SP ID="P162_SP00241" HPOS="516" VPOS="1653" WIDTH="17"/>
						<String ID="P162_ST00275" HPOS="533" VPOS="1611" WIDTH="146" HEIGHT="36" CONTENT="franceses," WC="0.80" CC="0357001010"/>
						<SP ID="P162_SP00242" HPOS="679" VPOS="1653" WIDTH="17"/>
						<String ID="P162_ST00276" HPOS="696" VPOS="1611" WIDTH="158" HEIGHT="31" CONTENT="careciendo" WC="0.88" CC="0100000306"/>
						<SP ID="P162_SP00243" HPOS="854" VPOS="1653" WIDTH="16"/>
						<String ID="P162_ST00277" HPOS="870" VPOS="1612" WIDTH="33" HEIGHT="30" CONTENT="de" WC="0.87" CC="02"/>
						<SP ID="P162_SP00244" HPOS="903" VPOS="1653" WIDTH="19"/>
						<String ID="P162_ST00278" HPOS="922" VPOS="1618" WIDTH="40" HEIGHT="24" CONTENT="lan" WC="0.72" CC="700"/>
						<SP ID="P162_SP00245" HPOS="962" VPOS="1653" WIDTH="15"/>
						<String ID="P162_ST00279" HPOS="977" VPOS="1614" WIDTH="133" HEIGHT="40" CONTENT="poderoso" WC="0.61" CC="06006665"/>
						<SP ID="P162_SP00246" HPOS="1110" VPOS="1654" WIDTH="11"/>
						<String ID="P162_ST00280" HPOS="1121" VPOS="1624" WIDTH="41" HEIGHT="20" CONTENT="ve" SUBS_TYPE="HypPart1" SUBS_CONTENT="vehículo" WC="1.00" CC="000"/>
						<HYP CONTENT="-"/>
					</TextLine>
					<TextLine ID="P162_TL00028" HPOS="137" VPOS="1668" WIDTH="1022" HEIGHT="44">
						<String ID="P162_ST00281" HPOS="137" VPOS="1669" WIDTH="88" HEIGHT="30" CONTENT="hículo" SUBS_TYPE="HypPart2" SUBS_CONTENT="vehículo" WC="0.55" CC="742156"/>
						<SP ID="P162_SP00247" HPOS="225" VPOS="1699" WIDTH="15"/>
						<String ID="P162_ST00282" HPOS="240" VPOS="1693" WIDTH="6" HEIGHT="10" CONTENT="," WC="1.00" CC="0"/>
						<SP ID="P162_SP00248" HPOS="246" VPOS="1703" WIDTH="26"/>
						<String ID="P162_ST00283" HPOS="272" VPOS="1668" WIDTH="136" HEIGHT="30" CONTENT="formaban" WC="0.64" CC="36063503"/>
						<SP ID="P162_SP00249" HPOS="408" VPOS="1703" WIDTH="33"/>
						<String ID="P162_ST00284" HPOS="441" VPOS="1678" WIDTH="155" HEIGHT="20" CONTENT="numerosas" WC="0.76" CC="505040040"/>
						<SP ID="P162_SP00250" HPOS="596" VPOS="1703" WIDTH="24"/>
						<String ID="P162_ST00285" HPOS="620" VPOS="1679" WIDTH="16" HEIGHT="30" CONTENT="y" WC="1.00" CC="0"/>
						<SP ID="P162_SP00251" HPOS="636" VPOS="1709" WIDTH="25"/>
						<String ID="P162_ST00286" HPOS="661" VPOS="1673" WIDTH="121" HEIGHT="26" CONTENT="eslensas" WC="0.77" CC="05034004"/>
						<SP ID="P162_SP00252" HPOS="782" VPOS="1709" WIDTH="16"/>
						<String ID="P162_ST00287" HPOS="798" VPOS="1669" WIDTH="127" HEIGHT="40" CONTENT="brigadas" WC="0.86" CC="30002022"/>
						<SP ID="P162_SP00253" HPOS="925" VPOS="1709" WIDTH="26"/>
						<String ID="P162_ST00288" HPOS="951" VPOS="1669" WIDTH="34" HEIGHT="31" CONTENT="de" WC="0.95" CC="01"/>
						<SP ID="P162_SP00254" HPOS="985" VPOS="1709" WIDTH="27"/>
						<String ID="P162_ST00289" HPOS="1012" VPOS="1671" WIDTH="147" HEIGHT="41" CONTENT="carruajes," WC="0.79" CC="0000750071"/>
					</TextLine>
					<TextLine ID="P162_TL00029" HPOS="139" VPOS="1724" WIDTH="1023" HEIGHT="41">
						<String ID="P162_ST00290" HPOS="139" VPOS="1725" WIDTH="98" HEIGHT="30" CONTENT="lirados" WC="0.87" CC="0000061"/>
						<SP ID="P162_SP00255" HPOS="237" VPOS="1755" WIDTH="26"/>
						<String ID="P162_ST00291" HPOS="263" VPOS="1725" WIDTH="64" HEIGHT="30" CONTENT="cada" WC="0.77" CC="0404"/>
						<SP ID="P162_SP00256" HPOS="327" VPOS="1755" WIDTH="31"/>
						<String ID="P162_ST00292" HPOS="358" VPOS="1735" WIDTH="51" HEIGHT="19" CONTENT="uno" WC="0.69" CC="044"/>
						<SP ID="P162_SP00257" HPOS="409" VPOS="1755" WIDTH="22"/>
						<String ID="P162_ST00293" HPOS="431" VPOS="1735" WIDTH="47" HEIGHT="30" CONTENT="por" WC="1.00" CC="000"/>
						<SP ID="P162_SP00258" HPOS="478" VPOS="1765" WIDTH="16"/>
						<String ID="P162_ST00294" HPOS="494" VPOS="1724" WIDTH="66" HEIGHT="30" CONTENT="ocho" WC="0.53" CC="4068"/>
						<SP ID="P162_SP00259" HPOS="560" VPOS="1765" WIDTH="21"/>
						<String ID="P162_ST00295" HPOS="581" VPOS="1725" WIDTH="85" HEIGHT="30" CONTENT="mulas" WC="0.89" CC="00500"/>
						<SP ID="P162_SP00260" HPOS="666" VPOS="1765" WIDTH="16"/>
						<String ID="P162_ST00296" HPOS="682" VPOS="1726" WIDTH="14" HEIGHT="28" CONTENT="ó" WC="0.38" CC="6"/>
						<SP ID="P162_SP00261" HPOS="696" VPOS="1765" WIDTH="17"/>
						<String ID="P162_ST00297" HPOS="713" VPOS="1725" WIDTH="119" HEIGHT="30" CONTENT="caballos" WC="0.68" CC="04700650"/>
						<String ID="P162_ST00298" HPOS="844" VPOS="1749" WIDTH="6" HEIGHT="11" CONTENT="," WC="0.84" CC="1"/>
						<SP ID="P162_SP00262" HPOS="850" VPOS="1765" WIDTH="28"/>
						<String ID="P162_ST00299" HPOS="878" VPOS="1725" WIDTH="132" HEIGHT="31" CONTENT="haciendo" WC="0.77" CC="30040603"/>
						<SP ID="P162_SP00263" HPOS="1010" VPOS="1765" WIDTH="19"/>
						<String ID="P162_ST00300" HPOS="1029" VPOS="1727" WIDTH="133" HEIGHT="31" CONTENT="cuotidia" SUBS_TYPE="HypPart1" SUBS_CONTENT="cuotidianamente" WC="0.74" CC="145710003"/>
						<HYP CONTENT="-"/>
					</TextLine>
					<TextLine ID="P162_TL00030" HPOS="138" VPOS="1780" WIDTH="1024" HEIGHT="45">
						<String ID="P162_ST00301" HPOS="138" VPOS="1786" WIDTH="121" HEIGHT="26" CONTENT="namente" SUBS_TYPE="HypPart2" SUBS_CONTENT="cuotidianamente" WC="0.96" CC="0000200"/>
						<SP ID="P162_SP00264" HPOS="259" VPOS="1812" WIDTH="17"/>
						<String ID="P162_ST00302" HPOS="276" VPOS="1791" WIDTH="34" HEIGHT="19" CONTENT="un" WC="1.00" CC="00"/>
						<SP ID="P162_SP00265" HPOS="310" VPOS="1812" WIDTH="16"/>
						<String ID="P162_ST00303" HPOS="326" VPOS="1780" WIDTH="66" HEIGHT="41" CONTENT="viaje" WC="1.00" CC="00000"/>
						<SP ID="P162_SP00266" HPOS="392" VPOS="1821" WIDTH="13"/>
						<String ID="P162_ST00304" HPOS="405" VPOS="1780" WIDTH="83" HEIGHT="31" CONTENT="desde" WC="0.81" CC="06100"/>
						<SP ID="P162_SP00267" HPOS="488" VPOS="1821" WIDTH="13"/>
						<String ID="P162_ST00305" HPOS="501" VPOS="1781" WIDTH="142" HEIGHT="31" CONTENT="Kamiesch" WC="0.78" CC="00040406"/>
						<SP ID="P162_SP00268" HPOS="643" VPOS="1821" WIDTH="15"/>
						<String ID="P162_ST00306" HPOS="658" VPOS="1781" WIDTH="25" HEIGHT="30" CONTENT="al" WC="0.61" CC="34"/>
						<SP ID="P162_SP00269" HPOS="683" VPOS="1821" WIDTH="12"/>
						<String ID="P162_ST00307" HPOS="695" VPOS="1781" WIDTH="99" HEIGHT="31" CONTENT="cuartel" WC="0.56" CC="0551864"/>
						<SP ID="P162_SP00270" HPOS="794" VPOS="1821" WIDTH="14"/>
						<String ID="P162_ST00308" HPOS="808" VPOS="1782" WIDTH="121" HEIGHT="40" CONTENT="general," WC="0.88" CC="00002060"/>
						<SP ID="P162_SP00271" HPOS="929" VPOS="1822" WIDTH="20"/>
						<String ID="P162_ST00309" HPOS="949" VPOS="1790" WIDTH="83" HEIGHT="34" CONTENT="punto" WC="0.70" CC="06701"/>
						<SP ID="P162_SP00272" HPOS="1032" VPOS="1824" WIDTH="11"/>
						<String ID="P162_ST00310" HPOS="1043" VPOS="1795" WIDTH="54" HEIGHT="30" CONTENT="que" WC="0.72" CC="034"/>
						<SP ID="P162_SP00273" HPOS="1097" VPOS="1825" WIDTH="22"/>
						<String ID="P162_ST00311" HPOS="1119" VPOS="1794" WIDTH="43" HEIGHT="21" CONTENT="era" WC="0.89" CC="110"/>
					</TextLine>
					<TextLine ID="P162_TL00031" HPOS="138" VPOS="1837" WIDTH="385" HEIGHT="41">
						<String ID="P162_ST00312" HPOS="138" VPOS="1838" WIDTH="120" HEIGHT="40" CONTENT="depósito" WC="0.65" CC="01069055"/>
						<SP ID="P162_SP00274" HPOS="258" VPOS="1878" WIDTH="12"/>
						<String ID="P162_ST00313" HPOS="270" VPOS="1837" WIDTH="42" HEIGHT="31" CONTENT="del" WC="1.00" CC="000"/>
						<SP ID="P162_SP00275" HPOS="312" VPOS="1878" WIDTH="17"/>
						<String ID="P162_ST00314" HPOS="329" VPOS="1845" WIDTH="194" HEIGHT="33" CONTENT="campamento." WC="0.81" CC="00604005030"/>
					</TextLine>
				</TextBlock>
				<TextBlock ID="P162_TB00006" HPOS="178" VPOS="1893" WIDTH="981" HEIGHT="46" STYLEREFS="TXT_1 PAR_CENTER">
					<TextLine ID="P162_TL00032" HPOS="180" VPOS="1894" WIDTH="979" HEIGHT="45">
						<String ID="P162_ST00315" HPOS="180" VPOS="1896" WIDTH="37" HEIGHT="28" CONTENT="En" WC="0.71" CC="05"/>
						<SP ID="P162_SP00276" HPOS="217" VPOS="1924" WIDTH="14"/>
						<String ID="P162_ST00316" HPOS="231" VPOS="1896" WIDTH="34" HEIGHT="27" CONTENT="fin" WC="0.99" CC="000"/>
						<String ID="P162_ST00317" HPOS="276" VPOS="1918" WIDTH="5" HEIGHT="11" CONTENT="," WC="1.00" CC="0"/>
						<SP ID="P162_SP00277" HPOS="281" VPOS="1929" WIDTH="16"/>
						<String ID="P162_ST00318" HPOS="297" VPOS="1894" WIDTH="56" HEIGHT="29" CONTENT="solo" WC="0.57" CC="2615"/>
						<SP ID="P162_SP00278" HPOS="353" VPOS="1929" WIDTH="15"/>
						<String ID="P162_ST00319" HPOS="368" VPOS="1895" WIDTH="107" HEIGHT="31" CONTENT="añadiré" WC="0.93" CC="1200000"/>
						<SP ID="P162_SP00279" HPOS="475" VPOS="1929" WIDTH="14"/>
						<String ID="P162_ST00320" HPOS="489" VPOS="1920" WIDTH="5" HEIGHT="11" CONTENT="," WC="1.00" CC="0"/>
						<SP ID="P162_SP00280" HPOS="494" VPOS="1931" WIDTH="30"/>
						<String ID="P162_ST00321" HPOS="524" VPOS="1906" WIDTH="61" HEIGHT="31" CONTENT="para" WC="0.98" CC="0000"/>
						<SP ID="P162_SP00281" HPOS="585" VPOS="1937" WIDTH="17"/>
						<String ID="P162_ST00322" HPOS="602" VPOS="1896" WIDTH="146" HEIGHT="30" CONTENT="demostrar" WC="0.66" CC="066268000"/>
						<SP ID="P162_SP00282" HPOS="748" VPOS="1937" WIDTH="17"/>
						<String ID="P162_ST00323" HPOS="765" VPOS="1896" WIDTH="24" HEIGHT="30" CONTENT="lo" WC="0.35" CC="65"/>
						<SP ID="P162_SP00283" HPOS="789" VPOS="1937" WIDTH="16"/>
						<String ID="P162_ST00324" HPOS="805" VPOS="1896" WIDTH="62" HEIGHT="31" CONTENT="bieu" WC="0.63" CC="6007"/>
						<SP ID="P162_SP00284" HPOS="867" VPOS="1937" WIDTH="13"/>
						<String ID="P162_ST00325" HPOS="880" VPOS="1897" WIDTH="155" HEIGHT="42" CONTENT="dispuestos" WC="0.70" CC="5170600700"/>
						<SP ID="P162_SP00285" HPOS="1035" VPOS="1939" WIDTH="22"/>
						<String ID="P162_ST00326" HPOS="1057" VPOS="1910" WIDTH="16" HEIGHT="29" CONTENT="y" WC="1.00" CC="0"/>
						<SP ID="P162_SP00286" HPOS="1073" VPOS="1939" WIDTH="14"/>
						<String ID="P162_ST00327" HPOS="1087" VPOS="1899" WIDTH="72" HEIGHT="31" CONTENT="ade-" WC="0.77" CC="0701"/>
					</TextLine>
				</TextBlock>
			</PrintSpace>
		</Page>
	</Layout>
</alto>
