1241 2180
565 132 181 28 162

147 208 48 20 nos
209 197 119 30 subimos
350 195 86 31 arriba
451 221 6 11 ,
478 206 14 31 y
506 206 47 21 nos
563 195 131 31 hallamos
707 206 52 31 que
776 195 142 31 sembrado
938 205 44 20 era
1004 205 32 20 en
1050 193 83 31 efeclo
1147 193 23 30 el

147 261 117 28 terreno,
279 264 63 30 pero
356 253 33 30 de
488 253 154 30 cadáveres.
659 255 48 28 Era
725 263 35 20 un
777 263 88 20 nuevo
880 252 162 31 cementerio
1055 261 52 31 que
1119 250 50 30 ha-

143 310 61 31 bían
219 309 88 31 tenido
320 320 51 29 que
388 309 78 30 hacer
486 308 83 30 desde
589 319 66 30 poco
670 309 97 40 tiempo
784 333 5 11 ,
807 317 64 32 para
885 313 119 25 enterrar
1021 307 39 30 los
1078 317 91 21 muer-

144 373 38 25 tos
209 377 51 31 que
277 366 152 31 resultaban
446 377 31 19 en
491 366 24 30 el
528 366 116 30 reciente
661 365 115 41 hospital
793 365 33 29 de
840 375 96 30 sangre
962 364 33 31 de
1013 364 23 30 la
1053 364 116 30 división

143 424 32 30 de
192 433 106 21 reserva
315 434 52 29 que
383 423 46 30 allí
445 432 75 22 cerca
547 422 92 31 estaba
654 421 156 41 acampada.

184 480 31 29 Al
230 485 69 24 eslar
318 489 75 20 cerca
406 479 24 30 el
441 484 182 36 campamento
638 504 5 11 ,
662 478 166 30 dudábamos
845 478 53 40 qué
911 478 105 30 camino
1030 476 135 32 debíamos

143 542 93 30 lomar,
255 547 66 30 pues
335 548 27 18 se
375 536 100 30 dividía
492 546 31 19 en
536 537 103 34 varios;
659 547 16 29 y
688 535 246 41 preguntándoselo
959 536 14 29 á
996 545 35 20 un
1043 534 122 36 soldado,

142 604 52 31 que
203 604 64 30 muy
278 603 75 20 cerca
369 592 32 30 de
415 598 120 24 nosotros
551 592 44 30 iba
611 617 6 10 ,
635 603 48 19 nos
700 592 54 41 dijo
766 603 53 30 que
835 592 168 30 cabalmente
1016 592 25 29 él
1056 602 28 19 se
1097 592 68 30 diri-

142 650 43 41 gía
208 651 13 29 á
248 660 33 19 un
299 654 80 35 punto
406 647 144 31 inmediato
565 647 42 31 del
624 648 101 30 cuartel
738 648 110 40 general
865 673 6 11 ,
901 658 16 31 y
933 658 48 20 nos
995 647 113 30 serviría
1132 647 33 31 de

142 708 60 39 guía
217 719 5 23 ;
242 716 47 31 por
303 706 24 29 lo
341 716 51 30 que
405 705 24 30 le
454 705 135 41 seguimos
604 730 5 10 ,
629 716 15 29 y
660 705 128 41 llegamos
804 706 40 29 sin
863 706 115 40 tropiezo
992 705 100 41 alguno
1114 705 50 31 allá

142 764 13 28 á
171 763 38 29 las
220 763 48 29 dos
279 763 78 29 horas
369 762 33 30 de
418 762 83 29 haber
514 762 84 30 salido
614 762 33 30 de
660 763 156 29 Kamiesch.

184 819 195 41 Sorprendente
395 828 43 20 era
455 819 22 29 el
492 819 78 40 golpe
581 818 32 30 de
627 819 67 29 vista
711 829 52 30 que
777 819 159 40 presentaba
949 819 24 29 el
985 828 178 31 campamen-

140 882 25 25 to
176 885 32 20 en
225 875 77 41 aquel
317 879 90 36 punto.
426 874 53 30 Allí
495 874 77 30 habia
584 874 127 41 apiñados
728 874 198 31 innumerables
942 874 166 41 pabellones,
1125 876 38 31 al-

140 931 134 42 bergando
291 932 23 29 la
342 931 150 30 oficialidad
513 931 33 30 de
573 931 97 31 Estado
683 933 102 40 Mayor,
802 933 14 29 á
826 932 69 40 jefes
920 931 33 31 de
980 933 154 40 ingenieros
1147 944 16 30 y

138 990 125 29 artillería
277 1014 5 10 ,
296 990 14 28 á
326 988 153 41 empleados
503 988 33 29 de
553 988 216 30 administración
786 1013 5 11 ,
807 990 14 28 á
845 990 164 29 comisiones
1025 990 137 40 eslranje-

138 1056 62 26 ras,
219 1056 16 30 y
252 1045 13 29 á
278 1045 22 29 la
313 1045 91 29 demás
418 1044 125 30 variedad
559 1044 33 29 de
609 1045 127 29 militares
750 1056 52 29 que
815 1045 97 30 rodean
926 1046 14 29 á
953 1056 34 19 un
1004 1046 109 40 general
1130 1057 31 20 en

133 1102 54 42 jefe
200 1112 31 20 en
248 1106 127 36 campaña
390 1126 6 10 ,
412 1103 15 28 ó
438 1111 32 20 en
484 1100 23 30 el
524 1100 229 31 establecimiento
769 1101 32 31 de
820 1112 34 20 un
871 1102 60 30 silio
955 1108 42 25 lan
1015 1102 145 41 grandioso

136 1169 76 21 como
228 1159 23 29 el
265 1158 32 30 de
311 1157 167 42 Sebaslopol.
497 1157 115 31 Además
628 1160 109 28 veíanse
754 1158 145 31 hacinados
915 1184 6 11 ,
941 1161 14 28 á
970 1160 115 40 grandes
1099 1170 62 20 can-

137 1215 101 31 tidades
253 1240 5 11 ,
275 1215 39 29 los
335 1215 149 29 necesarios
501 1215 98 30 efectos
615 1216 127 29 militares
756 1227 16 28 y
788 1216 33 29 de
832 1227 91 19 comer
937 1229 6 23 ;
972 1227 32 20 en
1031 1218 130 40 especia-

132 1271 71 30 lidad
232 1271 113 29 barriles
361 1270 33 30 de
407 1281 78 19 carne
500 1271 89 29 salada
601 1281 17 30 y
632 1271 33 29 de
680 1272 86 29 tocino
781 1296 5 10 ,
802 1272 107 40 cajones
924 1273 33 31 de
974 1274 99 40 galleta
1088 1299 7 11 ,
1110 1284 47 21 sa-

133 1338 44 20 cos
194 1327 32 29 de
241 1337 73 19 arroz
330 1351 5 10 ,
354 1336 75 20 sacas
440 1326 32 31 de
488 1327 57 30 café
558 1352 6 10 ,
582 1327 117 41 bocoyes
715 1328 33 30 de
759 1330 111 34 azúcar,
886 1340 17 30 y
915 1340 31 20 en
966 1340 52 20 una
1032 1331 122 40 palabra,

133 1383 40 31 los
186 1385 104 28 víveres
305 1384 107 40 propios
429 1393 62 31 para
507 1389 137 26 mantener
659 1384 24 30 el
701 1385 109 39 ejército
825 1396 31 19 en
874 1387 120 30 marcha.

175 1441 22 29 A
211 1440 24 30 la
247 1439 109 42 espalda
372 1450 28 19 se
417 1440 57 29 veía
490 1440 145 41 acampada
652 1441 24 29 la
692 1442 155 29 caballería.
863 1443 23 29 A
898 1442 61 31 todo
973 1449 57 25 esto
1043 1444 115 31 añádese

133 1505 52 22 aun
198 1509 5 16 :
231 1497 38 29 los
285 1495 139 41 telégrafos
440 1506 49 19 con
514 1507 46 18 sus
573 1497 170 39 gigantescos
755 1498 94 30 brazos
866 1498 183 33 funcionando
1066 1503 92 29 conti-

132 1558 142 26 nuamente
284 1577 6 10 ,
309 1553 24 29 la
346 1553 94 40 capilla
459 1562 62 31 para
535 1553 23 29 la
574 1553 168 31 celebración
758 1558 33 27 de
805 1555 25 31 la
843 1556 66 30 misa
925 1581 6 12 ,
950 1558 24 29 el
997 1558 114 42 hospital
1125 1559 33 31 de

131 1609 26 31 la
173 1609 114 30 división
300 1633 6 10 ,
326 1608 24 30 la
363 1619 60 20 casa
440 1611 14 27 ó
467 1609 85 30 cárcel
570 1619 63 31 para
650 1610 38 31 los
711 1611 138 31 detenidos
865 1637 6 10 ,
887 1614 115 39 pasados
1020 1626 16 30 y
1053 1617 105 40 prisio-

131 1675 78 21 neros
222 1690 6 11 ,
242 1675 17 31 y
272 1674 31 21 en
317 1667 35 27 fin
368 1674 63 32 para
446 1675 34 21 no
495 1665 96 42 fatigar
604 1669 14 28 ó
634 1667 99 31 hastiar
749 1669 24 29 al
791 1669 82 31 lector
885 1680 50 21 con
951 1681 52 21 una
1020 1673 136 30 nimiedad

131 1723 160 39 semejante,
320 1721 57 31 diré
402 1722 33 30 de
462 1732 51 21 una
542 1733 65 27 vez,
636 1735 53 30 que
719 1724 60 32 todo
805 1726 25 30 el
855 1728 126 40 conjunto
998 1729 118 31 formaba
1133 1730 25 29 el

130 1787 56 20 mas
211 1778 142 40 grandioso
379 1784 108 35 aspecto
514 1779 97 31 militar
634 1791 53 31 que
716 1782 87 41 puede
830 1783 24 30 la
875 1784 180 41 imaginación
1081 1796 73 21 con-

131 1834 83 31 cebir.

171 1893 37 29 La
219 1891 115 31 Guardia
346 1891 122 43 imperial
484 1893 68 32 daba
562 1894 24 30 el
600 1895 114 30 servicio
730 1906 32 20 en
775 1901 56 26 esle
848 1903 93 35 punto.
