1241 2180
561 139 161 27 14

127 207 26 31 el
177 206 127 41 gobierno
317 204 115 35 francés,
447 213 53 32 que
518 208 40 25 lan
574 202 71 31 buen
661 202 116 30 servicio
793 200 143 41 prestaban
953 208 48 32 por
1014 208 30 21 su
1062 197 94 32 mucha

127 262 155 43 capacidad.
303 263 108 38 Buques
424 260 33 30 de
471 270 56 20 mas
547 258 142 32 reducidas
706 258 181 30 dimensiones
900 257 33 30 de
955 255 76 31 todas
1042 255 39 30 las
1098 265 58 21 ma-

128 320 71 31 rinas
216 318 32 31 de
265 320 116 37 Europa,
401 317 117 30 también
534 327 28 19 se
578 316 77 29 veían
667 315 46 30 allí
724 313 178 32 contratados.

169 377 23 29 A
204 380 121 26 nosotros
337 384 48 21 nos
402 373 173 31 embarcaron
589 378 126 24 entonces
728 384 5 17 :
754 373 57 28 600
825 371 113 30 barriles
960 370 33 30 de
1017 369 140 31 cariuchos

128 432 34 30 de
184 432 74 35 fusil,
274 431 116 41 bocoyes
402 430 33 31 de
452 430 104 36 tabaco,
569 430 76 40 pipas
659 428 33 31 de
703 428 73 36 vino,
793 427 89 30 fardos
904 437 49 20 con
976 426 181 41 chaquetones

128 489 34 31 de
185 489 84 41 pieles
296 489 33 29 de
346 489 69 34 lana,
435 497 76 20 sacos
524 496 63 31 para
608 486 81 30 hacer
701 486 128 34 balerías,
859 494 91 21 arreos
963 493 64 32 para
1052 489 56 24 tren
1125 483 32 30 de

126 545 129 32 artillería
269 550 52 24 etc.
337 549 52 25 etc.
402 556 5 24 ;
423 543 134 30 debiendo
571 544 107 28 tomará
693 552 56 20 mas
767 544 56 28 400
842 539 156 32 individuos
1020 539 33 31 de
1070 544 85 37 (ropa,

128 612 53 29 que
194 612 28 20 se
236 601 173 31 embarcaron
422 601 13 30 á
450 599 178 31 úllimahora.

169 660 62 29 Esto
247 658 44 30 fué
307 658 23 30 el
343 660 37 27 30
397 657 33 30 de
446 656 110 31 octubre
572 655 33 31 de
619 657 79 29 1854
711 656 14 30 á
742 655 24 30 la
783 654 76 31 caída
874 654 33 31 de
919 654 24 30 la
959 653 83 31 tarde.
1070 654 88 40 Aquel

127 715 145 39 embarque
283 715 14 29 á
314 725 47 19 son
374 714 33 30 de
424 713 103 31 tambor
538 712 118 31 escilaba
669 712 24 31 el
707 712 173 31 entusiasmo.

169 772 87 30 Listos
269 771 23 30 al
307 781 151 24 oscurecer,
475 770 109 29 salimos
606 779 32 19 en
651 768 110 41 seguida
773 778 64 31 para
863 767 218 41 Constantinopla
1101 766 54 32 de-

129 827 100 29 biendo
242 827 80 29 hacer
335 826 87 30 escala
435 837 32 19 en
479 826 91 30 Malta.

169 886 112 28 Forzoso
297 884 44 30 fué
354 883 175 31 recomendar
544 884 13 29 á
570 883 25 29 la
611 888 73 35 tropa
698 882 23 30 la
736 892 92 31 mayor
840 881 161 42 precaución
1015 891 64 31 para
1092 881 65 30 evi-

126 946 41 25 tar
188 951 52 19 una
256 940 140 40 desgracia
406 950 48 20 con
472 940 24 29 la
509 939 109 41 pólvora
634 949 54 31 que
703 938 78 31 habia
798 937 169 36 embarcada,
994 937 163 42 prohibién-

127 997 75 30 doles
219 997 85 29 fumar
316 1007 31 19 en
362 996 23 30 el
402 1002 184 34 entrepuente.
605 997 35 28 La
657 1001 89 24 suerte
767 994 44 30 fué
827 1005 52 30 que
909 995 156 40 prefirieron
1086 1004 69 31 que-

127 1053 77 31 darse
220 1053 79 30 sobre
314 1052 134 31 cubierta:
477 1052 146 30 solamente
639 1052 39 29 los
696 1061 56 20 mas
768 1052 175 39 pusilánimes
965 1062 29 19 se
1017 1057 139 25 acostaron

127 1109 87 39 abajo.

167 1168 36 27 No
216 1177 28 18 se
255 1166 77 29 habia
347 1165 99 41 pasado
459 1174 51 21 aun
523 1174 51 21 una
588 1164 62 31 hora
666 1164 33 30 de
716 1169 106 26 nuestra
838 1163 85 31 salida
934 1165 105 29 cuando
1050 1173 34 32 ya
1097 1164 59 30 todo

126 1222 97 29 militar
239 1221 91 30 estaba
359 1221 136 30 acostado.
515 1222 36 28 La
579 1220 120 31 cubierta
726 1226 90 25 entera
844 1220 93 31 estaba
962 1220 139 31 obstruida
1125 1220 31 31 de

125 1288 112 31 cuerpos
254 1278 120 29 tendidos
387 1289 5 17 :
409 1288 33 19 no
454 1277 77 29 había
545 1288 48 29 por
608 1277 87 29 donde
707 1287 83 30 poner
803 1288 35 18 un
855 1278 59 40 pié;
930 1277 34 30 de
980 1287 107 21 manera
1105 1289 51 30 que

126 1335 54 30 casi
196 1345 47 20 nos
259 1335 118 29 veíamos
394 1333 152 40 precisados
562 1334 15 29 á
591 1333 83 31 andar
686 1344 48 29 por
748 1334 105 29 encima
866 1333 33 30 de
910 1334 77 30 ellos.

166 1394 37 28 No
219 1391 61 31 bien
298 1402 28 20 se
347 1401 67 31 supo
431 1401 32 20 en
479 1391 148 30 Barcelona
650 1401 52 30 que
718 1390 139 31 habíamos
882 1391 85 31 salido
981 1402 49 20 con
1047 1392 111 41 pólvora

126 1458 16 30 y
158 1453 73 35 tropa
247 1472 6 11 ,
282 1447 103 30 cuando
405 1447 108 41 alguien
543 1457 52 31 que
620 1447 142 40 supusiera
777 1446 25 31 lo
818 1448 155 39 arriesgado
989 1459 53 29 que
1065 1458 57 26 era,
1142 1460 16 29 y

126 1509 56 25 olro
204 1514 51 29 que
272 1503 25 29 lo
315 1504 78 29 temió
407 1527 6 12 ,
432 1513 29 19 se
484 1503 127 40 esparció
634 1503 23 29 la
682 1504 97 29 noticia
799 1514 53 30 que
874 1504 141 31 habíamos
1038 1505 97 31 volado
1149 1519 7 23 ;

126 1570 107 30 aunque
257 1570 28 19 se
302 1561 66 29 trató
394 1560 33 28 de
450 1560 129 29 ocultarlo
595 1560 14 29 á
626 1560 40 29 las
682 1560 115 30 familias
814 1571 52 30 que
890 1562 87 29 tenían
995 1563 133 40 parientes
1144 1564 14 29 á

126 1615 94 30 bordo.
237 1617 62 27 Esto
316 1615 99 30 motivó
431 1626 53 29 que
507 1615 105 30 cuando
628 1626 28 19 se
672 1616 132 30 recibiera
826 1617 24 30 la
873 1619 99 29 noticia
993 1618 33 31 de
1050 1625 108 25 nuesira

127 1671 60 31 feliz
201 1672 104 40 llegada
319 1673 13 29 á
347 1672 217 41 Constantinopla
579 1697 6 10 ,
605 1672 23 31 la
647 1673 139 41 publicara
803 1674 24 29 el
847 1675 112 30 «Diario
972 1676 33 31 de
1018 1677 91 31 avisos
1125 1677 33 31 de

126 1729 146 30 Barcelona
288 1753 6 11 ,
308 1742 13 14 »
336 1728 125 31 diciendo
475 1739 52 30 que
544 1729 24 30 lo
584 1729 76 30 hacia
676 1739 63 31 para
753 1731 168 31 satisfacción
938 1732 34 31 de
988 1733 40 31 las
1042 1734 116 31 familias

128 1784 164 30 interesadas
305 1809 6 11 ,
330 1785 160 30 confesando
507 1785 39 30 los
559 1796 120 20 rumores
695 1786 160 32 alarmantes
871 1799 53 31 que
940 1789 33 30 de
989 1797 123 25 nosotros
1128 1802 30 20 se

127 1840 97 30 habian
237 1839 159 39 divulgado.
