1241 2180
568 133 160 27 16

137 198 61 31 todo
219 207 56 21 mas
296 196 122 31 adelante
440 195 120 31 estrecha
583 193 112 32 amistad
719 203 49 21 con
792 202 51 21 una
868 191 101 32 familia
994 190 115 32 oriunda
1134 190 32 31 de

136 256 135 28 Menorca.

179 313 51 28 Los
247 310 116 31 oficiales
377 320 52 30 que
446 309 96 30 venian
558 310 15 29 á
585 307 85 32 bordo
687 332 7 13 ,
712 312 74 26 entre
799 306 40 31 los
851 306 91 31 cuales
959 306 80 30 habia
1053 305 113 41 algunos

137 367 42 31 del
197 366 90 31 estado
301 376 92 31 mayor
408 391 6 11 ,
433 366 124 30 fuéronse
571 367 13 28 á
598 366 79 29 tierra
693 365 14 29 á
723 374 107 31 pasear,
849 375 17 30 y
882 363 93 31 dieron
989 362 113 31 licencia
1115 363 16 30 á
1143 362 23 31 la

138 430 75 34 tropa
230 434 62 30 para
306 429 84 25 tomar
401 433 34 21 un
452 423 135 40 desahogo
605 422 116 31 también
739 433 47 29 por
802 422 25 30 la
843 421 111 31 ciudad.

180 481 30 29 El
225 481 132 40 siguiente
369 480 44 30 dia
426 480 96 30 ínterin
538 490 46 20 nos
598 480 169 40 proveíamos
783 478 33 31 de
832 477 100 32 carbón
944 488 16 31 y
973 487 80 30 agua,
1070 477 95 30 fuimos

138 543 123 25 nosolros
277 537 163 39 igualmente
452 538 15 29 á
484 537 48 29 dar
548 547 34 19 un
598 546 80 30 paseo
695 547 48 29 por
759 537 35 29 La
810 535 115 31 Valette.

179 596 61 28 Esta
257 593 140 41 población
410 604 28 20 es
455 593 94 30 blanca
564 604 5 18 :
589 604 45 19 sus
657 592 82 31 calles
755 592 22 30 si
794 592 61 30 bien
879 602 47 30 por
947 591 24 30 la
988 590 177 42 desigualdad

139 650 42 31 del
197 656 103 24 terreno
317 659 46 21 son
377 659 35 20 un
430 654 69 25 tanto
512 648 114 41 pesadas
640 673 5 12 ,
665 659 48 30 por
729 648 26 30 lo
767 648 92 30 demás
871 659 47 19 son
932 648 117 30 buenas:
1064 652 98 30 rectas,

139 707 62 30 bien
216 706 175 42 empedradas
407 718 17 30 y
441 707 116 41 limpias.
575 707 60 29 Aun
648 706 58 30 diré
722 718 5 18 :
744 715 59 21 esas
818 705 110 31 mismas
953 704 111 31 subidas
1081 715 17 30 y
1110 704 54 31 ba-

137 763 78 40 jadas
232 773 31 20 en
283 764 96 29 ciertas
400 764 118 28 stradas
535 773 52 30 que
604 763 74 29 están
693 761 149 31 adornadas
866 761 33 31 de
915 760 122 32 edificios
1050 785 5 12 ,
1075 760 50 31 dan
1142 760 23 32 al

139 820 125 39 conjunto
280 820 83 29 cierta
380 819 165 40 perspectiva
562 820 160 39 pintoresca.

181 877 50 28 Los
247 875 149 30 habitantes
412 885 79 31 pasan
508 886 49 31 por
573 886 64 30 muy
653 875 126 30 católicos
794 898 5 10 ,
816 885 64 30 pero
898 885 28 20 se
943 875 133 30 observan
1092 875 75 40 algu-

139 943 48 20 nos
203 937 155 26 contrastes.
375 933 126 30 Mientras
517 943 52 31 que
585 938 57 25 esta
655 942 60 21 raza
732 932 33 31 de
780 933 124 30 italianos
919 958 5 11 ,
944 933 109 41 griegos
1069 943 15 31 y
1102 933 65 30 ára-

138 990 49 30 bes
203 1001 28 19 se
247 996 116 24 muestra
378 991 24 29 la
418 990 83 30 mitad
518 991 33 29 de
567 990 52 30 ella
633 1015 5 11 ,
655 991 118 30 sensible
787 991 14 29 á
815 991 25 30 la
858 991 112 30 dulzura
982 1003 6 25 ;
1009 991 24 29 la
1047 996 56 25 olra
1120 991 47 29 mi-

142 1046 42 30 tad
203 1057 28 19 se
247 1046 134 40 distingue
396 1057 49 29 por
457 1057 31 19 su
507 1047 119 30 carácter
641 1046 138 31 iracundo.

182 1103 52 29 Las
247 1102 125 30 maltesas
388 1102 133 31 esconden
538 1113 46 19 sus
600 1103 103 40 gracias
719 1113 49 20 con
785 1112 52 21 una
859 1103 106 41 especie
982 1103 33 30 de
1031 1109 89 25 manto
1136 1102 32 31 de

141 1158 96 31 tafetán
255 1168 82 31 negro
351 1168 51 31 que
418 1158 39 31 las
474 1158 81 31 cubre
568 1164 190 25 enteramente.
779 1160 54 29 Con
851 1159 60 30 lodo
928 1165 121 25 ostentan
1064 1171 34 19 un
1112 1160 56 30 do-

141 1215 73 30 naire
228 1225 52 28 que
296 1215 142 30 embelesa.

184 1272 97 29 Conocí
297 1282 52 30 que
363 1282 31 19 en
411 1272 107 40 general
533 1272 39 30 los
586 1272 124 30 malteses
724 1272 111 42 abrigan
849 1273 83 31 cierto
949 1274 88 30 recelo
1050 1275 14 30 á
1078 1274 40 31 los
1131 1275 40 30 in-

142 1328 89 41 gleses
244 1339 45 19 sus
302 1328 188 30 dominadores
504 1353 6 11 ,
529 1339 17 30 y
569 1339 33 19 no
619 1328 25 30 lo
660 1328 88 41 puedo
761 1329 114 31 atribuir
891 1340 56 20 mas
959 1341 52 30 que
1025 1332 14 29 á
1053 1331 24 30 la
1094 1331 76 30 dife-

142 1389 73 25 rente
231 1383 111 41 religión
360 1395 52 30 que
425 1384 123 41 profesan
563 1409 6 11 ,
589 1395 16 30 y
621 1385 13 30 á
651 1395 53 31 que
721 1395 33 20 no
770 1385 105 41 pueden
892 1388 155 38 congeniar.

182 1440 145 31 Visitamos
343 1440 25 31 la
383 1440 95 42 iglesia
499 1441 33 30 de
554 1443 27 28 S.
601 1443 66 28 Juan
683 1466 6 10 ,
706 1451 68 31 cuyo
795 1443 154 39 pavimento
961 1443 34 31 de
1011 1445 119 31 mosaico
1142 1455 29 21 es

143 1506 60 21 cosa
220 1499 150 38 magnífica.
391 1498 32 29 Al
447 1504 88 24 enlrar
551 1508 32 20 en
600 1503 54 25 esla
678 1498 110 31 basílica
805 1524 5 11 ,
838 1510 53 30 que
914 1510 32 20 en
967 1512 30 20 su
1015 1503 112 29 eslerior
1143 1513 28 20 se

144 1559 122 34 presenta
280 1554 33 29 de
329 1554 118 30 modesta
464 1555 153 40 apariencia
631 1579 7 12 ,
653 1565 28 20 se
698 1555 84 31 siente
799 1566 52 20 uno
871 1556 138 31 fascinado
1026 1559 15 29 á
1058 1559 23 30 la
1104 1559 67 31 visla

145 1608 43 31 del
205 1609 54 40 lujo
276 1620 51 30 que
344 1611 118 30 encierra
479 1621 29 19 su
527 1611 118 30 interior.
665 1613 52 29 Los
729 1611 115 31 adornos
860 1637 5 11 ,
883 1613 121 40 pinturas
1019 1639 6 9 ,
1044 1616 128 30 escultu-

143 1674 44 21 ras
202 1675 17 30 y
235 1666 116 30 mosaico
368 1667 72 30 están
454 1666 45 31 allí
515 1676 48 21 con
582 1666 147 41 profusión.
750 1669 34 28 Se
801 1678 51 20 ven
869 1669 125 31 multitud
1011 1670 33 32 de
1060 1682 111 21 mauso-

143 1720 57 31 leos
216 1721 32 30 de
264 1721 39 31 los
319 1722 123 42 antiguos
458 1722 149 31 caballeros
621 1747 7 13 ,
652 1734 15 30 y
685 1729 71 25 otros
772 1726 156 40 personajes
954 1727 33 31 de
1012 1728 156 33 distinción.

146 1776 100 41 Debajo
262 1777 43 30 del
321 1778 66 30 altar
403 1788 92 31 mayor
510 1789 32 19 en
560 1789 33 19 un
611 1780 173 30 subterráneo
799 1805 6 11 ,
821 1780 51 42 hay
889 1781 48 32 dos
957 1784 107 31 tumbas
1079 1786 24 30 al
1121 1797 51 21 es-

145 1833 46 31 tilo
208 1833 33 30 de
263 1834 24 29 la
302 1834 67 30 edad
385 1835 87 30 media
488 1860 6 11 ,
521 1847 52 29 que
598 1847 47 19 son
669 1836 33 30 de
724 1836 40 31 los
787 1837 70 31 Gran
881 1840 128 31 Maestres
1031 1842 110 32 Villiers
1157 1855 15 30 y

148 1891 144 31 Lavalelte.
314 1893 51 29 Sus
380 1894 99 39 figuras
504 1893 33 31 de
565 1898 102 26 tamaño
684 1895 103 29 natural
802 1919 5 10 ,
834 1895 33 31 de
894 1898 111 31 mármol
1024 1911 16 29 y
1057 1901 112 39 bronce,
