1241 2180
574 116 160 28 32

145 182 105 32 currido
266 192 48 31 por
329 181 105 40 buques
449 184 148 26 mercantes
613 179 33 29 de
664 178 72 30 todas
758 178 127 29 naciones
897 201 6 11 ,
928 174 125 32 llenando
1069 180 96 25 cuanto

145 250 44 21 era
200 239 104 42 posible
320 239 39 29 los
376 236 174 31 fondeaderos
564 262 6 10 ,
588 247 16 30 y
621 246 33 21 no
670 245 49 32 por
731 240 57 25 esto
804 234 115 40 dejaban
935 234 34 30 de
986 244 77 19 verse
1077 234 90 29 infini-

145 302 38 25 tos
205 306 56 20 mas
272 319 5 11 ,
298 305 67 19 unos
381 304 49 20 con
443 305 45 19 sus
505 293 72 29 velas
593 290 179 43 desplegadas
786 317 6 9 ,
811 296 71 25 otros
899 289 157 40 navegando
1073 290 14 29 á
1100 300 67 19 mer-

144 351 48 32 ced
208 351 32 31 de
257 351 23 30 la
302 350 130 31 corriente
447 374 6 11 ,
473 361 15 29 y
501 355 70 24 otros
592 347 166 31 remolcados
774 357 50 31 por
839 345 115 42 grandes
971 355 113 31 vapores
1101 346 14 30 á
1131 347 35 29 fin

145 409 32 29 de
192 408 123 30 abreviar
330 408 38 30 las
387 409 126 29 travesías
529 407 13 30 á
559 405 39 31 los
625 415 52 30 que
694 404 62 30 iban
772 402 129 42 cargados
928 413 49 20 con
1006 402 104 42 objetos
1134 402 33 31 de

145 475 55 20 mas
213 465 138 39 urgencia.

186 523 92 29 Frente
295 521 149 41 Top-Haná
457 545 5 11 ,
481 521 93 29 Beicos
601 531 15 29 y
639 520 113 40 Terapia
764 543 7 11 ,
790 517 150 43 reposaban
960 516 142 31 inmóviles
1118 517 47 30 al-

145 587 83 30 gunos
244 577 32 30 de
288 577 39 30 los
339 578 93 29 navios
449 576 33 30 de
498 576 38 30 las
551 576 157 30 escuadras.

186 635 50 29 Los
250 643 111 31 vapores
379 638 69 25 tanto
461 633 32 30 de
507 642 96 31 guerra
614 643 76 20 como
707 637 147 25 mercantes
871 642 28 19 se
911 630 133 31 cruzaban
1061 631 39 29 sin
1117 641 49 20 ce-

145 700 42 20 sar
200 715 6 10 ,
224 690 39 30 los
280 701 65 19 unos
362 689 125 31 llevando
510 694 88 36 tropas
611 714 7 10 ,
636 689 169 40 provisiones
822 690 13 28 ó
852 687 120 31 material
989 712 6 11 ,
1012 698 17 30 y
1040 687 40 30 los
1097 693 69 25 otros

146 747 126 40 trayendo
286 747 38 29 los
337 747 107 29 heridos
457 747 14 29 á
488 746 38 29 los
538 746 145 40 hospitales
695 746 33 29 de
743 745 219 41 Constantinopla
980 755 15 31 y
1009 745 115 30 Scútari.

186 804 27 29 Si
227 814 28 19 se
270 803 61 40 baja
353 803 23 28 la
392 803 67 29 vista
475 812 32 19 en
530 802 79 40 aquel
633 802 75 30 canal
724 826 5 10 ,
757 812 28 19 se
801 803 32 28 vé
850 802 112 29 rebullir
977 801 24 30 la
1026 802 142 40 superficie

145 859 41 30 del
210 869 67 30 agua
296 869 47 31 por
359 859 23 29 la
399 858 88 31 fuerza
513 858 32 30 de
562 858 22 30 la
602 859 141 30 corriente.
772 859 27 30 Si
824 869 28 20 se
875 858 104 31 levanta
1006 869 32 19 en
1051 858 23 30 el
1099 858 67 37 aire,

144 926 28 20 se
188 926 49 20 ven
259 924 110 32 gruesas
389 914 136 31 bandadas
548 914 33 31 de
603 914 194 41 blanquecinos
820 916 107 40 pájaros
941 941 6 10 ,
973 915 132 31 haciendo
1117 925 49 21 con

145 982 44 19 sus
214 970 190 42 acompasados
421 971 92 30 vuelos
526 996 6 11 ,
548 971 107 41 rápidas
672 982 17 30 y
705 971 61 30 bien
780 971 174 30 combinadas
981 972 185 36 evoluciones,

144 1039 74 19 como
229 1038 63 30 para
305 1028 114 29 adornar
432 1028 39 29 los
486 1029 122 39 espacios
621 1041 6 22 ;
651 1029 38 28 así
702 1039 76 19 como
795 1029 40 29 los
847 1029 113 29 delfines
973 1029 127 30 corlando
1113 1039 55 20 ve-

145 1085 71 30 loces
229 1085 23 29 la
268 1085 130 30 corriente
412 1109 5 10 ,
432 1084 116 30 adornan
562 1085 23 29 la
599 1086 142 40 superficie
753 1085 32 31 de
798 1085 122 41 aquellas
933 1085 128 32 azuladas
1078 1097 16 31 y
1107 1097 61 31 pro-

145 1140 95 31 fundas
255 1150 95 31 aguas.

187 1196 72 30 Todo
276 1196 144 40 sorprende
433 1196 21 30 la
474 1197 113 40 primera
605 1208 45 20 vez
666 1208 52 31 que
738 1209 28 20 se
784 1209 62 30 pasa
863 1205 55 24 este
931 1200 180 41 privilegiado
1127 1211 41 20 es-

147 1252 97 31 trecho.
261 1253 120 30 Confieso
398 1258 155 36 queesluve
569 1254 140 30 embebido
736 1266 30 19 en
785 1266 30 19 su
832 1256 224 41 contemplación.

187 1309 21 29 A
231 1309 37 29 las
282 1308 46 30 dos
350 1308 33 30 de
400 1309 24 29 la
442 1309 72 30 larde
531 1316 132 24 enlramos
685 1322 32 19 en
735 1311 23 31 el
780 1314 56 28 Mar
851 1314 85 39 Negro
951 1325 5 18 :
975 1314 142 30 eslrañaba
1135 1325 31 19 no

145 1375 46 19 ver
207 1375 31 19 en
252 1365 25 30 él
293 1375 55 19 mas
364 1376 51 29 que
432 1375 67 30 agua
515 1366 60 30 azul
587 1377 76 20 como
679 1377 32 21 en
728 1368 24 30 el
769 1368 123 31 Occéano
907 1394 5 11 ,
932 1381 64 29 pero
1010 1371 24 29 al
1051 1371 119 41 siguien-

147 1426 23 25 te
182 1421 43 30 dia
242 1431 32 30 ya
291 1426 114 26 locamos
422 1421 24 31 la
459 1432 77 21 razón
552 1422 33 31 de
598 1423 120 31 llamarle
739 1435 83 30 negro
835 1438 6 17 :
868 1426 182 32 cubriéndose
1064 1428 24 30 el
1100 1428 67 31 cielo

145 1486 48 20 con
210 1476 96 31 densos
320 1477 163 31 nubarrones
494 1480 137 29 comunica
644 1480 24 29 al
686 1490 67 30 agua
776 1492 35 19 un
825 1482 63 30 tinte
903 1493 98 22 oscuro
1013 1495 50 20 con
1080 1485 25 30 el
1117 1495 52 20 re-

145 1532 60 40 flejo
217 1556 6 9 ,
243 1542 60 20 cosa
316 1543 52 30 que
381 1558 6 12 ,
406 1544 46 30 por
463 1533 157 32 observarse
636 1546 50 20 con
701 1537 97 40 alguna
815 1537 151 33 frecuencia
980 1565 6 11 ,
1006 1541 44 30 dio
1063 1541 105 30 funda-

146 1594 86 24 mento
248 1589 13 29 á
278 1599 51 30 que
345 1588 75 32 fuese
436 1589 114 31 llamado
565 1592 56 29 Mar
636 1593 96 38 Negro.

187 1645 50 30 Los
250 1645 116 30 oficiales
378 1645 134 30 franceses
530 1656 32 30 ya
578 1657 32 20 no
626 1647 62 31 iban
704 1659 49 20 con
770 1650 24 30 la
810 1652 94 29 misma
918 1653 100 41 alegría
1032 1654 33 31 de
1078 1660 85 26 antes.

146 1703 35 27 La
196 1700 184 41 probabilidad
393 1712 53 29 que
459 1702 109 30 locaban
581 1703 33 31 de
628 1709 72 26 tener
716 1716 52 30 que
780 1707 125 32 invernar
920 1712 163 40 acampados
1095 1723 33 20 en
1143 1713 23 30 la

146 1757 104 30 Crimea
264 1780 6 11 ,
286 1757 160 39 perturbaba
463 1769 31 19 su
509 1758 188 41 imaginación.

188 1812 29 29 El
244 1824 11 13 «
266 1812 110 30 Tharsis
388 1837 5 11 ,
408 1826 11 15 »
437 1814 169 32 meciéndose
629 1815 167 35 dulcemente
811 1845 6 10 ,
842 1824 103 38 rompía
962 1824 39 32 las
1027 1826 141 34 fosfóricas
