1241 2180
500 125 182 29 131

81 185 120 31 cubierto
222 188 54 29 casi
292 197 32 20 en
345 187 59 30 loda
421 199 30 18 su
468 188 134 30 estension
619 188 95 30 visible
725 213 6 12 ,
749 199 48 30 por
813 188 24 31 la
850 188 93 32 blanca
956 189 98 30 sábana
1070 188 33 32 de

80 254 66 30 pura
166 243 87 31 nieve.
268 243 83 31 Tenia
366 244 79 41 aquel
462 244 99 30 cuadro
588 244 23 30 el
628 250 107 35 aspecto
759 244 32 31 de
807 255 34 20 un
860 247 106 40 páramo
985 245 32 31 de
1033 246 70 30 triste

80 299 229 41 contemplación;
339 310 52 20 uno
413 300 37 31 de
477 311 60 20 esos
563 300 113 31 cuadros
692 311 53 31 que
768 301 151 41 despiertan
941 312 32 19 en
989 302 23 29 el
1035 302 68 29 alma

80 367 122 29 amargas
219 359 168 29 reflexiones.

121 414 222 37 Efectivamente,
360 425 32 20 en
409 414 60 31 lodo
481 416 25 28 lo
520 425 51 30 que
582 414 142 31 alcanzaba
746 415 23 30 la
784 416 65 30 vista
863 416 73 31 hacia
951 427 51 19 uno
1020 427 14 30 y
1047 421 56 25 olro

79 470 77 37 lado,
175 473 91 29 veíase
281 472 107 41 aquella
410 471 99 31 sábana
531 471 118 31 cubierta
666 472 32 30 de
721 472 103 30 tiendas
840 472 32 30 de
896 477 127 36 campaña
1038 496 7 12 ,
1070 471 34 31 de

78 527 127 31 barracas
222 539 14 30 y
250 528 33 30 de
297 534 137 35 pequeñas
457 529 94 30 chozas
565 528 154 41 esparcidas
735 529 39 29 sin
789 530 105 39 arreglo
909 530 114 39 alguno,
1041 539 63 30 apa-

78 585 127 30 reciendo
221 596 75 19 como
314 585 122 30 variados
452 585 113 30 túmulos
577 585 180 41 sepulcrales;
771 596 16 30 y
802 586 126 40 conliguo
944 586 13 30 á
971 596 44 19 ese
1030 585 74 31 fúne-

78 642 50 31 bre
144 649 107 34 aparato
263 655 28 18 se
310 644 181 41 prolongaban
509 644 39 29 las
561 649 119 24 eslensas
696 644 98 29 hileras
807 644 33 29 de
851 654 85 19 armas
948 649 108 36 puestas
1072 655 32 19 en

79 700 158 41 pabellones
251 725 5 7 .
274 701 145 39 reflejando
441 712 46 18 sus
498 700 61 30 bien
575 700 195 41 pulimentados
783 706 114 24 cañones
911 701 38 29 los
966 701 138 39 vesperti-

79 767 49 19 nos
144 766 78 30 rayos
233 756 43 30 del
292 762 70 24 astro
379 756 141 30 luminoso.
538 757 26 29 Sí
579 781 6 10 ,
603 756 78 40 aquel
700 766 140 31 panorama
857 756 73 30 hacia
945 767 47 29 por
1009 756 94 39 preci-

79 813 58 29 sión
151 823 97 30 pensar
261 823 48 19 con
326 812 23 30 el
361 812 69 30 fruto
443 812 157 30 malhadado
614 823 52 30 que
681 812 79 30 debia
777 812 113 30 resultar
903 812 32 30 de
954 817 40 24 lan
1012 812 90 30 obsti-

79 868 69 31 nada
167 868 92 36 lucha;
275 868 76 30 lucha
366 879 51 30 que
434 869 132 29 mantenía
590 874 140 34 arrogante
746 869 23 29 el
783 869 82 30 honor
878 868 32 30 de
924 868 38 30 las
978 869 124 30 naciones

80 936 56 20 mas
150 926 142 39 engreídas
305 936 33 19 en
352 926 22 29 el
389 926 99 29 mundo
504 925 33 30 de
553 936 30 19 su
597 925 91 40 poder.

122 983 154 30 Arrobados
292 988 122 25 nueslros
425 993 141 20 corazones
580 993 46 30 por
640 983 24 29 la
680 983 137 29 sensación
831 982 33 31 de
881 994 33 18 un
926 983 84 29 triste
1022 988 81 24 entu-

78 1040 124 35 siasmo,
217 1038 154 31 filtrándose
387 1049 31 20 en
433 1044 122 24 nueslros
567 1038 75 30 oídos
658 1038 24 30 el
699 1039 156 40 estrepitoso
871 1038 163 31 bombardeo
1050 1050 15 29 y
1078 1039 25 30 el

78 1096 100 30 silbido
205 1096 33 30 de
255 1096 38 30 las
316 1095 75 30 balas
403 1120 5 10 ,
438 1104 48 20 nos
503 1095 118 40 pusimos
647 1095 14 29 á
687 1094 148 41 despachar
850 1100 106 25 nuestro
973 1095 129 30 culinario

78 1152 132 31 cometido
222 1164 4 17 :
247 1153 13 28 á
277 1161 79 32 pesar
371 1151 42 30 del
430 1151 190 40 recogimiento
636 1150 33 30 de
699 1151 111 41 espíritu
825 1176 6 11 ,
861 1151 24 30 el
902 1150 81 31 haber
998 1151 104 30 andado

76 1215 72 25 tanto
161 1220 49 19 nos
226 1209 79 29 habia
321 1208 102 30 abierto
440 1208 24 29 el
479 1208 107 39 apetito.

119 1268 36 29 La
181 1265 103 32 comida
300 1265 139 40 arreglada
456 1275 48 31 por
520 1264 143 31 rancheros
676 1290 6 11 ,
708 1275 16 30 y
741 1265 85 40 sujeta
850 1266 13 29 á
881 1264 38 31 las
936 1265 166 40 privaciones

76 1335 52 30 que
143 1329 123 35 présenla
283 1323 22 30 el
321 1328 184 36 campamento
517 1321 33 31 de
563 1333 34 19 un
611 1322 60 30 silio
682 1347 6 10 ,
705 1333 32 19 no
748 1322 76 41 podia
838 1332 43 21 ser
891 1347 5 11 ,
912 1322 190 41 comprenderá

76 1380 154 40 cualquiera
244 1404 6 10 ,
270 1384 42 24 lan
332 1378 88 30 lucida
436 1388 75 20 como
525 1377 72 31 fuera
622 1383 141 25 menester.
785 1378 45 30 Sin
845 1377 141 41 embargo,
1002 1388 33 19 no
1049 1387 53 21 ca-

75 1436 73 31 reció
164 1435 33 31 de
216 1441 169 34 compostura
404 1446 16 29 y
433 1435 152 29 suficiencia
599 1446 5 17 :
629 1434 33 29 he
678 1434 33 29 de
728 1434 120 29 confesar
864 1444 51 30 que
932 1444 46 19 nos
992 1433 108 41 dejaron

76 1491 168 33 satisfechos.
275 1492 206 29 Primeramente
504 1501 27 18 se
559 1490 81 30 sirvió
667 1499 52 20 una
735 1490 87 29 buena
839 1500 78 30 sopa:
936 1489 113 40 seguido
1065 1500 35 20 un

74 1551 73 41 plato
160 1550 33 30 de
205 1559 80 20 carne
301 1548 119 31 estofada
433 1573 6 10 ,
456 1558 63 31 pero
536 1557 51 31 que
603 1557 33 20 no
653 1547 71 29 hubo
741 1546 86 31 medio
839 1547 32 30 de
885 1547 94 40 probar
992 1558 47 29 por
1050 1557 50 20 es-

75 1613 39 25 lar
124 1618 32 19 en
172 1612 116 24 estremo
301 1604 89 31 salada
407 1629 6 11 ,
432 1605 14 29 á
459 1604 99 30 motivo
570 1603 33 31 de
618 1614 32 19 no
666 1603 108 31 haberle
785 1602 94 32 sabido
891 1609 100 25 eslraer
1002 1603 23 30 la
1039 1603 61 31 sal-

74 1674 92 21 muera
178 1674 32 20 en
227 1674 53 30 que
294 1662 91 31 estaba
401 1661 76 30 hacía
503 1666 51 24 Ires
570 1660 58 30 dias
640 1672 5 17 :
668 1660 25 29 lo
709 1670 202 31 compensamos
921 1671 47 19 con
983 1670 34 20 un
1031 1660 70 30 buen

73 1721 114 42 guisado
200 1720 33 30 de
250 1729 82 32 papas
344 1729 52 29 que
409 1728 28 20 se
448 1717 83 31 sirvió
553 1717 127 40 después.
697 1717 67 29 Vino
782 1727 46 29 por
842 1722 75 24 turno
931 1716 108 30 bacalao
1052 1727 48 19 con

74 1779 69 32 salsa
157 1804 6 11 ,
182 1789 52 30 que
257 1788 47 30 por
319 1776 124 30 adolecer
468 1774 42 31 del
529 1775 94 29 mismo
636 1773 104 31 deséelo
753 1773 33 31 de
803 1773 22 30 la
842 1783 79 21 carne
937 1783 33 20 no
987 1784 28 19 se
1029 1772 71 42 pudo

73 1847 88 21 comer
174 1861 6 10 ,
200 1845 63 32 pero
290 1835 23 30 sí
330 1844 47 20 nos
393 1833 160 30 deleitamos
572 1842 48 19 con
645 1841 79 20 carne
748 1840 32 21 en
802 1840 129 21 conserva
945 1855 5 11 ,
979 1836 62 25 atún
1067 1840 33 21 en

73 1894 98 34 aceite,
199 1903 16 29 y
232 1902 32 19 en
288 1891 106 30 último
410 1888 124 31 servicio
559 1887 134 30 salsichon
720 1887 33 30 de
776 1887 109 29 Boloña.
915 1888 65 29 Para
997 1892 103 36 postres
