1241 2180
586 121 161 28 40

154 184 127 37 cesando,
299 190 108 25 nuestro
417 185 88 30 ánimo
520 184 120 31 buscaba
651 195 48 19 con
712 194 51 31 que
774 184 137 40 alegrarse
927 184 34 28 de
977 192 97 20 vernos
1090 180 90 31 libra-

153 242 47 30 dos
216 243 14 29 á
248 247 40 25 tan
306 250 64 32 poca
386 245 71 26 costa
480 240 33 31 de
525 240 79 41 aquel
627 240 107 31 vaivén.
761 241 36 28 No
821 239 139 30 habíamos
977 238 103 30 sufrido
1097 238 83 31 lesión

152 298 109 40 alguna,
276 298 55 29 solo
345 308 106 31 romper
463 307 128 20 amarras.
606 296 178 31 Pensábamos
799 305 44 32 ya,
861 295 145 41 conseguir
1016 295 25 30 al
1062 295 118 40 siguien-

153 360 24 24 te
193 355 55 34 dia,
264 354 63 30 salir
342 354 43 30 del
403 354 60 30 lodo
479 355 13 29 á
508 356 72 28 flote.

194 411 21 29 A
230 410 24 30 la
266 410 94 36 noche,
389 410 103 31 cuando
518 410 61 30 vino
602 410 24 30 el
648 410 104 40 capitán
769 409 33 30 de
818 409 24 30 la
859 410 139 39 compañía
1022 409 33 29 de
1072 409 106 31 Lassala

153 476 61 32 para
232 467 99 30 dormir
347 468 14 30 á
376 467 84 31 bordo
474 477 62 26 aun,
552 472 127 36 supuesto
695 476 51 31 que
760 466 24 30 la
801 471 75 36 tropa
887 466 74 30 hasta
973 476 47 30 por
1034 465 22 31 la
1070 471 108 26 mañana

152 534 34 20 no
213 525 78 40 podía
307 524 121 30 marchar
443 524 25 30 al
496 529 199 36 campamento;
711 524 97 30 viendo
824 534 53 31 que
893 523 129 42 ignoraba
1039 523 25 31 la
1080 523 98 31 deser-

152 581 60 29 ción
228 580 32 30 de
272 581 119 35 Lassala,
410 591 27 19 se
448 581 25 29 lo
490 581 188 40 participamos
701 580 192 41 esponiéndole
910 590 62 30 que,
992 590 75 20 como
1084 580 25 30 lo
1125 580 53 30 ha-

152 636 61 30 bían
228 636 128 31 seducido
368 647 48 20 con
430 636 100 31 buenas
545 636 123 41 palabras
680 636 39 31 los
732 636 33 31 de
780 636 97 37 bordo,
894 648 16 30 y
927 647 52 31 que
992 643 186 35 seguramente

152 692 24 31 el
203 693 132 41 siguiente
356 693 43 31 dia
423 703 28 21 se
467 692 111 31 hubiera
594 693 113 31 reunido
734 694 13 30 á
764 693 24 30 la
813 695 152 40 compañía,
981 694 24 30 le
1030 693 147 42 perdonase

152 749 79 41 aquel
244 749 92 31 desliz.
353 751 36 29 Le
405 750 169 41 propusimos
591 750 116 30 también
719 760 52 31 que
788 750 24 30 le
828 750 181 30 llamaríamos
1025 752 13 29 á
1055 751 25 29 la
1092 752 85 29 cáma-

151 814 29 21 ra
190 806 39 29 sin
246 806 99 29 decirle
355 816 52 30 que
423 806 24 29 él
460 806 134 29 estuviese
609 816 49 20 con
672 812 132 29 nosotros,
823 816 63 31 para
904 817 47 20 ver
963 818 53 30 que
1027 808 77 40 papel
1121 808 56 30 ba-

151 862 51 35 ria,
221 861 127 30 sabiendo
362 862 24 29 lo
399 862 94 29 truhán
508 872 51 29 que
576 871 55 20 era.

194 918 120 30 Convino
329 928 31 19 en
389 918 60 29 todo
465 928 48 30 por
529 918 211 41 complacernos,
756 918 175 41 agradecido,
949 929 77 21 como
1041 919 66 42 dijo,
1126 931 50 31 que

152 974 91 31 estaba
256 974 24 31 al
298 980 65 25 trato
380 985 50 31 que
444 975 38 30 les
496 975 137 31 habíamos
649 976 14 30 á
679 975 75 31 todos
770 975 174 41 dispensado.

193 1032 55 29 Van
262 1032 14 28 á
289 1030 72 31 decir
376 1032 14 29 á
407 1031 107 30 Lassala
531 1041 51 31 que
596 1031 22 31 el
633 1032 104 41 capitán
751 1032 42 30 del
806 1043 82 30 vapor
900 1034 24 29 le
941 1034 80 30 llama
1038 1045 63 30 para
1123 1045 53 21 en-

151 1087 120 40 cargarle
285 1087 111 40 algunos
420 1087 187 41 desempeños.
627 1089 124 29 Nosotros
773 1089 151 31 estábamos
940 1090 128 32 reunidos
1084 1091 92 31 dentro

151 1143 25 29 la
192 1144 103 29 cámara
312 1144 23 28 al
350 1143 113 30 rededor
477 1144 33 29 de
526 1144 24 29 la
563 1144 100 31 estufa:
683 1144 97 41 bajaba
796 1146 24 30 él
848 1146 24 31 la
889 1147 130 36 escalera,
1035 1148 141 31 satisfecho

151 1199 33 30 de
195 1200 86 29 servir
295 1200 23 29 al
331 1200 103 41 capitán
447 1200 43 30 del
508 1211 81 31 vapor
603 1213 15 29 y
632 1213 63 30 muy
709 1212 85 31 ageno
807 1203 42 30 del
861 1205 98 30 chasco
975 1216 52 30 que
1039 1206 24 30 le
1076 1216 99 31 aguar-

150 1255 68 31 daba
230 1268 5 18 :
256 1266 31 30 ya
298 1255 55 38 iba,
371 1256 24 30 al
412 1267 82 31 poner
510 1258 23 30 el
552 1259 41 40 pié
609 1259 94 30 dentro
723 1260 24 29 la
764 1261 116 35 cámara,
896 1263 15 29 á
922 1263 114 30 talarear
1051 1275 35 18 un
1104 1266 72 29 Vau-

150 1310 98 33 deville
262 1321 62 32 para
337 1312 125 41 lisonjear
478 1323 48 20 con
544 1314 151 31 truhanería
712 1327 31 18 su
756 1327 88 20 nuevo
861 1327 70 27 amo,
950 1320 145 30 cuando...
1123 1321 53 39 ¡Oh

151 1368 169 41 superchería
337 1378 56 20 mas
408 1370 132 30 refinada!
556 1381 33 19 ve
606 1372 21 28 sí
644 1371 23 30 al
684 1372 117 41 capitán,
831 1384 64 30 pero
911 1375 265 41 desgraciadamente

149 1436 29 20 es
194 1426 24 30 el
234 1425 33 30 de
282 1437 32 18 su
329 1428 153 39 compañía:
502 1437 28 20 se
546 1428 111 40 agacha,
675 1439 29 20 se
719 1440 66 30 coge
810 1430 24 30 la
851 1431 93 41 pierna
959 1432 127 39 derecha,
1105 1435 71 30 des-

149 1481 62 42 pide
226 1492 34 20 un
277 1481 87 42 agudo
377 1485 58 38 ¡ay!
453 1494 16 30 y
485 1483 104 31 levanta
606 1485 23 29 la
646 1485 96 30 cabeza
759 1497 63 30 para
839 1493 115 27 enseñar
983 1491 22 29 el
1024 1498 85 24 rostro
1121 1503 55 20 mas

149 1537 136 37 dolorido;
301 1537 58 31 lodo
375 1548 49 20 con
440 1549 92 20 menos
550 1540 96 41 tiempo
660 1540 43 30 del
720 1552 53 30 que
786 1553 28 20 se
828 1545 117 30 necesita
962 1557 64 28 para
1043 1547 130 32 referirlo.

191 1594 104 38 ¿Quién
309 1604 45 21 era
370 1604 79 31 capaz
469 1595 33 30 de
517 1601 125 25 contener
656 1597 23 29 la
694 1597 63 37 risa,
777 1599 23 30 al
815 1610 46 20 ver
877 1602 106 39 aquella
1000 1603 83 32 difícil
1099 1605 76 41 peri-

149 1651 75 40 pecia
237 1657 41 23 tan
293 1651 62 30 bien
372 1652 209 41 representada?
597 1653 62 31 Solo
673 1665 31 20 su
718 1656 116 41 capilan,
850 1667 75 21 como
942 1669 48 31 por
1002 1660 94 38 deber,
1110 1673 65 31 supo

149 1713 140 34 aparenlar
305 1708 23 29 al
346 1713 93 35 pronto
453 1708 24 31 la
491 1710 135 31 necesaria
640 1711 146 39 gravedad.

191 1763 118 37 Lassala,
329 1764 140 40 siguiendo
483 1775 49 21 con
550 1776 30 20 su
597 1767 90 40 pierna
702 1768 142 40 agarrada,
863 1780 29 21 se
907 1771 124 32 adelanta
1048 1775 127 40 cojeando

149 1818 112 40 algunos
277 1829 78 30 pasos
370 1830 16 30 y
401 1820 115 31 esclama
526 1832 5 19 :
551 1834 11 14 «
574 1821 53 40 ¡Oh
645 1833 60 20 mon
718 1824 143 40 capilaine,
878 1826 20 41 j'
909 1827 24 30 ai
959 1838 41 20 ma
1009 1829 93 40 jambe
1115 1831 60 31 bien

149 1874 105 32 malade
265 1876 5 29 !
281 1889 11 13 »
311 1877 76 35 Pero,
403 1876 24 30 al
441 1887 46 20 ver
502 1888 53 29 que
569 1878 76 31 lodos
661 1881 176 36 sonreíamos,
864 1884 112 30 conoció
1004 1884 24 32 lo
1054 1887 76 30 inútil
1143 1888 32 29 de
