1241 2180
547 145 183 28 164

129 219 40 29 los
181 221 114 26 cañones
313 215 163 29 Lancaster
489 236 5 11 ,
511 220 52 32 que
577 207 174 33 ensordecían
768 204 24 31 al
806 214 53 31 que
874 213 34 20 no
921 200 136 32 estuviese
1072 208 85 21 acos-

130 274 139 32 tumbrado
295 274 13 28 á
334 271 81 30 oírlos
445 269 33 30 de
506 274 41 25 tan
573 275 97 26 cerca;
695 263 118 32 causaba
843 262 82 30 cierta
953 257 175 43 displicencia
1143 257 15 31 á

130 336 107 27 nuestro
253 329 107 42 apetito.
380 329 36 28 No
437 326 135 33 obstante,
592 324 24 30 la
630 322 95 30 festiva
741 331 16 30 y
771 318 168 33 caballerosa
952 316 141 41 compañía
1105 324 52 31 que

130 387 159 42 gozábamos
303 411 5 10 ,
328 395 33 20 no
377 383 79 42 podia
467 392 92 20 menos
570 390 51 32 que
639 376 127 44 producir
777 386 32 20 en
823 379 124 26 nuestros
960 381 145 22 corazones
1116 375 42 26 tan

130 450 74 36 grata
221 442 137 31 sensación
373 466 5 10 ,
408 450 52 31 que
482 449 47 20 nos
554 437 100 30 hiciera
670 434 104 32 olvidar
789 433 26 30 lo
831 442 52 31 que
897 429 100 44 pasaba
1019 429 15 31 á
1051 432 108 26 nuestro

132 500 170 33 enderredor.
323 500 44 29 Así
381 498 43 30 fué
440 507 52 32 que
505 495 211 42 permanecimos
728 497 52 25 tres
792 490 78 30 horas
888 489 52 30 allá
954 512 7 12 ,
976 488 38 29 las
1027 486 91 31 cuales
1131 496 28 21 se

132 568 114 32 pasaron
262 557 40 30 sin
319 566 52 31 que
387 555 39 30 las
442 554 168 30 sintiésemos
623 576 6 11 ,
645 560 76 21 como
737 548 185 40 vulgarmente
936 555 29 21 se
981 544 71 31 dice.

174 616 176 39 Regresamos
365 612 13 30 á
395 610 83 31 bordo
491 609 108 31 estando
612 608 25 30 el
649 606 40 31 sol
706 607 14 29 á
736 616 32 19 su
780 614 90 21 ocaso.

175 668 164 32 Informados
356 677 51 29 que
421 666 24 31 al
458 666 43 29 dia
516 664 133 41 siguiente
665 661 79 31 debia
760 669 170 22 comenzarse
948 658 24 30 el
997 657 163 31 bombardeo

136 727 107 42 general
261 735 74 21 como
352 722 120 43 preludio
485 721 43 30 del
544 720 83 31 asalto
641 744 6 11 ,
665 729 48 20 nos
730 717 96 31 fuimos
853 717 14 29 á
883 715 102 30 dormir
1012 720 147 35 temprano,

135 793 50 22 con
201 782 23 31 el
236 782 101 41 prurito
350 780 32 30 de
395 780 169 30 levantarnos
579 776 62 30 bien
657 775 33 30 de
703 779 112 25 mañana
829 782 63 32 para
904 771 156 42 presenciar
1076 781 85 31 aque-

136 840 37 28 lla
185 837 133 31 novedad.

179 896 221 34 Efectivamente,
427 892 23 31 al
474 901 140 21 amanecer
629 890 24 30 el
666 889 44 30 dia
732 890 16 29 9
766 887 33 31 de
812 887 69 31 abril
895 912 6 10 ,
918 887 13 30 á
946 895 78 32 pesar
1041 885 33 30 de
1089 894 73 26 caer,

138 953 41 30 sin
191 952 54 30 casi
257 952 118 39 ninguna
391 947 181 41 interrupción
586 970 6 11 ,
608 955 52 20 una
672 945 107 40 copiosa
797 943 82 30 lluvia
892 968 6 11 ,
918 942 102 40 rompió
1044 942 24 29 el
1084 941 79 40 fuego

139 1008 34 30 de
183 1017 118 21 consuno
318 1017 32 19 en
367 1004 74 32 todas
453 1004 39 30 las
507 1003 115 30 baterías
639 1001 111 30 aliadas.
770 1001 121 29 Cañones
908 1009 16 31 y
937 1003 131 25 morteros
1082 1024 6 8 ,
1105 997 60 31 lodo

144 1063 158 32 funcionaba
321 1065 204 38 perennemente
540 1058 79 42 aquel
643 1058 42 30 dia
699 1083 7 12 ,
736 1068 15 29 y
769 1057 39 29 los
835 1056 140 30 sucesivos
990 1055 76 31 hasla
1083 1059 52 27 tres
1151 1056 14 29 ó

140 1126 90 26 cuatro
245 1146 6 10 ,
269 1121 40 29 sin
327 1124 140 34 escepluar
479 1128 46 19 sus
538 1116 99 30 noches
649 1140 7 12 ,
671 1114 44 31 fué
728 1114 25 30 lo
765 1114 104 30 mismo.

180 1179 33 29 Al
230 1178 93 29 mismo
345 1176 42 30 dia
412 1185 33 20 no
469 1179 169 26 contestaron
665 1182 52 20 aun
739 1172 41 29 los
795 1180 78 21 rusos
887 1195 6 12 ,
912 1180 63 31 pero
993 1170 24 30 al
1035 1169 132 41 siguiente

140 1234 237 40 correspondieron
391 1257 5 11 ,
417 1232 66 30 bien
496 1235 193 26 cortesmente
702 1253 6 9 ,
734 1229 14 29 á
771 1228 137 29 franceses
924 1229 14 28 é
960 1227 120 41 ingleses
1094 1238 5 19 :
1115 1235 52 21 aun

139 1301 61 22 creo
217 1301 51 30 que
281 1289 79 30 habia
373 1288 104 40 ventaja
490 1312 5 11 ,
511 1298 32 19 en
558 1287 25 30 el
598 1288 112 29 número
722 1284 33 31 de
768 1284 124 41 disparos
906 1308 6 12 ,
930 1295 50 29 por
995 1289 75 35 parle
1082 1283 33 30 de
1128 1283 39 29 los

141 1348 120 30 sitiados.
280 1347 22 29 A
313 1356 66 20 unos
393 1356 17 29 y
426 1350 72 24 otros
513 1368 6 11 ,
535 1354 33 19 no
583 1343 38 30 les
638 1342 87 31 servia
741 1341 34 31 de
791 1341 101 40 ningún
906 1340 107 31 estorbo
1033 1340 24 31 el
1072 1340 95 41 liempo

140 1405 146 30 lloviznoso
299 1413 52 29 que
364 1401 119 32 reinaba.

180 1461 29 29 El
224 1458 142 31 estruendo
381 1457 33 31 de
431 1462 69 26 lanta
513 1456 67 30 boca
604 1455 34 30 de
660 1455 81 39 fuego
751 1479 6 11 ,
781 1454 56 30 solo
853 1464 29 20 se
899 1454 87 40 puede
1002 1464 140 32 comparar
1155 1455 13 30 á

139 1528 35 21 un
192 1522 92 26 trueno
298 1516 42 30 del
354 1516 67 30 cielo
435 1540 5 10 ,
460 1514 32 30 de
517 1514 40 30 los
573 1522 56 22 mas
645 1512 172 31 atronadores
832 1537 5 11 ,
854 1522 53 30 que
929 1522 29 20 se
970 1522 82 31 oyera
1069 1513 40 30 sin
1123 1522 47 21 ce-

140 1584 56 26 sar;
222 1585 16 30 y
254 1582 64 32 para
335 1578 74 25 tener
425 1581 52 20 una
494 1571 59 29 idea
570 1570 43 30 del
635 1569 85 31 efecto
736 1579 52 31 que
802 1568 129 41 producía
947 1568 33 31 de
999 1569 86 30 noche
1099 1573 69 26 tanta

139 1630 96 31 bomba
252 1640 17 30 y
282 1628 117 41 granada
416 1638 75 20 como
508 1638 28 19 se
551 1626 114 31 cruzaba
689 1636 48 30 por
754 1626 39 29 los
809 1626 70 29 aires
892 1649 6 11 ,
918 1625 148 40 imagínese
1080 1626 23 30 al
1118 1627 54 29 fin-

141 1687 77 40 gido,
237 1685 147 36 diminuto,
411 1695 17 30 y
443 1684 61 30 vivo
517 1682 165 31 bombardeo
701 1693 53 30 que
770 1693 30 19 se
817 1682 74 30 suele
905 1682 81 30 hacer
1009 1693 48 20 con
1075 1682 96 41 fuegos

141 1743 152 31 artificiales
309 1753 32 19 en
358 1742 113 40 algunas
488 1741 138 30 funciones
643 1743 14 27 ó
675 1737 173 33 festividades
862 1764 6 11 ,
884 1744 96 36 puesto
1002 1750 33 20 en
1052 1740 24 30 el
1091 1739 81 42 grado

142 1799 32 31 de
187 1799 53 30 real
255 1809 17 29 y
285 1798 158 31 verdadero.

188 1856 70 30 Cada
275 1856 84 30 noche
389 1866 48 20 nos
465 1854 135 31 subíamos
628 1864 32 20 en
676 1864 54 19 uno
754 1853 33 29 de
803 1853 40 30 los
870 1853 76 41 palos
963 1853 43 31 del
1025 1853 148 31 «Tharsis»

144 1923 64 31 para
224 1924 47 19 ver
284 1913 63 30 salir
358 1912 40 30 los
411 1911 161 42 proyectiles
585 1911 25 30 al
623 1910 153 42 dispararse
790 1935 7 12 ,
811 1920 17 31 y
845 1909 129 32 observar
985 1911 89 31 donde
1085 1912 89 30 caian.
