1241 2180
489 119 161 27 63

55 181 83 42 pados
154 192 31 19 en
201 181 24 30 el
242 181 164 31 salvamento
422 182 33 29 de
470 182 39 30 los
521 182 153 41 pertrechos
696 193 17 31 y
735 182 98 30 efectos
856 182 43 30 del
917 182 78 30 navio
1011 191 67 21 nau-

57 238 121 40 fragado.

100 296 79 30 Como
195 305 31 20 en
241 295 24 30 la
277 294 61 31 rada
352 294 79 31 habia
447 306 35 19 un
498 296 80 29 navio
594 306 16 30 y
624 295 48 30 dos
688 295 115 41 fragatas
817 295 32 30 de
865 306 96 30 guerra
985 295 95 41 ingle-

60 363 42 20 sas
121 363 51 30 que
188 352 87 30 tenían
292 362 34 19 un
342 358 95 34 pontón
451 361 63 31 para
531 352 39 30 los
587 351 210 41 desembarques
813 364 52 30 que
879 353 15 29 á
910 353 67 30 ellos
993 358 88 35 perte-

60 409 121 30 necieran
198 433 6 11 ,
222 408 96 30 fuimos
333 409 15 29 á
364 418 78 30 rogar
457 408 22 30 al
497 408 174 30 comandante
684 433 6 11 ,
708 419 52 30 que
777 419 47 19 nos
836 408 25 30 lo
878 413 128 37 prestara.
1021 410 60 30 Ac-

60 465 75 31 cedió
151 470 109 35 gustoso
272 466 14 29 á
302 465 66 35 ello,
387 475 64 31 pero
467 464 24 31 al
506 464 120 41 segundo
643 465 70 40 viaje
729 475 52 31 que
796 465 135 31 hacíamos
944 476 49 20 con
1012 466 24 30 él
1050 465 32 31 de

61 524 88 30 vuelta
166 524 12 29 á
194 524 84 29 bordo
294 549 5 9 ,
320 525 73 29 entró
409 534 34 18 un
461 528 42 24 tan
516 522 85 30 fuerte
614 523 88 29 viento
716 547 6 10 ,
741 533 51 30 que
806 533 27 19 se
847 523 25 29 lo
885 523 104 29 llevaba
1000 548 5 10 ,
1015 524 68 39 jun-

62 585 25 26 to
103 591 48 20 con
176 580 22 30 el
216 580 60 31 bote
291 590 52 31 que
360 580 23 29 lo
407 579 64 30 traia
487 579 33 30 de
536 579 138 41 remolque
688 604 6 11 ,
713 579 75 31 hacia
804 579 25 30 la
845 585 82 25 costa.
956 580 127 30 Tuvimos

63 647 51 31 que
130 636 91 31 acudir
244 646 62 32 para
322 635 154 42 precaverlo
492 661 6 10 ,
516 646 48 20 con
581 635 48 31 dos
652 635 76 31 botes
747 645 56 21 mas
827 641 121 25 nuestros
964 650 6 23 ;
991 647 18 31 y
1033 641 51 26 tres

62 704 52 30 que
126 693 95 30 mandó
238 694 22 29 el
277 692 174 31 comandante
466 692 43 31 del
526 694 89 29 navio.
636 692 45 30 Sin
698 692 127 41 embargo
841 693 33 30 de
891 698 42 25 tan
949 693 70 30 buen
1036 703 48 20 au-

63 750 59 30 silio
134 775 6 11 ,
161 755 69 25 tanto
246 760 44 20 era
306 750 24 30 el
343 750 88 29 viento
448 760 16 29 y
478 748 133 41 marejada
628 759 51 30 que
696 758 28 20 se
736 751 83 33 armó,
836 759 52 30 que
913 750 14 29 á
945 749 80 30 duras
1038 760 45 30 pe-

63 817 48 21 nas
123 808 187 38 conseguimos
326 806 145 31 restituirlo
487 806 23 30 al
530 808 88 28 navio.

106 866 120 37 Después
241 888 5 11 ,
264 873 33 30 ya
310 874 34 20 no
362 864 77 39 quiso
453 863 22 30 el
490 862 173 31 comandante
676 862 107 31 cederlo
798 872 66 21 mas.

106 922 37 29 No
160 921 112 29 tuvimos
293 926 56 23 olro
376 919 116 30 remedio
515 930 50 30 que
582 920 116 29 recurrir
713 921 14 28 á
743 925 124 25 nuestros
889 921 106 39 propios
1011 920 75 30 boles

67 987 50 31 que
132 1002 4 11 ,
155 988 48 30 por
220 987 41 19 ser
277 981 135 36 pequeños
426 986 63 30 para
504 975 151 31 trasbordar
671 985 78 31 carga
760 1000 5 11 ,
785 976 176 40 poslergaban
978 987 31 19 en
1022 987 64 29 gran

66 1043 105 21 manera
185 1033 23 30 el
221 1033 61 41 alijo
299 1033 42 30 del
354 1033 90 41 buque
458 1057 6 11 ,
483 1043 62 29 muy
562 1033 13 29 á
593 1042 77 31 pesar
686 1038 107 24 nuestro
806 1058 6 10 ,
828 1043 65 30 pues
909 1032 175 31 deseábamos

65 1091 63 29 salir
139 1096 93 35 pronto
244 1091 33 29 de
289 1090 52 30 allá
356 1115 6 11 ,
381 1100 48 28 por
445 1094 82 25 temor
543 1099 52 31 que
612 1089 101 30 viniese
730 1094 55 25 olro
809 1090 125 39 lemporal
953 1100 16 30 y
981 1090 106 30 echán-

65 1146 64 30 dose
150 1147 80 40 algún
247 1146 91 41 buque
354 1145 33 30 de
404 1146 58 29 vela
479 1146 101 29 encima
596 1151 120 24 nosotros
729 1170 6 11 ,
763 1146 149 29 inutilizase
928 1147 23 28 el
975 1147 112 30 servicio

66 1203 34 30 de
116 1203 24 29 la
156 1203 125 38 máquina
296 1226 5 10 ,
318 1213 15 28 y
351 1202 133 29 fuéramos
499 1202 234 29 inevitablemente
749 1202 39 29 los
801 1202 48 29 dos
861 1203 13 29 á
888 1202 24 29 la
925 1202 90 39 playa.

107 1261 37 28 No
160 1258 33 30 de
210 1264 54 25 otra
282 1268 109 19 manera
414 1268 28 19 se
464 1257 97 30 habian
578 1257 111 41 perdido
702 1268 32 19 en
746 1258 23 29 el
788 1258 125 41 temporal
931 1258 41 30 del
997 1261 36 27 14
1051 1259 37 30 los

65 1315 48 31 dos
128 1325 113 29 vapores
257 1325 53 29 que
326 1314 94 40 yacían
433 1313 172 30 destrozados
621 1314 14 29 á
652 1319 107 24 nuestra
774 1314 77 30 vista.

107 1373 47 29 Así
170 1382 28 20 es
209 1381 52 31 que
275 1396 6 11 ,
300 1371 192 30 manteníamos
509 1369 22 30 la
546 1369 124 41 máquina
684 1370 114 41 siempre
811 1370 54 30 casi
881 1376 92 34 pronta
989 1372 15 29 á
1021 1370 68 32 fun-

66 1429 90 31 cionar
169 1453 5 11 ,
194 1438 61 31 para
273 1427 170 30 marcharnos
456 1432 42 25 tan
516 1432 92 35 pronlo
622 1436 74 20 como
709 1427 150 29 notáramos
875 1437 52 30 que
948 1427 24 30 el
995 1429 94 40 tiempo

67 1496 28 19 se
108 1485 136 30 declarase
255 1484 232 31 desencadenado.

108 1543 51 29 Por
174 1541 47 30 dos
244 1551 77 20 veces
338 1551 28 19 se
388 1540 58 29 hizo
463 1539 82 29 sentir
559 1539 55 29 casi
641 1538 145 30 inminente
802 1543 56 25 este
881 1544 86 26 trance
981 1553 6 23 ;
1006 1551 63 30 pero
1082 1566 5 11 ,

66 1609 49 30 por
127 1598 76 30 dicha
220 1602 109 26 nuestra
343 1621 5 12 ,
368 1606 34 21 no
419 1606 29 19 se
462 1595 109 30 realizó.

107 1656 38 29 Ya
158 1665 29 19 se
206 1653 191 42 comprenderá
410 1677 6 12 ,
443 1661 49 32 por
514 1651 25 30 lo
560 1661 53 31 que
629 1661 29 20 se
673 1650 83 30 acaba
775 1650 34 31 de
832 1650 115 42 esplicar
962 1677 6 11 ,
996 1659 94 24 cuanta

65 1711 111 31 zozobra
192 1711 162 41 pasaríamos
371 1708 111 31 durante
506 1712 108 25 nuestra
640 1707 188 41 permanencia
851 1717 32 20 en
906 1713 40 25 tan
963 1708 127 42 inseguro

66 1768 87 42 lugar.
172 1770 37 28 No
225 1767 120 30 obstante
360 1791 5 10 ,
393 1766 39 29 los
448 1775 82 31 pocos
546 1764 144 30 intervalos
707 1763 33 31 de
752 1774 95 31 reposo
864 1774 52 31 que
937 1766 151 37 mediaban,

66 1825 40 30 los
122 1824 158 41 gozábamos
295 1833 49 21 con
358 1823 99 40 alguna
471 1821 162 31 distracción
646 1845 6 12 ,
671 1830 44 21 ora
732 1820 132 31 visitando
878 1821 24 30 lo
914 1831 55 21 mas
986 1823 105 32 curioso

68 1881 33 31 de
117 1882 25 30 la
155 1882 139 39 población
310 1905 6 11 ,
336 1890 45 20 ora
396 1878 170 32 recorriendo
580 1889 45 20 sus
638 1877 170 32 alrededores
821 1888 63 31 para
897 1888 47 22 ver
959 1879 39 31 las
1014 1880 77 32 obras
