1241 2180
516 120 179 27 105

137 178 108 39 ¿Quién
259 179 78 31 había
350 181 32 29 de
403 191 97 30 pensar
524 194 51 29 que
598 194 44 19 ese
658 183 111 30 sencillo
795 184 132 31 incidente
950 186 137 30 acarreara
1104 186 14 30 á

94 245 45 20 ese
155 236 129 40 capitana
301 248 32 18 su
346 248 108 29 regreso
467 239 14 29 á
498 240 115 38 España,
633 249 51 20 una
700 250 79 20 causa
797 241 183 39 prolongada?

135 293 64 30 Bien
212 304 29 20 se
254 294 86 40 puede
350 295 85 33 decir,
453 307 52 30 que
521 306 76 20 cosas
621 308 31 18 en
669 308 32 19 su
722 298 148 40 apariencia
896 299 224 41 insignificantes,

97 350 37 31 las
149 350 72 40 leyes
236 351 95 30 vienen
348 352 12 28 á
378 352 158 30 abultarlas.

139 408 96 39 ¡Pobre
251 408 42 30 del
311 420 52 30 que
386 420 29 19 se
428 420 33 20 ve
481 410 123 30 envuelto
625 421 32 20 en
675 411 142 41 juzgados,
841 422 107 31 aunque
964 423 43 20 sea
1031 424 46 30 por
1098 416 22 28 la

98 475 61 20 cosa
176 475 56 20 mas
244 467 78 28 tenue
335 466 42 29 del
393 466 111 29 mundo!

136 522 136 30 Exhalada
285 529 56 24 esta
358 523 148 41 digresión,
520 525 154 29 continuaré
688 525 34 29 mi
739 526 192 38 interrumpido
950 526 92 30 relato.

136 579 147 30 Conocidas
298 580 38 29 las
353 580 113 40 pingües
483 581 142 39 ganancias
642 592 52 30 que
718 581 97 31 ofrecía
829 582 83 30 llevar
934 584 105 29 víveres
1056 584 13 29 á
1096 583 25 30 la

95 636 114 35 Crimea,
226 646 47 20 nos
286 637 148 30 asociamos
451 637 39 30 los
514 638 118 30 oficíales
647 649 49 19 con
710 639 23 29 el
757 640 185 40 mayordomo,
962 650 63 30 para
1042 640 82 30 hacer

97 702 48 21 una
161 693 121 40 pacotilla
296 703 48 20 con
361 699 110 25 cuantas
488 695 167 39 provisiones
666 706 28 18 se
710 695 128 40 pudieran
859 696 83 29 llevar
959 696 33 30 de
1015 702 109 24 nuestra

95 755 93 25 cuenta
203 760 31 19 en
251 750 23 29 el
289 750 77 40 lugar
378 750 139 30 destinado
535 761 61 31 para
613 751 39 30 las
666 751 41 30 del
721 751 100 42 buque.
841 751 28 31 El
892 752 94 30 mismo
1008 762 116 31 mayor-

95 806 77 29 domo
190 817 28 19 se
242 808 115 38 encargó
381 807 33 30 de
430 807 160 40 gobernarlo
615 808 73 35 todo,
711 818 75 20 como
810 818 54 20 mas
886 808 142 31 entendido
1040 819 32 20 en
1088 808 35 31 lal

95 864 114 40 manejo.
226 863 122 31 Sensible
362 874 43 21 era
421 876 51 29 que
483 865 24 30 el
525 865 76 40 lugar
612 865 73 30 fuese
698 866 138 35 reducido,
854 877 65 29 pues
931 866 56 29 solo
1000 877 29 18 se
1042 865 79 41 podía

97 926 80 24 tomar
195 930 50 20 una
259 931 65 29 poca
342 921 101 39 partida
460 921 33 29 de
509 922 66 29 cada
588 922 120 38 renglón.

136 979 36 29 Lo
183 989 52 30 que
249 979 127 40 prometía
389 979 83 40 mejor
482 978 136 31 resultado
630 989 44 20 era
686 979 23 30 el
725 979 60 29 vino
800 979 74 34 tinto,
889 989 64 30 pero
963 989 48 20 con
1024 989 96 30 papas,

95 1046 95 31 queso,
207 1036 164 35 encurtidos,
387 1036 113 34 huevos,
517 1036 122 39 gallinas,
658 1046 16 30 y
687 1041 54 24 olra
755 1035 128 30 infinidad
898 1035 33 30 de
943 1044 87 26 cosas,
1048 1041 73 24 tam-

97 1093 60 30 bién
174 1104 29 18 se
219 1093 104 38 ganaba
335 1093 131 29 bástanle.

136 1149 97 34 Lisios,
257 1159 75 19 como
354 1149 33 29 he
403 1148 78 29 dicho
507 1158 42 30 ya,
571 1149 24 28 el
616 1148 43 29 dia
677 1149 35 28 31
738 1148 32 29 de
788 1158 79 19 enero
894 1157 62 31 para
980 1147 76 35 salir,
1075 1157 48 19 nos

94 1205 175 30 embarcaron
286 1215 66 19 unos
370 1206 35 28 15
424 1204 117 30 oficiales
558 1215 16 29 y
588 1215 64 19 unos
668 1206 36 27 50
719 1204 125 29 soldados
859 1203 33 29 de
908 1203 146 30 diferentes
1070 1212 53 20 ar-

94 1271 67 26 mas,
175 1272 52 31 que
240 1260 160 31 marchaban
416 1261 15 29 á
453 1260 185 40 incorporarse
653 1261 15 29 á
684 1270 45 20 sus
746 1259 165 41 respectivos
936 1270 126 29 cuerpos.
1083 1260 38 29 De

94 1320 39 28 los
145 1319 118 29 oficiales
280 1318 78 30 habia
375 1328 51 20 uno
442 1318 33 29 de
489 1327 97 20 zuavos
606 1327 63 31 que,
688 1316 132 31 habiendo
837 1316 59 30 sido
924 1315 92 31 herido
1039 1326 33 19 en
1098 1315 25 31 la

91 1377 98 30 batalla
204 1376 32 30 de
253 1375 87 33 Alma,
359 1380 179 25 enteramente
549 1375 99 29 curado
666 1384 43 30 ya,
728 1374 154 29 volviaotra
896 1374 74 29 veza
987 1378 88 25 entrar
1090 1383 31 20 en

90 1438 141 37 campaña,
249 1444 16 31 y
280 1435 13 29 á
310 1444 30 19 su
354 1433 84 30 honor
451 1442 44 20 sea
513 1431 89 35 dicho,
620 1431 104 41 parecía
742 1430 142 30 marchaba
911 1440 63 29 muy
997 1434 124 24 contento

91 1502 16 28 y
122 1491 154 35 satisfecho,
295 1490 206 34 manifestando,
520 1499 119 31 empero,
658 1489 81 30 cierta
756 1487 73 31 dosis
845 1487 34 30 de
896 1486 117 40 orgullo.

133 1549 129 31 También
279 1559 29 20 se
321 1548 124 30 embarcó
463 1557 50 20 una
531 1546 146 35 cantinera,
700 1545 24 30 la
749 1545 59 30 cual
834 1543 143 31 marchaba
1003 1543 69 30 llena
1089 1543 31 31 de

90 1615 159 30 esperanzas
265 1605 33 30 de
311 1605 80 30 hacer
404 1615 30 19 su
451 1608 93 36 agosto
557 1613 32 19 en
606 1602 39 30 los
658 1612 108 30 campos
779 1601 33 30 de
831 1601 24 29 la
867 1601 114 30 Crimea.

131 1664 81 30 Como
227 1662 104 30 íbamos
346 1661 43 30 del
409 1660 59 31 todo
483 1659 141 41 cargados,
652 1668 51 31 que
730 1658 73 29 hasla
833 1657 23 29 la
881 1657 121 30 cubierta
1027 1657 92 30 estaba

89 1721 70 30 llena
185 1720 33 30 de
245 1718 84 31 tablas
354 1718 211 41 pertenecientes
588 1718 14 27 á
625 1716 38 29 las
679 1715 137 34 barracas,
834 1724 33 19 no
898 1715 130 29 teníamos
1045 1713 76 41 lugar

89 1787 63 29 para
165 1776 107 40 abrigar
285 1785 56 21 mas
357 1773 126 32 soldados
498 1773 34 31 de
549 1773 39 29 los
604 1783 53 30 que
674 1771 178 30 llevábamos.

130 1836 50 28 Nos
195 1832 172 40 despedimos
383 1831 33 30 de
434 1830 74 31 todos
525 1831 39 29 los
580 1829 103 40 amigos
699 1838 48 19 con
761 1827 24 29 la
796 1836 122 31 promesa
935 1825 33 31 de
984 1826 134 30 escribir-

88 1893 39 31 les
142 1897 96 26 cuanto
255 1891 133 30 viéramos
413 1900 13 28 y
444 1900 28 19 se
499 1898 106 30 pasara,
635 1884 210 32 marchándonos
862 1894 64 31 muy
943 1894 123 30 gozosos,
1084 1893 33 20 no

980 1933 20 19 14
