1241 2180
563 132 184 28 138

143 196 94 42 abrigo
251 196 77 31 sobre
341 195 24 31 el
378 195 134 31 ordinario
530 205 52 31 que
601 205 67 19 unos
685 194 127 30 sencillos
831 203 95 20 zuecos
941 216 7 13 ,
969 202 49 31 por
1040 191 131 41 precisión

143 253 80 31 habia
239 253 33 30 de
284 254 117 39 originar
418 253 109 30 muchas
545 253 132 29 víctimas.

187 311 68 38 ¡Esa
277 310 68 30 lenta
359 321 17 30 y
394 315 188 36 perseverante
604 308 99 31 batalla
729 317 52 31 que
806 306 100 31 debían
923 310 123 26 sostener
1070 315 49 20 con
1136 304 38 32 los

144 367 145 31 elementos
302 368 121 40 aquellos
436 377 160 31 campeones
610 392 7 11 ,
632 376 34 21 no
682 365 144 31 arredraba
843 376 31 19 su
891 364 185 30 obstinación!

185 425 114 40 Respeto
311 425 14 29 á
341 430 55 24 otra
413 424 71 30 clase
498 424 33 29 de
545 422 169 31 inutilizados
728 447 6 12 ,
764 422 39 30 los
816 420 81 31 habia
913 426 43 25 lan
974 420 56 30 solo
1046 419 126 31 atacados

143 482 43 30 del
203 482 142 30 escorbuto
359 494 5 18 :
384 492 45 20 esa
445 481 173 31 enfermedad
632 480 169 40 contagiosa,
818 488 107 31 aunque
941 489 34 19 no
992 478 103 30 tuviera
1108 488 64 31 pos-

144 536 73 32 trado
233 537 23 29 al
274 537 120 41 paciente
410 561 5 11 ,
444 536 123 41 requería
591 546 33 19 no
649 535 121 30 obstante
786 544 77 20 sumo
880 533 126 31 cuidado.
1037 533 28 30 El
1084 543 88 21 comer

142 598 43 26 tan
201 593 90 30 salada
309 593 24 30 la
345 602 79 21 carne
438 618 6 10 ,
462 602 45 21 era
524 592 25 30 la
563 591 130 41 principal
707 601 80 20 causa
801 591 33 30 de
849 597 42 24 lan
909 590 109 30 temible
1033 589 63 30 mal.

185 650 63 30 Olra
262 656 73 34 parle
346 649 32 30 de
390 648 180 37 inutilizados,
584 649 25 30 lo
621 648 109 31 estaban
742 646 164 32 acometidos
918 657 47 31 por
977 646 24 30 la
1013 646 154 30 disentería.

184 707 22 28 Y
221 716 34 19 no
267 716 62 19 eran
346 706 148 29 solamente
510 710 69 25 estas
593 704 204 31 enfermedades
812 704 41 30 las
869 714 53 31 que
935 703 111 41 padecía
1062 702 24 32 el
1101 702 69 41 ejér-

141 763 52 31 cito
206 773 31 20 en
251 763 23 29 la
291 764 112 29 Crimea.
422 763 29 29 El
466 762 62 30 tifus
552 773 17 31 y
591 762 24 30 el
629 762 88 30 cólera
734 772 33 19 no
781 761 116 40 dejaban
917 761 34 29 de
965 761 81 29 hacer
1059 760 111 41 algunos

141 824 130 36 estragos.
288 821 35 28 La
339 819 64 31 cifra
419 819 58 30 total
496 819 33 30 de
542 818 124 41 pérdidas
681 828 44 20 era
743 828 32 31 ya
794 829 31 18 en
841 823 55 24 esla
914 817 77 31 fecha
1007 817 34 30 de
1057 819 111 35 45,000

140 876 126 30 hombres
278 882 116 24 muertos
407 900 6 11 ,
431 887 15 28 y
466 878 113 33 30,000
593 876 75 30 fuera
679 875 33 30 de
728 875 134 31 combate.

180 933 37 29 La
237 942 96 30 guerra
355 943 33 18 no
410 932 111 30 hubiera
543 932 59 29 sido
624 937 42 24 tan
691 931 151 30 desastrosa
858 956 6 11 ,
891 932 14 29 á
922 941 34 20 no
969 931 84 30 haber
1069 931 96 31 venido

140 988 179 40 acompañada
334 999 47 30 por
393 988 23 29 el
431 990 71 38 rigor
518 988 42 30 del
572 989 137 35 invierno,
728 999 17 30 y
757 999 47 29 por
817 988 39 30 las
868 987 220 37 enfermedades;
1108 998 57 21 ma-

140 1044 39 30 les
195 1055 51 30 que
262 1055 48 20 con
324 1044 157 41 inesperada
495 1044 84 41 porfía
593 1055 28 20 se
637 1045 179 29 sostuvieron.

181 1103 63 38 Muy
260 1108 164 34 repugnante
437 1111 43 20 era
499 1106 79 26 tratar
597 1112 51 20 con
665 1107 68 24 tanta
750 1101 72 30 clase
838 1100 33 32 de
887 1100 134 32 enfermos
1037 1113 5 18 :
1062 1101 78 31 venia
1152 1103 12 29 á

139 1157 162 30 convertirse
314 1157 24 30 el
354 1157 90 41 buque
461 1168 31 19 en
506 1168 35 19 un
559 1157 147 30 verdadero
719 1157 132 41 hospilal.

182 1212 30 30 Al
229 1212 145 31 anochecer
387 1213 118 41 dejamos
521 1219 56 25 otra
590 1225 47 19 vez
654 1214 23 29 la
693 1215 98 39 trágica
808 1214 116 29 Crimea.
945 1215 37 28 Lo
998 1225 53 29 que
1068 1224 32 20 en
1117 1214 49 30 ella

138 1273 124 25 entonces
287 1270 102 29 ocurría
405 1280 34 19 no
455 1280 104 19 merece
587 1270 23 30 la
635 1280 67 30 pena
719 1295 5 11 ,
751 1270 55 30 casi
821 1295 6 11 ,
854 1270 33 29 de
902 1270 175 41 consignarse
1093 1281 73 20 como

137 1323 173 30 memorable.
336 1326 51 28 Los
407 1326 123 39 ejércitos
547 1326 110 40 seguían
673 1326 136 41 ocupados
826 1337 32 19 en
875 1332 138 25 aumentar
1034 1327 39 30 las
1089 1327 77 31 obras

137 1380 34 30 de
187 1386 95 35 ataque
296 1405 5 10 ,
321 1381 156 41 originando
493 1382 22 30 la
528 1384 177 39 provocación
722 1383 33 30 de
770 1383 38 30 los
824 1394 76 19 rusos
924 1394 32 20 en
974 1395 46 19 sus
1037 1385 129 40 parciales

137 1436 99 31 salidas
253 1436 111 31 durante
378 1438 38 30 las
433 1438 66 31 alias
516 1439 77 30 horas
615 1439 34 30 de
675 1440 38 29 las
736 1440 99 30 noches
854 1440 156 31 tenebrosas
1024 1465 6 12 ,
1054 1441 112 41 algunos

135 1492 149 31 incidentes
300 1494 85 30 llenos
398 1495 34 29 de
446 1496 86 39 arrojo
548 1507 14 29 y
577 1497 157 39 pertinacia.

179 1550 62 30 Solo
255 1561 28 19 se
295 1550 68 30 debe
377 1552 153 30 mencionar
543 1577 7 10 ,
571 1563 75 20 como
659 1554 91 30 acción
764 1553 33 32 de
814 1554 99 41 alguna
928 1556 175 41 importancia
1118 1581 5 11 ,
1142 1557 23 30 la

135 1603 99 32 batalla
257 1615 52 31 que
331 1605 68 30 libró
416 1607 14 28 á
448 1606 39 30 los
503 1618 77 20 rusos
595 1618 77 21 cerca
689 1610 142 40 Eupatoria
847 1635 6 11 ,
878 1611 24 29 el
929 1612 110 40 ejércilo
1053 1618 73 25 turco
1140 1612 25 31 al

135 1661 97 29 mando
247 1661 33 29 de
293 1662 167 41 Omer-Baja
476 1676 5 23 ;
500 1674 69 32 cuyo
582 1665 108 41 ejército
707 1666 119 30 acababa
842 1667 33 30 de
890 1668 85 40 llegar
988 1668 34 32 de
1036 1670 38 30 las
1088 1680 76 31 pose-

135 1717 89 30 siones
238 1729 51 29 que
306 1718 73 31 hasta
397 1725 124 26 entonces
534 1731 114 31 ocupara
663 1733 31 20 en
708 1723 38 30 las
763 1723 130 32 fronteras
915 1725 33 31 de
965 1725 40 31 los
1018 1728 145 40 Principa-

135 1773 48 30 dos
199 1774 182 31 Danubianos.

176 1831 54 30 Con
247 1831 59 30 todo
321 1856 6 11 ,
354 1838 56 25 esta
431 1834 97 30 batalla
542 1845 33 20 no
591 1834 44 31 dio
660 1836 137 31 resultado
812 1838 100 40 alguno
935 1839 139 33 favorable
1100 1851 63 32 para

134 1888 120 40 ninguno
274 1888 33 30 de
333 1889 38 31 los
387 1889 49 32 dos
452 1891 123 40 ejércitos
591 1893 195 41 competidores
799 1906 7 26 ;
836 1905 65 32 pero
929 1897 23 30 sí
976 1899 132 39 patentizó
1139 1899 24 32 la
