1241 2180
593 121 162 27 56

201 187 36 28 La
264 183 186 42 superioridad
476 184 129 29 marítima
622 194 52 30 que
689 209 4 9 ,
712 183 233 35 merecidamente,
966 192 29 19 se
1011 187 93 34 otorga
1120 181 13 29 á
1162 180 25 30 la

161 243 68 29 Gran
244 243 109 28 Bretaña
369 265 5 11 ,
395 246 60 25 tuvo
469 250 51 31 que
534 250 42 20 ser
589 240 89 30 estéril
692 250 32 20 en
738 239 227 30 demostraciones
979 238 130 35 activas,
1123 249 64 29 pues

161 298 105 40 aquella
282 307 96 31 guerra
393 302 123 24 manluvo
531 297 38 29 las
582 296 144 30 escuadras
741 306 30 20 en
790 306 33 20 un
841 295 92 31 estado
951 296 108 40 pasivo
1072 320 7 11 ,
1098 296 14 29 ó
1129 304 56 27 sea,

161 365 32 19 en
208 365 50 19 una
271 354 139 30 condición
429 359 161 25 meramente
603 354 121 29 ausiliar.

204 412 33 28 Se
252 409 68 31 debe
336 409 120 31 confesar
471 435 6 10 ,
496 420 107 30 empero
615 435 6 10 ,
641 409 142 31 volviendo
799 410 13 30 á
830 409 94 30 hablar
945 409 42 30 del
1011 409 111 39 ejército
1137 409 48 29 in-

161 466 58 41 glés
235 491 5 11 ,
259 476 52 31 que
326 491 6 12 ,
349 467 24 30 lo
394 477 51 30 que
467 477 28 19 es
509 467 23 29 el
550 466 122 36 soldado,
691 477 28 19 se
733 469 97 28 mostró
853 476 32 20 en
902 471 110 25 cuantas
1030 465 112 30 batallas
1158 475 27 20 se

161 523 91 30 dieron
268 547 5 11 ,
289 522 235 31 verdaderamente
540 523 118 30 animoso
675 534 17 30 y
708 522 155 31 merecedor
875 522 33 30 de
924 522 98 41 alguna
1040 521 80 30 fama.
1138 523 47 29 Las

160 580 77 30 fallas
253 580 32 29 de
298 585 55 24 esle
364 580 106 38 ejército
487 579 147 30 estribaron
651 590 32 19 en
697 591 29 18 su
744 580 98 30 viciosa
859 579 199 39 organización.

204 638 35 29 La
255 646 64 31 gran
341 637 109 41 pérdida
467 647 51 31 que
533 642 61 25 tuvo
608 662 6 11 ,
633 647 66 31 pues
716 648 33 19 no
765 636 138 41 guardaba
921 637 159 41 proporción
1096 646 49 20 con
1162 635 23 30 la

162 693 43 31 del
221 693 103 31 francés
340 718 5 7 ,
365 694 111 40 provino
492 703 32 20 en
542 699 73 35 parte
636 704 48 30 por
700 694 82 29 haber
798 693 58 31 sido
873 694 22 30 el
918 703 56 21 mas
1001 692 115 31 acosado
1140 702 47 31 pol-

163 750 38 29 los
218 760 76 19 rusos
309 762 6 22 ;
332 759 32 20 no
377 751 28 28 sé
421 750 21 29 si
458 760 45 29 por
520 749 60 30 odio
596 753 13 26 ó
625 759 46 30 por
686 750 233 30 consideraciones
942 750 219 39 maquiavélicas.

204 807 54 29 Con
274 806 23 29 la
319 807 59 28 viva
394 805 153 30 curiosidad
572 817 53 29 que
647 816 44 20 era
707 807 185 39 consiguiente
905 831 6 12 ,
940 807 245 40 contemplábamos

162 863 60 30 lodo
240 864 23 29 lo
277 862 94 30 visible
387 862 33 30 de
440 863 22 29 la
476 862 95 31 ciudad
587 874 14 29 y
615 863 145 30 trincheras
775 889 7 10 ,
802 874 76 21 como
894 864 115 30 también
1026 864 59 31 todo
1103 864 24 30 lo
1143 864 42 31 del

162 925 55 25 olro
232 919 58 31 lado
306 919 41 30 del
365 926 92 34 puerlo
470 944 6 11 ,
495 929 31 20 en
543 929 68 31 cuya
625 925 74 35 parle
713 931 28 19 se
753 919 146 42 distinguía
913 921 25 29 la
954 931 65 30 gran
1031 921 151 35 ciudadela,

162 975 85 30 fuerte
262 976 170 29 Conslanlino
450 986 15 30 y
487 975 91 30 demás
595 976 196 40 multiplicadas
816 977 115 29 balerías
955 988 52 29 que
1022 1001 5 11 ,
1046 978 41 29 sin
1105 978 81 40 poder

162 1038 88 24 entrar
265 1043 50 19 aun
329 1039 123 24 entonces
465 1044 32 18 en
514 1033 23 29 la
551 1033 35 29 lid
602 1058 6 11 ,
628 1034 122 39 parecían
764 1034 133 40 aguardar
912 1060 6 10 ,
938 1045 76 21 como
1028 1036 155 40 resignados

162 1089 120 40 gigantes
296 1113 6 11 ,
318 1089 23 30 la
354 1088 119 31 infalible
487 1091 62 27 hora
564 1089 32 30 de
613 1096 111 24 mostrar
741 1101 48 30 por
805 1092 21 29 sí
845 1091 71 30 solos
929 1103 31 18 su
974 1093 113 39 pujanza
1100 1106 5 22 ;
1124 1103 61 20 cosa

163 1155 52 30 que
231 1155 47 20 con
298 1151 67 24 tanta
382 1145 83 40 gloria
481 1145 129 40 pudieron
625 1156 45 20 ver
683 1147 151 30 alcanzada.

205 1202 39 29 Un
261 1206 69 24 lanío
348 1200 64 40 lejos
425 1200 32 30 de
470 1206 121 25 nosotros
605 1203 118 29 veíamos
739 1212 61 20 caer
815 1213 50 20 una
883 1214 51 30 que
950 1210 56 24 otra
1020 1206 123 39 pildora
1155 1205 32 31 de

162 1257 39 30 los
217 1267 96 24 rusos,
332 1256 182 30 mezclándose
532 1256 22 31 la
571 1258 144 39 polvoreda
737 1269 52 30 que
807 1259 157 32 levantaban
989 1271 49 21 con
1064 1262 25 30 el
1105 1263 79 30 humo

164 1315 32 29 de
213 1315 24 28 la
254 1315 205 38 reciprocidad
476 1325 50 28 que
543 1315 168 31 observaban
729 1316 39 31 los
785 1317 146 31 franceses.

206 1371 35 28 Lo
258 1370 106 30 declaro
380 1370 39 29 sin
434 1370 123 29 embozo:
578 1370 24 30 la
619 1372 114 39 primera
757 1383 45 19 vez
818 1384 52 30 que
885 1384 47 19 nos
955 1376 198 40 aproximamos
1173 1377 15 30 á

163 1435 48 20 ver
225 1425 79 40 aquel
321 1425 168 40 espectáculo
502 1449 7 11 ,
527 1425 117 39 ninguna
661 1428 129 29 tenlacion
804 1438 47 20 nos
864 1428 45 30 dio
937 1429 33 30 de
984 1433 142 39 proseguir
1143 1443 46 31 por

163 1490 71 20 mera
251 1480 151 30 curiosidad
417 1505 5 9 ,
442 1480 73 30 hasla
531 1480 24 30 el
569 1481 101 30 recinto
684 1481 33 31 de
733 1493 31 20 su
781 1485 103 29 acción.

205 1537 55 28 Una
277 1546 45 19 vez
335 1536 130 30 iniciados
481 1546 31 20 en
526 1536 23 30 la
563 1538 211 40 contemplación
788 1540 33 29 de
839 1552 45 18 sus
897 1552 108 21 escasos
1018 1543 100 32 efectos
1133 1570 5 11 ,
1162 1556 26 20 se

166 1592 23 30 le
205 1592 159 30 desvanecía
380 1594 13 29 á
408 1593 154 40 cualquiera
580 1593 23 31 la
616 1596 188 38 aprehensión.

205 1651 55 28 Mas
271 1650 133 35 adelante,
419 1661 83 29 segun
520 1661 27 19 se
563 1652 72 35 verá,
652 1652 128 41 llegamos
794 1655 14 29 á
825 1662 123 34 penetrar
967 1668 48 30 por
1037 1659 73 31 lodas
1126 1670 62 30 par-

169 1712 52 28 tes,
238 1717 50 18 con
301 1707 56 29 solo
373 1707 80 29 cierta
471 1707 132 40 prudente
619 1711 171 38 precaución.

206 1763 36 28 Lo
255 1773 52 29 que
323 1773 27 19 es
362 1763 23 29 la
401 1769 84 35 tropa,
500 1774 28 20 se
540 1766 204 31 acoslumbraba
760 1773 70 25 lanío
840 1770 14 29 á
866 1771 81 30 mirar
961 1772 34 31 de
1011 1773 86 32 frente
1108 1775 23 30 el
1147 1786 43 30 pe-

166 1819 79 40 ligro,
265 1829 50 30 que
332 1818 39 31 los
387 1819 124 31 soldados
525 1821 23 29 al
566 1822 84 30 llevar
672 1823 23 29 el
713 1825 98 30 rancho
836 1827 15 29 á
877 1828 39 29 los
944 1839 52 31 que
1022 1832 111 30 estaban
1158 1832 33 30 de

171 1876 101 30 facción
299 1886 31 19 en
348 1876 38 29 las
408 1876 78 30 obras
509 1878 160 37 avanzadas,
692 1891 28 20 se
747 1882 83 31 salían
856 1883 33 31 de
904 1884 38 32 las
960 1887 147 32 trincheras
1130 1900 62 29 para
