1241 2180
502 117 162 27 83

70 185 47 22 nar
130 186 32 20 en
175 181 56 26 esle
244 176 77 41 lugar
336 190 6 23 ;
358 188 64 30 pero
438 188 63 30 para
518 189 33 19 no
565 180 174 39 sobrecargar
753 180 23 29 la
792 180 177 40 imaginación
983 180 43 31 del
1041 180 56 31 lec-

70 240 51 31 tor,
137 245 50 20 con
206 240 42 24 tan
271 235 90 30 tristes
377 235 148 40 imágenes,
540 236 150 40 dejaremos
715 247 46 30 por
778 247 34 20 un
830 244 131 24 momento
975 238 122 31 descan-

71 292 83 31 sando
170 293 14 29 á
197 292 38 30 los
246 291 120 37 heridos,
381 292 23 30 la
421 302 93 31 mayor
525 299 72 34 parte
611 293 32 30 de
655 294 66 29 ellos
728 293 126 31 rendidos
867 305 30 30 ya
910 306 46 29 por
966 296 24 30 el
999 301 94 28 sueño,

73 361 17 30 y
103 349 148 31 subiremos
264 348 77 30 sobre
354 349 121 29 cubierta
490 359 61 30 para
566 349 162 30 distraernos
744 361 49 19 con
805 356 70 25 otros
899 351 101 41 objetos
1015 363 51 31 que
1083 354 13 29 á

73 407 25 31 sé
113 417 33 20 no
162 417 47 19 son
226 416 63 30 para
305 411 73 25 tener
392 406 151 30 olvidados.

114 464 70 41 Aquí
196 474 28 20 se
242 464 56 29 veía
313 463 23 30 el
354 473 109 20 reverso
479 462 34 31 de
529 463 23 29 la
568 463 112 31 medalla
692 475 6 19 :
727 473 64 32 gran
804 464 123 30 alborozo
938 466 158 30 manifesta-

73 522 52 29 ban
141 531 49 20 con
207 532 45 18 sus
265 526 121 24 cantares
402 519 32 31 de
447 520 220 41 esparcimiento,
683 532 14 29 y
708 531 48 19 con
772 521 44 29 mil
828 521 147 31 divertidos
986 522 110 41 juegos,

75 579 40 30 los
131 577 161 31 licenciados
305 588 51 30 que
375 578 121 29 traíamos
508 601 6 11 ,
545 577 126 30 viéndose
696 577 118 31 librados
836 578 33 30 de
899 578 23 31 la
938 589 96 30 guerra
1057 580 39 30 sin

75 636 83 30 lesión
174 636 107 39 alguna.
297 634 149 31 Habitaban
461 634 78 30 sobre
555 634 120 31 cubierta
688 645 47 31 por
748 645 34 20 no
798 645 104 20 rozarse
918 646 49 19 con
979 647 46 19 sus
1037 637 59 30 des-

75 693 101 30 validos
192 696 175 36 compañeros
378 690 32 31 de
423 695 139 36 campaña.
583 689 29 31 El
639 696 149 36 ponzoñoso
809 692 129 40 egoísmo,
958 692 74 30 hasta
1049 704 47 29 por

76 755 70 26 actos
163 749 140 35 humanos,
318 759 138 28 corrompe
466 748 24 29 el
502 758 111 19 corazón
629 748 44 29 del
689 748 121 31 hombre.

117 806 30 30 El
162 819 12 14 «
186 805 106 30 Tharsis
303 818 11 14 »
326 829 5 12 ,
351 805 13 29 á
375 804 114 41 impulso
502 804 32 29 de
546 815 31 18 su
589 804 61 29 bien
667 804 164 30 conservada
844 805 135 40 máquina,
997 816 14 30 y
1028 815 70 31 ayu-

77 862 69 31 dado
162 872 47 31 por
222 871 49 21 una
283 861 136 30 favorable
435 860 72 31 brisa
521 885 6 11 ,
543 860 166 30 deslizábase
722 860 93 41 rápido
829 872 15 30 y
861 872 97 30 seguro
982 872 48 31 por
1059 862 39 30 las

80 919 125 32 azuladas
222 929 82 29 aguas
318 919 42 29 del
376 932 11 14 «
401 920 80 28 Ponto
491 918 115 29 Euxino.
618 931 12 15 »

120 977 30 31 El
166 977 43 29 dia
222 978 37 28 15
276 976 22 30 al
312 986 138 20 amanecer
463 975 85 30 dimos
562 975 67 29 vista
645 975 14 30 á
676 975 38 30 las
731 980 86 25 costas
828 975 33 30 de
875 977 103 39 Europa
992 986 17 30 y
1025 976 73 36 Asia,

80 1035 14 28 á
107 1033 24 30 la
148 1044 44 19 vez
209 1031 162 32 embocando
386 1033 16 29 á
418 1032 38 30 las
469 1031 66 31 ocho
549 1031 32 30 de
593 1031 24 30 la
629 1035 112 26 mañana
753 1031 23 31 el
791 1031 177 41 privilegiado
979 1031 120 37 Bósforo,

79 1091 25 29 lo
116 1090 58 30 cual
192 1090 174 34 celebramos,
382 1100 48 29 por
445 1094 95 25 cuanto
553 1088 24 30 el
595 1088 108 41 tiempo,
722 1087 122 42 apacible
860 1088 73 30 has'.a
960 1093 139 31 entonces,

77 1146 132 31 mostraba
226 1157 33 29 ya
277 1157 35 19 un
334 1156 79 30 sesgo
436 1145 33 30 de
500 1145 129 30 rebeldía.
659 1146 97 39 Dígase
778 1145 25 28 lo
822 1155 52 31 que
901 1156 28 19 se
954 1146 105 39 quiera,
1077 1145 22 30 el

77 1205 55 29 Mar
142 1205 83 39 Negro
242 1214 28 19 es
282 1202 103 31 mirado
411 1212 32 20 en
463 1202 26 30 la
505 1203 117 29 estación
643 1202 123 40 rigurosa
778 1201 33 31 de
833 1201 132 36 invierno,
984 1212 49 20 con
1049 1211 50 21 una

77 1261 105 39 presión
199 1259 32 30 de
248 1270 67 30 vago
330 1265 93 24 temor.

116 1317 50 29 Las
177 1316 58 30 diez
249 1316 126 29 señalaba
389 1315 24 30 el
430 1315 77 41 reloj,
525 1315 104 30 cuando
651 1314 119 41 dejamos
783 1324 61 21 caer
869 1314 24 30 el
907 1314 76 31 ancla
999 1325 32 20 en
1059 1315 37 30 las

76 1383 82 30 aguas
169 1372 32 30 de
217 1372 226 40 Conslantinopla.

117 1431 31 30 Al
160 1431 170 41 pocoliempo
343 1429 32 31 de
386 1428 158 33 fondeados,
560 1428 63 29 vino
636 1439 35 18 un
678 1427 86 30 oficial
779 1426 200 41 acompañando
989 1438 36 19 un
1034 1427 65 30 lan-

76 1490 78 34 chon,
178 1498 47 20 con
239 1487 86 40 objeto
337 1487 33 30 de
383 1486 99 31 recibir
493 1496 31 20 en
542 1485 24 31 el
580 1485 104 33 mismo,
704 1484 40 31 los
761 1484 108 30 heridos
885 1494 52 30 que
960 1486 136 28 traíamos.

76 1543 101 32 Viendo
189 1554 50 31 que
250 1554 33 19 no
298 1543 67 30 tenia
376 1543 91 30 literas
481 1552 63 31 para
561 1542 114 29 llevarse
690 1541 39 30 los
746 1551 56 20 mas
819 1540 135 31 delicados
976 1541 33 30 de
1022 1546 77 25 esta-

76 1601 45 36 do,
137 1601 23 30 le
174 1601 147 41 espusimos
337 1611 53 30 que
402 1600 72 30 seria
490 1598 142 41 imposible
646 1598 117 30 sacarlos
776 1599 14 28 á
807 1607 102 25 manos,
929 1607 101 30 porque
1052 1598 47 29 al-

75 1668 85 30 gunos
181 1658 122 39 requería
324 1669 30 18 su
378 1657 64 35 mal,
468 1661 70 25 estar
561 1654 122 31 tendidos
698 1654 214 30 conlinuamenle
927 1666 5 23 ;
952 1665 17 29 y
990 1654 51 35 sin,
1074 1654 24 30 al

73 1725 103 25 menos,
202 1724 50 19 una
267 1715 74 29 litera
358 1723 63 31 para
431 1712 117 31 subirlos
563 1722 15 31 y
590 1711 117 41 bajarlos
721 1710 41 31 del
781 1710 102 42 buque,
901 1720 33 20 no
945 1709 79 42 podía
1035 1720 64 21 em-

74 1771 143 40 prenderse
235 1771 23 30 el
273 1770 206 41 desembarque.

114 1829 138 31 Habiendo
269 1829 43 30 ido
325 1830 15 29 á
358 1829 78 30 tierra
451 1837 63 31 para
527 1826 98 31 buscar
640 1825 99 41 alguna
753 1850 7 12 ,
778 1827 110 39 regresó
898 1836 49 19 con
960 1825 55 31 solo
1032 1835 66 27 una,
