1241 2180
552 149 182 27 172

169 216 139 39 Magnífica
321 215 124 40 aparecía
457 214 33 30 de
506 213 84 31 noche
602 213 23 30 la
637 212 107 31 auréola
759 211 32 31 de
805 211 81 41 fuego
896 222 53 31 que
962 222 28 19 se
1003 211 57 30 veía
1072 210 81 30 desde

128 273 24 30 la
165 282 55 21 mar
232 271 152 30 coronando
400 271 24 29 el
437 271 77 39 lugar
529 270 33 30 do
579 280 27 20 se
623 268 99 42 pasaba
740 268 24 31 la
778 268 154 40 sangrienta
949 278 16 31 y
981 266 172 32 descomunal

127 328 150 32 catástrofe.
297 330 36 28 No
363 327 78 41 podia
468 338 91 19 menos
573 337 52 20 uno
641 337 53 30 que
706 325 191 41 contemplarla
915 335 47 20 con
980 335 46 19 ese
1037 324 116 30 arroba-

127 386 98 29 miento
238 396 51 30 que
303 395 47 20 nos
366 394 80 21 causa
459 395 35 20 un
509 384 72 31 triste
597 384 14 30 á
627 383 24 30 la
667 393 49 31 par
733 393 52 30 que
801 382 144 40 grandioso
970 381 180 41 espectáculo:

126 442 76 30 hasta
218 442 39 30 los
273 442 108 29 mismos
398 441 117 29 oficiales
529 441 134 30 franceses
679 450 52 31 que
742 438 166 31 llevábamos
921 437 33 32 de
967 448 111 32 pasage,
1094 448 59 21 ma-

126 498 148 31 nifestaban
291 509 31 19 su
337 498 172 30 admiración.
540 499 41 28 Me
606 497 79 30 habia
708 495 125 31 olvidado
855 501 105 25 asentar
982 505 56 20 mas
1065 495 88 31 arriba

126 555 26 30 el
174 554 145 41 embarque
340 554 33 31 de
390 560 71 25 eslos
478 554 117 31 oficiales
605 567 7 23 ;
644 553 78 30 habia
749 552 47 30 dos
822 553 33 29 de
881 552 24 31 la
927 552 118 31 Guardia
1060 553 93 41 impe-

127 610 50 31 rial
189 635 6 12 ,
212 621 16 30 y
244 620 52 21 uno
311 610 33 30 de
368 609 139 31 infantería
534 608 33 31 de
583 609 110 30 Marina.
713 608 172 41 Regresaban
906 617 80 21 sanos
1003 619 16 29 y
1035 608 89 30 salvos
1139 609 13 30 á

126 669 110 28 Francia
258 678 48 30 por
330 667 83 30 orden
426 666 32 30 de
472 677 30 19 su
519 666 134 30 Gobierno
668 692 5 10 ,
693 677 32 19 no
738 664 128 32 recuerdo
882 665 82 31 ahora
980 665 24 30 el
1031 665 99 31 motivo
1143 679 5 23 ;

127 724 66 30 ellos
217 724 108 29 mismos
351 734 46 19 nos
418 724 24 30 lo
468 723 188 30 manifestaron
682 733 32 20 en
730 732 52 22 una
796 721 33 31 de
853 727 123 25 nuestras
1000 732 152 21 conversa-

126 781 90 31 ciones
231 805 5 12 ,
264 780 39 30 las
327 780 89 31 cuales
441 790 34 20 no
497 789 63 21 eran
585 789 81 31 pocas
689 790 49 19 con
766 779 24 30 el
816 789 65 30 gran
904 784 94 25 asunto
1015 779 137 40 pendien-

125 843 24 25 te
162 837 32 31 de
211 837 23 30 la
251 846 95 31 guerra
356 861 6 11 ,
388 847 16 30 y
425 846 49 20 con
490 835 23 31 el
530 836 102 40 prurito
654 835 33 30 de
712 835 88 41 parlar
820 846 53 29 que
900 835 40 30 los
970 835 66 30 tales
1053 836 98 30 oficia-

126 895 39 30 les
181 893 192 31 manifestaban
385 906 7 23 ;
420 892 164 31 debiéndose
596 892 114 31 atribuir
725 898 57 25 esto
795 892 109 37 último,
923 893 15 30 á
954 893 36 30 mi
1014 892 135 36 entender,

126 951 25 30 al
167 960 64 30 gran
254 950 117 40 regocijo
401 960 51 30 que
468 950 102 29 sentían
597 959 75 20 como
689 950 84 29 siente
788 949 60 30 lodo
865 949 23 29 el
902 959 52 30 que
971 960 28 20 se
1020 960 33 19 ve
1065 950 84 35 libre,

127 1008 40 30 sin
184 1006 134 42 esperarlo
331 1032 5 10 ,
366 1006 32 30 de
424 1017 33 19 un
485 1006 88 40 riesgo
589 1006 156 30 inminente.
777 1006 129 40 Aquellos
928 1006 131 31 militares
1074 1007 78 31 veian

127 1074 33 31 ya
178 1074 31 20 en
232 1064 155 30 lontananza
415 1063 24 30 la
464 1072 65 31 gran
556 1068 128 25 tormenta
709 1062 33 31 de
767 1062 24 31 la
813 1072 97 32 guerra
933 1073 53 31 que
1005 1074 48 31 por
1071 1064 81 41 algún

127 1122 98 37 tiempo
238 1119 112 30 hubiese
362 1119 128 40 amagado
507 1130 45 19 sus
568 1119 124 30 cabezas.

168 1177 96 30 Dichos
287 1177 116 29 oficiales
426 1187 27 19 se
476 1176 137 40 quedaron
639 1187 31 19 en
694 1177 216 40 Constantinopla
925 1202 5 11 ,
961 1177 125 30 teniendo
1098 1188 50 31 que

126 1243 115 22 evacuar
253 1233 112 39 algunos
380 1238 110 25 asuntos
506 1232 42 31 del
565 1233 124 30 servicio.

168 1291 120 39 Después
301 1289 33 30 de
351 1299 51 20 una
420 1294 42 25 lan
478 1289 93 41 rápida
584 1299 75 20 como
681 1289 60 31 feliz
763 1290 164 40 navegación
943 1315 6 11 ,
978 1300 54 31 que
1058 1290 93 30 mucho

126 1356 49 20 nos
191 1345 145 41 complació
352 1356 33 19 en
413 1346 128 41 obsequio
558 1348 13 28 á
590 1346 38 30 los
649 1345 97 42 pobres
763 1346 107 30 heridos
885 1371 5 11 ,
915 1346 158 31 fondeamos
1089 1358 62 30 muy

127 1412 76 21 cerca
219 1401 42 30 del
291 1403 105 29 Cuerno
411 1402 33 30 de
459 1403 54 29 Oro
528 1427 6 11 ,
552 1404 15 28 ó
581 1412 43 21 sea
639 1403 55 30 casi
706 1403 86 30 frente
814 1403 25 30 la
851 1403 104 30 aduana
968 1403 33 31 de
1015 1404 136 30 Constan-

127 1458 99 41 tinopla
240 1483 6 12 ,
278 1458 92 31 siendo
397 1458 24 31 el
439 1459 60 30 silio
515 1469 56 20 mas
587 1458 146 43 despejado
750 1459 33 31 de
806 1459 105 42 buques
937 1471 52 31 que
1004 1460 81 32 habia
1101 1471 50 21 en-

128 1521 99 24 tonces.

168 1573 36 29 No
216 1572 62 30 bien
294 1572 137 30 habíamos
445 1573 95 40 dejado
554 1583 60 21 caer
631 1573 23 30 el
667 1573 77 30 ancla
756 1573 104 31 cuando
877 1574 130 31 subieron
1026 1575 14 31 á
1057 1574 94 37 bordo,

125 1629 84 30 desde
225 1629 39 30 los
278 1641 126 29 cayucos
429 1630 88 30 donde
533 1630 95 30 venían
641 1630 175 31 embarcadas
830 1655 6 12 ,
855 1636 93 25 cuatro
961 1631 142 32 hermanas
1120 1631 33 31 de

127 1687 26 30 la
164 1686 114 31 Caridad
303 1696 63 31 para
382 1686 138 41 prodigar,
535 1697 49 21 con
599 1697 31 20 su
647 1687 79 31 dulce
754 1698 16 30 y
795 1688 159 41 persuasivo
971 1695 94 25 acento
1080 1714 7 12 ,
1114 1690 38 30 los

126 1752 57 21 mas
194 1745 112 28 eficaces
323 1744 140 29 consuelos
475 1745 14 28 á
507 1743 74 30 lodos
592 1744 124 40 aquellos
729 1744 121 30 infelices
873 1755 53 30 que
943 1747 125 30 traíamos
1087 1757 65 31 pos-

129 1800 86 30 Irados
231 1810 32 19 en
279 1800 24 30 el
330 1800 76 30 lecho
423 1801 42 29 del
483 1801 85 29 dolor.
587 1801 32 30 Al
635 1812 48 19 ver
695 1812 49 20 con
761 1803 52 39 qué
827 1801 167 41 benignidad
1012 1828 6 11 ,
1037 1814 49 20 con
1103 1805 51 40 qué

126 1856 177 42 disposición,
322 1868 49 20 con
398 1859 52 40 qué
466 1858 124 31 solicitud
606 1883 6 12 ,
641 1858 113 31 acudían
771 1859 14 30 á
797 1858 136 31 aliviarles
949 1884 5 11 ,
973 1859 177 31 derramando

126 1913 78 31 sobre
220 1914 66 30 ellos
312 1914 24 30 el
352 1914 120 31 bálsamo
495 1915 157 30 consolador
668 1914 32 31 de
713 1915 26 30 la
754 1915 113 40 religión
877 1928 6 17 :
899 1915 26 31 al
938 1927 47 19 ver
998 1917 14 30 á
1029 1917 122 40 aquellas
