1241 2180
505 127 162 27 73

70 194 84 25 sotros
168 200 4 18 :
208 201 12 14 «
232 189 166 40 Eslranjeros
423 200 59 25 son,
496 200 104 30 espera,
615 200 33 30 ya
662 190 38 30 los
712 191 147 41 arreglaré.
879 206 12 13 »
909 194 55 28 Mas
981 203 34 19 no
1032 199 68 25 tras-

70 245 136 32 currieron
233 244 58 31 diez
319 246 133 40 segundos
480 246 115 36 cuando,
628 246 178 32 súbitamente
837 249 59 40 pica
925 249 126 42 espuelas
1075 249 25 32 al

70 302 114 35 caballo,
203 302 24 30 lo
243 302 98 30 inclina
358 303 75 29 hacia
448 303 88 30 donde
548 304 159 34 estábamos,
727 315 52 29 que
792 305 14 29 á
821 315 34 19 no
873 316 163 30 separarnos
1053 317 47 20 nos

71 359 137 40 atropella,
222 369 16 30 y
250 369 28 20 se
294 359 90 40 planta
396 371 32 19 en
446 371 33 19 un
495 360 60 31 silio
570 360 172 41 desocupado
772 372 16 30 y
809 361 82 37 llano,
910 363 126 40 gritando
1050 374 50 20 con

72 426 46 19 voz
133 415 142 41 imperiosa
289 415 24 30 al
330 415 67 31 cabo
423 429 12 14 «
450 427 51 30 que
518 426 103 32 vengan
636 417 53 29 seis
705 417 127 31 soldados
845 428 48 20 con
911 419 24 29 el
951 419 64 30 fusil
1038 431 62 19 car-

70 472 67 42 gado
154 486 27 22 »,
197 483 14 31 y
227 473 175 31 volviéndose
417 485 48 19 con
483 474 118 30 decisión
615 474 75 30 hacia
706 480 133 31 nosotros,
854 476 55 40 dijo
925 476 175 33 arrebatada-

70 536 97 29 mente,
192 543 11 13 «
218 531 128 29 arrimaos
365 532 81 39 aquí»
458 544 6 22 ;
494 531 216 40 designándonos
727 542 36 20 un
792 532 60 30 silio
871 531 227 33 desembarazado

70 586 83 30 frente
170 586 33 31 de
219 587 39 30 él.

111 644 32 29 Al
157 644 39 30 oir
212 650 121 24 nosotros
349 645 106 41 aquella
472 645 81 29 orden
565 650 41 25 tan
620 646 166 35 terminante,
799 656 18 30 y
832 656 47 19 ver
891 647 80 39 aquel
990 652 110 34 aspecto

70 709 82 31 grave
168 711 17 30 y
196 700 184 35 amenazador,
396 712 52 29 que
463 701 154 41 implicaba,
633 702 14 29 á
656 701 95 40 juzgar
769 711 47 30 por
832 701 39 30 las
889 702 153 39 conjeturas
1056 702 44 30 del

70 762 144 29 momento,
228 757 82 30 cierto
324 758 117 29 misterio
454 757 146 37 aterrador,
616 758 112 31 creímos
742 759 78 40 (para
835 760 53 40 qué
900 758 127 41 negarlo)
1048 758 51 30 lle-

70 813 67 39 gada
154 819 108 25 nuestra
275 813 94 31 última
385 814 74 30 hora.

113 869 37 30 Lo
163 879 56 20 mas
230 868 72 31 cruel
319 868 44 31 fué
376 879 62 31 que,
454 879 75 21 como
541 869 24 30 el
578 879 100 32 cuerpo
693 869 33 30 de
746 868 111 42 guardia
872 879 29 20 se
916 868 106 31 hallaba
1037 868 62 41 algo

71 925 126 41 apartado
214 926 43 30 del
273 926 77 41 lugar
366 926 87 30 donde
476 926 161 36 estábamos,
667 926 125 30 tardaban
819 926 14 30 á
859 935 172 32 comparecer
1059 925 40 31 los

72 982 125 30 soldados
214 993 16 30 y
247 993 28 19 se
286 983 159 29 aumentaba
457 994 49 29 por
516 984 128 29 instantes
654 988 107 24 nuestro
777 982 179 36 sufrimiento,
973 993 32 19 no
1019 983 80 28 vien-

70 1039 34 30 do
120 1049 33 19 en
165 1039 25 29 el
207 1039 103 30 ceñudo
326 1039 147 30 semblante
489 1039 32 30 de
534 1039 78 41 aquel
628 1039 118 35 coronel,
761 1050 52 30 que
826 1039 103 30 callado
943 1038 156 41 esquivaba

70 1105 50 21 aun
135 1095 24 30 el
176 1096 140 35 mirarnos,
334 1095 22 30 la
374 1105 55 20 mas
453 1095 109 30 mínima
574 1095 73 30 señal
663 1094 32 30 de
708 1095 225 30 conmiseración.

110 1155 52 27 Los
179 1152 124 30 soldados
316 1163 52 31 que
382 1163 47 31 por
440 1153 50 29 allá
507 1164 29 18 se
557 1152 190 35 encontraban,
777 1152 113 30 acudían
908 1152 13 30 á
951 1152 145 30 circunva-

69 1210 89 31 larnos
173 1210 85 31 llenos
274 1210 33 30 de
322 1210 163 35 curiosidad,
505 1210 222 41 permaneciendo
740 1210 156 29 silenciosos
912 1220 15 30 y
949 1210 99 36 tristes;
1069 1210 27 30 lo

69 1267 59 31 cual
144 1267 75 31 hacia
238 1273 82 24 tomar
335 1267 176 30 consistencia
528 1267 13 30 á
558 1272 108 25 nuestro
679 1276 99 30 penoso
790 1266 126 40 augurio.

112 1326 36 28 En
164 1325 121 40 aquellos
299 1329 158 30 momentos,
474 1334 34 20 no
521 1334 28 20 se
561 1324 133 29 estrañará
705 1333 53 30 que
774 1333 28 20 se
814 1332 151 31 agruparan
982 1323 14 29 á
1009 1332 86 20 nues-

70 1387 37 25 tra
122 1381 190 41 imaginación,
330 1386 41 24 tan
389 1381 56 29 solo
461 1380 119 29 funestas
595 1380 169 29 reflexiones.
783 1379 88 35 Quién
896 1378 75 36 sabe,
990 1380 106 39 pensá-

68 1437 104 37 bamos,
192 1438 21 30 si
225 1448 27 19 se
266 1437 31 31 ha
313 1436 70 31 dado
400 1436 81 31 orden
493 1436 33 30 de
539 1436 93 30 fusilar
647 1446 32 19 en
690 1436 25 29 el
732 1441 68 30 acto,
821 1436 23 28 al
859 1446 52 29 que
925 1446 28 19 se
975 1446 121 19 encuen-

69 1500 37 25 tre
123 1505 31 20 en
171 1495 89 41 paraje
277 1494 161 42 sospechoso
462 1493 33 31 de
518 1492 147 42 espionaje,
684 1492 149 30 añadiendo
849 1503 5 18 :
888 1503 17 30 y
932 1502 110 31 aunque
1072 1492 24 30 la

68 1552 82 31 orden
166 1562 34 20 no
215 1562 45 20 sea
276 1557 42 25 tan
332 1560 106 26 severa,
457 1551 34 29 lal
504 1560 47 20 vez
567 1560 44 20 ese
623 1549 116 36 coronel,
755 1559 49 21 con
816 1548 23 30 el
853 1548 51 31 mal
921 1558 110 21 corazón
1044 1558 52 32 que

67 1610 152 30 demuestra
233 1619 105 31 poseer,
357 1608 95 30 manda
468 1607 144 40 ejecutarlo
626 1619 6 23 ;
652 1605 165 41 pudiéndose
834 1605 115 30 escudar
970 1616 48 19 con
1048 1605 48 30 al-

67 1678 71 29 guno
149 1666 33 31 de
198 1667 39 29 los
253 1666 45 30 mil
312 1670 130 37 preteslos
468 1675 53 30 que
536 1663 88 31 ofrece
639 1663 24 30 la
679 1663 142 30 condición
834 1662 44 30 del
894 1663 73 29 sitio.

109 1726 77 31 Pero,
214 1723 23 30 la
253 1732 155 32 esperanza,
428 1732 45 19 ese
488 1720 112 31 destello
625 1718 158 33 consolador
810 1729 52 31 que
877 1719 67 30 Dios
971 1718 122 32 derrama

67 1782 77 30 sobre
158 1792 30 20 su
202 1781 114 31 criatura
331 1779 74 31 hasta
416 1779 23 30 el
456 1779 93 29 último
565 1778 97 29 aliento
676 1786 52 31 que
744 1776 113 41 respira,
878 1776 63 30 vino
959 1777 14 29 á
986 1781 107 25 nuestra

65 1837 98 42 ayuda,
179 1847 63 31 para
253 1847 52 31 que
318 1837 161 30 atinásemos
506 1845 32 20 en
553 1833 233 32 consideraciones
806 1842 49 20 con
877 1832 72 30 visos
979 1833 33 29 de
1037 1841 56 21 mas

65 1894 168 31 naturalidad
247 1904 52 31 que
312 1893 141 40 mitigasen
464 1892 40 30 las
514 1890 144 43 sospechas
669 1888 171 33 concebidas.
860 1889 138 30 Decíamos
1012 1898 78 31 pues,

950 1938 25 19 10
