1241 2180
491 121 160 28 79

96 182 105 31 Débese
213 183 122 31 confesar
350 209 5 10 ,
374 194 53 30 que
449 189 73 25 enlre
539 184 66 30 ellos
620 208 6 11 ,
645 183 78 31 habia
737 183 99 40 alguno
858 193 52 29 que
934 194 30 19 su
986 183 52 29 mal
1052 193 32 19 no

57 250 44 21 era
114 239 33 31 de
163 245 69 25 tanla
255 240 136 41 gravedad
415 251 75 20 como
503 240 161 42 aparentaba
678 254 7 22 ;
704 250 65 32 pero
792 240 23 30 la
833 241 80 40 fingía
926 251 64 31 muy
1002 240 62 31 bien
1079 265 5 11 ,

58 307 48 31 por
117 297 155 30 convenirle
284 297 24 30 el
332 297 114 30 librarse
459 297 33 30 de
508 297 24 30 la
546 307 97 31 guerra
665 307 48 20 con
731 296 22 31 el
779 307 91 20 menor
886 297 68 30 daño
969 297 112 41 posible.

59 356 38 28 En
110 360 54 25 este
177 353 100 31 mundo
290 354 51 41 hay
355 364 128 30 personas
496 365 52 29 que
561 354 82 30 saben
656 354 81 30 hacer
759 353 74 31 todos
856 354 40 30 los
908 354 110 41 papeles
1034 364 50 30 que

60 421 169 29 convengan.

103 466 45 31 Sin
163 465 38 31 los
224 465 109 31 heridos
349 476 47 20 nos
413 465 173 32 embarcaron
602 476 67 20 unos
686 467 36 29 25
748 465 161 31 licenciados
935 476 62 31 para
1013 465 74 42 dejar

62 534 31 20 en
110 523 115 42 Galípoli
238 548 6 11 ,
263 534 16 31 y
296 523 113 41 algunos
428 524 154 41 tripulantes
599 522 33 31 de
655 522 218 32 embarcaciones
897 522 125 42 perdidas
1039 533 48 21 con

63 581 24 30 el
103 581 127 40 temporal
247 580 43 30 del
316 581 58 34 14;
404 591 17 30 y
444 591 49 30 por
519 581 113 35 último,
662 580 113 40 algunos
803 579 128 30 militares
952 578 33 31 de
1001 579 86 30 varios

64 648 111 30 cuerpos
192 662 5 12 ,
217 647 51 31 que
285 636 162 41 regresaban
464 637 14 30 á
494 637 110 30 Francia
621 636 141 31 concluido
774 636 24 30 el
818 636 112 30 término
945 636 33 30 de
991 647 30 19 su
1034 646 53 20 ser-

64 695 78 29 vicio.

104 751 188 40 Despachados
309 762 16 30 y
341 756 180 25 enteramente
538 751 74 29 listos
628 750 25 30 al
675 749 147 31 anochecer
836 774 6 11 ,
865 760 49 20 nos
939 751 118 40 pusimos
1074 751 12 29 á

68 809 73 29 levar
157 809 37 29 las
211 808 101 30 anclas.
