1241 2180
558 153 181 27 178

185 218 36 28 En
239 216 215 41 Constantinopla
478 227 29 19 se
522 226 166 31 proveyeron
704 215 33 30 de
756 215 119 30 caballos
889 239 6 12 ,
918 214 103 31 tiendas
1037 214 35 31 de
1085 223 80 21 cam-

143 277 68 37 paña
236 284 15 30 y
275 272 89 32 demás
387 273 137 31 utensilios
549 283 52 31 que
631 271 170 32 necesitaban
831 281 63 31 para
918 281 158 31 acamparse
1092 281 32 19 en
1141 270 24 31 la

143 330 112 28 Crimea.

183 387 56 29 Una
256 386 83 31 noche
350 386 97 30 fuimos
464 386 75 30 todos
551 387 90 40 juntos
654 385 24 31 al
694 391 81 24 teatro
791 397 6 17 :
813 384 221 41 representábase
1048 383 23 31 la
1084 386 77 39 ópera

140 443 150 31 deRossini
309 443 37 30 «II
363 444 124 30 Barbiere
509 443 26 30 di
557 443 145 41 Siviglia.»
722 443 62 39 Muy
798 447 74 35 grato
889 451 49 20 nos
951 441 43 30 fué
1007 451 46 19 ver
1066 451 95 30 repre-

140 506 87 25 sentar
239 512 31 19 en
288 502 22 29 la
324 503 94 40 capital
435 502 32 30 de
480 502 24 30 la
518 503 116 40 Turquía
648 501 105 41 aquella
767 509 96 21 escena
878 499 61 41 algo
955 498 139 31 andaluza.
1109 500 50 29 Nos

139 558 137 30 retiramos
292 559 15 30 á
326 558 82 31 bordo
419 558 193 41 acompañados
630 558 32 30 de
681 558 22 29 la
721 557 200 40 indispensable
940 556 111 30 linterna
1065 579 7 12 ,
1089 560 70 25 tanto

139 625 102 32 porque
257 616 55 29 está
328 616 38 29 así
377 614 149 37 ordenado,
545 624 75 21 como
632 624 46 30 por
690 624 33 19 no
737 624 156 30 rompernos
907 613 22 31 la
946 612 97 30 crisma
1060 622 49 30 por
1121 612 38 29 las

138 673 52 29 mal
207 673 173 40 empedradas
396 678 104 24 cuestas
512 696 6 11 ,
537 682 52 30 que
607 682 33 19 no
656 677 55 24 olra
727 681 62 20 cosa
805 681 46 20 son
866 670 38 30 las
919 669 83 32 calles
1020 668 33 31 de
1069 669 90 30 Cons-

137 729 145 41 tantinopla
296 754 6 11 ,
326 740 53 30 que
391 729 138 30 debíamos
542 739 121 20 recorrer
685 738 63 30 para
772 729 21 28 ir
809 728 25 30 al
850 726 191 32 embarcadero
1054 736 105 21 conve-

137 787 100 29 nienle.

179 845 80 29 Anles
270 855 52 30 que
332 844 148 40 dejáramos
494 849 54 24 esle
560 849 93 35 puerlo
668 868 6 10 ,
690 844 86 29 vimos
789 843 86 41 llegar
884 842 82 41 algún
978 851 83 31 vapor
1072 841 85 41 inglés

138 900 183 40 trasportando
335 900 38 30 los
386 900 129 41 primeros
528 900 124 29 soldados
663 899 42 30 del
717 900 170 39 contingente
905 898 91 30 sardo.
1019 898 21 30 A
1054 898 24 30 la
1092 898 65 30 vista

137 955 33 30 de
193 955 66 36 ello,
278 965 27 20 se
326 955 135 30 animaron
484 966 30 19 en
528 955 108 29 Oriente
659 955 39 28 los
712 964 55 19 mas
783 953 188 30 desalentados
986 953 168 41 partidarios,

136 1022 119 31 porque,
276 1017 89 36 aparte
388 1011 42 31 del
452 1011 120 31 refuerzo
588 1011 32 30 de
639 1013 35 28 15
693 1011 43 29 mil
755 1010 124 30 hombres
894 1035 5 10 ,
919 1020 45 20 esa
981 1011 174 40 cooperación

135 1068 42 30 del
196 1069 132 29 Piamonte
349 1069 37 30 les
402 1068 75 31 hacia
493 1077 116 32 augurar
624 1078 76 20 como
715 1067 122 31 infalible
855 1067 24 31 la
891 1066 32 32 de
942 1069 103 40 España
1059 1092 6 12 ,
1084 1077 32 21 en
1131 1067 25 31 lo

135 1134 51 31 que
200 1125 150 29 mostraban
367 1125 109 29 muchos
488 1124 94 30 deseos
594 1149 5 11 ,
617 1135 14 30 y
645 1124 160 30 confesaban
819 1130 163 35 prometerse
998 1124 34 30 de
1044 1135 47 20 sus
1104 1130 50 25 tro-

133 1191 49 29 pas
197 1180 100 30 buenas
310 1191 167 29 esperanzas.

174 1239 130 28 Entonces
320 1237 153 41 comprendí
490 1247 55 20 mas
567 1247 51 20 aun
630 1262 5 11 ,
652 1237 23 30 la
693 1237 67 30 fama
773 1248 53 30 que
835 1239 163 39 justamente
1021 1239 68 30 tiene
1103 1239 49 31 ad-

132 1294 104 41 quirida
257 1300 73 25 entre
343 1294 39 31 los
398 1295 159 39 eslranjeros
572 1320 5 9 ,
596 1294 24 30 el
644 1294 110 31 soldado
767 1295 121 41 español.
916 1298 33 27 Es
965 1297 54 29 casi
1036 1296 116 30 induda-

131 1350 61 36 ble,
210 1353 14 28 á
240 1362 33 19 no
286 1351 82 30 haber
386 1351 86 30 tenido
496 1352 58 29 feliz
570 1352 70 29 éxilo
656 1352 36 29 las
709 1353 204 39 negociaciones
926 1353 33 31 de
971 1364 64 31 paz,
1055 1354 25 30 lo
1095 1355 57 30 im-

131 1408 179 41 prescindible
322 1419 53 30 que
388 1408 110 31 hubiera
513 1408 57 30 sido
585 1409 15 30 á
617 1408 23 30 la
658 1410 103 39 España
774 1414 88 26 entrar
877 1435 7 11 ,
903 1421 48 31 por
965 1413 187 40 contempori-

131 1465 88 30 zación
233 1489 7 10 ,
254 1475 32 21 en
301 1465 22 31 la
336 1465 129 31 coalición
479 1466 117 30 armada.
