1241 2180
591 115 161 28 48

205 182 69 39 ¡Qué
296 179 168 43 especláculo
482 184 41 25 tan
541 179 135 30 lastimoso
689 189 42 19 me
747 180 56 27 locó
817 178 154 39 presenciar
986 177 24 28 el
1029 175 99 41 primer
1145 172 40 31 dia

163 249 50 29 que
226 238 56 40 pisé
295 238 23 29 la
333 238 77 29 tierra
423 237 33 29 de
472 237 23 29 la
507 237 118 29 Crimea!

202 295 29 29 El
260 294 85 34 suelo,
370 294 82 29 desde
476 294 24 29 la
512 299 72 24 corta
601 293 102 29 llanura
721 301 52 31 que
784 291 66 30 hace
867 290 25 30 la
909 289 89 31 ribera
1015 288 44 30 del
1078 293 106 36 puerto,

163 362 27 20 se
213 352 75 30 eleva
303 355 171 26 suavemente
490 350 74 30 hasla
586 349 98 31 formar
708 359 50 20 con
775 352 137 38 pequeñas
925 346 193 30 ondulaciones
1135 354 52 21 una

163 408 83 30 colina
260 432 5 11 ,
295 417 67 31 cuya
379 409 67 28 cima
470 418 28 19 se
514 407 131 30 descubre
668 407 14 30 á
695 406 99 41 alguna
811 404 133 31 distancia
960 403 85 30 desde
1060 403 24 29 la
1101 401 85 31 citada

163 465 110 29 llanura.
290 464 137 30 Cruzando
443 464 77 31 dicha
533 465 85 29 colina
636 464 39 29 los
689 464 118 30 caminos
824 472 51 31 que
901 460 150 32 conducían
1065 459 25 30 al
1107 469 78 20 cam-

162 526 133 36 pamento,
325 531 28 20 se
368 520 122 31 divisaba
505 531 48 31 por
575 526 80 28 tanto,
675 520 22 31 al
715 530 106 21 asomar
836 530 49 30 por
901 519 51 30 allá
966 543 6 12 ,
990 522 97 26 cuanto
1109 517 75 31 venia

163 588 46 29 por
222 577 75 31 ellos.

202 636 69 28 Pues
284 635 60 29 bien
358 660 5 10 ,
391 641 55 24 este
472 635 44 30 dia
537 635 90 30 estaba
643 634 201 41 distinguiendo
861 643 53 32 que
927 632 116 41 bajaban
1066 641 51 21 una
1134 636 49 25 Iras

163 697 53 24 otra
240 691 125 30 infinidad
383 691 32 30 de
437 691 84 30 mulas
537 691 128 41 cargadas
688 691 64 30 cada
770 700 51 20 una
834 701 49 20 con
900 690 48 30 dos
966 689 109 30 heridos
1090 701 5 18 :
1117 689 66 30 tenia

163 748 124 31 contadas
300 749 56 30 cien
372 773 5 11 ,
396 749 104 30 cuando
511 759 50 20 aun
576 749 143 30 asomaban
736 758 56 21 mas
806 760 5 18 :
837 748 34 30 mi
888 757 111 21 corazón
1016 746 166 42 principiaba

163 804 173 31 hondamente
352 806 14 29 á
382 815 173 20 conmoverse
570 817 6 18 :
595 804 109 31 estando
719 815 130 30 suspenso
863 804 60 41 dejé
939 804 34 30 de
995 808 107 26 contar:
1118 813 65 31 supe

162 861 115 41 después
301 872 51 29 que
368 871 61 19 eran
447 871 55 20 mas
518 862 33 29 de
566 861 161 31 doscientas.
755 862 54 29 Con
829 867 56 23 esta
901 870 103 20 remesa
1023 872 16 29 y
1055 866 56 24 otra
1129 870 54 20 mas

163 917 82 34 tarde,
272 928 28 18 se
327 917 170 30 embarcaron
525 917 79 41 aquel
620 917 42 31 dia
679 929 75 19 como
769 920 57 28 700
841 917 108 31 heridos
963 942 6 11 ,
985 917 33 30 de
1033 917 39 30 los
1095 917 88 30 cuales

164 983 65 20 unos
243 975 56 28 200
314 984 62 19 eran
393 984 86 19 rusos.

203 1032 61 28 Esta
291 1030 122 31 dolorosa
438 1041 95 20 escena
560 1031 92 30 siendo
669 1032 23 29 la
716 1033 113 39 primera
857 1042 52 31 que
931 1031 33 30 de
980 1031 108 41 aquella
1105 1037 77 24 natu-

163 1087 84 30 raleza
272 1088 169 39 presenciaba
455 1112 6 11 ,
490 1089 149 34 conmovió,
666 1099 76 19 como
765 1089 33 30 he
820 1089 91 35 dicho,
934 1089 35 29 mi
986 1099 123 20 corazón.
1129 1089 53 30 Mas

163 1144 131 35 adelanle,
312 1144 104 30 cuando
433 1150 60 24 tuve
515 1145 33 30 de
564 1155 118 21 rozarme
709 1155 56 21 mas
781 1145 33 31 de
836 1155 78 22 cerca
930 1156 49 20 con
996 1145 66 31 ellas
1077 1171 6 10 ,
1103 1155 32 32 ya
1151 1155 31 21 no

163 1200 83 29 senlia
259 1200 77 41 aquel
350 1200 74 30 dolor
436 1206 41 24 tan
491 1201 114 36 intenso,
625 1202 21 30 si
660 1201 61 31 bien
735 1202 24 30 la
770 1203 94 29 misma
881 1204 167 38 compasión.

203 1256 126 40 Figúrese
346 1257 23 29 el
384 1256 92 36 lector,
491 1267 55 20 mas
563 1258 32 30 de
610 1260 57 28 200
686 1259 84 29 mulas
784 1270 32 19 en
830 1260 84 30 hilera
930 1260 114 41 guiadas
1054 1258 67 31 cada
1131 1269 52 21 una

162 1321 48 31 por
225 1321 34 20 un
273 1311 109 31 soldado
397 1322 14 30 y
428 1313 128 40 cargadas
572 1324 49 19 con
638 1314 48 29 dos
698 1325 114 31 cuerpos
825 1315 56 30 casi
897 1315 99 31 inertes
1009 1329 6 21 ;
1032 1326 67 19 unos
1116 1325 68 20 sen-

163 1368 72 30 lados
251 1379 31 19 en
301 1378 64 20 unas
386 1370 74 29 sillas
476 1370 33 29 de
521 1370 87 30 hierro
625 1373 100 39 sujetos
742 1383 47 30 por
805 1373 23 30 la
850 1373 103 30 cintura
967 1398 6 11 ,
1000 1384 17 30 y
1034 1379 71 24 otros
1118 1398 6 11 ,
1143 1372 39 31 los

162 1424 32 29 de
206 1434 55 19 mas
272 1425 134 39 gravedad
422 1450 6 10 ,
448 1426 121 31 tendidos
580 1437 32 20 en
624 1437 67 21 unas
704 1429 90 30 literas
809 1430 115 29 también
940 1430 34 29 de
986 1431 89 29 hierro
1087 1442 5 24 ¡
1109 1430 74 30 lodos

162 1491 48 20 con
227 1491 44 19 sus
286 1481 77 41 trajes
385 1482 170 31 maltratados
568 1508 6 11 ,
590 1484 86 30 llenos
692 1484 33 30 de
739 1486 59 30 lodo
816 1497 15 29 y
848 1486 33 31 de
897 1496 98 31 sangre
1008 1486 111 42 cuajada
1134 1499 6 18 :
1159 1486 25 31 la

162 1547 91 30 mayor
274 1543 73 35 parte
362 1538 176 41 presentaban
555 1550 34 19 un
604 1541 148 31 semblante
765 1542 169 37 cadavérico,
948 1554 67 31 pues
1029 1545 111 30 muchos
1151 1544 33 31 de

162 1594 65 30 ellos
249 1595 47 29 dos
312 1594 57 30 dias
386 1600 74 25 antes
476 1595 95 31 habian
598 1597 99 40 pasado
722 1608 33 21 en
772 1599 23 30 la
812 1600 157 41 intemperie
995 1601 24 29 la
1045 1607 140 35 espantosa

163 1651 82 29 noche
261 1650 42 30 del
325 1651 115 30 huracán
455 1676 5 12 ,
479 1663 17 30 y
511 1663 33 19 en
560 1654 79 40 aquel
655 1662 133 23 momento
800 1657 136 30 acababan
953 1657 33 31 de
999 1658 82 31 sufrir
1096 1658 84 35 todos,

163 1707 38 30 los
217 1707 102 40 agudos
334 1707 106 32 dolores
454 1720 31 20 en
502 1721 46 19 sus
560 1711 106 31 heridas
681 1737 6 11 ,
702 1724 52 29 que
768 1713 37 31 les
817 1715 173 31 ocasionaran
1002 1716 39 30 los
1056 1717 129 40 tropiezos

163 1762 32 30 de
207 1762 39 31 las
263 1764 83 30 mulas
359 1789 7 11 ,
384 1767 198 39 consiguientes
594 1768 14 30 á
621 1779 76 21 cerca
713 1769 48 32 dos
777 1770 79 31 horas
872 1771 33 31 de
921 1773 114 30 camino.
1063 1773 122 31 Añádese

164 1822 14 28 á
194 1825 67 30 esto,
280 1831 34 20 un
339 1821 49 30 frió
401 1823 120 32 escesivo
533 1825 111 31 estando
668 1838 64 30 muy
744 1828 195 42 desabrigados
952 1856 6 11 ,
978 1842 66 29 poco
1057 1833 127 29 consuelo
