1241 2180
520 121 181 28 149

101 183 136 31 sombrero
253 183 34 31 de
303 194 65 32 copa
384 185 52 30 alta
449 210 5 11 ,
469 196 52 31 que
538 186 163 32 llevábamos
716 189 79 41 aquel
811 188 43 32 dia
870 215 6 11 ,
891 194 93 37 puesto
996 200 31 21 en
1045 189 23 31 la
1080 199 41 22 ca-

102 240 74 36 beza,
193 252 33 19 no
237 241 138 41 podíamos
396 248 125 25 contener
543 243 25 30 la
591 243 52 31 risa
660 245 168 31 mirándonos
842 257 66 20 unos
922 248 13 28 á
949 253 69 24 otros
1033 272 6 11 ,
1059 257 62 30 pero

103 298 43 31 fué
174 299 103 41 preciso
293 299 126 41 ahogarla
436 310 16 30 y
478 294 142 47 aparenHr
643 304 173 29 acatamiento
826 329 6 11 ,
850 315 101 30 porque
969 306 125 29 teníamos
1109 305 12 30 á

103 361 108 25 nuestro
226 355 59 31 lado
298 356 23 30 el
338 357 137 30 sacerdote
491 362 73 25 turco
585 359 149 40 encargado
750 359 32 31 de
798 361 106 40 aquella
926 362 129 41 mezquita
1068 387 6 11 ,
1098 361 23 31 el

103 412 59 30 cual
179 423 48 19 nos
242 414 191 38 acompañaba.

146 470 40 29 En
199 470 24 30 el
241 476 93 35 puerto
346 471 79 31 habia
438 472 144 31 fondeados
593 473 47 30 dos
653 473 170 41 bergantines
844 474 33 30 de
894 485 94 30 guerra
1006 481 87 25 lurcos
1105 486 16 30 y

105 538 52 20 uno
173 530 142 28 austríaco.
336 530 122 29 Nosotros
472 555 5 10 ,
506 541 31 30 ya
562 541 51 30 que
636 536 69 24 lanía
721 531 151 40 aceptación
898 534 171 28 merecíamos
1090 532 31 30 de

104 586 121 39 aquellos
252 586 148 31 habitantes
414 611 5 11 ,
447 597 16 31 y
485 597 48 21 nos
550 589 116 29 veíamos
682 587 133 31 honrados
835 588 212 31 continuamente
1072 600 49 19 con

105 641 92 31 visitas
209 643 14 29 á
237 641 98 37 bordo,
354 652 61 31 para
432 649 186 35 presentarnos
634 654 33 20 en
679 644 78 41 aquel
774 649 92 36 puerlo
888 655 75 19 como
979 644 94 41 dignos
1090 646 31 29 de

106 703 69 26 tanta
198 699 122 30 atención
335 724 6 10 ,
360 700 206 40 procurábamos
591 700 77 30 hacer
695 700 74 30 todas
798 700 38 30 las
857 700 150 30 maniobras
1023 712 48 18 con
1098 702 23 29 la

104 756 94 31 misma
214 757 132 39 precisión
358 767 52 30 que
422 757 38 29 los
476 757 104 40 buques
596 757 33 29 de
642 767 94 30 guerra
752 757 100 30 citados
868 770 6 23 ;
892 757 201 30 inclinándonos
1109 758 12 29 á

106 812 51 32 ello
168 838 6 10 ,
195 812 114 31 también
325 837 6 10 ,
351 812 24 31 el
397 813 80 31 deseo
490 812 33 31 de
538 813 100 30 realzar
654 823 31 20 en
699 812 24 30 lo
739 813 104 40 posible
855 813 25 30 el
896 818 125 36 concepto
1038 813 33 30 de
1083 813 38 31 los

104 868 140 42 españoles
259 894 5 9 ,
280 879 30 31 ya
324 880 67 29 que,
409 879 49 20 con
470 869 167 30 sentimiento
654 868 24 31 lo
690 868 64 41 digo
766 894 6 10 ,
790 879 32 20 en
839 869 121 41 aquellos
976 869 105 41 lugares
1095 880 26 20 es

104 924 177 32 desconocida
298 935 62 31 para
376 926 25 30 la
414 925 80 30 mitad
511 925 32 30 de
558 936 45 19 sus
619 925 148 30 habitantes
784 950 5 8 ,
819 925 24 30 la
865 925 117 30 bandera
1008 936 51 30 que
1075 936 46 20 con

106 988 69 24 tanlo
203 988 73 24 tesón
295 983 91 29 vieran
403 993 31 19 en
456 983 109 39 tiempos
584 987 114 24 remotos
712 981 137 30 tremolar:
868 982 80 29 ahora
966 981 94 40 ¡desde
1082 987 39 24 tan

104 1038 73 42 larga
193 1038 75 31 fecha
280 1049 74 20 como
370 1038 33 31 he
415 1038 102 36 citado,
532 1049 32 18 no
578 1038 78 29 habia
682 1038 111 30 visitado
809 1038 122 40 aquellos
946 1038 120 30 rincones
1078 1038 42 30 del

104 1095 122 30 Oriente!

145 1154 70 37 ¿Por
226 1154 50 39 qué
292 1152 25 30 la
331 1152 100 30 marina
443 1151 33 31 de
488 1160 96 32 guerra
601 1151 123 42 española
742 1161 33 20 no
790 1151 34 30 ha
839 1150 32 31 de
892 1151 34 36 ir,
949 1160 51 21 una
1015 1161 47 20 vez
1078 1151 44 30 si-

104 1210 91 41 quiera
210 1234 6 8 .
235 1210 13 28 á
263 1215 112 24 mostrar
390 1219 48 19 con
455 1209 97 39 alguno
563 1208 33 30 de
609 1219 45 19 sus
670 1208 87 30 varios
773 1208 106 40 buques
893 1233 6 10 ,
919 1219 51 29 que
987 1208 67 29 nada
1067 1208 55 29 de-

99 1267 46 41 jan
170 1276 51 31 que
248 1265 95 31 desear
358 1276 32 19 en
408 1265 138 30 modernos
563 1265 136 30 adelantos
715 1289 6 11 ,
750 1275 30 19 su
797 1264 91 30 estado
904 1265 167 35 floreciente,
1091 1275 30 19 su

102 1323 117 42 perfecto
235 1332 62 21 aseo
313 1333 16 31 y
342 1321 135 31 admirada
491 1321 141 41 disciplina
647 1346 6 11 ,
678 1331 31 20 en
733 1321 120 41 aquellos
864 1331 85 20 mares
963 1331 52 31 que
1031 1331 28 20 se
1072 1331 49 20 ven

101 1380 187 31 frecuenlados
308 1379 33 29 de
358 1379 97 40 tiempo
477 1389 31 19 en
524 1379 111 39 tiempo,
657 1388 45 30 por
718 1387 51 21 uno
786 1387 51 31 que
861 1382 58 25 otro
945 1377 90 41 buque
1049 1376 32 31 de
1098 1377 23 30 la

101 1447 93 31 mayor
205 1442 73 36 parle
292 1436 33 31 de
341 1436 39 30 las
397 1436 133 40 potencias
546 1436 161 29 marítimas?

143 1494 30 30 El
189 1494 104 40 capilan
310 1503 27 20 se
364 1492 147 31 entretenía
526 1491 113 41 algunos
663 1491 57 30 dias
737 1515 6 12 ,
772 1491 111 29 durante
907 1491 22 29 el
953 1491 96 40 tiempo
1071 1501 49 30 que

103 1552 210 41 permanecimos
326 1561 32 19 en
375 1550 78 41 aquel
474 1554 82 37 punto
579 1547 133 42 cargando
745 1547 99 32 cebada
860 1573 6 11 ,
890 1547 88 42 yendo
994 1549 15 29 á
1036 1557 84 25 cazar,

100 1607 159 42 reportando
270 1607 135 31 bastantes
422 1607 132 40 perdices,
569 1617 16 29 y
596 1606 111 40 algunas
720 1611 69 24 otras
802 1604 144 31 diferentes
958 1614 74 21 aves.

141 1666 30 30 El
187 1668 35 28 20
240 1665 33 31 de
287 1675 86 20 marzo
387 1674 47 31 por
452 1664 22 29 la
491 1668 110 25 mañana
617 1688 6 11 ,
641 1672 48 20 nos
705 1661 169 41 despedimos
888 1661 33 30 de
937 1661 120 41 aquellos
1073 1661 44 30 ha-

99 1723 114 30 bitantes
226 1732 62 30 para
305 1731 122 31 regresar
442 1722 15 29 á
473 1719 154 32 Kamiesch.

141 1781 49 29 Por
203 1779 122 31 mándalo
341 1778 41 31 del
397 1778 93 30 cónsul
512 1777 104 30 francés
629 1776 181 30 embarcamos
822 1784 75 21 como
915 1774 134 41 pasajeros
1061 1799 5 11 ,
1096 1773 21 30 el

98 1837 173 31 comandante
292 1847 17 31 y
335 1834 121 43 segundo
482 1834 34 31 de
531 1845 54 20 uno
607 1833 33 30 de
657 1834 38 29 los
711 1832 47 30 dos
775 1831 170 41 bergantines
971 1830 33 31 de
1021 1840 96 32 guerra

99 1900 87 27 turcos
210 1894 144 31 existentes
368 1918 6 12 ,
391 1903 75 21 como
482 1892 32 30 he
530 1891 93 36 dicho,
639 1901 31 20 en
687 1889 24 32 el
728 1894 101 36 puerlo.
858 1889 67 30 Eran
942 1897 126 33 personas
1084 1886 33 30 de
