1241 2180
565 117 184 28 150

151 187 66 28 finos
230 183 118 30 modales
371 194 17 30 y
414 182 33 31 de
463 181 79 31 noble
566 186 124 37 aspecto,
716 179 156 31 sobretodo
898 178 25 29 el
945 176 190 36 comandante,
1151 175 23 31 el

151 241 57 31 cual
224 240 89 41 poseia
329 240 24 29 el
372 239 98 30 idioma
497 239 88 40 inglés
596 263 6 12 ,
621 248 66 32 pues
711 237 78 31 habia
814 235 84 31 hecho
915 246 31 19 su
962 233 169 42 aprendizaje
1144 233 30 31 de

151 299 102 30 marino
270 309 31 20 en
318 298 157 39 Inglaterra.
665 297 22 26 *

194 356 79 30 Como
301 361 123 23 entonces
441 365 28 19 se
493 363 108 32 creyera
616 363 50 32 que
682 352 24 31 el
721 351 157 42 emperador
894 351 133 41 Napoleón
1041 349 105 41 pasaría
1160 349 14 30 á

152 412 215 41 Constantinopla
379 437 6 11 ,
415 422 62 21 eran
504 411 128 31 llamados
655 421 60 19 esos
731 410 115 29 marinos
863 409 51 30 allá
929 418 48 32 por
992 406 82 31 orden
1090 406 34 30 de
1146 417 30 20 su

152 471 147 36 Gobierno,
327 480 62 31 para
405 470 101 41 ayudar
529 470 14 30 á
572 469 126 41 disponer
723 467 60 31 todo
808 472 95 26 cuanto
920 466 75 30 fuese
1010 465 136 30 necesario
1162 465 14 29 á

153 528 73 31 darle
253 528 23 30 el
304 527 134 31 merecido
454 527 184 30 recibimiento
652 551 5 10 ,
676 537 17 29 y
706 524 133 42 quedarse
855 523 116 42 después
987 523 15 30 á
1019 533 29 19 su
1065 522 111 30 servicio

153 595 63 32 para
232 585 39 31 los
297 590 107 25 asuntos
420 595 52 31 que
489 594 27 21 se
533 583 143 31 ofrecieran
693 583 33 30 de
742 583 100 29 marina
859 581 95 30 ínterin
980 579 196 42 permaneciese

153 654 32 19 en
202 643 124 30 Oriente.

195 701 116 29 Durante
328 700 23 30 la
380 699 111 31 travesía
505 723 6 11 ,
530 709 34 19 no
581 708 28 20 se
621 707 117 30 negaron
754 697 15 29 á
792 697 119 40 ninguna
925 695 71 31 clase
1008 693 34 31 de
1058 693 118 37 comida,

157 758 39 29 sin
208 757 126 41 embargo
351 756 43 31 del
420 760 124 37 precepto
562 754 33 31 de
606 754 121 30 Mahoma
743 764 52 30 que
810 753 112 41 prohibe
938 763 89 20 comer
1042 751 136 41 cualquier

156 815 132 29 suslancia
302 814 42 29 del
372 812 78 31 cerdo
464 826 6 22 ;
489 822 63 31 pero
568 822 46 20 eso
641 812 21 29 sí
676 820 62 22 eran
752 821 62 30 muy
828 820 95 31 parcos
941 820 31 19 en
989 809 24 30 la
1030 808 102 31 comida
1142 833 5 10 ,
1162 819 16 30 y

157 881 31 20 en
215 875 95 26 cuanlo
336 870 24 29 al
377 870 62 29 vino
455 869 22 29 si
493 868 61 30 bien
571 879 34 18 no
617 868 26 29 lo
658 867 97 30 bebían
770 892 6 11 ,
795 877 33 20 no
840 876 49 32 por
904 876 46 20 eso
964 864 153 31 mostraban
1134 875 44 31 por

159 927 24 30 él
197 926 180 40 repugnancia
392 950 5 11 ,
417 936 74 20 como
508 930 69 25 oíros
594 924 127 30 fanáticos
734 929 87 24 turcos
834 934 52 30 que
902 922 33 31 he
957 921 138 32 conocido.

198 985 30 29 El
242 983 157 31 Intendente
417 982 76 31 habia
517 981 133 31 ordenado
667 992 48 30 por
731 981 75 30 oficio
823 980 99 42 pasado
937 980 25 30 al
989 980 92 30 cónsul
1095 1003 7 12 ,
1130 988 50 31 que

157 1052 48 21 nos
221 1041 73 30 diera
311 1041 32 29 de
356 1040 136 40 remolque
503 1049 52 20 uno
567 1038 33 31 de
615 1039 37 30 los
665 1038 104 42 buques
786 1049 51 31 que
853 1038 113 31 hubiese
976 1048 32 21 en
1022 1042 108 36 puerto,
1149 1036 31 31 de

158 1099 40 30 los
211 1109 51 30 que
278 1097 93 30 hacian
389 1096 33 31 de
434 1102 128 35 trasporte
578 1121 6 11 ,
603 1096 116 40 cargado
736 1095 115 30 también
867 1095 33 30 de
916 1094 101 31 cebada
1030 1107 6 24 ;
1052 1104 64 31 pero
1129 1104 51 20 no-

158 1162 84 24 sotros
253 1166 32 19 no
301 1154 124 31 teniendo
444 1152 150 43 estipulado
609 1163 31 20 en
654 1153 24 30 la
692 1158 117 25 contraía
823 1152 90 31 rendir
925 1157 56 26 esla
994 1152 71 31 clase
1079 1151 32 32 de
1124 1162 56 20 ser-

159 1212 86 34 vicio,
262 1221 48 19 nos
321 1220 128 29 negamos
464 1210 14 30 á
494 1209 143 31 admitirlo.

199 1268 57 29 Uno
269 1266 32 30 de
314 1277 59 18 esos
387 1265 116 41 grandes
519 1275 113 31 vapores
645 1265 116 41 ingleses
776 1264 33 31 de
825 1265 40 30 los
890 1275 52 31 que
967 1275 29 20 se
1018 1265 39 30 les
1071 1264 69 31 daba
1152 1263 32 31 de

157 1327 61 27 flete
230 1326 14 27 ó
258 1323 115 40 alquiler
385 1322 45 30 mil
447 1322 81 29 duros
545 1322 98 29 diarios
656 1346 5 12 ,
681 1332 28 20 se
725 1321 78 30 habia
820 1322 105 30 llevado
936 1321 33 30 de
982 1322 139 40 remolque
1137 1320 47 30 dos

159 1381 170 40 bergantines
344 1404 5 10 ,
377 1389 15 30 y
418 1378 79 30 habia
514 1378 57 30 sido
598 1378 106 30 forzado
716 1403 6 11 ,
741 1378 75 30 hacia
831 1378 33 30 de
891 1378 52 31 ello
966 1389 82 30 pocos
1064 1378 58 30 dias
1138 1403 6 11 ,
1172 1378 14 29 á

160 1438 122 30 soltarlos
297 1436 111 30 durante
434 1435 24 31 el
472 1435 103 31 camino
588 1446 47 30 por
650 1444 81 22 causa
743 1434 44 31 del
803 1435 51 30 mal
871 1435 98 41 tiempo
986 1446 51 31 que
1059 1434 128 31 sobrevi-

160 1505 43 20 no.
223 1495 36 28 No
273 1492 90 31 siendo
378 1493 22 29 el
420 1491 148 31 «Tharsis»
594 1491 33 30 de
640 1497 69 24 lanía
722 1492 155 29 resistencia
892 1516 5 11 ,
916 1501 45 20 era
986 1492 201 30 sobradamente

160 1550 115 32 fundada
289 1554 106 25 nuestra
417 1559 77 20 razón
509 1574 5 10 ,
533 1549 33 30 de
592 1560 33 18 no
641 1549 124 40 quererlo
778 1549 25 29 ni
825 1560 49 29 por
886 1549 247 32 condescendencia
1147 1554 40 25 tan

161 1608 56 30 solo
234 1616 124 32 ensayar.
378 1607 55 29 Mas
457 1605 25 31 lo
495 1605 84 42 probó
598 1605 23 30 la
638 1605 164 41 navegación
816 1615 53 31 que
881 1606 115 31 tuvimos
1012 1632 6 11 ,
1036 1618 67 30 pues
1114 1607 24 30 el
1152 1609 33 28 21

162 1675 47 30 por
224 1664 24 29 la
266 1668 110 25 mañana
389 1673 48 20 nos
449 1665 73 28 entró
539 1673 35 20 un
589 1662 88 30 viento
689 1673 16 29 y
719 1671 56 21 mar
785 1661 33 31 de
842 1664 88 29 través
948 1669 40 24 lan
1007 1670 161 25 tormentoso
1180 1688 6 10 ,

163 1731 52 30 que
246 1719 142 30 costeando
414 1725 125 24 entonces
557 1719 23 30 la
598 1719 49 29 isla
675 1719 119 30 «Imbros
810 1731 27 23 ,»
866 1719 120 31 bastante
999 1720 114 32 desazón
1144 1731 45 20 nos

163 1778 90 28 causó.
269 1778 36 27 No
328 1775 120 30 obstante
465 1775 39 30 sin
518 1775 136 36 novedad,
675 1775 23 30 lo
715 1786 52 30 que
781 1775 34 30 tal
837 1786 47 19 vez
901 1786 33 20 no
950 1776 172 32 hubiéramos
1135 1788 54 31 po-

163 1833 63 30 dido
242 1833 109 30 realizar
367 1834 14 29 á
396 1838 72 25 tener
482 1832 23 31 el
522 1832 138 31 embarazo
676 1832 44 30 del
737 1832 136 42 remolque
890 1858 5 11 ,
922 1833 130 42 llegamos
1069 1841 56 25 olra
1143 1845 46 21 vez

164 1900 32 19 en
213 1890 227 39 Constantinopla.
