1023 1619
91 81 47 22 156

350 89 135 15 GIRALDUS
498 89 177 15 CAMBRENSIS.

91 146 140 26 Henelawe,
244 146 66 31 prior
327 146 28 23 of
371 146 147 32 Llanthony,
533 147 54 23 who
600 155 48 15 was
666 144 158 26 consecrated
842 144 93 29 Bishop

90 179 27 24 of
129 180 27 23 St
182 179 110 27 David's,
312 180 70 23 1203.
412 181 175 30 Disappointed
604 180 27 24 of
645 180 41 23 the
699 178 81 31 object
798 178 27 23 of
836 178 37 22 his
882 177 53 30 just

90 214 125 27 ambition,
239 213 48 23 and
317 215 124 30 disgusted
465 215 56 22 with
552 221 54 16 men
630 214 48 23 and
703 213 89 30 things,
819 211 116 24 Giraldus

90 248 113 30 resigned
216 247 37 23 his
268 247 159 30 preferments
440 248 23 23 in
477 247 88 24 favour
582 247 29 23 of
626 248 37 22 his
680 246 109 30 nephew,
804 245 82 30 Philip
905 245 30 22 de

90 281 77 23 Barri.
204 281 40 23 He
267 282 85 29 passed
373 282 41 22 the
435 282 47 22 last
500 285 130 19 seventeen
650 287 69 24 years
742 279 28 23 of
789 279 37 22 his
847 277 42 24 life
910 278 25 22 in

89 315 91 27 Wales,
194 314 128 32 employed
334 315 24 22 in
372 315 105 30 revising
488 315 37 22 his
537 314 90 23 former
637 314 85 25 works,
731 313 48 23 and
792 313 144 29 composing

90 348 89 23 others.
216 348 47 22 His
281 348 158 31 productions
452 356 62 14 were
533 355 142 20 numerous,
693 354 30 16 an
744 347 95 22 honour
855 350 25 18 to
899 345 37 23 his

90 390 44 23 age
147 381 48 24 and
209 385 102 28 country
322 391 5 18 ;
346 382 93 30 though
454 381 67 23 Paris
535 389 56 22 may
606 381 60 22 have
680 381 72 31 given
766 380 41 23 the
820 380 116 30 finishing

90 416 74 23 touch
174 420 24 18 to
208 415 36 23 his
252 415 158 31 scholarship,
418 415 36 23 his
462 423 53 15 own
526 415 36 23 St.
572 414 110 28 David's,
693 414 29 23 be
732 414 19 23 it
759 413 176 28 remembered,

89 450 128 29 grounded
230 449 48 23 and
291 449 62 23 built
366 449 50 23 him
429 458 32 21 up
475 450 23 22 in
513 449 119 30 learning.

142 483 53 23 The
212 483 98 31 leading
331 486 51 20 acts
403 483 29 24 of
445 484 36 22 his
503 483 40 23 life
566 483 47 22 will
635 490 62 23 open
716 481 37 23 his
771 481 127 23 character
910 484 24 20 to

91 517 40 24 the
152 517 137 30 intelligent
312 517 93 23 reader.
440 516 64 24 Half
521 517 149 26 Welshman,
693 515 53 23 half
766 515 168 32 Englishman,

90 551 117 23 Giraldus
227 551 84 23 united
325 552 41 22 the
385 551 126 30 impulsive
531 558 90 23 energy
633 550 47 23 and
693 550 43 23 fire
750 548 28 24 of
788 550 40 22 the
841 557 54 19 one,
909 552 25 20 to

90 585 40 22 the
140 585 194 27 determination,
348 592 180 23 perseverance,
539 585 46 22 and
596 584 162 23 self-reliance
769 583 28 23 of
807 583 39 23 the
857 583 77 23 other.

90 618 41 23 He
144 618 125 31 possessed
286 618 48 23 fine
349 618 94 28 talents,
458 618 47 23 and
518 626 14 15 a
545 622 69 27 great
631 618 110 29 aptitude
756 617 37 24 for
806 618 111 22 business
929 626 5 18 ;

90 652 121 23 whatever
224 652 29 23 he
267 652 135 23 undertook
416 652 30 22 he
460 652 91 23 carried
570 652 113 30 through,
697 651 117 30 manfully
828 651 47 22 and
890 658 43 15 un-

90 685 142 32 flinchingly
243 695 5 13 :
267 685 37 23 his
314 685 67 23 weak
394 686 68 31 point
475 694 47 14 was
533 686 89 30 vanity,
625 699 34 2 —
664 685 68 22 those
747 685 53 22 who
814 685 69 22 knew
897 685 37 22 his

90 720 122 22 weakness
231 719 47 23 and
296 719 88 31 played
403 727 65 23 upon
487 720 26 27 it,
532 719 114 31 beguiled
664 719 50 22 him
730 719 51 22 into
795 721 43 20 not
851 718 83 22 unfre-

90 756 76 28 quent
186 753 204 23 inconsistencies.
423 752 78 29 Thus,
521 753 58 23 with
595 753 40 22 the
650 752 53 31 just
720 752 48 23 and
790 752 65 31 right
874 760 59 14 con-

90 787 95 30 ception
200 787 30 22 he
244 786 46 23 had
304 785 27 24 of
349 787 39 23 the
410 787 101 30 validity
530 786 29 23 of
577 786 41 23 the
638 786 83 23 claims
740 785 28 23 of
783 786 41 22 the
845 789 89 19 metro-

89 821 93 30 politan
203 828 40 16 see
262 819 28 24 of
311 819 35 24 St.
366 820 109 28 David's,
493 821 29 22 he
541 820 77 31 ought
636 823 43 19 not
692 824 26 19 to
737 820 61 22 have
817 819 117 31 accepted

90 854 59 23 from
161 855 40 22 the
215 854 156 29 Archbishop
382 854 28 23 of
421 854 154 29 Canterbury
589 854 78 23 either
680 854 40 23 the
734 853 69 23 office
817 853 28 23 of
856 853 78 31 legate

90 895 27 16 or
129 888 160 26 archdeacon,
302 888 48 22 still
363 888 46 23 less
421 888 88 23 should
518 888 30 23 he
563 888 60 23 have
636 887 172 31 accompanied
824 887 109 23 Baldwin

90 922 23 22 in
128 922 35 22 his
177 922 137 30 aggressive
327 922 89 22 circuit
427 921 27 23 of
465 921 81 23 Wales
558 930 6 14 :
585 922 43 22 but
642 922 39 22 the
694 922 158 29 opportunity
866 922 67 22 these

90 955 124 23 occasions
224 955 117 30 severally
354 955 128 31 presented
493 955 28 22 of
529 955 113 31 carrying
653 958 43 19 out
708 955 37 22 his
755 954 177 28 reformations,

90 989 48 22 and
156 988 138 31 displaying
316 988 37 23 his
373 988 141 31 eloquence,
528 988 126 23 distanced
670 988 31 22 all
720 988 71 23 other
808 988 125 23 consider-

90 1022 86 23 ations.
197 1022 47 22 His
252 1022 109 32 capacity
371 1022 28 23 of
405 1022 148 32 swallowing
566 1022 97 30 flattery
674 1030 46 14 was
731 1030 138 19 enormous,
884 1022 49 23 and

89 1063 48 24 any
151 1063 45 15 one
214 1056 54 23 who
286 1055 69 23 reads
368 1056 41 22 the
598 1055 48 23 will
658 1063 39 15 see
710 1056 53 22 that
775 1055 40 23 the
830 1055 102 31 English

90 1090 117 22 courtiers
224 1089 80 23 fooled
323 1089 48 22 him
386 1093 27 19 to
424 1089 40 23 the
482 1093 39 27 top
536 1089 28 23 of
576 1090 37 22 his
631 1090 66 22 bent.
735 1088 40 23 He
789 1097 47 15 was
848 1097 15 15 a
875 1090 58 23 cha-

89 1123 85 22 ritable
188 1131 54 14 man
252 1131 6 13 :
277 1131 67 18 once,
359 1123 69 22 while
441 1123 30 22 he
486 1131 46 15 was
543 1123 96 31 staying
653 1126 24 20 at
693 1122 110 27 Lincoln,
819 1123 39 22 the
873 1132 61 22 poor

90 1155 27 24 of
132 1157 40 22 the
193 1158 49 29 city
262 1156 73 31 being
350 1157 23 22 in
394 1160 68 27 great
481 1157 104 27 distress,
599 1156 30 23 he
647 1157 52 22 sold
719 1157 36 22 his
775 1162 61 18 most
854 1158 79 30 costly

89 1194 130 19 vestments
240 1193 26 20 to
286 1190 88 23 relieve
405 1190 72 23 them.
522 1190 41 24 He
585 1198 46 15 was
657 1190 172 24 kind-hearted
850 1194 25 20 to
896 1192 37 22 his

90 1224 111 23 relatives
212 1232 5 15 :
238 1231 30 16 on
278 1224 127 30 returning
424 1224 60 23 from
503 1232 46 16 one
568 1224 28 23 of
613 1224 37 23 his
670 1225 68 22 visits
758 1228 24 19 to
803 1224 79 29 Paris,
902 1225 30 23 he

90 1257 73 23 heard
184 1258 53 23 that
258 1258 36 22 his
316 1258 99 23 brother
432 1258 48 23 and
500 1258 37 23 his
557 1258 54 23 wife
630 1265 61 16 were
710 1265 31 16 on
760 1259 41 22 the
821 1259 68 30 point
907 1258 27 23 of

90 1292 134 29 separation
235 1299 6 15 :
261 1292 29 22 he
303 1291 164 30 immediately
487 1292 120 30 procured
625 1292 85 22 letters
727 1292 63 22 from
806 1292 41 23 the
862 1292 70 24 arch-

89 1325 94 29 bishop,
196 1325 48 22 and
262 1325 59 22 rode
338 1329 55 26 post
410 1331 24 16 to
448 1320 162 33 Winchester,
624 1326 40 22 the
682 1333 54 15 case
756 1326 74 32 being
850 1326 81 24 before

90 1358 53 22 that
156 1358 108 30 bishop's
277 1362 77 19 court.
383 1358 39 23 He
441 1359 99 23 entered
559 1359 41 23 the
620 1359 198 31 Chapter-house
832 1359 53 32 just
904 1368 25 16 as

89 1391 40 23 the
151 1396 111 19 sentence
281 1391 28 23 of
325 1392 96 23 divorce
440 1401 48 14 was
506 1393 74 31 going
596 1396 26 20 to
639 1393 31 23 be
687 1394 166 30 pronounced.
891 1393 41 25 He

89 1425 125 30 produced
233 1425 40 23 the
291 1425 70 23 letter
377 1425 28 23 of
419 1426 41 23 the
476 1426 155 32 archbishop,
644 1427 47 22 and
710 1426 42 24 the
770 1428 161 30 proceedings

90 1466 61 14 were
163 1459 85 30 stayed
261 1462 24 20 at
299 1459 35 22 his
347 1463 105 28 request,
466 1460 80 24 which
559 1460 40 24 the
612 1461 87 30 bishop
713 1460 51 23 told
777 1461 50 23 him
841 1462 88 27 would,

90 1491 101 23 without
208 1492 40 23 the
261 1493 121 31 primate's
399 1493 77 28 letter,
491 1494 61 23 have
570 1494 90 30 proved
680 1498 105 20 warrant
800 1495 129 23 sufficient.
