1023 1619
64 92 15 22 8

419 104 127 14 BARDISM.

65 160 84 27 writes,
154 174 31 4 —
210 160 98 32 Among
321 161 40 24 the
372 162 77 24 Gauls
463 164 67 22 three
543 162 90 24 classes
646 170 40 15 are
698 168 67 15 more
777 160 130 32 especially

66 193 55 23 held
140 194 22 22 in
182 195 137 23 veneration
331 204 5 14 :
361 196 41 23 the
422 196 83 28 Bards,
525 196 82 26 Vates,
627 196 47 23 and
696 195 102 23 Druids.
837 193 70 31 They

65 227 110 24 consider
184 228 40 23 the
237 229 52 23 soul
302 233 24 20 to
340 229 29 24 be
385 231 128 27 immortal,
526 231 46 22 and
586 229 51 24 also
648 230 41 23 the
701 229 83 26 world,
799 229 44 22 but
856 228 51 22 that

65 261 133 31 ultimately
211 262 43 24 fire
267 264 48 22 and
328 268 74 19 water
414 264 46 23 will

116 295 53 24 The
179 296 66 24 three
258 297 82 23 orders
349 298 58 22 then
420 305 71 19 were,
505 298 85 27 Bards,
604 297 100 27 Druids,
716 296 101 24 Ovates.
855 295 54 23 The

65 328 77 24 Bards
155 337 60 16 were
232 335 82 26 poets;
332 331 47 23 and
397 331 66 23 since
481 331 41 23 the
541 331 156 30 inspirations
716 329 29 24 of
754 331 87 29 genius
855 337 53 15 sur-

66 363 53 23 vive
143 364 93 31 change
257 364 48 23 and
329 364 145 28 revolution,
495 365 41 22 the
556 364 79 23 wreck
661 364 46 22 and
728 364 134 22 extinction
884 362 28 23 of

64 397 128 30 dynasties,
206 398 18 22 it
236 398 19 23 is
267 406 26 15 as
306 398 111 23 Bardism
430 398 52 23 that
494 398 64 23 their
570 398 40 22 old
624 397 107 23 national
746 397 58 22 faith
818 397 19 22 is
851 396 59 23 dear

66 436 24 17 to
108 431 41 23 the
167 431 80 24 hearts
263 431 28 24 of
305 432 149 22 Welshmen.
492 431 54 23 The
564 431 94 23 Druids
677 438 63 15 were
757 431 86 29 priests
861 430 48 23 and

60 464 96 32 judges,
158 480 33 3 —
192 469 89 28 august
293 465 130 26 functions,
436 465 77 31 filling
531 469 26 19 to
574 465 41 22 the
635 472 44 24 eye
699 464 28 23 of
737 464 41 22 the
795 467 115 28 stranger

65 498 40 23 the
116 499 76 23 whole
201 499 56 23 field
271 498 27 24 of
309 500 77 22 vision
396 508 5 17 ;
420 499 76 23 hence
504 499 41 23 the
552 498 90 24 second
653 498 72 24 order
738 506 61 23 gave
812 506 15 14 a
839 506 71 14 name

66 536 23 18 to
110 532 40 23 the
173 533 76 23 whole
268 534 76 23 three.
382 533 54 23 The
455 532 92 24 Ovates
569 541 62 15 were
647 541 15 15 a
680 532 82 23 mixed
782 531 69 27 class,
872 539 37 15 re-

64 566 124 30 plenished
206 566 61 24 from
283 567 40 23 the
341 567 71 23 ranks
427 566 27 24 of
469 567 41 23 the
527 567 94 30 people.
655 566 53 24 The
725 565 143 24 cultivators
886 565 27 23 of

66 601 94 22 science
179 601 47 22 and
243 604 50 20 art:
314 601 65 23 these
398 601 118 30 occupied
534 608 31 16 no
584 608 68 16 mean
671 601 114 30 position,
805 600 104 29 though,

64 633 61 23 from
141 634 41 23 the
198 638 85 19 nature
304 634 27 23 of
348 635 61 22 their
427 635 186 31 employments,
630 635 58 30 they
701 634 66 23 drew
784 637 26 20 to
829 634 78 23 them-

66 667 76 23 selves
158 668 46 22 less
220 668 160 22 observation.

117 701 38 23 To
172 701 75 32 begin
266 706 25 18 at
311 702 42 22 the
370 701 83 23 lowest
473 705 52 28 step
534 711 6 13 :
560 710 14 14 a
593 701 90 23 Bardic
701 701 98 23 student
819 701 59 22 bore
897 709 14 15 a

66 734 138 23 distinctive
229 735 60 26 title,
313 735 136 30 Awenydd.
459 738 16 29 \
525 735 54 24 The
606 735 178 31 indispensable
814 734 97 32 qualifi-

67 769 92 21 cations
181 768 37 23 for
238 776 14 15 a
271 769 94 23 scholar
385 777 62 15 were
469 769 72 23 noble
559 769 65 23 birth
643 769 47 22 and
709 768 202 32 unimpeachable

68 802 96 22 morals.
200 802 40 23 On
254 802 187 28 matriculation,
455 803 30 23 he
498 803 83 23 bound
600 802 99 23 himself
707 802 33 32 by
753 803 58 23 oath
830 806 43 19 not
885 808 26 17 to

68 835 81 24 reveal
161 836 42 22 the
215 837 126 30 mysteries
354 837 50 22 into
417 836 78 24 which
509 837 31 23 he
552 844 48 15 was
613 837 76 22 about
705 840 24 19 to
748 837 30 23 be
792 836 119 23 initiated.

66 869 42 24 He
122 878 53 18 was,
190 870 119 27 however,
321 870 93 23 seldom
432 870 112 23 initiated
562 871 51 22 into
631 870 120 31 anything
768 870 28 23 of
811 871 100 29 import-

67 911 67 19 ance,
149 903 61 23 until
226 903 36 23 his
276 904 199 31 understanding,
488 904 134 29 affections,
635 904 98 27 morals,
746 904 48 23 and
812 904 99 31 general

66 938 133 26 character,
220 937 47 23 had
280 938 142 30 undergone
435 938 92 23 several
540 938 73 23 trials.
652 938 39 23 He
705 946 47 15 was
767 938 89 31 closely
869 939 42 22 ob-

66 972 86 22 served
166 972 68 22 when
254 972 28 22 he
303 979 46 15 was
365 972 60 22 least
441 979 78 15 aware
538 971 27 23 of
574 972 32 26 it;
625 972 68 22 there
707 980 47 14 was
769 979 29 15 an
817 979 52 24 eye,
887 976 24 19 to

66 1005 50 22 him
137 1005 118 27 invisible,
278 1005 150 31 continually
450 1005 66 23 fixed
538 1013 64 23 upon
624 1005 49 22 him
684 1015 5 17 ;
723 1005 47 23 and
790 1005 60 23 from
871 1005 40 23 the

66 1038 143 30 knowledge
235 1038 56 22 thus
315 1038 115 23 obtained
452 1046 30 15 an
503 1039 110 22 estimate
635 1046 47 15 was
704 1038 94 23 formed
819 1038 29 24 of
875 1039 36 23 his

66 1071 132 31 principles
210 1071 47 23 and
271 1071 111 23 abilities.
421 1072 143 30 According
574 1076 25 19 to
607 1072 40 22 the
657 1073 161 30 approbation
828 1073 83 30 given,

64 1106 48 22 and
131 1105 23 22 in
173 1105 42 23 the
233 1113 100 15 manner
351 1105 47 23 and
418 1105 87 32 degree
525 1105 105 32 thought
648 1114 96 23 proper,
759 1107 30 22 he
804 1115 47 14 was
873 1107 37 22 in-

66 1139 107 23 structed
196 1139 23 22 in
241 1139 41 22 the
302 1139 121 22 doctrines
444 1138 26 24 of
489 1139 119 22 Bardism.
648 1139 98 32 During
767 1140 36 22 his
823 1141 88 30 proba-

66 1174 94 30 tionary
182 1176 61 19 state
256 1171 28 24 of
298 1172 127 31 discipline
444 1172 31 23 he
494 1181 47 14 was
560 1176 25 20 to
604 1172 65 24 learn
684 1174 60 22 such
763 1182 81 15 verses
862 1175 49 22 and

68 1207 90 30 adages
177 1214 26 15 as
221 1206 129 23 contained
369 1207 40 22 the
426 1207 102 22 maxims
547 1206 27 23 of
590 1207 40 22 the
650 1206 151 30 Institution,
819 1209 48 22 and
887 1212 24 19 to

67 1248 113 22 compose
193 1240 80 23 others
292 1239 99 23 himself
400 1248 30 14 on
449 1248 47 22 any
510 1240 99 23 relative
626 1240 103 30 subject,
744 1242 120 22 doctrinal
884 1249 27 15 or

68 1274 84 23 moral.
190 1275 39 21 An
245 1274 129 30 Awenydd
392 1281 64 16 wore
475 1281 14 16 a
506 1274 66 30 plaid
585 1275 67 22 dress
665 1274 79 24 ofthe
764 1275 89 24 Bardic
872 1283 39 15 co-

68 1308 73 26 lours,
160 1307 65 27 blue,
243 1314 82 24 green,
344 1307 48 23 and
409 1308 82 23 white.
527 1307 41 24 He
588 1308 137 31 constantly
739 1309 96 23 resided
854 1309 57 23 with

66 1342 37 22 his
116 1342 116 26 teachers,
244 1341 48 23 and
305 1348 47 16 was
365 1341 93 30 strictly
474 1341 127 23 forbidden
621 1345 25 19 to
662 1350 117 15 converse
793 1343 56 23 with
862 1351 49 24 any

66 1379 122 26 strangers
200 1382 26 15 so
240 1375 57 30 long
309 1382 26 15 as
349 1375 29 22 he
391 1375 131 22 continued
536 1375 23 22 in
573 1375 40 23 the
627 1375 101 31 college.

118 1408 53 22 The
183 1408 128 23 candidate
326 1408 53 23 who
392 1408 48 23 had
453 1409 86 28 passed
558 1408 41 24 the
613 1410 83 22 ordeal
710 1418 48 15 was
772 1414 42 19 not
827 1411 84 22 imme-

106 1464 12 13 *
134 1464 37 19 Dr.
183 1464 76 20 Giles's
270 1465 85 26 History
365 1466 23 19 of
397 1466 34 19 the
441 1466 88 19 Ancient
539 1467 92 23 Britons,
643 1467 40 18 vol.
695 1467 13 19 i.
720 1474 20 18 p.
754 1467 47 20 172.

105 1492 14 21 t
133 1491 112 25 Meyrick's
260 1492 108 21 Costumes
378 1493 24 20 of
411 1494 88 19 Ancient
514 1493 89 25 Britons,
620 1501 21 18 p.
657 1494 33 19 25.
721 1494 87 19 Wood's
823 1494 88 19 Ancient

66 1518 77 19 British
155 1518 88 23 Church,
254 1525 21 17 p.
287 1519 33 20 43.
