1023 1619
82 104 33 24 38

444 115 124 15 BARDISM.

84 170 46 24 loci
150 174 25 19 to
197 170 41 23 the
261 170 105 24 hitherto
385 172 112 31 despised
520 172 76 30 Deity
616 169 27 24 of
659 169 41 24 the
724 177 55 16 race
803 169 57 31 they
880 167 47 24 had

84 204 121 26 enslaved,
220 204 59 23 from
293 212 28 15 an
337 205 139 31 impression
491 205 51 23 that
555 204 64 31 good
634 204 94 22 fortune
742 203 71 23 could
827 203 57 31 only
897 203 29 22 be

83 238 89 31 gained
187 238 31 30 by
232 245 14 15 a
259 238 95 23 Roman
367 239 109 23 sacrifice
487 243 25 18 to
525 239 40 22 the
580 238 90 22 British
685 236 81 24 God.*

136 271 53 23 The
208 271 163 24 introduction
391 271 28 24 of
437 272 160 30 Christianity
618 279 46 15 was
683 270 141 23 favourable
843 273 24 19 to
885 269 41 24 the

84 305 90 23 revival
194 305 28 23 of
238 305 117 27 Bardism,
373 306 77 23 which
468 314 49 14 was
536 314 31 13 no
586 305 54 22 vain
660 305 154 29 superstition
833 304 45 23 but
896 310 29 16 an

84 339 96 22 ancient
199 339 144 30 patriarchal
363 339 110 31 religion,
487 338 134 24 descended
636 338 61 22 from
718 338 39 22 the
774 345 65 15 same
855 337 71 23 foun-

84 373 50 22 tain
154 371 27 24 of
197 372 61 31 light
276 373 45 22 and
341 373 65 23 truth
426 373 100 22 whence
545 373 41 22 the
604 371 91 31 Gospel
715 371 28 23 of
757 371 72 23 Jesus
846 371 81 22 Christ

84 406 64 23 drew
162 407 30 22 its
205 407 150 30 inspiration.
392 406 50 23 The
453 406 107 31 seeming
570 405 132 23 idolatrous
711 405 56 22 rites
780 404 25 23 of
817 404 111 23 Bardism

84 448 55 22 may
154 440 60 23 have
225 441 59 22 been
288 455 33 3 —
323 448 53 22 nay,
387 440 119 30 probably
520 448 61 14 were
583 453 34 3 —
618 438 107 32 symbols
738 437 29 24 of
776 438 81 32 things
867 441 60 24 true,

84 474 93 27 honest,
197 474 87 30 lovely,
304 474 47 23 and
370 469 29 28 of
413 474 63 30 good
496 480 90 24 report,
606 473 28 23 of
650 473 79 22 which
751 480 35 15 we
806 472 60 23 have
883 471 45 23 lost

84 508 40 22 the
147 508 53 30 key,
223 503 48 28 and
292 508 174 30 consequently
492 511 89 19 cannot
605 507 122 30 decipher.
773 506 53 23 The
851 505 77 23 Bards

83 548 62 16 were
166 541 38 23 led
226 544 24 20 to
272 542 110 22 embrace
403 541 159 30 Christianity
585 541 30 30 by
638 541 62 22 their
719 548 52 15 own
794 539 133 24 admirable

84 575 97 26 maxim,
195 575 78 22 which
288 575 87 31 taught
388 575 65 22 them
467 579 24 18 to
504 575 93 22 believe
611 575 102 29 nothing
730 574 45 23 and
796 577 24 19 to
833 573 95 23 believe

84 608 157 31 everything;
265 612 24 19 to
309 609 93 22 believe
421 608 102 30 nothing
540 608 52 22 that
608 608 46 22 had
670 612 43 18 not
730 608 39 22 the
786 610 102 27 support
901 606 27 24 of

84 650 83 15 reason
187 642 46 22 and
253 642 74 28 truth,
340 642 48 22 and
408 645 24 19 to
450 642 92 22 believe
557 641 144 31 everything
714 641 52 23 that
779 641 55 23 had.
872 640 53 24 The

84 675 110 24 Catholic
209 675 98 23 Church
321 675 142 32 recognised
477 676 23 22 in
515 675 110 23 Bardism
636 683 29 15 an
680 675 66 22 elder
757 675 77 26 sister,
845 674 79 23 whom

83 709 42 23 she
144 709 69 23 loved
232 710 45 22 and
293 709 55 22 with
362 710 78 21 whom
459 709 42 22 she
519 709 179 31 sympathised;
721 708 59 23 both
798 708 48 22 had
862 708 61 22 been

84 742 61 24 tried
167 744 22 21 in
211 743 38 23 the
270 743 98 23 furnace
386 742 28 23 of
430 742 126 28 affliction,
573 742 46 23 and
639 742 63 23 their
719 742 81 22 hearts
818 741 106 32 yearned

84 777 104 22 towards
206 777 60 22 each
283 776 77 24 other.
396 775 27 24 If
437 776 68 23 there
525 784 68 20 were,
611 784 25 15 as
656 775 138 24 afterwards
813 783 68 15 came
900 779 25 19 to

84 809 68 31 light,
167 810 128 30 principles
315 811 22 21 in
358 810 110 22 Bardism
481 810 62 22 alien
559 813 25 20 to
600 810 68 23 those
685 809 28 23 of
724 809 166 31 Christianity,
894 822 32 3 —

83 845 80 28 points
182 843 29 24 of
226 844 150 30 divergence,
381 857 30 3 —
418 844 74 26 these,
511 844 69 22 when
601 843 41 23 the
661 846 47 20 two
730 843 53 22 first
803 850 68 16 came
890 846 36 19 to-

83 878 93 30 gether,
195 885 62 15 were
276 877 145 24 overlooked
439 884 27 16 or
484 877 163 30 disregarded.
686 876 54 24 The
762 876 119 23 ministers
901 875 27 24 of

84 911 100 30 religion
200 912 22 21 in
237 912 40 22 the
290 911 48 27 old,
354 911 125 23 exercised
498 911 61 22 their
578 910 122 23 functions
719 910 78 23 under
815 910 41 23 the
873 917 52 15 new

84 944 164 30 dispensation
259 954 5 17 ;
288 948 44 19 not
349 945 58 29 only
427 952 63 15 were
512 944 88 23 Bardic
621 945 83 22 orders
725 943 200 31 acknowledged,

84 978 44 22 but
147 985 31 15 no
196 978 81 22 native
295 986 48 14 was
361 978 98 30 eligible
477 981 26 19 to
521 978 41 22 the
581 978 121 23 Christian
717 977 140 30 priesthood
871 977 53 23 who

84 1011 42 22 did
139 1015 42 18 not
194 1011 89 31 belong
297 1015 24 19 to
334 1019 46 14 one
393 1011 28 22 of
428 1011 40 22 the
477 1011 68 22 three
553 1011 133 30 privileged
699 1011 86 22 classes
791 1024 27 3 —
821 1018 47 15 was
883 1013 42 20 not

84 1045 77 22 either
172 1052 14 15 a
200 1045 72 26 Bard,
285 1052 14 15 a
313 1045 86 25 Druid,
414 1052 27 15 or
457 1052 30 15 an
502 1044 85 23 Ovate.
625 1044 61 23 This
698 1045 51 22 rule
763 1044 123 23 remained
901 1044 22 23 in

84 1077 66 23 force
163 1078 35 22 till
212 1078 39 22 the
265 1078 56 22 time
335 1078 27 22 of
372 1078 137 23 Germanus
526 1078 45 22 and
590 1078 91 30 Lupus,
696 1078 23 22 in
738 1078 41 22 the
792 1078 65 30 early
871 1082 54 26 part

84 1110 27 23 of
121 1111 40 22 the
174 1111 54 22 fifth
240 1116 109 26 century.
354 1115 14 23 f
404 1111 99 27 Indeed,
515 1111 32 30 by
562 1119 30 15 no
605 1119 59 23 very
675 1115 146 27 outrageous
833 1111 91 23 stretch

84 1143 27 23 of
121 1144 147 32 etymology,
282 1153 45 14 our
339 1144 65 23 word
443 1144 82 31 clergy
562 1145 42 22 has
624 1145 59 23 been
697 1145 98 23 derived
808 1144 62 24 from
884 1145 41 23 the

84 1177 83 23 Welsh
305 1186 14 15 a
340 1186 69 14 name
430 1179 70 29 given
526 1182 26 19 to
574 1178 40 23 the
632 1179 111 22 teachers
762 1179 47 23 and
826 1178 100 23 learned

84 1219 55 15 men
152 1211 28 23 of
190 1211 41 23 the
244 1211 127 23 Druidical
385 1212 77 27 order,
476 1211 61 27 who,
553 1213 75 22 under
644 1212 40 23 the
697 1213 121 30 primitive
836 1212 89 24 Bardic

83 1249 97 26 system,
192 1254 62 14 were
266 1245 126 31 employed
406 1246 23 21 in
439 1246 76 30 going
527 1246 131 30 periodical
672 1246 98 23 circuits
784 1250 24 19 to
822 1247 103 23 instruct

84 1273 40 28 the
137 1279 92 31 people,
244 1279 45 23 and
304 1279 54 23 thus
371 1279 189 31 corresponding
576 1283 26 20 to
616 1287 15 16 a
648 1280 148 30 priesthood.
834 1279 90 24 Divine

84 1313 103 30 worship
200 1313 131 22 continued
349 1315 25 20 to
392 1313 29 22 be
438 1312 135 31 performed
591 1314 22 22 in
632 1314 40 22 the
686 1314 97 23 ancient
796 1313 129 24 Druidical

84 1345 91 24 circles.
212 1347 24 22 A
261 1346 46 23 few
330 1346 48 23 still
403 1346 73 23 found
501 1354 112 23 preserve
633 1347 41 23 the
692 1355 110 22 memory
821 1347 28 23 of
863 1348 63 22 their

85 1378 122 25 Christian
222 1387 41 15 use
274 1389 5 18 ;
300 1387 26 15 as
339 1379 65 24 Cam
418 1388 15 22 y
447 1380 78 23 Groes
539 1380 54 30 (the
607 1380 120 24 Tumulus
740 1381 28 23 of
778 1381 40 23 the
829 1381 96 31 Cross),

84 1420 31 15 on
137 1413 40 23 the
202 1414 124 22 mountain
350 1413 28 24 of
400 1413 65 24 Gelli
492 1413 78 28 Onen,
596 1414 224 31 Glamorganshire,
846 1415 79 23 where

83 1446 81 22 stands
178 1454 28 15 an
221 1447 97 23 ancient
330 1454 72 16 cross.
438 1448 24 22 A
476 1451 69 19 stone
564 1448 23 22 in
606 1448 188 31 Cardiganshire
812 1449 19 22 is
848 1448 78 24 called

124 1519 12 12 *
151 1519 65 20 Arch.
227 1519 72 20 Camb.
310 1519 39 20 vol.
361 1519 21 20 ii.
393 1526 20 19 p.
424 1520 33 20 20.
494 1522 15 24 f
523 1521 119 20 Williams's
653 1522 82 24 Cymry,
746 1529 21 17 p.
780 1521 46 25 169,
837 1524 54 18 note.
