1023 1619
874 111 48 24 123

354 120 53 16 THE
423 121 91 15 WELSH
529 119 118 17 CHURCH.

81 182 24 19 to
119 179 93 22 receive
230 178 57 23 than
302 181 24 20 to
453 178 108 31 Geoffry,
581 178 69 23 when
668 178 94 31 bishop,
777 179 67 22 sided
865 178 57 23 with

81 212 68 32 King
164 212 85 32 Henry
263 212 33 22 II.
309 212 94 31 against
417 212 106 22 Thomas
542 219 14 15 a
575 212 99 27 Becket,
695 213 47 21 and
762 212 18 23 it
799 212 19 23 is
840 212 83 23 hinted

80 246 52 23 that
145 246 41 23 the
205 245 175 31 Archbishop's
399 245 125 28 influence,
539 245 68 23 when
625 246 36 22 his
680 251 54 17 turn
753 254 66 15 came
837 246 86 27 round,

81 280 52 23 told
146 280 94 30 against
252 279 111 33 Geoffry.
399 279 54 23 Our
465 280 88 22 author
565 279 88 23 retired
662 283 25 19 to
697 279 102 24 London
810 279 62 24 after
881 280 41 23 the

81 313 48 23 loss
150 313 28 23 of
197 314 36 22 his
253 313 169 31 preferments,
439 314 47 22 and
505 313 49 23 still
566 313 67 31 hung
645 313 75 23 about
732 314 40 22 the
786 317 75 23 court,
876 314 47 23 and

82 347 20 23 is
125 348 122 30 supposed
268 350 25 20 to
313 347 60 23 have
399 347 54 23 died
473 347 103 23 towards
596 347 41 23 the
658 348 47 22 end
722 346 27 24 of
768 348 42 22 the
831 347 91 23 twelfth

85 384 111 28 century.
234 381 52 23 The
299 381 98 30 literary
411 384 120 20 autocrats
541 380 28 23 of
579 381 40 22 the
632 384 96 27 present
738 381 69 23 make
817 381 107 31 slashing

83 415 67 22 work
162 416 56 22 with
229 415 40 23 the
282 416 136 29 reputation
432 414 28 23 of
471 418 52 27 past
531 415 141 23 authorities
683 424 5 17 ;
707 415 53 23 who
775 415 91 26 knows,
881 415 44 23 but

84 456 66 16 some
167 449 109 23 hundred
296 456 27 15 or
340 452 48 20 two
404 456 68 23 years
487 449 75 23 hence
575 456 29 15 an
619 449 156 23 Aristarchus
788 456 55 23 may
855 449 70 26 arise,

86 483 53 22 who
157 483 60 22 shall
236 483 55 30 give
307 490 15 15 a
339 482 84 23 mortal
436 483 53 22 stab
502 487 25 18 to
540 483 39 22 the
592 482 85 31 genius
689 482 27 23 of
726 481 139 32 Macaulay,
876 482 49 23 and

85 516 101 31 consign
208 516 37 22 his
263 516 61 22 facts
342 519 24 19 to
385 516 40 22 the
444 523 64 15 same
526 516 74 22 limbo
617 516 56 22 with
694 516 67 22 those
781 515 29 23 of
824 516 41 22 the
884 523 41 15 ex-

86 549 91 32 Bishop
190 549 28 23 of
229 549 34 23 St.
279 549 100 31 Asaph?

137 582 27 23 In
180 583 63 22 1186
258 582 99 32 Reyner
369 591 49 14 was
430 582 156 24 consecrated
600 582 31 31 by
646 582 118 28 Baldwin,
777 582 147 31 archbishop

85 615 28 23 of
128 616 162 31 Canterbury.
329 616 78 23 When
425 616 109 23 Baldwin
555 623 67 15 came
645 616 51 22 into
721 615 90 28 Wales,
834 615 92 32 Bishop

86 649 99 32 Reyrner
221 650 174 31 accompanied
409 650 48 23 him
472 649 104 31 through
590 650 36 21 his
639 649 103 27 diocese,
755 649 48 22 and
816 649 59 23 used
887 649 38 22 his

85 684 150 22 endeavours
247 687 26 19 to
285 683 117 31 persuade
421 691 70 23 many
506 686 24 19 to
544 683 54 22 take
611 683 40 23 the
671 682 72 24 Cross
764 691 64 22 upon
851 683 74 27 them,

85 717 46 23 and
142 717 61 31 fight
213 717 94 31 against
319 717 40 23 the
374 717 116 23 Saracens
500 726 5 17 ;
516 716 85 27 which,
615 724 25 15 as
654 716 107 23 Baldwin
772 716 82 30 subtly
864 724 61 23 gave

84 754 51 25 out,
152 759 47 15 was
217 752 41 22 the
283 750 67 24 chief
368 751 48 23 end
434 750 25 23 of
481 751 36 21 his
539 758 110 23 progress
657 759 6 14 :
685 751 105 22 whereas
810 750 41 22 the
872 753 54 20 true

86 785 112 23 occasion
212 792 75 15 seems
300 785 82 22 rather
395 788 23 19 to
432 785 61 22 have
505 784 62 23 been
580 787 25 19 to
616 784 72 30 bring
699 784 39 22 the
749 783 83 23 Welsh
843 783 83 31 clergy

86 819 77 22 under
175 818 134 30 subjection
324 821 24 20 to
368 819 41 22 the
427 825 40 16 see
483 817 28 23 of
530 817 162 31 Canterbury,
705 818 25 22 in
747 817 136 30 opposition
903 821 24 20 to

86 853 41 22 the
141 859 38 16 see
192 852 27 23 of
230 852 35 23 St.
389 853 12 14 *
440 851 52 23 The
503 851 121 23 cathedral
635 851 27 23 of
672 850 34 24 St.
720 851 83 29 Asaph
814 851 41 22 has
865 851 60 23 been

86 893 67 15 more
164 886 58 22 than
231 892 61 16 once
306 886 73 22 burnt
391 888 25 20 to
429 885 40 23 the
482 885 102 30 ground,
599 885 46 22 and
658 885 89 23 rebuilt
758 895 5 16 ;
776 885 39 22 the
831 889 96 25 present

86 919 92 23 church
197 926 48 15 was
265 922 42 19 not
326 919 112 30 standing
461 919 23 22 in
502 919 41 22 the
565 918 89 23 twelfth
677 922 111 26 century,
808 918 119 23 therefore

88 952 9 22 I
112 960 37 14 am
163 952 70 22 silent
245 952 75 22 about
333 952 24 22 it.

138 986 28 23 In
187 986 108 22 addition
318 990 23 19 to
360 985 41 23 the
420 985 54 23 four
493 985 104 31 existing
610 985 143 31 bishoprics,
768 985 35 23 St.
816 985 111 28 David's,

87 1019 119 27 Llandaff,
228 1019 103 32 Bangor,
351 1020 46 22 and
424 1019 35 23 St.
481 1019 91 30 Asaph,
598 1019 67 22 there
686 1026 63 15 were
769 1022 47 19 two
838 1018 88 23 others.

86 1053 183 26 Llanbadarn.-f-
291 1054 68 21 north
371 1052 27 23 of
412 1053 40 22 the
467 1053 94 22 diocese
578 1052 27 23 of
617 1052 34 23 St.
666 1052 89 28 David,
769 1052 120 30 supposed
903 1056 23 19 to

86 1087 61 23 have
158 1087 111 23 included
283 1095 13 14 a
307 1086 166 24 considerable
491 1092 54 25 part
561 1085 28 23 of
606 1082 252 35 Montgomeryshire:
876 1086 18 22 it
907 1086 19 22 is

86 1121 90 30 spoken
197 1120 27 23 of
238 1121 23 22 in
280 1121 41 22 the
340 1120 83 23 Welsh
443 1120 141 24 Chronicles
599 1128 25 14 as
641 1120 90 31 having
746 1120 61 23 been
821 1119 106 31 ravaged

86 1155 33 30 by
131 1155 42 22 the
187 1154 93 23 Saxons
293 1155 23 22 in
330 1155 58 22 720.
427 1154 125 23 Tradition
572 1162 57 14 runs
647 1154 53 22 that
716 1154 40 22 the
775 1153 45 23 last
838 1153 88 31 bishop

86 1196 48 15 was
148 1188 73 23 killed
235 1190 23 20 in
270 1195 15 16 a
296 1189 111 26 sedition,
420 1188 46 23 and
481 1195 31 16 no
531 1195 124 16 successor
672 1188 139 29 presenting
831 1187 98 23 himself

86 1222 42 23 the
147 1229 39 16 see
208 1229 47 16 was
274 1222 110 23 annexed
402 1226 25 19 to
450 1220 35 25 St.
507 1220 110 24 David's.
666 1217 52 27 The
742 1221 70 23 other
835 1222 94 22 extinct

87 1256 125 30 bishopric
229 1263 48 15 was
298 1255 139 31 Margam,*];
456 1255 105 23 founded
575 1255 31 30 by
621 1255 106 31 Morgan
747 1255 58 30 king
822 1254 28 23 of
867 1254 59 24 Gla-

88 1289 165 31 morganshire
271 1289 24 22 in
315 1289 39 22 the
373 1289 62 22 sixth
456 1292 100 27 century
566 1298 5 17 ;
589 1296 14 15 a
621 1289 137 22 succession
777 1289 19 22 is
814 1289 71 30 given
904 1289 26 22 of

89 1323 57 22 nine
155 1322 97 31 bishops
258 1322 89 31 ending
358 1322 56 23 with
424 1322 131 31 Cyvelach,
565 1322 58 22 slain
636 1322 23 22 in
671 1322 73 23 battle
754 1322 23 23 in
790 1322 55 28 756,
857 1323 69 22 when

88 1356 42 23 the
142 1364 40 15 see
195 1364 49 14 was
257 1356 166 31 incorporated
437 1356 56 22 with
505 1356 51 22 that
569 1355 28 23 of
606 1355 121 23 Llandaff.

141 1389 53 23 The
208 1389 83 23 Welsh
310 1390 79 30 parish
408 1390 124 26 churches,
552 1389 131 31 according
700 1394 26 18 to
744 1390 40 22 the
803 1390 86 31 theory
902 1389 24 24 of

90 1423 127 24 Professor
230 1422 88 32 Rees,
331 1431 62 15 were
406 1427 24 19 at
442 1423 53 22 first
513 1422 52 28 few,
579 1423 48 22 and
642 1423 40 22 the
699 1423 104 24 districts
815 1424 113 30 assigned

144 1503 13 12 *
172 1502 74 23 Willis,
258 1501 38 20 vol.
307 1501 13 20 i.
331 1508 21 18 p.
365 1501 33 19 51.
545 1500 11 25 J
570 1500 118 20 Williams's
699 1500 83 26 Cymry,
793 1508 20 19 p.
826 1501 44 20 208.

143 1531 14 22 f
171 1528 120 21 Williams's
302 1528 83 25 Cymry,
396 1534 20 19 p.
429 1527 46 21 206.
572 1527 71 26 Essay,
654 1534 34 19 pp.
701 1528 71 20 11-56.
