1023 1619
104 102 47 24 120

381 109 55 16 THE
450 109 91 16 WELSH
556 109 117 16 CHURCH.

102 176 75 16 never
194 170 41 29 got
244 177 6 17 ;
269 166 47 24 and
337 175 27 16 so
381 167 111 25 between
508 171 48 21 two
578 176 28 16 or
624 168 83 23 rather
725 165 68 25 three
812 165 81 29 stools,
914 165 35 24 for

103 203 30 22 he
146 210 48 15 was
211 202 90 23 offered
320 200 36 25 St.
371 201 84 31 Asaph
472 203 58 27 also,
548 203 54 22 died
619 203 65 30 plain
701 201 161 24 archdeacon.
900 200 49 24 But

103 236 11 22 I
127 243 39 15 am
183 235 169 30 anticipating.
389 235 53 23 The
461 236 124 23 cathedral
602 236 28 22 of
646 236 99 30 Bangor
757 243 48 15 was
818 234 131 32 destroyed

104 269 33 31 by
147 269 40 23 the
201 269 94 23 Saxons
313 269 23 22 in
353 269 71 27 1071,
437 269 48 23 and
497 269 142 23 afterwards
656 269 104 27 rebuilt;
779 269 44 23 but
837 269 41 23 the
897 269 50 23 edi-

102 303 47 23 fice
167 303 27 23 of
206 303 42 23 the
264 302 90 23 twelfth
374 306 101 28 century
492 303 20 22 is
530 307 43 19 not
588 304 42 22 the
648 303 86 23 edifice
752 302 29 23 of
793 303 41 22 the
851 305 97 28 present

103 341 110 27 century,
227 344 27 15 so
267 336 11 23 I
292 336 61 23 need
365 344 42 23 say
420 336 103 31 nothing
536 337 75 22 about
624 337 25 22 it.

155 370 53 23 The
232 369 82 24 fourth
337 369 47 23 and
406 370 46 22 last
476 369 27 23 of
521 370 104 31 existing
648 369 136 31 bishoprics
806 369 18 22 is
846 369 53 23 that
923 369 26 24 of

104 403 36 25 St.
155 404 94 31 Asaph.
289 403 54 23 The
363 404 71 22 north
456 403 42 23 has
517 403 151 32 continually
686 402 97 23 infused
801 411 53 14 new
873 402 75 24 blood

103 438 51 23 into
172 439 41 22 the
232 437 86 26 south;
340 437 164 24 Cumberland
518 445 61 23 gave
591 441 70 27 poets
674 441 24 19 to
713 436 89 27 Wales,
817 436 45 23 and
878 435 71 25 Scot-

102 472 56 23 land
178 472 82 27 saints,
281 471 93 30 though
397 471 59 23 both
476 470 61 24 after
558 479 13 15 a
592 471 133 23 somewhat
746 471 77 30 rough
845 469 102 25 fashion.

105 505 34 24 St.
153 505 145 31 Kentigern,
312 505 121 30 grandson
448 504 26 24 of
490 505 76 24 Urien
587 505 111 31 Rheged,
713 504 57 23 with
785 505 79 22 whose
878 512 70 16 name

102 540 41 22 the
156 540 84 22 reader
253 540 18 22 is
284 539 156 30 acquainted,
453 539 24 22 in
491 539 41 23 the
548 539 66 31 early
628 542 54 27 part
700 538 29 24 of
744 539 40 22 the
802 539 65 22 sixth
887 546 57 16 cen-

103 576 56 27 tury
173 581 47 14 was
232 573 78 22 raised
325 576 24 19 to
363 573 40 22 the
416 580 40 15 see
469 572 28 23 of
507 573 123 31 Glasgow.
669 572 40 23 He
722 580 48 15 was
784 580 13 15 a
810 579 59 23 very
882 572 66 30 good

103 614 62 20 man,
175 615 26 14 so
215 606 73 23 much
300 613 26 15 so
340 614 25 14 as
379 610 25 19 to
415 606 29 22 be
455 606 76 22 called
543 606 131 31 Mwyngu,
850 606 97 30 clipped

102 640 51 23 into
167 640 104 31 Mungo.
308 639 78 32 Being
404 647 27 15 so
444 639 130 32 delightful
586 640 47 22 and
647 639 121 24 excellent
781 648 14 14 a
807 647 94 23 person,
917 640 30 22 he

102 682 47 14 was
162 675 40 22 the
216 673 94 32 subject
322 673 27 22 of
358 673 161 31 persecution,
531 681 24 15 as
566 678 62 18 most
641 674 93 22 sincere
748 673 135 23 Christians
896 681 49 20 are,

102 708 55 26 and,
171 708 83 22 driven
274 707 60 23 from
354 702 125 36 Glasgow,
492 707 59 23 took
569 707 85 32 refuge
674 708 22 22 in
712 706 88 28 Wales,
815 707 81 23 where
915 707 30 23 he

102 741 110 23 received
232 749 13 15 a
265 741 84 31 hearty
362 740 114 23 welcome
490 740 62 23 from
567 741 35 24 St.
618 741 80 23 David
713 744 24 19 at
752 740 125 29 Menevia,
890 741 55 23 who

102 774 186 24 recommended
302 774 51 22 him
370 777 25 20 to
409 774 40 23 the
462 775 135 30 protection
613 774 28 23 of
652 774 167 28 Cathwallain,
835 774 71 24 uncle
920 777 24 21 to

102 808 124 30 Maelgwn
240 808 136 30 Gwynedd,
389 807 57 31 king
464 807 28 23 of
508 807 80 24 North
608 808 90 29 Wales,
717 808 61 27 who,
792 811 25 20 at
835 809 38 22 his
890 816 55 15 own

101 846 105 26 request,
226 849 60 23 gave
306 842 48 22 him
375 849 14 14 a
408 841 118 23 beautiful
546 843 44 22 site
611 843 108 22 between
742 844 48 20 two
809 842 82 26 rivers,
912 849 32 16 on

102 876 79 23 which
195 876 30 22 he
243 875 63 23 built
324 882 13 16 a
356 875 92 23 church
463 876 76 22 called
557 875 133 31 Llanelwy.
727 875 66 31 Why
807 875 138 31 Kentigern

101 909 74 23 asked
188 909 37 23 for
237 909 46 23 this
297 909 131 29 particular
440 911 54 27 spot
507 910 19 22 is
545 910 56 22 thus
619 910 144 30 explained:
770 922 32 4 —
808 909 54 23 The
880 910 65 30 good

101 943 62 22 saint
182 950 48 15 was
242 943 101 30 looking
355 942 115 31 carefully
484 950 58 15 over
553 943 40 22 the
606 943 96 31 ground
718 946 26 19 to
762 943 50 22 find
833 943 40 22 the
893 943 52 23 best

100 977 115 22 situation
231 976 37 23 for
280 976 36 22 his
329 976 122 31 projected
470 976 118 31 building,
603 976 68 22 when
691 984 14 15 a
721 976 146 23 milk-white
886 976 59 23 boar

101 1018 68 15 came
183 1014 42 19 out
233 1010 28 22 of
271 1010 40 22 the
321 1009 82 23 woods
413 1009 47 23 and
470 1009 70 23 stood
548 1010 65 31 right
622 1009 82 23 before
713 1009 57 23 him.
793 1009 52 23 The
856 1010 89 23 animal

100 1043 77 23 shook
191 1044 36 21 his
240 1043 70 27 head,
325 1043 56 22 then
396 1045 63 20 went
470 1050 31 15 on
515 1051 15 14 a
542 1043 60 23 little
617 1051 61 23 way,
691 1043 57 22 then
762 1043 89 22 looked
871 1044 70 27 back,

100 1084 26 15 as
141 1077 70 22 much
232 1085 24 14 as
270 1081 24 18 to
307 1084 49 23 say,
371 1076 91 22 Follow
481 1084 46 14 me.
564 1076 34 23 St.
615 1076 136 30 Kentigern
771 1076 110 23 followed
901 1077 42 24 the

100 1109 119 24 beautiful
239 1110 68 22 boar.
340 1109 78 22 When
442 1109 30 22 he
492 1117 67 15 came
576 1113 25 19 to
622 1117 14 15 a
658 1110 92 22 certain
772 1110 77 31 place,
862 1110 81 24 where

100 1151 14 15 a
133 1144 63 22 river
213 1151 42 14 ran
275 1151 30 14 on
325 1142 76 23 either
419 1142 58 28 side,
497 1143 41 22 the
551 1143 60 22 boar
623 1143 69 23 stood
709 1143 57 29 still,
779 1144 111 31 stamped
906 1145 37 23 his

100 1176 52 24 foot
165 1185 30 14 on
210 1177 39 22 the
269 1176 101 31 ground,
385 1176 50 30 dug
453 1184 33 22 up
504 1184 15 14 a
538 1175 52 24 turf
602 1177 56 21 with
678 1177 37 22 his
733 1177 63 28 tusk,
810 1178 77 23 shook
906 1178 37 23 his

100 1211 62 23 head
179 1210 70 31 again
271 1209 189 30 tremendously,
480 1210 46 22 and
546 1218 60 23 gave
625 1218 29 14 an
674 1210 72 23 awful
764 1215 83 26 grunt.
884 1211 59 24 This

100 1247 36 20 set
155 1244 39 23 the
214 1243 117 30 difficulty
351 1246 25 19 at
393 1247 55 18 rest.
493 1242 54 23 The
569 1243 145 24 milk-white
735 1245 61 22 boar
816 1245 125 30 departed,

100 1278 48 23 and
162 1277 143 31 Kentigern,
317 1277 31 30 by
358 1276 139 31 permission
512 1276 27 23 of
550 1277 36 22 his
599 1277 68 31 royal
676 1281 94 27 patron,
783 1278 108 24 founded
905 1280 36 22 his

100 1312 94 22 church
207 1319 31 15 on
252 1311 39 22 the
304 1318 58 23 very
375 1313 54 26 spot
441 1318 26 14 so
481 1310 169 31 marvellously
663 1311 147 24 indicated.*

152 1344 72 23 After
249 1344 30 23 he
298 1344 46 22 had
363 1343 61 23 built
445 1343 36 23 his
500 1344 101 27 church,
623 1344 35 24 St.
676 1345 136 31 Kentigern
831 1346 80 23 added
929 1355 15 15 a

99 1381 147 27 monastery,
260 1378 77 22 which
351 1377 29 22 he
392 1380 44 27 put
448 1377 77 23 under
537 1385 29 15 an
580 1378 122 23 excellent
719 1383 92 27 system
828 1380 52 23 that
898 1380 41 23 did

99 1412 76 23 credit
191 1415 25 20 to
230 1412 35 22 his
280 1411 88 23 Scotch
382 1411 61 22 head
459 1411 49 22 and
521 1411 75 23 heart.
634 1412 40 23 He
687 1412 146 24 distributed
852 1422 90 23 among

99 1445 36 22 his
149 1445 84 23 monks
239 1458 25 4 —
269 1445 68 23 there
349 1451 61 16 were
426 1451 14 16 a
452 1444 121 24 thousand
575 1460 33 3 —
780 1451 25 19 to
818 1448 64 23 their
895 1448 46 23 dif-

318 1518 13 14 *
342 1518 88 21 Hoare's
441 1518 102 26 Giraldus,
554 1521 40 19 vol.
604 1521 21 20 ii.
637 1528 21 18 p.
669 1522 45 19 145.
