<?xml version="1.0" encoding="UTF-8"?>
<alto xmlns:xsi="http://www.w3.org/2001/XMLSchema-instance" xsi:noNamespaceSchemaLocation="http://www.bl.uk/schemas/alto/alto-1-4.xsd" xmlns:xlink="http://www.w3.org/1999/xlink">
	<Description>
		<MeasurementUnit>mm10</MeasurementUnit>
		<sourceImageInformation>
			<fileName>//head1/IN/2008-22/A0011651692/008444.jp2</fileName>
		</sourceImageInformation>
		<OCRProcessing ID="OCRPROCESSING_1">
			<preProcessingStep>
				<processingSoftware>
					<softwareCreator>CCS Content Conversion Specialists GmbH, Germany</softwareCreator>
					<softwareName>CCS docWORKS</softwareName>
					<softwareVersion>6.1-0.67</softwareVersion>
				</processingSoftware>
			</preProcessingStep>
			<ocrProcessingStep>
				<processingSoftware>
					<softwareCreator>ABBYY (BIT Software), Russia</softwareCreator>
					<softwareName>Finereader</softwareName>
				</processingSoftware>
			</ocrProcessingStep>
		</OCRProcessing>
	</Description>
	<Styles>
		<TextStyle ID="TXT_0" FONTSIZE="10" FONTFAMILY="Courier New"/>
		<TextStyle ID="TXT_1" FONTSIZE="9" FONTFAMILY="Courier New"/>
		<ParagraphStyle ID="PAR_LEFT" ALIGN="Left"/>
		<ParagraphStyle ID="PAR_CENTER" ALIGN="Center"/>
	</Styles>
	<Layout>
		<Page ID="P56" PHYSICAL_IMG_NR="56" HEIGHT="1619" WIDTH="1023" PRINTED_IMG_NR="42" POSITION="Left" ACCURACY="76.07">
			<TopMargin ID="P56_TM00001" HPOS="0" VPOS="0" WIDTH="1022" HEIGHT="128">
				<TextBlock ID="P56_TB00001" HPOS="76" VPOS="102" WIDTH="33" HEIGHT="22" STYLEREFS="TXT_0 PAR_LEFT">
					<TextLine ID="P56_TL00001" HPOS="76" VPOS="102" WIDTH="33" HEIGHT="22">
						<String ID="P56_ST00001" HPOS="76" VPOS="102" WIDTH="33" HEIGHT="22" CONTENT="42" WC="1.00" CC="00"/>
					</TextLine>
				</TextBlock>
				<TextBlock ID="P56_TB00002" HPOS="432" VPOS="111" WIDTH="126" HEIGHT="17" STYLEREFS="TXT_1 PAR_CENTER">
					<TextLine ID="P56_TL00002" HPOS="433" VPOS="113" WIDTH="125" HEIGHT="15">
						<String ID="P56_ST00002" HPOS="433" VPOS="113" WIDTH="125" HEIGHT="15" CONTENT="BARDISM." WC="0.81" CC="00503600"/>
					</TextLine>
				</TextBlock>
			</TopMargin>
			<LeftMargin ID="P56_LM00001" HPOS="0" VPOS="126" WIDTH="76" HEIGHT="1416"/>
			<RightMargin ID="P56_RM00001" HPOS="925" VPOS="126" WIDTH="97" HEIGHT="1416"/>
			<BottomMargin ID="P56_BM00001" HPOS="0" VPOS="1542" WIDTH="1022" HEIGHT="76"/>
			<PrintSpace ID="P56_PS00001" HPOS="76" VPOS="126" WIDTH="849" HEIGHT="1416">
				<TextBlock ID="P56_TB00003" HPOS="77" VPOS="166" WIDTH="848" HEIGHT="1276" STYLEREFS="TXT_1 PAR_LEFT">
					<TextLine ID="P56_TL00003" HPOS="78" VPOS="167" WIDTH="843" HEIGHT="34">
						<String ID="P56_ST00003" HPOS="78" VPOS="168" WIDTH="147" HEIGHT="30" CONTENT="appellation" WC="0.81" CC="00005300234"/>
						<SP ID="P56_SP00001" HPOS="225" VPOS="198" WIDTH="13"/>
						<String ID="P56_ST00004" HPOS="238" VPOS="167" WIDTH="28" HEIGHT="24" CONTENT="of" WC="0.53" CC="35"/>
						<SP ID="P56_SP00002" HPOS="266" VPOS="198" WIDTH="9"/>
						<String ID="P56_ST00005" HPOS="275" VPOS="168" WIDTH="99" HEIGHT="24" CONTENT="Clerwr." WC="0.86" CC="0004050"/>
						<SP ID="P56_SP00003" HPOS="374" VPOS="198" WIDTH="38"/>
						<String ID="P56_ST00006" HPOS="412" VPOS="170" WIDTH="36" HEIGHT="22" CONTENT="As" WC="0.69" CC="06"/>
						<SP ID="P56_SP00004" HPOS="448" VPOS="198" WIDTH="11"/>
						<String ID="P56_ST00007" HPOS="459" VPOS="178" WIDTH="16" HEIGHT="15" CONTENT="a" WC="1.00" CC="0"/>
						<SP ID="P56_SP00005" HPOS="475" VPOS="198" WIDTH="11"/>
						<String ID="P56_ST00008" HPOS="486" VPOS="170" WIDTH="78" HEIGHT="31" CONTENT="single" WC="0.85" CC="500030"/>
						<SP ID="P56_SP00006" HPOS="564" VPOS="201" WIDTH="13"/>
						<String ID="P56_ST00009" HPOS="577" VPOS="170" WIDTH="82" HEIGHT="29" CONTENT="family" WC="0.62" CC="900408"/>
						<SP ID="P56_SP00007" HPOS="659" VPOS="201" WIDTH="15"/>
						<String ID="P56_ST00010" HPOS="674" VPOS="169" WIDTH="72" HEIGHT="23" CONTENT="could" WC="0.88" CC="00060"/>
						<SP ID="P56_SP00008" HPOS="746" VPOS="201" WIDTH="17"/>
						<String ID="P56_ST00011" HPOS="763" VPOS="171" WIDTH="42" HEIGHT="21" CONTENT="not." WC="0.67" CC="5070"/>
						<SP ID="P56_SP00009" HPOS="805" VPOS="201" WIDTH="12"/>
						<String ID="P56_ST00012" HPOS="817" VPOS="171" WIDTH="104" HEIGHT="27" CONTENT="support" WC="0.88" CC="5000300"/>
					</TextLine>
					<TextLine ID="P56_TL00004" HPOS="78" VPOS="197" WIDTH="842" HEIGHT="37">
						<String ID="P56_ST00013" HPOS="78" VPOS="197" WIDTH="74" HEIGHT="33" CONTENT="them," WC="0.83" CC="07000"/>
						<SP ID="P56_SP00010" HPOS="152" VPOS="230" WIDTH="14"/>
						<String ID="P56_ST00014" HPOS="166" VPOS="202" WIDTH="56" HEIGHT="30" CONTENT="they" WC="0.72" CC="0560"/>
						<SP ID="P56_SP00011" HPOS="222" VPOS="232" WIDTH="14"/>
						<String ID="P56_ST00015" HPOS="236" VPOS="203" WIDTH="118" HEIGHT="29" CONTENT="procured" WC="0.73" CC="03440260"/>
						<SP ID="P56_SP00012" HPOS="354" VPOS="232" WIDTH="14"/>
						<String ID="P56_ST00016" HPOS="368" VPOS="203" WIDTH="62" HEIGHT="22" CONTENT="their" WC="0.64" CC="43232"/>
						<SP ID="P56_SP00013" HPOS="430" VPOS="232" WIDTH="13"/>
						<String ID="P56_ST00017" HPOS="443" VPOS="204" WIDTH="167" HEIGHT="22" CONTENT="maintenance" WC="0.85" CC="10352000200"/>
						<SP ID="P56_SP00014" HPOS="610" VPOS="232" WIDTH="14"/>
						<String ID="P56_ST00018" HPOS="624" VPOS="203" WIDTH="31" HEIGHT="31" CONTENT="by" WC="0.64" CC="70"/>
						<SP ID="P56_SP00015" HPOS="655" VPOS="234" WIDTH="14"/>
						<String ID="P56_ST00019" HPOS="669" VPOS="203" WIDTH="75" HEIGHT="30" CONTENT="going" WC="0.50" CC="92650"/>
						<SP ID="P56_SP00016" HPOS="744" VPOS="234" WIDTH="18"/>
						<String ID="P56_ST00020" HPOS="762" VPOS="202" WIDTH="61" HEIGHT="23" CONTENT="from" WC="0.58" CC="0339"/>
						<SP ID="P56_SP00017" HPOS="823" VPOS="234" WIDTH="22"/>
						<String ID="P56_ST00021" HPOS="845" VPOS="197" WIDTH="75" HEIGHT="28" CONTENT="house" WC="0.59" CC="70570"/>
					</TextLine>
					<TextLine ID="P56_TL00005" HPOS="78" VPOS="234" WIDTH="842" HEIGHT="32">
						<String ID="P56_ST00022" HPOS="78" VPOS="239" WIDTH="26" HEIGHT="19" CONTENT="to" WC="0.87" CC="02"/>
						<SP ID="P56_SP00018" HPOS="104" VPOS="258" WIDTH="14"/>
						<String ID="P56_ST00023" HPOS="118" VPOS="236" WIDTH="75" HEIGHT="22" CONTENT="house" WC="0.70" CC="00562"/>
						<SP ID="P56_SP00019" HPOS="193" VPOS="258" WIDTH="10"/>
						<String ID="P56_ST00024" HPOS="203" VPOS="245" WIDTH="6" HEIGHT="17" CONTENT=";" WC="1.00" CC="0"/>
						<SP ID="P56_SP00020" HPOS="209" VPOS="262" WIDTH="19"/>
						<String ID="P56_ST00025" HPOS="228" VPOS="236" WIDTH="75" HEIGHT="22" CONTENT="hence" WC="0.82" CC="00430"/>
						<SP ID="P56_SP00021" HPOS="303" VPOS="262" WIDTH="13"/>
						<String ID="P56_ST00026" HPOS="316" VPOS="236" WIDTH="63" HEIGHT="23" CONTENT="their" WC="0.91" CC="00003"/>
						<SP ID="P56_SP00022" HPOS="379" VPOS="262" WIDTH="12"/>
						<String ID="P56_ST00027" HPOS="391" VPOS="244" WIDTH="77" HEIGHT="20" CONTENT="name," WC="0.87" CC="60000"/>
						<SP ID="P56_SP00023" HPOS="468" VPOS="264" WIDTH="15"/>
						<String ID="P56_ST00028" HPOS="483" VPOS="237" WIDTH="77" HEIGHT="22" CONTENT="which" WC="0.57" CC="94006"/>
						<SP ID="P56_SP00024" HPOS="560" VPOS="264" WIDTH="15"/>
						<String ID="P56_ST00029" HPOS="575" VPOS="244" WIDTH="82" HEIGHT="15" CONTENT="means" WC="0.69" CC="00086"/>
						<SP ID="P56_SP00025" HPOS="657" VPOS="264" WIDTH="17"/>
						<String ID="P56_ST00030" HPOS="674" VPOS="236" WIDTH="140" HEIGHT="30" CONTENT="Travelling" WC="0.78" CC="0520080050"/>
						<SP ID="P56_SP00026" HPOS="814" VPOS="266" WIDTH="15"/>
						<String ID="P56_ST00031" HPOS="829" VPOS="234" WIDTH="91" HEIGHT="24" CONTENT="Bard.*" WC="0.82" CC="703000"/>
					</TextLine>
					<TextLine ID="P56_TL00006" HPOS="78" VPOS="267" WIDTH="847" HEIGHT="33">
						<String ID="P56_ST00032" HPOS="78" VPOS="269" WIDTH="30" HEIGHT="23" CONTENT="In" WC="0.65" CC="07"/>
						<SP ID="P56_SP00027" HPOS="108" VPOS="292" WIDTH="14"/>
						<String ID="P56_ST00033" HPOS="122" VPOS="269" WIDTH="40" HEIGHT="23" CONTENT="the" WC="0.84" CC="040"/>
						<SP ID="P56_SP00028" HPOS="162" VPOS="292" WIDTH="14"/>
						<String ID="P56_ST00034" HPOS="176" VPOS="269" WIDTH="95" HEIGHT="30" CONTENT="palaces" WC="0.77" CC="0030075"/>
						<SP ID="P56_SP00029" HPOS="271" VPOS="299" WIDTH="17"/>
						<String ID="P56_ST00035" HPOS="288" VPOS="269" WIDTH="28" HEIGHT="23" CONTENT="of" WC="1.00" CC="00"/>
						<SP ID="P56_SP00030" HPOS="316" VPOS="299" WIDTH="12"/>
						<String ID="P56_ST00036" HPOS="328" VPOS="270" WIDTH="40" HEIGHT="22" CONTENT="the" WC="0.84" CC="400"/>
						<SP ID="P56_SP00031" HPOS="368" VPOS="299" WIDTH="19"/>
						<String ID="P56_ST00037" HPOS="387" VPOS="271" WIDTH="102" HEIGHT="29" CONTENT="nobility" WC="0.59" CC="05724209"/>
						<SP ID="P56_SP00032" HPOS="489" VPOS="300" WIDTH="14"/>
						<String ID="P56_ST00038" HPOS="503" VPOS="271" WIDTH="42" HEIGHT="21" CONTENT="the" WC="0.81" CC="040"/>
						<SP ID="P56_SP00033" HPOS="545" VPOS="300" WIDTH="19"/>
						<String ID="P56_ST00039" HPOS="564" VPOS="270" WIDTH="77" HEIGHT="22" CONTENT="Bards" WC="0.56" CC="46505"/>
						<SP ID="P56_SP00034" HPOS="641" VPOS="300" WIDTH="20"/>
						<String ID="P56_ST00040" HPOS="661" VPOS="277" WIDTH="61" HEIGHT="15" CONTENT="were" WC="0.95" CC="0020"/>
						<SP ID="P56_SP00035" HPOS="722" VPOS="300" WIDTH="18"/>
						<String ID="P56_ST00041" HPOS="740" VPOS="270" WIDTH="41" HEIGHT="22" CONTENT="the" WC="0.60" CC="560"/>
						<SP ID="P56_SP00036" HPOS="781" VPOS="300" WIDTH="20"/>
						<String ID="P56_ST00042" HPOS="801" VPOS="273" WIDTH="77" HEIGHT="19" CONTENT="tutors" WC="0.41" CC="654647"/>
						<SP ID="P56_SP00037" HPOS="878" VPOS="300" WIDTH="19"/>
						<String ID="P56_ST00043" HPOS="897" VPOS="267" WIDTH="28" HEIGHT="25" CONTENT="of" WC="0.27" CC="49"/>
					</TextLine>
					<TextLine ID="P56_TL00007" HPOS="78" VPOS="303" WIDTH="842" HEIGHT="27">
						<String ID="P56_ST00044" HPOS="78" VPOS="303" WIDTH="64" HEIGHT="22" CONTENT="their" WC="0.82" CC="60001"/>
						<SP ID="P56_SP00038" HPOS="142" VPOS="325" WIDTH="18"/>
						<String ID="P56_ST00045" HPOS="160" VPOS="303" WIDTH="122" HEIGHT="27" CONTENT="children;" WC="0.84" CC="000302024"/>
						<SP ID="P56_SP00039" HPOS="282" VPOS="330" WIDTH="19"/>
						<String ID="P56_ST00046" HPOS="301" VPOS="304" WIDTH="48" HEIGHT="22" CONTENT="and" WC="0.72" CC="440"/>
						<SP ID="P56_SP00040" HPOS="349" VPOS="330" WIDTH="16"/>
						<String ID="P56_ST00047" HPOS="365" VPOS="303" WIDTH="41" HEIGHT="23" CONTENT="the" WC="0.51" CC="068"/>
						<SP ID="P56_SP00041" HPOS="406" VPOS="330" WIDTH="18"/>
						<String ID="P56_ST00048" HPOS="424" VPOS="303" WIDTH="57" HEIGHT="27" CONTENT="heir," WC="0.96" CC="00010"/>
						<SP ID="P56_SP00042" HPOS="481" VPOS="330" WIDTH="18"/>
						<String ID="P56_ST00049" HPOS="499" VPOS="303" WIDTH="69" HEIGHT="23" CONTENT="when" WC="0.77" CC="0207"/>
						<SP ID="P56_SP00043" HPOS="568" VPOS="330" WIDTH="19"/>
						<String ID="P56_ST00050" HPOS="587" VPOS="304" WIDTH="30" HEIGHT="21" CONTENT="he" WC="0.83" CC="30"/>
						<SP ID="P56_SP00044" HPOS="617" VPOS="330" WIDTH="19"/>
						<String ID="P56_ST00051" HPOS="636" VPOS="303" WIDTH="135" HEIGHT="23" CONTENT="succeeded" WC="0.87" CC="500000600"/>
						<SP ID="P56_SP00045" HPOS="771" VPOS="330" WIDTH="18"/>
						<String ID="P56_ST00052" HPOS="789" VPOS="306" WIDTH="24" HEIGHT="19" CONTENT="to" WC="0.56" CC="16"/>
						<SP ID="P56_SP00046" HPOS="813" VPOS="330" WIDTH="19"/>
						<String ID="P56_ST00053" HPOS="832" VPOS="303" WIDTH="35" HEIGHT="22" CONTENT="his" WC="0.33" CC="757"/>
						<SP ID="P56_SP00047" HPOS="867" VPOS="330" WIDTH="18"/>
						<String ID="P56_ST00054" HPOS="885" VPOS="303" WIDTH="35" HEIGHT="22" CONTENT="in" SUBS_TYPE="HypPart1" SUBS_CONTENT="inheritance," WC="0.92" CC="010"/>
						<HYP CONTENT="-"/>
					</TextLine>
					<TextLine ID="P56_TL00008" HPOS="79" VPOS="336" WIDTH="842" HEIGHT="31">
						<String ID="P56_ST00055" HPOS="79" VPOS="336" WIDTH="132" HEIGHT="27" CONTENT="heritance," SUBS_TYPE="HypPart2" SUBS_CONTENT="inheritance," WC="0.74" CC="6060606000"/>
						<SP ID="P56_SP00048" HPOS="211" VPOS="363" WIDTH="12"/>
						<String ID="P56_ST00056" HPOS="223" VPOS="336" WIDTH="125" HEIGHT="23" CONTENT="cherished" WC="0.70" CC="567033000"/>
						<SP ID="P56_SP00049" HPOS="348" VPOS="363" WIDTH="11"/>
						<String ID="P56_ST00057" HPOS="359" VPOS="337" WIDTH="56" HEIGHT="22" CONTENT="with" WC="0.35" CC="9564"/>
						<SP ID="P56_SP00050" HPOS="415" VPOS="363" WIDTH="11"/>
						<String ID="P56_ST00058" HPOS="426" VPOS="337" WIDTH="153" HEIGHT="22" CONTENT="affectionate" WC="0.72" CC="066300034520"/>
						<SP ID="P56_SP00051" HPOS="579" VPOS="363" WIDTH="12"/>
						<String ID="P56_ST00059" HPOS="591" VPOS="336" WIDTH="130" HEIGHT="23" CONTENT="solicitude" WC="0.82" CC="7031001300"/>
						<SP ID="P56_SP00052" HPOS="721" VPOS="363" WIDTH="11"/>
						<String ID="P56_ST00060" HPOS="732" VPOS="336" WIDTH="42" HEIGHT="22" CONTENT="the" WC="0.81" CC="050"/>
						<SP ID="P56_SP00053" HPOS="774" VPOS="363" WIDTH="12"/>
						<String ID="P56_ST00061" HPOS="786" VPOS="336" WIDTH="74" HEIGHT="31" CONTENT="guide" WC="0.84" CC="70000"/>
						<SP ID="P56_SP00054" HPOS="860" VPOS="367" WIDTH="13"/>
						<String ID="P56_ST00062" HPOS="873" VPOS="336" WIDTH="48" HEIGHT="22" CONTENT="and" WC="0.82" CC="050"/>
					</TextLine>
					<TextLine ID="P56_TL00009" HPOS="79" VPOS="369" WIDTH="842" HEIGHT="32">
						<String ID="P56_ST00063" HPOS="79" VPOS="370" WIDTH="144" HEIGHT="31" CONTENT="companion" WC="0.65" CC="019800028"/>
						<SP ID="P56_SP00055" HPOS="223" VPOS="401" WIDTH="15"/>
						<String ID="P56_ST00064" HPOS="238" VPOS="369" WIDTH="27" HEIGHT="23" CONTENT="of" WC="0.44" CC="28"/>
						<SP ID="P56_SP00056" HPOS="265" VPOS="401" WIDTH="11"/>
						<String ID="P56_ST00065" HPOS="276" VPOS="370" WIDTH="35" HEIGHT="23" CONTENT="his" WC="0.81" CC="500"/>
						<SP ID="P56_SP00057" HPOS="311" VPOS="401" WIDTH="14"/>
						<String ID="P56_ST00066" HPOS="325" VPOS="370" WIDTH="83" HEIGHT="31" CONTENT="youth," WC="0.78" CC="073020"/>
						<SP ID="P56_SP00058" HPOS="408" VPOS="401" WIDTH="14"/>
						<String ID="P56_ST00067" HPOS="422" VPOS="370" WIDTH="54" HEIGHT="22" CONTENT="who" WC="0.96" CC="001"/>
						<SP ID="P56_SP00059" HPOS="476" VPOS="401" WIDTH="15"/>
						<String ID="P56_ST00068" HPOS="491" VPOS="370" WIDTH="81" HEIGHT="30" CONTENT="repaid" WC="0.89" CC="200030"/>
						<SP ID="P56_SP00060" HPOS="572" VPOS="401" WIDTH="14"/>
						<String ID="P56_ST00069" HPOS="586" VPOS="370" WIDTH="47" HEIGHT="22" CONTENT="this" WC="0.58" CC="6207"/>
						<SP ID="P56_SP00061" HPOS="633" VPOS="401" WIDTH="14"/>
						<String ID="P56_ST00070" HPOS="647" VPOS="377" WIDTH="55" HEIGHT="15" CONTENT="care" WC="0.89" CC="0040"/>
						<SP ID="P56_SP00062" HPOS="702" VPOS="401" WIDTH="16"/>
						<String ID="P56_ST00071" HPOS="718" VPOS="369" WIDTH="47" HEIGHT="22" CONTENT="and" WC="0.74" CC="520"/>
						<SP ID="P56_SP00063" HPOS="765" VPOS="401" WIDTH="20"/>
						<String ID="P56_ST00072" HPOS="785" VPOS="369" WIDTH="136" HEIGHT="31" CONTENT="protection" WC="0.56" CC="6056017717"/>
					</TextLine>
					<TextLine ID="P56_TL00010" HPOS="78" VPOS="402" WIDTH="845" HEIGHT="33">
						<String ID="P56_ST00073" HPOS="78" VPOS="404" WIDTH="58" HEIGHT="23" CONTENT="with" WC="0.72" CC="0604"/>
						<SP ID="P56_SP00064" HPOS="136" VPOS="427" WIDTH="23"/>
						<String ID="P56_ST00074" HPOS="159" VPOS="404" WIDTH="40" HEIGHT="23" CONTENT="the" WC="0.86" CC="210"/>
						<SP ID="P56_SP00065" HPOS="199" VPOS="427" WIDTH="20"/>
						<String ID="P56_ST00075" HPOS="219" VPOS="403" WIDTH="105" HEIGHT="32" CONTENT="grateful" WC="0.89" CC="00030050"/>
						<SP ID="P56_SP00066" HPOS="324" VPOS="435" WIDTH="17"/>
						<String ID="P56_ST00076" HPOS="341" VPOS="404" WIDTH="90" HEIGHT="22" CONTENT="tribute" WC="0.77" CC="2400520"/>
						<SP ID="P56_SP00067" HPOS="431" VPOS="435" WIDTH="17"/>
						<String ID="P56_ST00077" HPOS="448" VPOS="403" WIDTH="27" HEIGHT="22" CONTENT="of" WC="1.00" CC="00"/>
						<SP ID="P56_SP00068" HPOS="475" VPOS="435" WIDTH="16"/>
						<String ID="P56_ST00078" HPOS="491" VPOS="404" WIDTH="80" HEIGHT="30" CONTENT="poetic" WC="0.79" CC="070005"/>
						<SP ID="P56_SP00069" HPOS="571" VPOS="435" WIDTH="18"/>
						<String ID="P56_ST00079" HPOS="589" VPOS="403" WIDTH="94" HEIGHT="23" CONTENT="strains." WC="0.73" CC="50000851"/>
						<SP ID="P56_SP00070" HPOS="683" VPOS="435" WIDTH="37"/>
						<String ID="P56_ST00080" HPOS="720" VPOS="402" WIDTH="54" HEIGHT="23" CONTENT="The" WC="1.00" CC="000"/>
						<SP ID="P56_SP00071" HPOS="774" VPOS="435" WIDTH="21"/>
						<String ID="P56_ST00081" HPOS="795" VPOS="402" WIDTH="83" HEIGHT="27" CONTENT="Bards," WC="0.87" CC="000060"/>
						<SP ID="P56_SP00072" HPOS="878" VPOS="435" WIDTH="21"/>
						<String ID="P56_ST00082" HPOS="899" VPOS="406" WIDTH="24" HEIGHT="18" CONTENT="to" WC="0.41" CC="47"/>
					</TextLine>
					<TextLine ID="P56_TL00011" HPOS="78" VPOS="435" WIDTH="845" HEIGHT="33">
						<String ID="P56_ST00083" HPOS="78" VPOS="437" WIDTH="38" HEIGHT="27" CONTENT="all," WC="0.75" CC="9000"/>
						<SP ID="P56_SP00073" HPOS="116" VPOS="464" WIDTH="12"/>
						<String ID="P56_ST00084" HPOS="128" VPOS="446" WIDTH="62" HEIGHT="14" CONTENT="were" WC="0.75" CC="9000"/>
						<SP ID="P56_SP00074" HPOS="190" VPOS="464" WIDTH="10"/>
						<String ID="P56_ST00085" HPOS="200" VPOS="438" WIDTH="132" HEIGHT="30" CONTENT="ostensibly" WC="0.71" CC="4500661030"/>
						<SP ID="P56_SP00075" HPOS="332" VPOS="468" WIDTH="8"/>
						<String ID="P56_ST00086" HPOS="340" VPOS="437" WIDTH="41" HEIGHT="23" CONTENT="the" WC="1.00" CC="000"/>
						<SP ID="P56_SP00076" HPOS="381" VPOS="468" WIDTH="13"/>
						<String ID="P56_ST00087" HPOS="394" VPOS="445" WIDTH="150" HEIGHT="23" CONTENT="messengers" WC="0.67" CC="5004650045"/>
						<SP ID="P56_SP00077" HPOS="544" VPOS="468" WIDTH="12"/>
						<String ID="P56_ST00088" HPOS="556" VPOS="436" WIDTH="28" HEIGHT="24" CONTENT="of" WC="0.76" CC="40"/>
						<SP ID="P56_SP00078" HPOS="584" VPOS="468" WIDTH="7"/>
						<String ID="P56_ST00089" HPOS="591" VPOS="444" WIDTH="83" HEIGHT="23" CONTENT="peace." WC="0.96" CC="200000"/>
						<SP ID="P56_SP00079" HPOS="674" VPOS="468" WIDTH="36"/>
						<String ID="P56_ST00090" HPOS="710" VPOS="435" WIDTH="73" HEIGHT="24" CONTENT="From" WC="0.77" CC="5210"/>
						<SP ID="P56_SP00080" HPOS="783" VPOS="468" WIDTH="10"/>
						<String ID="P56_ST00091" HPOS="793" VPOS="436" WIDTH="41" HEIGHT="22" CONTENT="the" WC="0.93" CC="010"/>
						<SP ID="P56_SP00081" HPOS="834" VPOS="468" WIDTH="10"/>
						<String ID="P56_ST00092" HPOS="844" VPOS="435" WIDTH="79" HEIGHT="31" CONTENT="lordly" WC="0.68" CC="470070"/>
					</TextLine>
					<TextLine ID="P56_TL00012" HPOS="79" VPOS="468" WIDTH="846" HEIGHT="34">
						<String ID="P56_ST00093" HPOS="79" VPOS="471" WIDTH="61" HEIGHT="31" CONTENT="keep" WC="0.95" CC="0010"/>
						<SP ID="P56_SP00082" HPOS="140" VPOS="502" WIDTH="14"/>
						<String ID="P56_ST00094" HPOS="154" VPOS="479" WIDTH="27" HEIGHT="15" CONTENT="or" WC="0.88" CC="02"/>
						<SP ID="P56_SP00083" HPOS="181" VPOS="502" WIDTH="13"/>
						<String ID="P56_ST00095" HPOS="194" VPOS="471" WIDTH="39" HEIGHT="23" CONTENT="the" WC="0.87" CC="120"/>
						<SP ID="P56_SP00084" HPOS="233" VPOS="502" WIDTH="14"/>
						<String ID="P56_ST00096" HPOS="247" VPOS="471" WIDTH="87" HEIGHT="30" CONTENT="village" WC="0.94" CC="0004000"/>
						<SP ID="P56_SP00085" HPOS="334" VPOS="502" WIDTH="14"/>
						<String ID="P56_ST00097" HPOS="348" VPOS="471" WIDTH="89" HEIGHT="23" CONTENT="hamlet" WC="0.91" CC="000005"/>
						<SP ID="P56_SP00086" HPOS="437" VPOS="502" WIDTH="13"/>
						<String ID="P56_ST00098" HPOS="450" VPOS="471" WIDTH="55" HEIGHT="30" CONTENT="they" WC="0.73" CC="4150"/>
						<SP ID="P56_SP00087" HPOS="505" VPOS="502" WIDTH="15"/>
						<String ID="P56_ST00099" HPOS="520" VPOS="474" WIDTH="63" HEIGHT="19" CONTENT="went" WC="0.73" CC="0045"/>
						<SP ID="P56_SP00088" HPOS="583" VPOS="502" WIDTH="9"/>
						<String ID="P56_ST00100" HPOS="592" VPOS="470" WIDTH="65" HEIGHT="23" CONTENT="forth" WC="0.37" CC="66467"/>
						<SP ID="P56_SP00089" HPOS="657" VPOS="502" WIDTH="13"/>
						<String ID="P56_ST00101" HPOS="670" VPOS="478" WIDTH="31" HEIGHT="14" CONTENT="on" WC="0.57" CC="26"/>
						<SP ID="P56_SP00090" HPOS="701" VPOS="502" WIDTH="15"/>
						<String ID="P56_ST00102" HPOS="716" VPOS="470" WIDTH="62" HEIGHT="22" CONTENT="their" WC="0.65" CC="37303"/>
						<SP ID="P56_SP00091" HPOS="778" VPOS="502" WIDTH="14"/>
						<String ID="P56_ST00103" HPOS="792" VPOS="469" WIDTH="87" HEIGHT="23" CONTENT="errand" WC="0.70" CC="045070"/>
						<SP ID="P56_SP00092" HPOS="879" VPOS="502" WIDTH="19"/>
						<String ID="P56_ST00104" HPOS="898" VPOS="468" WIDTH="27" HEIGHT="24" CONTENT="of" WC="0.67" CC="60"/>
					</TextLine>
					<TextLine ID="P56_TL00013" HPOS="79" VPOS="503" WIDTH="845" HEIGHT="33">
						<String ID="P56_ST00105" HPOS="79" VPOS="512" WIDTH="89" HEIGHT="24" CONTENT="mercy," WC="0.87" CC="403000"/>
						<SP ID="P56_SP00093" HPOS="168" VPOS="536" WIDTH="21"/>
						<String ID="P56_ST00106" HPOS="189" VPOS="506" WIDTH="90" HEIGHT="29" CONTENT="having" WC="0.83" CC="600030"/>
						<SP ID="P56_SP00094" HPOS="279" VPOS="536" WIDTH="21"/>
						<String ID="P56_ST00107" HPOS="300" VPOS="505" WIDTH="47" HEIGHT="22" CONTENT="and" WC="0.72" CC="170"/>
						<SP ID="P56_SP00095" HPOS="347" VPOS="536" WIDTH="26"/>
						<String ID="P56_ST00108" HPOS="373" VPOS="505" WIDTH="107" HEIGHT="30" CONTENT="wanting" WC="0.61" CC="0030769"/>
						<SP ID="P56_SP00096" HPOS="480" VPOS="536" WIDTH="19"/>
						<String ID="P56_ST00109" HPOS="499" VPOS="512" WIDTH="31" HEIGHT="15" CONTENT="no" WC="0.47" CC="55"/>
						<SP ID="P56_SP00097" HPOS="530" VPOS="536" WIDTH="18"/>
						<String ID="P56_ST00110" HPOS="548" VPOS="505" WIDTH="71" HEIGHT="23" CONTENT="other" WC="0.60" CC="10665"/>
						<SP ID="P56_SP00098" HPOS="619" VPOS="536" WIDTH="17"/>
						<String ID="P56_ST00111" HPOS="636" VPOS="503" WIDTH="129" HEIGHT="31" CONTENT="safeguard" WC="0.73" CC="302691000"/>
						<SP ID="P56_SP00099" HPOS="765" VPOS="536" WIDTH="20"/>
						<String ID="P56_ST00112" HPOS="785" VPOS="504" WIDTH="56" HEIGHT="22" CONTENT="than" WC="0.88" CC="0004"/>
						<SP ID="P56_SP00100" HPOS="841" VPOS="536" WIDTH="21"/>
						<String ID="P56_ST00113" HPOS="862" VPOS="503" WIDTH="62" HEIGHT="22" CONTENT="their" WC="0.78" CC="04006"/>
					</TextLine>
					<TextLine ID="P56_TL00014" HPOS="78" VPOS="536" WIDTH="845" HEIGHT="33">
						<String ID="P56_ST00114" HPOS="78" VPOS="539" WIDTH="71" HEIGHT="23" CONTENT="office" WC="0.94" CC="300000"/>
						<SP ID="P56_SP00101" HPOS="149" VPOS="562" WIDTH="13"/>
						<String ID="P56_ST00115" HPOS="162" VPOS="538" WIDTH="27" HEIGHT="24" CONTENT="of" WC="1.00" CC="00"/>
						<SP ID="P56_SP00102" HPOS="189" VPOS="562" WIDTH="11"/>
						<String ID="P56_ST00116" HPOS="200" VPOS="539" WIDTH="154" HEIGHT="23" CONTENT="conciliation" WC="0.67" CC="008440005546"/>
						<SP ID="P56_SP00103" HPOS="354" VPOS="562" WIDTH="14"/>
						<String ID="P56_ST00117" HPOS="368" VPOS="546" WIDTH="62" HEIGHT="23" CONTENT="gave" WC="0.79" CC="0080"/>
						<SP ID="P56_SP00104" HPOS="430" VPOS="569" WIDTH="13"/>
						<String ID="P56_ST00118" HPOS="443" VPOS="539" WIDTH="74" HEIGHT="22" CONTENT="them." WC="0.53" CC="64092"/>
						<SP ID="P56_SP00105" HPOS="517" VPOS="569" WIDTH="36"/>
						<String ID="P56_ST00119" HPOS="553" VPOS="538" WIDTH="10" HEIGHT="23" CONTENT="I" WC="1.00" CC="0"/>
						<SP ID="P56_SP00106" HPOS="563" VPOS="569" WIDTH="21"/>
						<String ID="P56_ST00120" HPOS="584" VPOS="538" WIDTH="61" HEIGHT="23" CONTENT="have" WC="0.86" CC="5000"/>
						<SP ID="P56_SP00107" HPOS="645" VPOS="569" WIDTH="18"/>
						<String ID="P56_ST00121" HPOS="663" VPOS="538" WIDTH="51" HEIGHT="22" CONTENT="said" WC="0.83" CC="6000"/>
						<SP ID="P56_SP00108" HPOS="714" VPOS="569" WIDTH="21"/>
						<String ID="P56_ST00122" HPOS="735" VPOS="538" WIDTH="51" HEIGHT="22" CONTENT="that" WC="0.64" CC="4603"/>
						<SP ID="P56_SP00109" HPOS="786" VPOS="569" WIDTH="19"/>
						<String ID="P56_ST00123" HPOS="805" VPOS="537" WIDTH="57" HEIGHT="31" CONTENT="they" WC="0.84" CC="0600"/>
						<SP ID="P56_SP00110" HPOS="862" VPOS="569" WIDTH="20"/>
						<String ID="P56_ST00124" HPOS="882" VPOS="536" WIDTH="41" HEIGHT="23" CONTENT="did" WC="0.87" CC="030"/>
					</TextLine>
					<TextLine ID="P56_TL00015" HPOS="79" VPOS="570" WIDTH="844" HEIGHT="29">
						<String ID="P56_ST00125" HPOS="79" VPOS="571" WIDTH="47" HEIGHT="24" CONTENT="this" WC="0.64" CC="2407"/>
						<SP ID="P56_SP00111" HPOS="126" VPOS="595" WIDTH="13"/>
						<String ID="P56_ST00126" HPOS="139" VPOS="573" WIDTH="131" HEIGHT="23" CONTENT="ostensiblv" WC="0.81" CC="0201603103"/>
						<SP ID="P56_SP00112" HPOS="270" VPOS="596" WIDTH="12"/>
						<String ID="P56_ST00127" HPOS="282" VPOS="581" WIDTH="5" HEIGHT="14" CONTENT=":" WC="0.94" CC="0"/>
						<SP ID="P56_SP00113" HPOS="287" VPOS="596" WIDTH="21"/>
						<String ID="P56_ST00128" HPOS="308" VPOS="573" WIDTH="39" HEIGHT="22" CONTENT="the" WC="0.69" CC="530"/>
						<SP ID="P56_SP00114" HPOS="347" VPOS="596" WIDTH="13"/>
						<String ID="P56_ST00129" HPOS="360" VPOS="573" WIDTH="66" HEIGHT="22" CONTENT="truth" WC="0.74" CC="03350"/>
						<SP ID="P56_SP00115" HPOS="426" VPOS="596" WIDTH="15"/>
						<String ID="P56_ST00130" HPOS="441" VPOS="573" WIDTH="25" HEIGHT="25" CONTENT="is," WC="0.77" CC="240"/>
						<SP ID="P56_SP00116" HPOS="466" VPOS="598" WIDTH="15"/>
						<String ID="P56_ST00131" HPOS="481" VPOS="573" WIDTH="52" HEIGHT="22" CONTENT="that" WC="0.75" CC="1502"/>
						<SP ID="P56_SP00117" HPOS="533" VPOS="598" WIDTH="16"/>
						<String ID="P56_ST00132" HPOS="549" VPOS="571" WIDTH="120" HEIGHT="28" CONTENT="Bardism," WC="0.95" CC="00400000"/>
						<SP ID="P56_SP00118" HPOS="669" VPOS="599" WIDTH="11"/>
						<String ID="P56_ST00133" HPOS="680" VPOS="571" WIDTH="60" HEIGHT="23" CONTENT="from" WC="0.60" CC="5503"/>
						<SP ID="P56_SP00119" HPOS="740" VPOS="599" WIDTH="16"/>
						<String ID="P56_ST00134" HPOS="756" VPOS="571" WIDTH="40" HEIGHT="23" CONTENT="the" WC="0.73" CC="250"/>
						<SP ID="P56_SP00120" HPOS="796" VPOS="599" WIDTH="12"/>
						<String ID="P56_ST00135" HPOS="808" VPOS="570" WIDTH="54" HEIGHT="23" CONTENT="fifth" WC="0.95" CC="00002"/>
						<SP ID="P56_SP00121" HPOS="862" VPOS="599" WIDTH="13"/>
						<String ID="P56_ST00136" HPOS="875" VPOS="570" WIDTH="48" HEIGHT="23" CONTENT="and" WC="0.82" CC="050"/>
					</TextLine>
					<TextLine ID="P56_TL00016" HPOS="79" VPOS="604" WIDTH="844" HEIGHT="32">
						<String ID="P56_ST00137" HPOS="79" VPOS="606" WIDTH="65" HEIGHT="22" CONTENT="sixth" WC="0.81" CC="60020"/>
						<SP ID="P56_SP00122" HPOS="144" VPOS="628" WIDTH="18"/>
						<String ID="P56_ST00138" HPOS="162" VPOS="606" WIDTH="128" HEIGHT="27" CONTENT="centuries," WC="0.68" CC="4050544060"/>
						<SP ID="P56_SP00123" HPOS="290" VPOS="633" WIDTH="14"/>
						<String ID="P56_ST00139" HPOS="304" VPOS="606" WIDTH="126" HEIGHT="30" CONTENT="gradually" WC="1.00" CC="000000000"/>
						<SP ID="P56_SP00124" HPOS="430" VPOS="636" WIDTH="14"/>
						<String ID="P56_ST00140" HPOS="444" VPOS="606" WIDTH="120" HEIGHT="26" CONTENT="declined," WC="0.95" CC="020000002"/>
						<SP ID="P56_SP00125" HPOS="564" VPOS="636" WIDTH="17"/>
						<String ID="P56_ST00141" HPOS="581" VPOS="605" WIDTH="37" HEIGHT="23" CONTENT="till" WC="0.85" CC="0203"/>
						<SP ID="P56_SP00126" HPOS="618" VPOS="636" WIDTH="18"/>
						<String ID="P56_ST00142" HPOS="636" VPOS="606" WIDTH="19" HEIGHT="22" CONTENT="it" WC="0.70" CC="14"/>
						<SP ID="P56_SP00127" HPOS="655" VPOS="636" WIDTH="19"/>
						<String ID="P56_ST00143" HPOS="674" VPOS="612" WIDTH="67" HEIGHT="16" CONTENT="came" WC="1.00" CC="0000"/>
						<SP ID="P56_SP00128" HPOS="741" VPOS="636" WIDTH="20"/>
						<String ID="P56_ST00144" HPOS="761" VPOS="608" WIDTH="24" HEIGHT="20" CONTENT="to" WC="0.75" CC="50"/>
						<SP ID="P56_SP00129" HPOS="785" VPOS="636" WIDTH="19"/>
						<String ID="P56_ST00145" HPOS="804" VPOS="604" WIDTH="119" HEIGHT="23" CONTENT="resemble" WC="0.63" CC="15590600"/>
					</TextLine>
					<TextLine ID="P56_TL00017" HPOS="79" VPOS="638" WIDTH="841" HEIGHT="31">
						<String ID="P56_ST00146" HPOS="79" VPOS="639" WIDTH="41" HEIGHT="23" CONTENT="the" WC="0.77" CC="600"/>
						<SP ID="P56_SP00130" HPOS="120" VPOS="662" WIDTH="19"/>
						<String ID="P56_ST00147" HPOS="139" VPOS="639" WIDTH="98" HEIGHT="23" CONTENT="ancient" WC="0.72" CC="0770021"/>
						<SP ID="P56_SP00131" HPOS="237" VPOS="662" WIDTH="18"/>
						<String ID="P56_ST00148" HPOS="255" VPOS="639" WIDTH="114" HEIGHT="23" CONTENT="Institute" WC="0.72" CC="403406060"/>
						<SP ID="P56_SP00132" HPOS="369" VPOS="662" WIDTH="20"/>
						<String ID="P56_ST00149" HPOS="389" VPOS="639" WIDTH="22" HEIGHT="23" CONTENT="in" WC="1.00" CC="00"/>
						<SP ID="P56_SP00133" HPOS="411" VPOS="662" WIDTH="20"/>
						<String ID="P56_ST00150" HPOS="431" VPOS="639" WIDTH="106" HEIGHT="30" CONTENT="scarcely" WC="0.87" CC="40004010"/>
						<SP ID="P56_SP00134" HPOS="537" VPOS="669" WIDTH="15"/>
						<String ID="P56_ST00151" HPOS="552" VPOS="646" WIDTH="66" HEIGHT="16" CONTENT="more" WC="0.63" CC="5430"/>
						<SP ID="P56_SP00135" HPOS="618" VPOS="669" WIDTH="20"/>
						<String ID="P56_ST00152" HPOS="638" VPOS="639" WIDTH="56" HEIGHT="23" CONTENT="than" WC="0.53" CC="3715"/>
						<SP ID="P56_SP00136" HPOS="694" VPOS="669" WIDTH="18"/>
						<String ID="P56_ST00153" HPOS="712" VPOS="639" WIDTH="61" HEIGHT="23" CONTENT="form" WC="0.41" CC="9048"/>
						<SP ID="P56_SP00137" HPOS="773" VPOS="669" WIDTH="13"/>
						<String ID="P56_ST00154" HPOS="786" VPOS="639" WIDTH="47" HEIGHT="22" CONTENT="and" WC="0.88" CC="030"/>
						<SP ID="P56_SP00138" HPOS="833" VPOS="669" WIDTH="13"/>
						<String ID="P56_ST00155" HPOS="846" VPOS="638" WIDTH="74" HEIGHT="23" CONTENT="show." WC="0.53" CC="66090"/>
					</TextLine>
					<TextLine ID="P56_TL00018" HPOS="79" VPOS="671" WIDTH="843" HEIGHT="31">
						<String ID="P56_ST00156" HPOS="79" VPOS="672" WIDTH="54" HEIGHT="23" CONTENT="The" WC="1.00" CC="000"/>
						<SP ID="P56_SP00139" HPOS="133" VPOS="695" WIDTH="12"/>
						<String ID="P56_ST00157" HPOS="145" VPOS="673" WIDTH="130" HEIGHT="23" CONTENT="venerated" WC="1.00" CC="000000000"/>
						<SP ID="P56_SP00140" HPOS="275" VPOS="696" WIDTH="13"/>
						<String ID="P56_ST00158" HPOS="288" VPOS="673" WIDTH="63" HEIGHT="22" CONTENT="titles" WC="0.78" CC="020009"/>
						<SP ID="P56_SP00141" HPOS="351" VPOS="696" WIDTH="14"/>
						<String ID="P56_ST00159" HPOS="365" VPOS="673" WIDTH="46" HEIGHT="22" CONTENT="and" WC="1.00" CC="000"/>
						<SP ID="P56_SP00142" HPOS="411" VPOS="696" WIDTH="14"/>
						<String ID="P56_ST00160" HPOS="425" VPOS="673" WIDTH="82" HEIGHT="22" CONTENT="offices" WC="0.99" CC="0000000"/>
						<SP ID="P56_SP00143" HPOS="507" VPOS="696" WIDTH="13"/>
						<String ID="P56_ST00161" HPOS="520" VPOS="673" WIDTH="131" HEIGHT="26" CONTENT="remained," WC="0.88" CC="300007000"/>
						<SP ID="P56_SP00144" HPOS="651" VPOS="699" WIDTH="15"/>
						<String ID="P56_ST00162" HPOS="666" VPOS="673" WIDTH="43" HEIGHT="22" CONTENT="but" WC="0.64" CC="055"/>
						<SP ID="P56_SP00145" HPOS="709" VPOS="699" WIDTH="19"/>
						<String ID="P56_ST00163" HPOS="728" VPOS="673" WIDTH="40" HEIGHT="22" CONTENT="the" WC="0.44" CC="367"/>
						<SP ID="P56_SP00146" HPOS="768" VPOS="699" WIDTH="18"/>
						<String ID="P56_ST00164" HPOS="786" VPOS="673" WIDTH="69" HEIGHT="29" CONTENT="spirit" WC="0.90" CC="400100"/>
						<SP ID="P56_SP00147" HPOS="855" VPOS="702" WIDTH="19"/>
						<String ID="P56_ST00165" HPOS="874" VPOS="671" WIDTH="48" HEIGHT="23" CONTENT="had" WC="0.57" CC="660"/>
					</TextLine>
					<TextLine ID="P56_TL00019" HPOS="79" VPOS="706" WIDTH="842" HEIGHT="32">
						<String ID="P56_ST00166" HPOS="79" VPOS="706" WIDTH="126" HEIGHT="32" CONTENT="well-nigh" WC="0.75" CC="040008090"/>
						<SP ID="P56_SP00148" HPOS="205" VPOS="738" WIDTH="14"/>
						<String ID="P56_ST00167" HPOS="219" VPOS="707" WIDTH="114" HEIGHT="30" CONTENT="departed" WC="0.84" CC="07000500"/>
						<SP ID="P56_SP00149" HPOS="333" VPOS="738" WIDTH="12"/>
						<String ID="P56_ST00168" HPOS="345" VPOS="715" WIDTH="6" HEIGHT="14" CONTENT=":" WC="0.49" CC="5"/>
						<SP ID="P56_SP00150" HPOS="351" VPOS="738" WIDTH="20"/>
						<String ID="P56_ST00169" HPOS="371" VPOS="706" WIDTH="41" HEIGHT="23" CONTENT="the" WC="1.00" CC="000"/>
						<SP ID="P56_SP00151" HPOS="412" VPOS="738" WIDTH="19"/>
						<String ID="P56_ST00170" HPOS="431" VPOS="706" WIDTH="72" HEIGHT="23" CONTENT="noble" WC="0.67" CC="53600"/>
						<SP ID="P56_SP00152" HPOS="503" VPOS="738" WIDTH="19"/>
						<String ID="P56_ST00171" HPOS="522" VPOS="706" WIDTH="190" HEIGHT="30" CONTENT="independence," WC="0.84" CC="0000337006000"/>
						<SP ID="P56_SP00153" HPOS="712" VPOS="738" WIDTH="13"/>
						<String ID="P56_ST00172" HPOS="725" VPOS="706" WIDTH="41" HEIGHT="22" CONTENT="the" WC="0.77" CC="060"/>
						<SP ID="P56_SP00154" HPOS="766" VPOS="738" WIDTH="16"/>
						<String ID="P56_ST00173" HPOS="782" VPOS="706" WIDTH="139" HEIGHT="23" CONTENT="conscious" SUBS_TYPE="HypPart1" SUBS_CONTENT="consciousness" WC="0.89" CC="0002010050"/>
						<HYP CONTENT="-"/>
					</TextLine>
					<TextLine ID="P56_TL00020" HPOS="79" VPOS="739" WIDTH="842" HEIGHT="32">
						<String ID="P56_ST00174" HPOS="79" VPOS="748" WIDTH="54" HEIGHT="14" CONTENT="ness" SUBS_TYPE="HypPart2" SUBS_CONTENT="consciousness" WC="0.77" CC="2060"/>
						<SP ID="P56_SP00155" HPOS="133" VPOS="762" WIDTH="13"/>
						<String ID="P56_ST00175" HPOS="146" VPOS="740" WIDTH="28" HEIGHT="22" CONTENT="of" WC="1.00" CC="00"/>
						<SP ID="P56_SP00156" HPOS="174" VPOS="762" WIDTH="9"/>
						<String ID="P56_ST00176" HPOS="183" VPOS="740" WIDTH="72" HEIGHT="31" CONTENT="right," WC="0.83" CC="200070"/>
						<SP ID="P56_SP00157" HPOS="255" VPOS="771" WIDTH="14"/>
						<String ID="P56_ST00177" HPOS="269" VPOS="741" WIDTH="41" HEIGHT="22" CONTENT="the" WC="0.76" CC="070"/>
						<SP ID="P56_SP00158" HPOS="310" VPOS="771" WIDTH="13"/>
						<String ID="P56_ST00178" HPOS="323" VPOS="740" WIDTH="79" HEIGHT="31" CONTENT="manly" WC="0.91" CC="01020"/>
						<SP ID="P56_SP00159" HPOS="402" VPOS="771" WIDTH="13"/>
						<String ID="P56_ST00179" HPOS="415" VPOS="739" WIDTH="132" HEIGHT="23" CONTENT="resolution" WC="0.73" CC="0040350417"/>
						<String ID="P56_ST00180" HPOS="549" VPOS="753" WIDTH="33" HEIGHT="3" CONTENT="—" WC="0.20" CC="8"/>
						<String ID="P56_ST00181" HPOS="585" VPOS="739" WIDTH="78" HEIGHT="23" CONTENT="Truth" WC="0.68" CC="00635"/>
						<SP ID="P56_SP00160" HPOS="663" VPOS="771" WIDTH="13"/>
						<String ID="P56_ST00182" HPOS="676" VPOS="740" WIDTH="95" HEIGHT="30" CONTENT="against" WC="0.79" CC="0000850"/>
						<SP ID="P56_SP00161" HPOS="771" VPOS="771" WIDTH="14"/>
						<String ID="P56_ST00183" HPOS="785" VPOS="739" WIDTH="39" HEIGHT="23" CONTENT="the" WC="0.90" CC="300"/>
						<SP ID="P56_SP00162" HPOS="824" VPOS="771" WIDTH="15"/>
						<String ID="P56_ST00184" HPOS="839" VPOS="739" WIDTH="82" HEIGHT="26" CONTENT="world," WC="0.88" CC="006000"/>
					</TextLine>
					<TextLine ID="P56_TL00021" HPOS="79" VPOS="772" WIDTH="846" HEIGHT="33">
						<String ID="P56_ST00185" HPOS="79" VPOS="774" WIDTH="48" HEIGHT="22" CONTENT="had" WC="0.85" CC="400"/>
						<SP ID="P56_SP00163" HPOS="127" VPOS="796" WIDTH="22"/>
						<String ID="P56_ST00186" HPOS="149" VPOS="773" WIDTH="120" HEIGHT="23" CONTENT="dwindled" WC="0.92" CC="00200030"/>
						<SP ID="P56_SP00164" HPOS="269" VPOS="796" WIDTH="21"/>
						<String ID="P56_ST00187" HPOS="290" VPOS="782" WIDTH="78" HEIGHT="23" CONTENT="away." WC="0.85" CC="00070"/>
						<SP ID="P56_SP00165" HPOS="368" VPOS="805" WIDTH="38"/>
						<String ID="P56_ST00188" HPOS="406" VPOS="773" WIDTH="94" HEIGHT="23" CONTENT="Driven" WC="0.93" CC="040000"/>
						<SP ID="P56_SP00166" HPOS="500" VPOS="805" WIDTH="20"/>
						<String ID="P56_ST00189" HPOS="520" VPOS="778" WIDTH="25" HEIGHT="18" CONTENT="to" WC="0.51" CC="54"/>
						<SP ID="P56_SP00167" HPOS="545" VPOS="805" WIDTH="23"/>
						<String ID="P56_ST00190" HPOS="568" VPOS="773" WIDTH="51" HEIGHT="23" CONTENT="lean" WC="0.82" CC="0007"/>
						<SP ID="P56_SP00168" HPOS="619" VPOS="805" WIDTH="18"/>
						<String ID="P56_ST00191" HPOS="637" VPOS="781" WIDTH="31" HEIGHT="15" CONTENT="on" WC="0.45" CC="46"/>
						<SP ID="P56_SP00169" HPOS="668" VPOS="805" WIDTH="20"/>
						<String ID="P56_ST00192" HPOS="688" VPOS="774" WIDTH="39" HEIGHT="21" CONTENT="the" WC="0.84" CC="400"/>
						<SP ID="P56_SP00170" HPOS="727" VPOS="805" WIDTH="19"/>
						<String ID="P56_ST00193" HPOS="746" VPOS="777" WIDTH="133" HEIGHT="27" CONTENT="patronage" WC="0.70" CC="005407090"/>
						<SP ID="P56_SP00171" HPOS="879" VPOS="805" WIDTH="19"/>
						<String ID="P56_ST00194" HPOS="898" VPOS="772" WIDTH="27" HEIGHT="23" CONTENT="of" WC="0.53" CC="44"/>
					</TextLine>
					<TextLine ID="P56_TL00022" HPOS="78" VPOS="802" WIDTH="844" HEIGHT="36">
						<String ID="P56_ST00195" HPOS="78" VPOS="808" WIDTH="105" HEIGHT="30" CONTENT="princes," WC="0.85" CC="03010060"/>
						<SP ID="P56_SP00172" HPOS="183" VPOS="838" WIDTH="14"/>
						<String ID="P56_ST00196" HPOS="197" VPOS="808" WIDTH="41" HEIGHT="22" CONTENT="the" WC="0.79" CC="600"/>
						<SP ID="P56_SP00173" HPOS="238" VPOS="838" WIDTH="14"/>
						<String ID="P56_ST00197" HPOS="252" VPOS="807" WIDTH="76" HEIGHT="23" CONTENT="Bards" WC="0.84" CC="00106"/>
						<SP ID="P56_SP00174" HPOS="328" VPOS="838" WIDTH="14"/>
						<String ID="P56_ST00198" HPOS="342" VPOS="802" WIDTH="134" HEIGHT="28" CONTENT="descended" WC="0.66" CC="901017009"/>
						<SP ID="P56_SP00175" HPOS="476" VPOS="838" WIDTH="19"/>
						<String ID="P56_ST00199" HPOS="495" VPOS="811" WIDTH="24" HEIGHT="19" CONTENT="to" WC="0.77" CC="30"/>
						<SP ID="P56_SP00176" HPOS="519" VPOS="838" WIDTH="15"/>
						<String ID="P56_ST00200" HPOS="534" VPOS="807" WIDTH="86" HEIGHT="22" CONTENT="servile" WC="0.73" CC="5640010"/>
						<SP ID="P56_SP00177" HPOS="620" VPOS="838" WIDTH="20"/>
						<String ID="P56_ST00201" HPOS="640" VPOS="806" WIDTH="150" HEIGHT="32" CONTENT="compliance" WC="0.87" CC="3008000000"/>
						<SP ID="P56_SP00178" HPOS="790" VPOS="838" WIDTH="19"/>
						<String ID="P56_ST00202" HPOS="809" VPOS="806" WIDTH="47" HEIGHT="23" CONTENT="and" WC="0.69" CC="630"/>
						<SP ID="P56_SP00179" HPOS="856" VPOS="838" WIDTH="20"/>
						<String ID="P56_ST00203" HPOS="876" VPOS="806" WIDTH="46" HEIGHT="23" CONTENT="low" WC="0.44" CC="069"/>
					</TextLine>
					<TextLine ID="P56_TL00023" HPOS="78" VPOS="839" WIDTH="843" HEIGHT="32">
						<String ID="P56_ST00204" HPOS="78" VPOS="841" WIDTH="133" HEIGHT="23" CONTENT="adulation." WC="0.83" CC="0000054600"/>
						<SP ID="P56_SP00180" HPOS="211" VPOS="864" WIDTH="38"/>
						<String ID="P56_ST00205" HPOS="249" VPOS="844" WIDTH="15" HEIGHT="11" CONTENT='"' WC="1.00" CC="0"/>
						<SP ID="P56_SP00181" HPOS="264" VPOS="864" WIDTH="11"/>
						<String ID="P56_ST00206" HPOS="275" VPOS="841" WIDTH="73" HEIGHT="23" CONTENT="From" WC="1.00" CC="0000"/>
						<SP ID="P56_SP00182" HPOS="348" VPOS="864" WIDTH="23"/>
						<String ID="P56_ST00207" HPOS="371" VPOS="841" WIDTH="64" HEIGHT="22" CONTENT="their" WC="0.80" CC="05004"/>
						<SP ID="P56_SP00183" HPOS="435" VPOS="864" WIDTH="23"/>
						<String ID="P56_ST00208" HPOS="458" VPOS="839" WIDTH="129" HEIGHT="32" CONTENT='position,"' WC="0.73" CC="8350050200"/>
						<SP ID="P56_SP00184" HPOS="587" VPOS="871" WIDTH="26"/>
						<String ID="P56_ST00209" HPOS="613" VPOS="840" WIDTH="78" HEIGHT="23" CONTENT="writes" WC="0.64" CC="060076"/>
						<SP ID="P56_SP00185" HPOS="691" VPOS="871" WIDTH="27"/>
						<String ID="P56_ST00210" HPOS="718" VPOS="840" WIDTH="49" HEIGHT="23" CONTENT="Mr." WC="0.52" CC="940"/>
						<SP ID="P56_SP00186" HPOS="767" VPOS="871" WIDTH="26"/>
						<String ID="P56_ST00211" HPOS="793" VPOS="839" WIDTH="128" HEIGHT="32" CONTENT="Stephens," WC="0.65" CC="460260570"/>
					</TextLine>
					<TextLine ID="P56_TL00024" HPOS="79" VPOS="873" WIDTH="843" HEIGHT="32">
						<String ID="P56_ST00212" HPOS="79" VPOS="877" WIDTH="14" HEIGHT="11" CONTENT='"' WC="0.42" CC="5"/>
						<SP ID="P56_SP00187" HPOS="93" VPOS="888" WIDTH="12"/>
						<String ID="P56_ST00213" HPOS="105" VPOS="875" WIDTH="39" HEIGHT="22" CONTENT="the" WC="1.00" CC="000"/>
						<SP ID="P56_SP00188" HPOS="144" VPOS="897" WIDTH="21"/>
						<String ID="P56_ST00214" HPOS="165" VPOS="875" WIDTH="76" HEIGHT="22" CONTENT="Bards" WC="0.48" CC="36292"/>
						<SP ID="P56_SP00189" HPOS="241" VPOS="897" WIDTH="19"/>
						<String ID="P56_ST00215" HPOS="260" VPOS="874" WIDTH="48" HEIGHT="23" CONTENT="had" WC="0.47" CC="780"/>
						<SP ID="P56_SP00190" HPOS="308" VPOS="897" WIDTH="13"/>
						<String ID="P56_ST00216" HPOS="321" VPOS="875" WIDTH="72" HEIGHT="22" CONTENT="much" WC="0.66" CC="4044"/>
						<SP ID="P56_SP00191" HPOS="393" VPOS="897" WIDTH="14"/>
						<String ID="P56_ST00217" HPOS="407" VPOS="882" WIDTH="81" HEIGHT="22" CONTENT="power" WC="0.71" CC="01903"/>
						<SP ID="P56_SP00192" HPOS="488" VPOS="904" WIDTH="13"/>
						<String ID="P56_ST00218" HPOS="501" VPOS="874" WIDTH="35" HEIGHT="23" CONTENT="for" WC="0.83" CC="005"/>
						<SP ID="P56_SP00193" HPOS="536" VPOS="904" WIDTH="13"/>
						<String ID="P56_ST00219" HPOS="549" VPOS="874" WIDTH="63" HEIGHT="31" CONTENT="good" WC="0.42" CC="0778"/>
						<SP ID="P56_SP00194" HPOS="612" VPOS="905" WIDTH="14"/>
						<String ID="P56_ST00220" HPOS="626" VPOS="882" WIDTH="27" HEIGHT="14" CONTENT="or" WC="0.91" CC="01"/>
						<SP ID="P56_SP00195" HPOS="653" VPOS="905" WIDTH="12"/>
						<String ID="P56_ST00221" HPOS="665" VPOS="873" WIDTH="55" HEIGHT="23" CONTENT="evil." WC="0.87" CC="40001"/>
						<SP ID="P56_SP00196" HPOS="720" VPOS="905" WIDTH="35"/>
						<String ID="P56_ST00222" HPOS="755" VPOS="873" WIDTH="70" HEIGHT="31" CONTENT="They" WC="1.00" CC="0000"/>
						<SP ID="P56_SP00197" HPOS="825" VPOS="905" WIDTH="19"/>
						<String ID="P56_ST00223" HPOS="844" VPOS="873" WIDTH="78" HEIGHT="31" CONTENT="might" WC="0.91" CC="04000"/>
					</TextLine>
					<TextLine ID="P56_TL00025" HPOS="79" VPOS="907" WIDTH="844" HEIGHT="31">
						<String ID="P56_ST00224" HPOS="79" VPOS="908" WIDTH="62" HEIGHT="23" CONTENT="have" WC="0.83" CC="6000"/>
						<SP ID="P56_SP00198" HPOS="141" VPOS="931" WIDTH="14"/>
						<String ID="P56_ST00225" HPOS="155" VPOS="908" WIDTH="76" HEIGHT="23" CONTENT="raised" WC="0.64" CC="107920"/>
						<SP ID="P56_SP00199" HPOS="231" VPOS="931" WIDTH="14"/>
						<String ID="P56_ST00226" HPOS="245" VPOS="908" WIDTH="40" HEIGHT="23" CONTENT="the" WC="0.74" CC="070"/>
						<SP ID="P56_SP00200" HPOS="285" VPOS="931" WIDTH="14"/>
						<String ID="P56_ST00227" HPOS="299" VPOS="908" WIDTH="115" HEIGHT="23" CONTENT="standard" WC="0.71" CC="27070060"/>
						<SP ID="P56_SP00201" HPOS="414" VPOS="931" WIDTH="17"/>
						<String ID="P56_ST00228" HPOS="431" VPOS="907" WIDTH="28" HEIGHT="24" CONTENT="of" WC="1.00" CC="00"/>
						<SP ID="P56_SP00202" HPOS="459" VPOS="931" WIDTH="11"/>
						<String ID="P56_ST00229" HPOS="470" VPOS="908" WIDTH="74" HEIGHT="23" CONTENT="moral" WC="0.86" CC="30002"/>
						<SP ID="P56_SP00203" HPOS="544" VPOS="931" WIDTH="20"/>
						<String ID="P56_ST00230" HPOS="564" VPOS="908" WIDTH="48" HEIGHT="23" CONTENT="and" WC="0.90" CC="020"/>
						<SP ID="P56_SP00204" HPOS="612" VPOS="931" WIDTH="18"/>
						<String ID="P56_ST00231" HPOS="630" VPOS="907" WIDTH="149" HEIGHT="23" CONTENT="intellectual" WC="0.79" CC="084021003103"/>
						<SP ID="P56_SP00205" HPOS="779" VPOS="931" WIDTH="19"/>
						<String ID="P56_ST00232" HPOS="798" VPOS="910" WIDTH="125" HEIGHT="28" CONTENT="greatness" WC="0.66" CC="047051065"/>
					</TextLine>
					<TextLine ID="P56_TL00026" HPOS="78" VPOS="941" WIDTH="845" HEIGHT="31">
						<String ID="P56_ST00233" HPOS="78" VPOS="949" WIDTH="88" HEIGHT="23" CONTENT="among" WC="0.60" CC="00675"/>
						<SP ID="P56_SP00206" HPOS="166" VPOS="972" WIDTH="24"/>
						<String ID="P56_ST00234" HPOS="190" VPOS="942" WIDTH="64" HEIGHT="23" CONTENT="their" WC="0.78" CC="36000"/>
						<SP ID="P56_SP00207" HPOS="254" VPOS="972" WIDTH="20"/>
						<String ID="P56_ST00235" HPOS="274" VPOS="945" WIDTH="169" HEIGHT="26" CONTENT="countrymen," WC="0.73" CC="00626009030"/>
						<SP ID="P56_SP00208" HPOS="443" VPOS="972" WIDTH="18"/>
						<String ID="P56_ST00236" HPOS="461" VPOS="942" WIDTH="48" HEIGHT="23" CONTENT="and" WC="0.89" CC="300"/>
						<SP ID="P56_SP00209" HPOS="509" VPOS="972" WIDTH="21"/>
						<String ID="P56_ST00237" HPOS="530" VPOS="942" WIDTH="61" HEIGHT="22" CONTENT="have" WC="1.00" CC="0000"/>
						<SP ID="P56_SP00210" HPOS="591" VPOS="972" WIDTH="21"/>
						<String ID="P56_ST00238" HPOS="612" VPOS="941" WIDTH="100" HEIGHT="30" CONTENT="pointed" WC="0.99" CC="0000000"/>
						<SP ID="P56_SP00211" HPOS="712" VPOS="972" WIDTH="20"/>
						<String ID="P56_ST00239" HPOS="732" VPOS="945" WIDTH="42" HEIGHT="19" CONTENT="out" WC="0.84" CC="013"/>
						<SP ID="P56_SP00212" HPOS="774" VPOS="972" WIDTH="21"/>
						<String ID="P56_ST00240" HPOS="795" VPOS="949" WIDTH="66" HEIGHT="15" CONTENT="more" WC="0.74" CC="0450"/>
						<SP ID="P56_SP00213" HPOS="861" VPOS="972" WIDTH="21"/>
						<String ID="P56_ST00241" HPOS="882" VPOS="941" WIDTH="41" HEIGHT="22" CONTENT="be" SUBS_TYPE="HypPart1" SUBS_CONTENT="becoming" WC="0.63" CC="703"/>
						<HYP CONTENT="-"/>
					</TextLine>
					<TextLine ID="P56_TL00027" HPOS="79" VPOS="974" WIDTH="843" HEIGHT="31">
						<String ID="P56_ST00242" HPOS="79" VPOS="976" WIDTH="98" HEIGHT="29" CONTENT="coming" SUBS_TYPE="HypPart2" SUBS_CONTENT="becoming" WC="0.85" CC="000170"/>
						<SP ID="P56_SP00214" HPOS="177" VPOS="1005" WIDTH="19"/>
						<String ID="P56_ST00243" HPOS="196" VPOS="976" WIDTH="105" HEIGHT="28" CONTENT="pursuits" WC="0.71" CC="00462504"/>
						<SP ID="P56_SP00215" HPOS="301" VPOS="1005" WIDTH="19"/>
						<String ID="P56_ST00244" HPOS="320" VPOS="976" WIDTH="57" HEIGHT="22" CONTENT="than" WC="0.72" CC="0037"/>
						<SP ID="P56_SP00216" HPOS="377" VPOS="1005" WIDTH="18"/>
						<String ID="P56_ST00245" HPOS="395" VPOS="976" WIDTH="69" HEIGHT="22" CONTENT="those" WC="0.82" CC="00160"/>
						<SP ID="P56_SP00217" HPOS="464" VPOS="1005" WIDTH="18"/>
						<String ID="P56_ST00246" HPOS="482" VPOS="976" WIDTH="23" HEIGHT="22" CONTENT="in" WC="0.65" CC="07"/>
						<SP ID="P56_SP00218" HPOS="505" VPOS="1005" WIDTH="20"/>
						<String ID="P56_ST00247" HPOS="525" VPOS="975" WIDTH="78" HEIGHT="23" CONTENT="which" WC="0.90" CC="05000"/>
						<SP ID="P56_SP00219" HPOS="603" VPOS="1005" WIDTH="21"/>
						<String ID="P56_ST00248" HPOS="624" VPOS="975" WIDTH="58" HEIGHT="29" CONTENT="they" WC="0.74" CC="0009"/>
						<SP ID="P56_SP00220" HPOS="682" VPOS="1005" WIDTH="19"/>
						<String ID="P56_ST00249" HPOS="701" VPOS="975" WIDTH="125" HEIGHT="30" CONTENT="indulged." WC="0.82" CC="500360000"/>
						<SP ID="P56_SP00221" HPOS="826" VPOS="1005" WIDTH="40"/>
						<String ID="P56_ST00250" HPOS="866" VPOS="974" WIDTH="56" HEIGHT="28" CONTENT="But," WC="0.86" CC="0050"/>
					</TextLine>
					<TextLine ID="P56_TL00028" HPOS="79" VPOS="1008" WIDTH="843" HEIGHT="31">
						<String ID="P56_ST00251" HPOS="79" VPOS="1009" WIDTH="93" HEIGHT="22" CONTENT="instead" WC="0.88" CC="0060200"/>
						<SP ID="P56_SP00222" HPOS="172" VPOS="1031" WIDTH="26"/>
						<String ID="P56_ST00252" HPOS="198" VPOS="1008" WIDTH="27" HEIGHT="23" CONTENT="of" WC="1.00" CC="00"/>
						<SP ID="P56_SP00223" HPOS="225" VPOS="1031" WIDTH="18"/>
						<String ID="P56_ST00253" HPOS="243" VPOS="1009" WIDTH="132" HEIGHT="30" CONTENT="preaching" WC="0.59" CC="940007049"/>
						<SP ID="P56_SP00224" HPOS="375" VPOS="1039" WIDTH="18"/>
						<String ID="P56_ST00254" HPOS="393" VPOS="1016" WIDTH="83" HEIGHT="22" CONTENT="peace," WC="0.67" CC="803070"/>
						<SP ID="P56_SP00225" HPOS="476" VPOS="1039" WIDTH="22"/>
						<String ID="P56_ST00255" HPOS="498" VPOS="1009" WIDTH="56" HEIGHT="29" CONTENT="they" WC="0.72" CC="5500"/>
						<SP ID="P56_SP00226" HPOS="554" VPOS="1039" WIDTH="21"/>
						<String ID="P56_ST00256" HPOS="575" VPOS="1016" WIDTH="61" HEIGHT="15" CONTENT="were" WC="1.00" CC="0000"/>
						<SP ID="P56_SP00227" HPOS="636" VPOS="1039" WIDTH="23"/>
						<String ID="P56_ST00257" HPOS="659" VPOS="1011" WIDTH="41" HEIGHT="20" CONTENT="too" WC="0.73" CC="043"/>
						<SP ID="P56_SP00228" HPOS="700" VPOS="1039" WIDTH="19"/>
						<String ID="P56_ST00258" HPOS="719" VPOS="1008" WIDTH="140" HEIGHT="30" CONTENT="frequently" WC="0.54" CC="5960805009"/>
						<SP ID="P56_SP00229" HPOS="859" VPOS="1039" WIDTH="23"/>
						<String ID="P56_ST00259" HPOS="882" VPOS="1008" WIDTH="40" HEIGHT="23" CONTENT="the" WC="1.00" CC="000"/>
					</TextLine>
					<TextLine ID="P56_TL00029" HPOS="78" VPOS="1042" WIDTH="844" HEIGHT="30">
						<String ID="P56_ST00260" HPOS="78" VPOS="1042" WIDTH="107" HEIGHT="23" CONTENT="abettors" WC="0.69" CC="05058040"/>
						<SP ID="P56_SP00230" HPOS="185" VPOS="1065" WIDTH="20"/>
						<String ID="P56_ST00261" HPOS="205" VPOS="1042" WIDTH="28" HEIGHT="23" CONTENT="of" WC="1.00" CC="00"/>
						<SP ID="P56_SP00231" HPOS="233" VPOS="1065" WIDTH="16"/>
						<String ID="P56_ST00262" HPOS="249" VPOS="1049" WIDTH="47" HEIGHT="16" CONTENT="war" WC="0.85" CC="004"/>
						<String ID="P56_ST00263" HPOS="304" VPOS="1052" WIDTH="6" HEIGHT="17" CONTENT=";" WC="0.72" CC="2"/>
						<SP ID="P56_SP00232" HPOS="310" VPOS="1069" WIDTH="19"/>
						<String ID="P56_ST00264" HPOS="329" VPOS="1043" WIDTH="91" HEIGHT="21" CONTENT="instead" WC="0.81" CC="0030009"/>
						<SP ID="P56_SP00233" HPOS="420" VPOS="1069" WIDTH="24"/>
						<String ID="P56_ST00265" HPOS="444" VPOS="1042" WIDTH="26" HEIGHT="22" CONTENT="of" WC="1.00" CC="00"/>
						<SP ID="P56_SP00234" HPOS="470" VPOS="1069" WIDTH="17"/>
						<String ID="P56_ST00266" HPOS="487" VPOS="1042" WIDTH="98" HEIGHT="29" CONTENT="healing" WC="0.76" CC="1041080"/>
						<SP ID="P56_SP00235" HPOS="585" VPOS="1071" WIDTH="21"/>
						<String ID="P56_ST00267" HPOS="606" VPOS="1042" WIDTH="152" HEIGHT="27" CONTENT="dissensions," WC="0.77" CC="000076700050"/>
						<SP ID="P56_SP00236" HPOS="758" VPOS="1071" WIDTH="21"/>
						<String ID="P56_ST00268" HPOS="779" VPOS="1042" WIDTH="58" HEIGHT="30" CONTENT="they" WC="0.64" CC="0760"/>
						<SP ID="P56_SP00237" HPOS="837" VPOS="1072" WIDTH="22"/>
						<String ID="P56_ST00269" HPOS="859" VPOS="1048" WIDTH="63" HEIGHT="16" CONTENT="were" WC="0.85" CC="0032"/>
					</TextLine>
					<TextLine ID="P56_TL00030" HPOS="78" VPOS="1075" WIDTH="847" HEIGHT="31">
						<String ID="P56_ST00270" HPOS="78" VPOS="1082" WIDTH="76" HEIGHT="22" CONTENT="prone" WC="0.68" CC="54140"/>
						<SP ID="P56_SP00238" HPOS="154" VPOS="1104" WIDTH="19"/>
						<String ID="P56_ST00271" HPOS="173" VPOS="1079" WIDTH="24" HEIGHT="19" CONTENT="to" WC="0.95" CC="10"/>
						<SP ID="P56_SP00239" HPOS="197" VPOS="1104" WIDTH="19"/>
						<String ID="P56_ST00272" HPOS="216" VPOS="1076" WIDTH="77" HEIGHT="22" CONTENT="widen" WC="0.87" CC="00024"/>
						<SP ID="P56_SP00240" HPOS="293" VPOS="1104" WIDTH="21"/>
						<String ID="P56_ST00273" HPOS="314" VPOS="1075" WIDTH="40" HEIGHT="23" CONTENT="the" WC="1.00" CC="000"/>
						<SP ID="P56_SP00241" HPOS="354" VPOS="1104" WIDTH="19"/>
						<String ID="P56_ST00274" HPOS="373" VPOS="1075" WIDTH="116" HEIGHT="23" CONTENT="breaches" WC="0.82" CC="03000109"/>
						<SP ID="P56_SP00242" HPOS="489" VPOS="1104" WIDTH="19"/>
						<String ID="P56_ST00275" HPOS="508" VPOS="1075" WIDTH="97" HEIGHT="31" CONTENT="already" WC="0.99" CC="0000000"/>
						<SP ID="P56_SP00243" HPOS="605" VPOS="1106" WIDTH="15"/>
						<String ID="P56_ST00276" HPOS="620" VPOS="1075" WIDTH="70" HEIGHT="22" CONTENT="made" WC="0.65" CC="2505"/>
						<SP ID="P56_SP00244" HPOS="690" VPOS="1106" WIDTH="11"/>
						<String ID="P56_ST00277" HPOS="701" VPOS="1085" WIDTH="5" HEIGHT="16" CONTENT=";" WC="0.56" CC="4"/>
						<SP ID="P56_SP00245" HPOS="706" VPOS="1106" WIDTH="18"/>
						<String ID="P56_ST00278" HPOS="724" VPOS="1076" WIDTH="47" HEIGHT="22" CONTENT="and" WC="0.77" CC="060"/>
						<SP ID="P56_SP00246" HPOS="771" VPOS="1106" WIDTH="19"/>
						<String ID="P56_ST00279" HPOS="790" VPOS="1076" WIDTH="93" HEIGHT="22" CONTENT="instead" WC="0.69" CC="0556040"/>
						<SP ID="P56_SP00247" HPOS="883" VPOS="1106" WIDTH="14"/>
						<String ID="P56_ST00280" HPOS="897" VPOS="1075" WIDTH="28" HEIGHT="23" CONTENT="of" WC="0.69" CC="60"/>
					</TextLine>
					<TextLine ID="P56_TL00031" HPOS="78" VPOS="1108" WIDTH="844" HEIGHT="31">
						<String ID="P56_ST00281" HPOS="78" VPOS="1109" WIDTH="97" HEIGHT="29" CONTENT="leading" WC="0.80" CC="2000019"/>
						<SP ID="P56_SP00248" HPOS="175" VPOS="1138" WIDTH="13"/>
						<String ID="P56_ST00282" HPOS="188" VPOS="1109" WIDTH="40" HEIGHT="22" CONTENT="the" WC="0.75" CC="070"/>
						<SP ID="P56_SP00249" HPOS="228" VPOS="1138" WIDTH="15"/>
						<String ID="P56_ST00283" HPOS="243" VPOS="1117" WIDTH="50" HEIGHT="22" CONTENT="way" WC="0.67" CC="900"/>
						<SP ID="P56_SP00250" HPOS="293" VPOS="1139" WIDTH="14"/>
						<String ID="P56_ST00284" HPOS="307" VPOS="1111" WIDTH="25" HEIGHT="20" CONTENT="to" WC="0.84" CC="03"/>
						<SP ID="P56_SP00251" HPOS="332" VPOS="1139" WIDTH="13"/>
						<String ID="P56_ST00285" HPOS="345" VPOS="1109" WIDTH="105" HEIGHT="30" CONTENT="grander" WC="0.76" CC="9000014"/>
						<SP ID="P56_SP00252" HPOS="450" VPOS="1139" WIDTH="13"/>
						<String ID="P56_ST00286" HPOS="463" VPOS="1109" WIDTH="72" HEIGHT="22" CONTENT="views" WC="0.72" CC="00094"/>
						<SP ID="P56_SP00253" HPOS="535" VPOS="1139" WIDTH="13"/>
						<String ID="P56_ST00287" HPOS="548" VPOS="1109" WIDTH="47" HEIGHT="22" CONTENT="and" WC="0.78" CC="060"/>
						<SP ID="P56_SP00254" HPOS="595" VPOS="1139" WIDTH="18"/>
						<String ID="P56_ST00288" HPOS="613" VPOS="1108" WIDTH="131" HEIGHT="30" CONTENT="principles" WC="0.70" CC="0437430007"/>
						<SP ID="P56_SP00255" HPOS="744" VPOS="1139" WIDTH="19"/>
						<String ID="P56_ST00289" HPOS="763" VPOS="1108" WIDTH="27" HEIGHT="23" CONTENT="of" WC="1.00" CC="00"/>
						<SP ID="P56_SP00256" HPOS="790" VPOS="1139" WIDTH="17"/>
						<String ID="P56_ST00290" HPOS="807" VPOS="1109" WIDTH="115" HEIGHT="27" CONTENT="conduct," WC="0.92" CC="00200002"/>
					</TextLine>
					<TextLine ID="P56_TL00032" HPOS="78" VPOS="1142" WIDTH="845" HEIGHT="31">
						<String ID="P56_ST00291" HPOS="78" VPOS="1142" WIDTH="58" HEIGHT="30" CONTENT="they" WC="0.93" CC="2000"/>
						<SP ID="P56_SP00257" HPOS="136" VPOS="1172" WIDTH="14"/>
						<String ID="P56_ST00292" HPOS="150" VPOS="1142" WIDTH="69" HEIGHT="27" CONTENT="have," WC="0.92" CC="20001"/>
						<SP ID="P56_SP00258" HPOS="219" VPOS="1172" WIDTH="11"/>
						<String ID="P56_ST00293" HPOS="230" VPOS="1150" WIDTH="30" HEIGHT="14" CONTENT="on" WC="0.76" CC="04"/>
						<SP ID="P56_SP00259" HPOS="260" VPOS="1172" WIDTH="14"/>
						<String ID="P56_ST00294" HPOS="274" VPOS="1146" WIDTH="41" HEIGHT="18" CONTENT="too" WC="0.73" CC="133"/>
						<SP ID="P56_SP00260" HPOS="315" VPOS="1172" WIDTH="14"/>
						<String ID="P56_ST00295" HPOS="329" VPOS="1149" WIDTH="71" HEIGHT="23" CONTENT="many" WC="0.95" CC="0010"/>
						<SP ID="P56_SP00261" HPOS="400" VPOS="1172" WIDTH="14"/>
						<String ID="P56_ST00296" HPOS="414" VPOS="1142" WIDTH="133" HEIGHT="27" CONTENT="occasions," WC="0.68" CC="4752300340"/>
						<SP ID="P56_SP00262" HPOS="547" VPOS="1172" WIDTH="9"/>
						<String ID="P56_ST00297" HPOS="556" VPOS="1142" WIDTH="61" HEIGHT="22" CONTENT="been" WC="0.86" CC="0500"/>
						<SP ID="P56_SP00263" HPOS="617" VPOS="1172" WIDTH="13"/>
						<String ID="P56_ST00298" HPOS="630" VPOS="1142" WIDTH="41" HEIGHT="22" CONTENT="the" WC="0.78" CC="006"/>
						<SP ID="P56_SP00264" HPOS="671" VPOS="1172" WIDTH="14"/>
						<String ID="P56_ST00299" HPOS="685" VPOS="1142" WIDTH="87" HEIGHT="22" CONTENT="echoes" WC="0.77" CC="000092"/>
						<SP ID="P56_SP00265" HPOS="772" VPOS="1172" WIDTH="13"/>
						<String ID="P56_ST00300" HPOS="785" VPOS="1142" WIDTH="27" HEIGHT="23" CONTENT="of" WC="1.00" CC="00"/>
						<SP ID="P56_SP00266" HPOS="812" VPOS="1172" WIDTH="7"/>
						<String ID="P56_ST00301" HPOS="819" VPOS="1142" WIDTH="104" HEIGHT="31" CONTENT="popular" WC="0.81" CC="0200405"/>
					</TextLine>
					<TextLine ID="P56_TL00033" HPOS="79" VPOS="1175" WIDTH="842" HEIGHT="31">
						<String ID="P56_ST00302" HPOS="79" VPOS="1175" WIDTH="144" HEIGHT="31" CONTENT="prejudices," WC="0.83" CC="04005000450"/>
						<SP ID="P56_SP00267" HPOS="223" VPOS="1206" WIDTH="14"/>
						<String ID="P56_ST00303" HPOS="237" VPOS="1175" WIDTH="47" HEIGHT="23" CONTENT="and" WC="0.83" CC="050"/>
						<SP ID="P56_SP00268" HPOS="284" VPOS="1206" WIDTH="15"/>
						<String ID="P56_ST00304" HPOS="299" VPOS="1175" WIDTH="39" HEIGHT="22" CONTENT="the" WC="0.63" CC="370"/>
						<SP ID="P56_SP00269" HPOS="338" VPOS="1206" WIDTH="15"/>
						<String ID="P56_ST00305" HPOS="353" VPOS="1175" WIDTH="60" HEIGHT="22" CONTENT="tools" WC="0.60" CC="06606"/>
						<SP ID="P56_SP00270" HPOS="413" VPOS="1206" WIDTH="13"/>
						<String ID="P56_ST00306" HPOS="426" VPOS="1175" WIDTH="27" HEIGHT="22" CONTENT="of" WC="1.00" CC="00"/>
						<SP ID="P56_SP00271" HPOS="453" VPOS="1206" WIDTH="9"/>
						<String ID="P56_ST00307" HPOS="462" VPOS="1175" WIDTH="130" HEIGHT="22" CONTENT="ambitious" WC="0.77" CC="080300007"/>
						<SP ID="P56_SP00272" HPOS="592" VPOS="1206" WIDTH="13"/>
						<String ID="P56_ST00308" HPOS="605" VPOS="1175" WIDTH="169" HEIGHT="25" CONTENT='chieftains."+' WC="0.75" CC="0003205270017"/>
						<SP ID="P56_SP00273" HPOS="774" VPOS="1206" WIDTH="39"/>
						<String ID="P56_ST00309" HPOS="813" VPOS="1176" WIDTH="49" HEIGHT="22" CONTENT="But" WC="0.79" CC="060"/>
						<SP ID="P56_SP00274" HPOS="862" VPOS="1206" WIDTH="18"/>
						<String ID="P56_ST00310" HPOS="880" VPOS="1176" WIDTH="41" HEIGHT="22" CONTENT="the" WC="1.00" CC="000"/>
					</TextLine>
					<TextLine ID="P56_TL00034" HPOS="79" VPOS="1208" WIDTH="844" HEIGHT="31">
						<String ID="P56_ST00311" HPOS="79" VPOS="1209" WIDTH="91" HEIGHT="22" CONTENT="virtues" WC="0.87" CC="0010411"/>
						<SP ID="P56_SP00275" HPOS="170" VPOS="1231" WIDTH="13"/>
						<String ID="P56_ST00312" HPOS="183" VPOS="1208" WIDTH="27" HEIGHT="23" CONTENT="of" WC="0.72" CC="50"/>
						<SP ID="P56_SP00276" HPOS="210" VPOS="1231" WIDTH="12"/>
						<String ID="P56_ST00313" HPOS="222" VPOS="1209" WIDTH="109" HEIGHT="22" CONTENT="Bardism" WC="0.77" CC="7020005"/>
						<SP ID="P56_SP00277" HPOS="331" VPOS="1231" WIDTH="15"/>
						<String ID="P56_ST00314" HPOS="346" VPOS="1216" WIDTH="61" HEIGHT="15" CONTENT="were" WC="0.72" CC="0730"/>
						<SP ID="P56_SP00278" HPOS="407" VPOS="1231" WIDTH="14"/>
						<String ID="P56_ST00315" HPOS="421" VPOS="1212" WIDTH="42" HEIGHT="19" CONTENT="not" WC="0.68" CC="503"/>
						<SP ID="P56_SP00279" HPOS="463" VPOS="1231" WIDTH="12"/>
						<String ID="P56_ST00316" HPOS="475" VPOS="1208" WIDTH="89" HEIGHT="31" CONTENT="always" WC="0.87" CC="020005"/>
						<SP ID="P56_SP00280" HPOS="564" VPOS="1239" WIDTH="14"/>
						<String ID="P56_ST00317" HPOS="578" VPOS="1209" WIDTH="55" HEIGHT="22" CONTENT="thus" WC="0.48" CC="4374"/>
						<SP ID="P56_SP00281" HPOS="633" VPOS="1239" WIDTH="13"/>
						<String ID="P56_ST00318" HPOS="646" VPOS="1209" WIDTH="120" HEIGHT="23" CONTENT="obscured" WC="0.60" CC="25675300"/>
						<SP ID="P56_SP00282" HPOS="766" VPOS="1239" WIDTH="12"/>
						<String ID="P56_ST00319" HPOS="778" VPOS="1219" WIDTH="5" HEIGHT="17" CONTENT=";" WC="0.89" CC="1"/>
						<SP ID="P56_SP00283" HPOS="783" VPOS="1239" WIDTH="18"/>
						<String ID="P56_ST00320" HPOS="801" VPOS="1217" WIDTH="31" HEIGHT="15" CONTENT="on" WC="0.46" CC="45"/>
						<SP ID="P56_SP00284" HPOS="832" VPOS="1239" WIDTH="20"/>
						<String ID="P56_ST00321" HPOS="852" VPOS="1217" WIDTH="71" HEIGHT="15" CONTENT="occa" SUBS_TYPE="HypPart1" SUBS_CONTENT="occasions" WC="0.72" CC="61401"/>
						<HYP CONTENT="-"/>
					</TextLine>
					<TextLine ID="P56_TL00035" HPOS="78" VPOS="1242" WIDTH="841" HEIGHT="32">
						<String ID="P56_ST00322" HPOS="78" VPOS="1242" WIDTH="66" HEIGHT="22" CONTENT="sions" SUBS_TYPE="HypPart2" SUBS_CONTENT="occasions" WC="0.60" CC="64105"/>
						<SP ID="P56_SP00285" HPOS="144" VPOS="1264" WIDTH="13"/>
						<String ID="P56_ST00323" HPOS="157" VPOS="1242" WIDTH="58" HEIGHT="32" CONTENT="they" WC="0.81" CC="0700"/>
						<SP ID="P56_SP00286" HPOS="215" VPOS="1274" WIDTH="12"/>
						<String ID="P56_ST00324" HPOS="227" VPOS="1243" WIDTH="75" HEIGHT="22" CONTENT="shone" WC="0.63" CC="66060"/>
						<SP ID="P56_SP00287" HPOS="302" VPOS="1274" WIDTH="15"/>
						<String ID="P56_ST00325" HPOS="317" VPOS="1242" WIDTH="62" HEIGHT="23" CONTENT="forth" WC="0.75" CC="04204"/>
						<SP ID="P56_SP00288" HPOS="379" VPOS="1274" WIDTH="14"/>
						<String ID="P56_ST00326" HPOS="393" VPOS="1243" WIDTH="22" HEIGHT="22" CONTENT="iu" WC="0.61" CC="07"/>
						<SP ID="P56_SP00289" HPOS="415" VPOS="1274" WIDTH="15"/>
						<String ID="P56_ST00327" HPOS="430" VPOS="1242" WIDTH="115" HEIGHT="30" CONTENT="primeval" WC="0.83" CC="93000000"/>
						<SP ID="P56_SP00290" HPOS="545" VPOS="1274" WIDTH="20"/>
						<String ID="P56_ST00328" HPOS="565" VPOS="1242" WIDTH="82" HEIGHT="23" CONTENT="lustre." WC="0.72" CC="0219600"/>
						<SP ID="P56_SP00291" HPOS="647" VPOS="1274" WIDTH="37"/>
						<String ID="P56_ST00329" HPOS="684" VPOS="1242" WIDTH="79" HEIGHT="23" CONTENT="When" WC="0.68" CC="0705"/>
						<SP ID="P56_SP00292" HPOS="763" VPOS="1274" WIDTH="18"/>
						<String ID="P56_ST00330" HPOS="781" VPOS="1243" WIDTH="41" HEIGHT="23" CONTENT="the" WC="0.92" CC="200"/>
						<SP ID="P56_SP00293" HPOS="822" VPOS="1274" WIDTH="14"/>
						<String ID="P56_ST00331" HPOS="836" VPOS="1243" WIDTH="83" HEIGHT="23" CONTENT="Welsh" WC="0.78" CC="00720"/>
					</TextLine>
					<TextLine ID="P56_TL00036" HPOS="80" VPOS="1275" WIDTH="843" HEIGHT="32">
						<String ID="P56_ST00332" HPOS="80" VPOS="1275" WIDTH="107" HEIGHT="27" CONTENT="Church," WC="0.83" CC="0640000"/>
						<SP ID="P56_SP00294" HPOS="187" VPOS="1302" WIDTH="12"/>
						<String ID="P56_ST00333" HPOS="199" VPOS="1284" WIDTH="27" HEIGHT="14" CONTENT="or" WC="0.46" CC="54"/>
						<SP ID="P56_SP00295" HPOS="226" VPOS="1302" WIDTH="13"/>
						<String ID="P56_ST00334" HPOS="239" VPOS="1276" WIDTH="93" HEIGHT="31" CONTENT="people," WC="1.00" CC="0000000"/>
						<SP ID="P56_SP00296" HPOS="332" VPOS="1307" WIDTH="11"/>
						<String ID="P56_ST00335" HPOS="343" VPOS="1284" WIDTH="61" HEIGHT="14" CONTENT="were" WC="0.76" CC="0540"/>
						<SP ID="P56_SP00297" HPOS="404" VPOS="1307" WIDTH="14"/>
						<String ID="P56_ST00336" HPOS="418" VPOS="1276" WIDTH="141" HEIGHT="23" CONTENT="threatened" WC="0.78" CC="0600020507"/>
						<SP ID="P56_SP00298" HPOS="559" VPOS="1307" WIDTH="11"/>
						<String ID="P56_ST00337" HPOS="570" VPOS="1276" WIDTH="56" HEIGHT="22" CONTENT="with" WC="0.64" CC="8005"/>
						<SP ID="P56_SP00299" HPOS="626" VPOS="1307" WIDTH="15"/>
						<String ID="P56_ST00338" HPOS="641" VPOS="1276" WIDTH="109" HEIGHT="31" CONTENT="spiritual" WC="0.72" CC="270110802"/>
						<SP ID="P56_SP00300" HPOS="750" VPOS="1307" WIDTH="15"/>
						<String ID="P56_ST00339" HPOS="765" VPOS="1285" WIDTH="26" HEIGHT="14" CONTENT="or" WC="0.27" CC="77"/>
						<SP ID="P56_SP00301" HPOS="791" VPOS="1307" WIDTH="14"/>
						<String ID="P56_ST00340" HPOS="805" VPOS="1277" WIDTH="118" HEIGHT="30" CONTENT="temporal" WC="0.92" CC="01001101"/>
					</TextLine>
					<TextLine ID="P56_TL00037" HPOS="79" VPOS="1309" WIDTH="844" HEIGHT="31">
						<String ID="P56_ST00341" HPOS="79" VPOS="1310" WIDTH="148" HEIGHT="30" CONTENT="aggression," WC="0.88" CC="50000040101"/>
						<SP ID="P56_SP00302" HPOS="227" VPOS="1340" WIDTH="14"/>
						<String ID="P56_ST00342" HPOS="241" VPOS="1309" WIDTH="40" HEIGHT="23" CONTENT="the" WC="0.87" CC="300"/>
						<SP ID="P56_SP00303" HPOS="281" VPOS="1340" WIDTH="14"/>
						<String ID="P56_ST00343" HPOS="295" VPOS="1309" WIDTH="76" HEIGHT="23" CONTENT="Bards" WC="0.69" CC="60206"/>
						<SP ID="P56_SP00304" HPOS="371" VPOS="1340" WIDTH="13"/>
						<String ID="P56_ST00344" HPOS="384" VPOS="1310" WIDTH="108" HEIGHT="22" CONTENT="sounded" WC="0.69" CC="5266000"/>
						<SP ID="P56_SP00305" HPOS="492" VPOS="1340" WIDTH="14"/>
						<String ID="P56_ST00345" HPOS="506" VPOS="1310" WIDTH="41" HEIGHT="22" CONTENT="the" WC="1.00" CC="000"/>
						<SP ID="P56_SP00306" HPOS="547" VPOS="1340" WIDTH="13"/>
						<String ID="P56_ST00346" HPOS="560" VPOS="1310" WIDTH="77" HEIGHT="23" CONTENT="tocsin" WC="0.71" CC="010446"/>
						<SP ID="P56_SP00307" HPOS="637" VPOS="1340" WIDTH="16"/>
						<String ID="P56_ST00347" HPOS="653" VPOS="1309" WIDTH="28" HEIGHT="23" CONTENT="of" WC="0.63" CC="70"/>
						<SP ID="P56_SP00308" HPOS="681" VPOS="1340" WIDTH="10"/>
						<String ID="P56_ST00348" HPOS="691" VPOS="1310" WIDTH="83" HEIGHT="27" CONTENT="alarm," WC="0.78" CC="002460"/>
						<SP ID="P56_SP00309" HPOS="774" VPOS="1340" WIDTH="19"/>
						<String ID="P56_ST00349" HPOS="793" VPOS="1311" WIDTH="47" HEIGHT="22" CONTENT="and" WC="0.90" CC="030"/>
						<SP ID="P56_SP00310" HPOS="840" VPOS="1340" WIDTH="19"/>
						<String ID="P56_ST00350" HPOS="859" VPOS="1311" WIDTH="64" HEIGHT="23" CONTENT="their" WC="0.85" CC="07000"/>
					</TextLine>
					<TextLine ID="P56_TL00038" HPOS="78" VPOS="1343" WIDTH="845" HEIGHT="32">
						<String ID="P56_ST00351" HPOS="78" VPOS="1343" WIDTH="110" HEIGHT="30" CONTENT="strength" WC="0.44" CC="44556907"/>
						<SP ID="P56_SP00311" HPOS="188" VPOS="1373" WIDTH="22"/>
						<String ID="P56_ST00352" HPOS="210" VPOS="1344" WIDTH="113" HEIGHT="22" CONTENT="returned" WC="0.77" CC="00164600"/>
						<SP ID="P56_SP00312" HPOS="323" VPOS="1373" WIDTH="20"/>
						<String ID="P56_ST00353" HPOS="343" VPOS="1351" WIDTH="26" HEIGHT="15" CONTENT="as" WC="0.64" CC="07"/>
						<SP ID="P56_SP00313" HPOS="369" VPOS="1373" WIDTH="17"/>
						<String ID="P56_ST00354" HPOS="386" VPOS="1347" WIDTH="25" HEIGHT="19" CONTENT="at" WC="1.00" CC="00"/>
						<SP ID="P56_SP00314" HPOS="411" VPOS="1373" WIDTH="18"/>
						<String ID="P56_ST00355" HPOS="429" VPOS="1343" WIDTH="66" HEIGHT="27" CONTENT="first;" WC="0.79" CC="005105"/>
						<SP ID="P56_SP00315" HPOS="495" VPOS="1373" WIDTH="19"/>
						<String ID="P56_ST00356" HPOS="514" VPOS="1343" WIDTH="63" HEIGHT="23" CONTENT="their" WC="0.70" CC="36005"/>
						<SP ID="P56_SP00316" HPOS="577" VPOS="1373" WIDTH="19"/>
						<String ID="P56_ST00357" HPOS="596" VPOS="1344" WIDTH="105" HEIGHT="30" CONTENT="burning" WC="0.67" CC="7625010"/>
						<SP ID="P56_SP00317" HPOS="701" VPOS="1374" WIDTH="21"/>
						<String ID="P56_ST00358" HPOS="722" VPOS="1345" WIDTH="85" HEIGHT="26" CONTENT="words," WC="0.70" CC="902030"/>
						<SP ID="P56_SP00318" HPOS="807" VPOS="1374" WIDTH="18"/>
						<String ID="P56_ST00359" HPOS="825" VPOS="1345" WIDTH="98" HEIGHT="30" CONTENT="darting" WC="0.76" CC="0004245"/>
					</TextLine>
					<TextLine ID="P56_TL00039" HPOS="79" VPOS="1376" WIDTH="844" HEIGHT="33">
						<String ID="P56_ST00360" HPOS="79" VPOS="1376" WIDTH="56" HEIGHT="23" CONTENT="with" WC="0.67" CC="0047"/>
						<SP ID="P56_SP00319" HPOS="135" VPOS="1399" WIDTH="15"/>
						<String ID="P56_ST00361" HPOS="150" VPOS="1377" WIDTH="98" HEIGHT="23" CONTENT="electric" WC="0.65" CC="05605910"/>
						<SP ID="P56_SP00320" HPOS="248" VPOS="1400" WIDTH="14"/>
						<String ID="P56_ST00362" HPOS="262" VPOS="1376" WIDTH="66" HEIGHT="24" CONTENT="force" WC="0.83" CC="05200"/>
						<SP ID="P56_SP00321" HPOS="328" VPOS="1400" WIDTH="14"/>
						<String ID="P56_ST00363" HPOS="342" VPOS="1376" WIDTH="59" HEIGHT="23" CONTENT="from" WC="0.71" CC="3250"/>
						<SP ID="P56_SP00322" HPOS="401" VPOS="1400" WIDTH="14"/>
						<String ID="P56_ST00364" HPOS="415" VPOS="1377" WIDTH="68" HEIGHT="23" CONTENT="heart" WC="0.69" CC="30423"/>
						<SP ID="P56_SP00323" HPOS="483" VPOS="1400" WIDTH="13"/>
						<String ID="P56_ST00365" HPOS="496" VPOS="1380" WIDTH="24" HEIGHT="20" CONTENT="to" WC="0.53" CC="54"/>
						<SP ID="P56_SP00324" HPOS="520" VPOS="1400" WIDTH="17"/>
						<String ID="P56_ST00366" HPOS="537" VPOS="1377" WIDTH="76" HEIGHT="26" CONTENT="heart," WC="0.71" CC="007090"/>
						<SP ID="P56_SP00325" HPOS="613" VPOS="1403" WIDTH="15"/>
						<String ID="P56_ST00367" HPOS="628" VPOS="1377" WIDTH="99" HEIGHT="24" CONTENT="kindled" WC="0.76" CC="0009060"/>
						<SP ID="P56_SP00326" HPOS="727" VPOS="1403" WIDTH="19"/>
						<String ID="P56_ST00368" HPOS="746" VPOS="1379" WIDTH="69" HEIGHT="22" CONTENT="those" WC="0.77" CC="01090"/>
						<SP ID="P56_SP00327" HPOS="815" VPOS="1403" WIDTH="19"/>
						<String ID="P56_ST00369" HPOS="834" VPOS="1379" WIDTH="89" HEIGHT="30" CONTENT="patriot" WC="0.83" CC="0050600"/>
					</TextLine>
					<TextLine ID="P56_TL00040" HPOS="79" VPOS="1409" WIDTH="844" HEIGHT="33">
						<String ID="P56_ST00370" HPOS="79" VPOS="1409" WIDTH="56" HEIGHT="23" CONTENT="fires" WC="0.73" CC="00507"/>
						<SP ID="P56_SP00328" HPOS="135" VPOS="1432" WIDTH="20"/>
						<String ID="P56_ST00371" HPOS="155" VPOS="1411" WIDTH="87" HEIGHT="28" CONTENT="which," WC="0.79" CC="075000"/>
						<SP ID="P56_SP00329" HPOS="242" VPOS="1439" WIDTH="13"/>
						<String ID="P56_ST00372" HPOS="255" VPOS="1411" WIDTH="24" HEIGHT="22" CONTENT="in" WC="0.89" CC="02"/>
						<SP ID="P56_SP00330" HPOS="279" VPOS="1439" WIDTH="19"/>
						<String ID="P56_ST00373" HPOS="298" VPOS="1411" WIDTH="39" HEIGHT="22" CONTENT="the" WC="0.57" CC="570"/>
						<SP ID="P56_SP00331" HPOS="337" VPOS="1439" WIDTH="21"/>
						<String ID="P56_ST00374" HPOS="358" VPOS="1415" WIDTH="72" HEIGHT="19" CONTENT="worst" WC="0.42" CC="70694"/>
						<SP ID="P56_SP00332" HPOS="430" VPOS="1439" WIDTH="18"/>
						<String ID="P56_ST00375" HPOS="448" VPOS="1411" WIDTH="25" HEIGHT="23" CONTENT="of" WC="0.17" CC="69"/>
						<SP ID="P56_SP00333" HPOS="473" VPOS="1439" WIDTH="16"/>
						<String ID="P56_ST00376" HPOS="489" VPOS="1412" WIDTH="76" HEIGHT="26" CONTENT="times," WC="0.63" CC="509070"/>
						<SP ID="P56_SP00334" HPOS="565" VPOS="1439" WIDTH="15"/>
						<String ID="P56_ST00377" HPOS="580" VPOS="1412" WIDTH="61" HEIGHT="22" CONTENT="have" WC="0.78" CC="3050"/>
						<SP ID="P56_SP00335" HPOS="641" VPOS="1439" WIDTH="19"/>
						<String ID="P56_ST00378" HPOS="660" VPOS="1419" WIDTH="74" HEIGHT="15" CONTENT="never" WC="0.70" CC="45121"/>
						<SP ID="P56_SP00336" HPOS="734" VPOS="1439" WIDTH="18"/>
						<String ID="P56_ST00379" HPOS="752" VPOS="1412" WIDTH="62" HEIGHT="23" CONTENT="been" WC="0.92" CC="0003"/>
						<SP ID="P56_SP00337" HPOS="814" VPOS="1439" WIDTH="20"/>
						<String ID="P56_ST00380" HPOS="834" VPOS="1412" WIDTH="89" HEIGHT="30" CONTENT="wholly" WC="0.75" CC="905000"/>
					</TextLine>
				</TextBlock>
				<TextBlock ID="P56_TB00004" HPOS="220" VPOS="1490" WIDTH="531" HEIGHT="52" STYLEREFS="TXT_1 PAR_LEFT">
					<TextLine ID="P56_TL00041" HPOS="221" VPOS="1490" WIDTH="530" HEIGHT="28">
						<String ID="P56_ST00381" HPOS="221" VPOS="1490" WIDTH="12" HEIGHT="13" CONTENT="*" WC="1.00" CC="0"/>
						<SP ID="P56_SP00338" HPOS="233" VPOS="1503" WIDTH="17"/>
						<String ID="P56_ST00382" HPOS="250" VPOS="1490" WIDTH="119" HEIGHT="25" CONTENT="Stephens's" WC="0.69" CC="1050417306"/>
						<SP ID="P56_SP00339" HPOS="369" VPOS="1515" WIDTH="11"/>
						<String ID="P56_ST00383" HPOS="380" VPOS="1491" WIDTH="113" HEIGHT="20" CONTENT="Literature" WC="0.75" CC="9000500403"/>
						<SP ID="P56_SP00340" HPOS="493" VPOS="1515" WIDTH="10"/>
						<String ID="P56_ST00384" HPOS="503" VPOS="1491" WIDTH="65" HEIGHT="21" CONTENT="ofthe" WC="0.59" CC="40564"/>
						<SP ID="P56_SP00341" HPOS="568" VPOS="1515" WIDTH="11"/>
						<String ID="P56_ST00385" HPOS="579" VPOS="1491" WIDTH="84" HEIGHT="26" CONTENT="Cymry," WC="0.77" CC="000390"/>
						<SP ID="P56_SP00342" HPOS="663" VPOS="1517" WIDTH="11"/>
						<String ID="P56_ST00386" HPOS="674" VPOS="1499" WIDTH="20" HEIGHT="19" CONTENT="p." WC="1.00" CC="00"/>
						<SP ID="P56_SP00343" HPOS="694" VPOS="1518" WIDTH="14"/>
						<String ID="P56_ST00387" HPOS="708" VPOS="1493" WIDTH="43" HEIGHT="19" CONTENT="111." WC="1.00" CC="0000"/>
					</TextLine>
					<TextLine ID="P56_TL00042" HPOS="221" VPOS="1517" WIDTH="171" HEIGHT="25">
						<String ID="P56_ST00388" HPOS="221" VPOS="1517" WIDTH="13" HEIGHT="24" CONTENT="t" WC="0.01" CC="9"/>
						<SP ID="P56_SP00344" HPOS="234" VPOS="1541" WIDTH="16"/>
						<String ID="P56_ST00389" HPOS="250" VPOS="1517" WIDTH="53" HEIGHT="19" CONTENT="Ibid." WC="0.74" CC="50303"/>
						<SP ID="P56_SP00345" HPOS="303" VPOS="1541" WIDTH="9"/>
						<String ID="P56_ST00390" HPOS="312" VPOS="1524" WIDTH="20" HEIGHT="18" CONTENT="p." WC="1.00" CC="00"/>
						<SP ID="P56_SP00346" HPOS="332" VPOS="1542" WIDTH="15"/>
						<String ID="P56_ST00391" HPOS="347" VPOS="1518" WIDTH="45" HEIGHT="20" CONTENT="103." WC="0.71" CC="0740"/>
					</TextLine>
				</TextBlock>
			</PrintSpace>
		</Page>
	</Layout>
</alto>
