1023 1619
877 88 44 24 151

361 96 133 16 GIRALDUS
508 97 176 16 CAiMBRENSIS.

83 151 141 23 threatened
238 151 57 22 with
313 158 29 15 an
356 151 92 27 attack,
462 151 47 23 and
523 151 81 23 others
618 151 52 23 flew
684 156 24 18 to
721 159 73 20 arms,
808 151 116 24 Giraldus

83 184 94 32 begged
194 189 25 18 to
238 185 31 22 be
288 185 92 22 carried
400 188 25 19 to
443 185 41 22 the
502 185 92 23 church
605 195 5 16 ;
633 186 62 26 thus,
713 194 26 14 as
760 185 98 23 himself
873 185 52 23 said

82 218 145 27 afterwards,
269 218 56 23 with
338 226 15 15 a
366 218 132 23 wonderful
512 218 117 32 foresight
641 218 38 24 for
687 220 36 22 his
736 228 52 22 age,
802 219 124 31 declaring

83 253 40 22 the
137 261 73 22 peace
223 252 48 23 and
286 252 126 31 privileges
425 252 78 23 ofthe
517 252 75 23 house
606 251 28 24 of
762 253 66 23 With
841 253 31 22 all
889 253 36 22 his

83 286 99 24 father's
193 286 120 23 excellent
325 287 139 27 intentions,
477 286 187 31 book-learning
678 287 40 22 did
731 290 42 20 not
787 294 99 23 prosper
902 290 25 19 at

84 320 157 24 Manorbeer.
279 320 37 23 To
329 320 64 23 learn
408 323 25 20 to
446 327 42 16 use
501 320 40 23 the
554 320 78 23 sword
651 321 47 22 and
716 320 68 24 lance
804 328 62 15 were
885 321 41 22 the

83 355 68 22 chief
171 354 91 23 studies
283 354 144 31 prosecuted
455 354 67 22 there
531 363 5 17 ;
567 361 26 16 so
621 354 36 23 his
684 354 71 23 uncle
781 354 144 31 Fitzgerald,

84 388 88 30 bishop
194 387 28 23 of
240 388 36 22 St.
290 388 109 27 David's,
419 388 83 29 kindly
525 388 56 22 took
600 395 82 23 young
702 388 115 22 Giraldus
837 393 24 17 to
878 388 48 22 live

84 422 58 22 with
157 422 58 27 him,
228 421 47 23 and
289 422 29 22 be
332 421 118 23 educated
464 421 77 22 under
554 421 36 22 his
608 422 137 22 directions.
784 421 46 23 His
850 426 77 18 tutors

83 459 25 19 at
121 455 52 23 first
186 455 39 22 did
240 460 42 18 not
294 455 51 22 find
359 455 48 22 him
425 463 13 15 a
451 463 57 23 very
521 455 134 31 promising
673 454 75 32 pupil,
762 455 43 23 but
824 463 26 15 as
869 456 57 31 they

84 494 43 18 not
140 489 56 31 only
211 489 104 31 thought
335 489 48 22 him
402 489 81 30 stupid
502 489 45 22 but
564 489 50 22 told
635 489 48 22 him
701 497 34 18 so,
751 489 36 22 his
806 489 120 23 wounded

84 523 68 31 pride
165 523 100 30 spurred
284 531 31 14 on
335 523 35 22 his
390 523 105 22 hitherto
513 522 166 31 undeveloped
699 522 117 28 faculties,
830 523 46 22 and
895 523 30 23 he

83 565 60 15 soon
157 558 99 22 became
269 557 40 22 the
329 557 52 22 best
401 556 95 23 scholar
515 557 56 30 they
591 557 55 22 had.
684 556 71 23 From
777 556 35 23 St.
826 556 101 24 David's

84 591 30 22 he
128 594 63 20 went
204 594 24 19 to
248 590 75 27 Paris,
338 590 77 23 where
436 591 28 21 he
482 591 84 29 stayed
580 590 66 23 three
660 598 75 23 years,
749 598 60 22 gave
823 590 104 23 lectures

83 632 31 15 on
135 625 104 22 rhetoric
258 625 46 21 and
324 624 40 23 the
384 624 74 23 belles
480 624 89 28 lettres,
583 624 48 22 and
649 631 47 16 was
713 624 56 23 held
788 632 32 22 up
839 625 33 30 by
886 625 40 23 the

84 658 70 21 Dons
167 665 25 14 as
205 665 14 14 a
232 658 79 21 model
323 659 105 20 student.

135 692 27 22 In
187 692 63 22 1172
272 692 29 22 he
317 699 47 15 was
382 692 116 22 ordained
516 692 47 22 and
581 692 128 30 presented
728 695 25 19 to
773 692 153 30 preferment,

83 725 60 23 both
157 726 23 21 in
197 725 111 31 England
322 725 47 22 and
383 725 88 27 Wales,
485 733 14 14 a
512 733 106 23 canonry
632 729 25 18 at
674 725 132 27 Hereford,
819 726 47 22 and
886 726 40 23 the

83 759 76 31 living
181 759 27 22 of
224 758 154 27 Chesterton,
397 758 166 23 Oxfordshire.
599 754 72 27 From
691 759 40 22 the
750 759 57 22 time
827 760 51 22 that
897 760 29 22 he

83 793 119 31 solemnly
215 792 127 23 dedicated
357 792 98 22 himself
465 796 25 18 to
503 792 39 22 the
557 792 67 23 work
638 791 27 23 of
675 792 40 22 the
729 793 110 30 ministry
853 798 24 18 to
892 793 35 23 his

85 828 76 29 dying
182 827 54 30 day,
258 825 135 24 Giraldus's
414 826 77 22 whole
512 826 116 31 thoughts
647 834 63 14 were
729 827 88 22 turned
839 830 24 19 to
887 827 41 23 the

85 861 65 29 good
163 860 28 23 of
202 861 40 21 the
261 859 92 23 church
373 860 24 21 in
410 859 90 27 Wales,
514 864 24 18 to
557 860 60 22 raise
636 859 40 23 the
697 863 55 19 tone
771 860 28 22 of
814 861 114 29 religious

87 894 90 30 feeling
189 894 48 22 and
250 894 114 30 practice,
375 893 87 27 which,
477 894 24 21 in
515 894 36 21 his
563 894 81 22 rather
657 893 123 23 fastidious
793 893 134 31 judgment,

85 928 48 23 had
155 928 71 22 fallen
247 935 58 22 very
327 927 54 27 low,
403 927 47 22 and
473 929 24 21 to
518 927 122 23 vindicate
661 927 40 22 the
716 927 52 30 just
784 928 77 30 rights
880 928 48 23 and

85 962 126 28 authority
230 960 27 24 of
271 961 38 22 his
328 961 81 22 native
427 961 147 30 episcopate.
611 961 35 22 As
665 961 85 22 stanch
768 968 15 15 a
801 966 127 24 supporter

86 995 79 23 ofthe
179 995 64 31 right
260 995 80 22 divine
359 994 28 23 of
403 995 72 22 tithes
492 1002 35 20 as,
541 995 22 21 in
584 1001 45 16 our
646 994 69 29 days,
735 995 19 21 is
773 995 39 22 the
831 995 97 22 learned

85 1029 48 22 and
146 1029 97 22 zealous
256 1029 66 22 vicar
335 1028 29 23 of
371 1028 109 26 Harlow,
494 1028 115 23 Giraldus
622 1029 93 22 carried
732 1028 36 22 his
778 1029 150 29 complaints,

85 1063 53 23 that
151 1063 41 22 the
205 1062 92 23 church
311 1062 40 22 did
365 1066 43 18 not
421 1062 93 22 receive
533 1062 43 22 her
593 1062 67 27 dues,
674 1065 24 19 to
718 1062 40 22 the
773 1062 155 31 Archbishop

86 1096 29 23 of
122 1096 162 31 Canterbury,
295 1096 47 22 and
356 1103 47 15 was
416 1096 31 30 by
460 1095 49 22 him
523 1095 129 31 appointed
666 1095 36 22 his
715 1095 78 30 legate
806 1096 23 22 in
840 1095 88 27 Wales,

86 1134 25 19 to
121 1130 87 31 rectify
218 1130 66 22 these
298 1130 46 22 and
358 1130 69 22 other
435 1129 94 23 abuses.
556 1128 52 23 The
618 1128 80 31 legate
708 1129 99 23 entered
818 1137 64 23 upon
894 1129 35 22 his

87 1165 79 22 duties
179 1164 23 22 in
216 1163 66 31 right
294 1167 102 22 earnest,
409 1163 49 23 and
470 1162 148 31 proclaimed
633 1162 92 23 martial
740 1162 44 23 law
830 1164 53 21 that
901 1164 27 25 is,

87 1198 29 23 he
130 1197 234 27 excommunicated,
375 1197 102 23 without
490 1204 90 23 mercy,
590 1196 67 22 those
669 1196 53 22 who
735 1196 96 23 refused
845 1202 23 17 to
881 1205 48 22 pay

87 1239 33 22 up
133 1231 62 23 their
209 1231 85 23 tithes:
316 1238 73 22 every
403 1238 44 15 one
461 1230 56 30 paid
530 1233 87 27 except
629 1230 40 22 the
683 1238 54 14 men
754 1230 26 23 of
796 1230 78 28 Rhos,
889 1231 40 22 the

88 1265 131 30 Flemings,
257 1264 9 23 I
285 1265 71 30 hope,
378 1264 37 23 for
435 1264 40 23 the
497 1264 56 23 sake
572 1263 28 23 of
614 1263 41 23 the
674 1263 117 23 excellent
808 1268 80 19 rector
906 1264 27 23 of

88 1299 71 22 Rhos
170 1298 134 27 Crowther,
316 1299 50 22 that
377 1299 56 29 they
444 1299 60 22 have
514 1298 77 23 learnt
602 1297 78 23 better
690 1305 61 15 now.
779 1296 101 24 Neither
888 1298 42 23 did

88 1332 117 24 Giraldus
222 1339 69 23 spare
304 1332 41 22 the
359 1332 89 30 clergy,
463 1332 29 22 he
505 1339 47 15 was
564 1330 157 31 particularly
735 1338 82 16 severe
836 1332 94 29 against

87 1367 60 22 such
160 1374 26 14 as
200 1373 61 14 were
279 1365 103 23 married
393 1375 5 17 ;
418 1365 28 22 he
465 1365 76 22 called
561 1365 63 22 their
641 1365 72 22 wives

87 1400 48 24 and
149 1399 99 24 insisted
262 1407 31 14 on
309 1399 61 22 their
382 1398 126 23 dismissal.
545 1398 35 23 At
593 1398 144 23 Brecknock
756 1398 30 23 he
805 1398 76 23 found
900 1407 29 15 an

87 1434 40 24 old
141 1433 152 24 archdeacon
336 1432 140 31 cohabiting
489 1432 108 30 publicly
610 1432 58 22 with
682 1432 36 22 his

87 1469 53 23 that
159 1469 26 26 is,
199 1467 77 31 living
295 1467 23 22 in
338 1466 32 23 all
382 1466 64 31 good
460 1466 142 23 conscience
615 1465 57 22 with
686 1465 36 23 his
734 1465 81 24 lawful
829 1467 61 25 wife,
905 1475 24 15 as

86 1510 49 23 any
149 1502 70 23 other
231 1501 151 23 archdeacon
398 1500 77 31 might
488 1500 38 23 do.
564 1498 54 24 The
630 1499 41 23 old
684 1508 54 15 man
752 1500 87 24 turned
851 1509 14 15 a
875 1500 58 25 deaf
