1023 1619
81 101 46 22 130

328 109 132 15 MONASTIC
475 108 197 16 INSTITUTIONS.

79 167 90 30 having
191 174 32 14 no
241 166 55 31 help
316 166 38 24 for
372 168 25 27 it,
416 168 112 23 accosted
550 167 41 23 the
611 166 64 31 lady,
695 164 48 24 and
765 163 99 32 putting
883 162 41 23 the

80 200 68 23 usual
167 200 123 30 questions
311 202 112 22 received
444 202 40 22 the
506 201 125 30 following
652 205 102 19 answer,
774 197 73 32 given
866 196 58 23 with

79 236 70 29 great
167 234 112 30 humility
289 242 5 14 :
296 248 33 4 —
331 234 65 24 That
413 235 43 23 she
473 235 49 23 had
539 235 62 22 been
621 234 38 23 for
671 232 83 23 fifteen
774 238 70 24 years
859 237 64 24 upon

79 267 37 23 his
129 267 75 27 lands,
218 267 47 23 and
279 267 22 22 in
315 268 32 22 all
358 268 54 23 that
423 269 59 22 time
495 268 48 23 had
556 274 74 16 never
643 265 84 25 before
740 272 57 15 seen
813 264 41 23 the
873 264 51 23 face

79 301 28 23 of
117 308 56 15 man
183 310 5 17 ;
207 301 53 23 that
276 301 42 23 she
331 309 47 15 was
395 302 43 22 the
456 301 122 31 daughter
595 300 29 24 of
634 300 69 29 King
715 298 111 24 Jowchel
839 297 27 24 of
875 298 49 23 Ire-

78 334 58 23 land
148 344 5 17 ;
173 334 47 23 and
238 334 42 23 she
299 335 139 27 continued,
480 335 110 22 Because
608 341 41 23 my
661 333 80 23 father
753 332 116 23 intended
887 340 37 15 me

77 372 26 18 to
118 368 30 22 be
162 368 40 22 the
215 367 53 23 wife
285 368 50 22 ofa
350 368 89 22 certain
454 371 69 28 great
535 368 48 22 and
595 367 72 23 noble
680 374 88 23 person
782 365 28 24 of
818 366 106 28 Ireland,

74 401 23 29 I,
123 401 88 31 fleeing
235 401 61 23 from
319 409 42 23 my
379 401 82 23 native
485 401 44 23 soil
550 400 72 33 (God
646 400 104 31 guiding
773 399 64 33 me),
857 407 67 16 came

75 435 90 27 hither,
185 435 26 22 in
232 435 72 23 order
324 435 53 22 that
397 434 13 23 I
429 434 79 32 might
528 442 69 15 serve
619 434 58 23 God
695 434 48 23 and
761 434 42 23 the
824 434 100 31 spotless

75 469 89 31 Virgin
180 469 55 22 with
255 477 40 23 my
308 469 68 22 heart
394 468 48 23 and
460 476 14 15 a
492 468 82 24 chaste
592 468 67 32 body
671 468 37 23 till
727 468 11 23 I
757 467 87 24 should

75 502 56 24 The
146 502 89 23 Prince
254 502 28 23 of
293 502 86 27 Powis,
392 502 24 23 in
433 506 62 24 turn,
511 503 69 23 made
597 510 14 15 a
624 502 83 23 rather
719 502 58 32 long
794 501 95 32 speech,
892 517 32 3 —

75 540 46 20 not
133 536 94 31 longer,
241 536 121 29 however,
375 536 57 23 than
449 545 48 22 any
510 537 69 23 other
592 536 83 31 prince
690 536 78 31 might
781 536 61 23 have
854 536 70 23 made

74 571 144 30 addressing
239 578 27 15 so
287 570 118 23 beautiful
424 578 15 15 a
460 571 87 30 virgin.
583 566 61 27 This
665 578 49 15 was
738 570 40 23 the
799 570 53 30 pith
876 570 48 23 and

75 611 105 16 marrowr
193 603 27 24 of
229 604 36 23 his
278 605 95 22 oration
384 612 41 15 :—
475 605 55 30 give
543 605 46 22 and
604 607 98 28 present
721 607 24 20 to
762 604 64 28 thee,
841 604 57 23 with
910 611 14 16 a

75 641 66 20 most
153 637 91 31 willing
262 638 75 26 mind,
356 638 67 23 these
442 645 38 24 my
495 638 69 23 lands
582 638 36 23 for
636 638 41 23 the
695 638 93 23 service
806 637 29 24 of
850 637 57 24 God
918 647 5 18 ;

75 672 49 22 and
138 672 52 22 that
202 672 58 30 they
270 679 57 22 may
337 672 30 22 be
380 678 15 16 a
406 672 126 30 perpetual
544 672 104 31 asylum,
658 672 93 31 refuge,
760 672 47 22 and
821 671 103 23 defence

76 705 25 22 in
121 705 95 22 honour
234 704 28 23 of
272 705 41 31 thy
329 712 79 21 name,
423 705 22 23 O
461 705 119 23 excellent
592 705 79 31 virgin
682 705 5 23 I
720 713 1 2 *
771 705 60 22 This
843 705 79 31 virgin

77 738 141 23 Monacella
236 737 43 33 (or
298 738 155 32 Melangell),
472 747 27 14 so
517 746 58 24 very
593 739 109 31 pleasing
716 742 24 20 to
754 739 65 27 God,
837 738 86 32 passed

76 772 44 23 her
129 772 98 31 solitary
241 771 42 24 life
296 771 36 23 for
340 772 162 30 thirty-seven
516 780 68 24 years
598 773 23 22 in
634 772 42 23 the
688 780 66 15 same
766 772 82 32 places
857 782 5 18 ;
875 772 48 23 and

75 806 43 23 the
136 805 57 23 wild
213 805 60 23 fittle
292 805 77 28 hares,
384 805 52 32 just
454 814 24 15 as
497 805 21 23 if
533 806 58 30 they
611 806 48 23 had
677 807 61 22 been
759 807 88 26 tamed,
861 814 62 15 were

76 840 76 22 about
173 840 43 21 her
237 847 73 23 every
331 840 48 30 day
400 840 151 31 throughout
575 840 43 23 her
638 839 77 24 whole
739 839 49 24 life.
826 840 97 31 During

77 873 80 23 which
176 873 65 27 time,
254 873 58 27 also,
326 874 33 30 by
372 873 41 23 the
432 874 39 22 aid
490 873 28 23 of
533 874 41 23 the
594 873 91 24 Divine
704 882 89 23 mercy,
814 874 110 23 miracles

76 907 49 23 and
142 907 98 22 various
258 907 71 23 other
346 907 98 23 favours
464 915 61 15 were
544 910 43 20 not
605 908 107 30 wanting
734 910 26 21 to
781 908 68 23 those
870 908 54 23 who

76 940 75 23 asked
163 940 39 23 for
211 940 43 23 her
262 941 47 28 aid,
318 941 49 23 and
379 941 90 30 sought
482 941 43 23 her
534 941 87 23 favour
634 942 57 23 with
705 942 91 23 inward
810 942 113 23 devotion

77 973 28 24 of
255 974 80 23 There
357 975 18 22 is
397 975 24 22 in
441 975 42 23 the
505 975 91 23 church
618 974 28 24 of
666 975 112 23 Pennant
799 975 125 26 Melangel

77 1008 98 22 curious
196 1008 89 23 carved
307 1008 144 28 woodwork,
472 1009 167 30 representing
662 1009 42 22 the
728 1009 87 31 legend
841 1009 28 23 of
888 1009 35 23 St.

80 1041 166 21 Monacella.*

129 1074 54 23 One
203 1081 66 16 more
290 1074 94 27 hermit,
406 1075 47 22 and
478 1075 30 22 he
532 1075 28 22 of
574 1075 41 22 the
639 1075 91 22 twelfth
753 1079 111 27 century,
887 1075 36 24 St.

79 1107 136 29 Caradoc.f
256 1107 40 23 He
312 1115 49 15 was
382 1115 13 15 a
415 1108 80 22 native
517 1108 28 22 of
560 1108 218 28 Brecknockshire,
797 1108 28 24 of
841 1109 82 31 gentle

78 1141 81 26 blood,
174 1141 47 22 and
240 1141 83 22 served
342 1141 57 30 long
416 1141 46 23 and
480 1141 123 30 faithfully
618 1141 79 32 Rhys,
710 1142 83 31 prince
807 1142 27 24 of
844 1143 79 23 South

79 1174 90 23 Wales.
205 1174 41 23 He
264 1174 48 22 had
331 1175 40 22 the
390 1174 140 23 misfortune
550 1178 24 19 to
593 1175 49 23 lose
660 1180 49 19 two
728 1175 29 23 of
766 1176 42 24 the
821 1176 102 32 prince's

78 1207 119 23 favourite
214 1208 156 30 greyhounds
379 1216 5 14 :
404 1208 36 22 his
456 1208 63 22 tried
536 1208 102 30 honesty
652 1209 48 23 and
716 1209 94 32 fidelity
825 1211 41 23 did
881 1214 42 20 not

78 1248 56 15 save
150 1241 48 22 him
218 1241 62 22 from
300 1241 65 22 cruel
382 1241 100 28 threats,
495 1241 147 32 whereupon
658 1243 30 23 he
703 1242 91 24 formed
809 1245 36 22 his
858 1252 65 16 reso-

79 1274 76 23 lution
175 1282 32 14 on
224 1274 42 22 the
284 1278 62 27 spot,
365 1274 47 23 and
432 1274 121 32 rebuking
572 1275 36 23 his
627 1276 67 31 royal
715 1277 108 24 master's
843 1279 80 30 ingra-

80 1308 83 27 titude,
178 1312 63 18 went
253 1308 103 30 straight
369 1312 25 18 to
412 1307 120 24 Llandaff.
568 1308 54 24 The
638 1310 87 30 bishop
743 1318 61 23 gave
819 1312 50 23 him
882 1313 41 22 the

80 1346 106 22 tonsure,
201 1341 46 22 and
261 1341 29 22 he
303 1341 85 22 served
406 1341 24 22 in
449 1342 41 22 the
509 1342 132 24 cathedral.
677 1344 100 24 Thence
791 1346 30 22 he
834 1346 88 23 retired

80 1378 25 19 to
118 1375 40 23 the
171 1374 92 24 church
275 1374 27 23 of
312 1374 35 23 St.
360 1374 90 28 Kined,
488 1379 24 19 at
524 1376 53 23 that
588 1377 58 23 time
663 1378 23 22 in
706 1385 14 16 a
736 1386 101 15 manner
849 1380 74 23 aban-

80 1408 88 28 doned,
186 1416 27 15 so
230 1408 51 23 that
299 1407 30 23 he
348 1416 47 15 was
411 1408 67 23 three
497 1409 60 31 days
573 1410 129 32 employed
721 1412 22 22 in
762 1412 107 31 clearing
881 1413 42 24 the

269 1483 13 13 *
297 1483 99 19 Archæol.
410 1484 69 19 Camb.
491 1485 40 19 vol.
543 1485 29 20 iii.
583 1493 34 19 pp.
629 1487 99 22 139-142.

269 1511 14 25 •f
297 1510 104 19 Britannia
412 1511 80 25 Sancta,
503 1512 40 21 vol.
554 1513 13 20 i.
579 1520 21 18 p.
611 1515 47 19 224.
