1023 1619
889 100 44 23 119

370 107 53 15 THE
439 107 88 15 WELSH
542 107 115 15 CHURCH.

144 166 46 23 We
203 168 65 21 must
281 174 54 15 now
348 169 55 20 turn
414 174 45 16 our
472 169 64 28 steps
548 169 25 21 to
588 166 79 24 North
681 166 89 24 Wales.
799 168 87 23 About
896 168 39 23 the

93 200 89 23 middle
196 200 77 23 ofthe
291 200 65 23 sixth
372 204 109 28 century,
496 196 106 32 Deiniol,
616 208 14 15 a
643 200 83 23 Welsh
745 201 69 28 saint,
830 201 106 24 founded

92 241 15 15 a
119 237 138 28 monastery
270 234 24 22 in
305 234 227 28 Caernarvonshire,
547 234 76 22 which
638 234 30 22 he
682 234 75 23 called
773 234 121 32 Bangor,*
908 244 28 14 or

91 267 43 23 the
148 267 69 32 High
231 267 84 24 Choir.
352 267 122 32 Maelgwn
489 267 137 32 Gwynedd,
640 267 58 33 king
710 267 28 23 of
753 268 79 23 North
847 268 89 29 Wales,

92 301 80 23 raised
186 301 41 23 the
240 304 138 29 monastery
391 305 25 20 to
429 302 40 22 the
483 301 60 23 rank
556 301 26 23 of
592 310 13 14 a
617 301 131 31 bishopric,
762 303 47 22 and
828 302 107 28 Deiniol,

94 343 28 15 or
135 335 97 26 Daniel,
245 335 100 23 became
357 336 41 22 the
411 335 52 23 first
477 335 96 31 bishop.
608 335 41 23 He
663 336 19 22 is
694 335 53 23 said
759 339 25 19 to
798 336 60 23 have
875 337 61 22 been

94 377 14 15 a
126 369 73 27 Bard,
213 369 93 31 though
326 377 62 15 none
407 369 27 23 of
449 369 36 22 his
504 377 83 23 poems
605 377 40 14 are
664 373 92 19 extant.
793 369 28 23 In
842 370 35 22 his
896 370 40 23 old

94 411 46 22 age
157 403 30 22 he
200 402 88 23 retired
302 406 24 19 to
340 403 39 23 the
393 403 46 23 Isle
455 402 28 23 of
496 398 114 35 Bardsey,
625 402 79 24 where
718 403 29 22 he
760 403 55 23 died
828 404 47 22 and
889 411 47 15 was

95 436 95 24 buried.
227 436 28 23 In
270 437 59 27 755,
344 436 118 23 Elbodius
476 444 47 15 was
536 437 88 22 chosen
639 436 90 30 Bishop
742 436 28 23 of
781 437 111 30 Bangor;
912 437 24 23 in

95 470 79 23 virtue
190 469 28 24 of
229 470 40 23 the
283 470 82 23 titular
377 477 143 23 supremacy
533 470 26 23 of
568 470 41 23 the
628 470 70 30 kings
715 469 28 24 of
753 470 79 23 North
847 470 88 28 Wales,

95 503 31 24 he
145 504 111 23 assumed
279 504 39 23 the
338 504 51 23 title
406 504 29 23 of
450 504 154 30 archbishop,
621 504 46 22 and
687 504 61 22 tried
767 507 25 20 to
812 504 70 30 bring
900 505 36 22 his

95 538 217 29 brother-prelates
337 538 23 22 in
383 537 77 23 South
486 538 81 22 Wales
592 541 24 19 to
641 537 171 30 acknowledge
838 538 48 22 him
910 545 26 15 as

95 571 170 30 metropolitan
277 580 5 14 :
296 571 45 22 but
353 571 108 30 spiritual
476 571 88 26 claims,
574 571 91 30 resting
677 578 30 15 on
721 578 14 15 a
748 571 83 30 purely
842 571 94 22 secular

95 604 72 28 basis,
176 612 41 15 are
230 609 42 17 not
284 604 27 23 of
317 604 73 23 much
404 607 111 24 account,
527 612 25 14 so
566 604 40 22 the
618 604 151 30 pretensions
781 603 28 23 of
817 604 118 22 Elbodius

94 642 63 18 went
175 637 37 23 for
230 637 109 32 nothing.
378 637 58 23 This
455 637 129 23 ambitious
603 637 97 30 prelate,
719 637 118 27 however,
854 645 49 15 was
921 646 15 15 a

93 678 59 24 very
164 671 104 23 sensible
288 679 62 18 man,
368 671 47 23 and
434 671 132 22 succeeded
585 671 24 22 in
622 671 146 30 persuading
782 671 38 22 the
841 671 94 23 inhabi-

93 708 64 20 tants
176 704 29 24 of
222 704 79 23 North
315 704 83 23 Wales
416 708 24 19 to
460 704 73 30 adopt
552 704 39 23 the
611 698 94 28 Roman
726 705 164 30 computation
910 704 27 24 of

94 738 95 23 Easter.
222 737 77 24 South
317 738 82 23 Wales
416 738 69 23 stood
505 739 31 29 by
556 738 40 22 the
615 737 40 23 old
672 737 132 32 reckoning
825 738 34 22 till
877 739 57 27 777,

93 773 78 25 when,
182 772 107 31 through
299 772 40 23 the
350 772 119 23 influence
479 771 28 23 of
515 767 125 31 Elbodius,
651 771 41 23 the
704 771 94 23 Roman
809 775 126 26 computa-

93 806 51 23 tion
158 814 49 14 was
220 806 144 23 introduced
377 806 67 22 there
457 805 58 23 also.
553 805 102 22 Matters
668 813 26 14 so
707 805 122 22 remained
843 805 34 22 till
894 805 41 23 the

94 840 72 22 death
180 838 28 24 of
220 839 118 23 Elbodius
351 839 22 22 in
388 839 56 27 809,
459 839 69 22 when
544 839 39 21 the
598 843 155 26 controversy
768 847 46 14 was
828 839 105 27 revived,

168 873 40 23 the
223 872 103 30 Bishops
339 873 28 22 of
377 872 116 23 Llandaff
501 872 48 22 and
563 872 35 23 St.
611 871 101 23 David's
726 872 77 23 would
818 876 42 19 not
878 873 56 23 sub-

95 908 44 21 mit
160 910 25 19 to
207 907 41 23 the
270 906 156 30 Archbishop
447 905 29 24 of
494 905 78 23 North
594 905 89 27 Wales,
706 905 67 23 when
797 906 56 30 they
873 914 62 15 were

95 940 144 23 themselves
258 940 159 29 archbishops
439 940 22 22 in
481 940 63 22 their
561 947 54 15 own
776 939 53 23 The
849 939 87 23 Easter

94 974 112 31 question
227 981 46 15 was
292 976 42 20 not
354 973 61 31 fully
431 973 87 23 settled
536 980 26 16 so
581 973 46 22 late
646 980 25 15 as
689 973 40 22 the
745 973 90 23 middle
853 973 27 23 of
893 973 42 23 the

94 1008 69 21 ninth
182 1010 124 28 century.!
368 1007 98 23 Certain
481 1007 145 30 clergymen,
637 1006 54 23 who
704 1007 72 22 dwelt
789 1007 22 21 in
826 1007 40 22 the
880 1007 54 22 isles

94 1041 74 23 ofthe
177 1049 85 18 ocean,
273 1048 66 15 came
350 1044 25 19 to
385 1040 201 30 Constantinople
597 1041 24 21 in
632 1040 39 23 the
682 1040 60 30 days
750 1040 26 23 of
785 1040 148 28 Methodius,

93 1074 62 23 from
166 1075 48 22 842
226 1079 25 18 to
262 1075 56 26 847,
328 1078 24 18 to
366 1074 95 31 inquire
474 1074 28 22 of
512 1074 89 22 certain
616 1074 170 22 ecclesiastical
799 1074 133 27 traditions,

93 1109 48 22 and
159 1109 40 22 the
218 1107 94 32 perfect
333 1108 46 22 and
400 1111 71 19 exact
492 1107 165 31 computation
680 1107 28 22 of
880 1107 54 24 The

94 1150 136 15 successors
245 1141 28 24 of
284 1142 117 22 Elbodius
416 1149 61 15 were
491 1145 99 19 content
603 1141 56 22 with
674 1140 40 23 the
726 1140 52 23 title
797 1140 28 23 of
840 1141 93 31 bishop.

94 1175 40 24 No
147 1179 71 20 event
231 1175 27 23 of
268 1175 97 31 general
382 1176 99 22 interest
494 1175 19 22 is
531 1174 133 24 associated
682 1174 56 22 with
758 1174 62 22 their
838 1182 96 19 names;

96 1209 90 30 Bishop
207 1209 105 27 Mordaf,
328 1210 23 22 in
370 1209 41 22 the
429 1209 69 23 tenth
516 1212 111 27 century,
644 1212 63 18 went
726 1208 22 21 in
769 1208 41 22 the
829 1208 62 22 train
909 1207 28 23 of

96 1243 96 23 Howell
206 1243 39 23 the
261 1243 71 24 Good
345 1246 25 19 to
385 1242 86 24 Rome.
507 1242 93 26 Urban,
613 1241 85 31 bishop
712 1240 27 24 of
749 1241 120 26 Llandaff,
883 1242 18 22 it
914 1242 20 22 is

92 1277 60 28 said,
166 1277 55 23 held
236 1277 98 31 Bangor
346 1277 71 22 while
430 1277 36 22 his
483 1283 53 16 own
553 1275 123 24 cathedral
689 1283 48 14 was
750 1275 74 30 being
837 1275 95 28 rebuilt,

92 1311 49 22 and
160 1311 110 29 resigned
289 1318 30 15 on
338 1311 30 21 its
389 1310 155 30 completion.
579 1309 29 23 In
632 1309 69 27 1190,
722 1308 122 27 Giraldus,
864 1309 68 23 arch-

92 1345 93 22 deacon
206 1344 27 22 of
254 1344 151 28 Brecknock,
426 1351 47 15 was
497 1344 89 22 chosen
606 1343 95 29 bishop,
724 1342 44 23 but
789 1341 97 24 refused
909 1346 24 20 to

91 1381 87 27 accept
191 1378 41 23 the
250 1385 46 20 see,
311 1377 88 31 having
416 1381 35 19 set
464 1377 35 22 his
513 1377 68 22 heart
593 1384 31 15 on
639 1376 36 23 St.
689 1375 109 27 David's,
812 1376 76 23 which
903 1377 29 22 he

133 1464 13 14 *
156 1463 121 20 Williams's
284 1463 83 25 Cymry,
375 1469 21 19 p.
406 1462 47 20 206.
473 1461 72 20 Rees's
554 1461 72 26 Essay,
637 1467 20 19 p.
667 1460 47 19 258.
734 1460 86 20 Hoare's
830 1460 100 26 Giraldus,

90 1493 40 19 vol.
142 1493 21 18 ii.
173 1499 19 17 p.
204 1492 34 18 95.

131 1521 15 22 f
159 1517 121 21 Williams's
291 1517 83 26 Cymry,
385 1523 22 20 p.
420 1516 46 21 207.
555 1515 13 25 %
583 1515 71 20 Rees's
665 1515 72 26 Essay,
748 1521 20 20 p.
780 1515 31 19 66.
