1023 1619
68 101 33 23 80

334 111 53 16 THE
401 111 80 16 KINGS
496 112 32 15 OF
542 111 99 16 WALES.

67 167 127 31 Llywelyn
209 175 30 23 ap
252 168 128 28 Jorwerth,
394 169 140 31 deservedly
549 168 125 24 honoured
691 175 25 15 as
729 165 127 32 Llywelyn
870 164 42 24 the

68 201 83 23 Great.
188 201 164 31 Throughout
373 203 36 22 his
430 203 76 23 whole
528 203 75 30 reign,
624 201 127 32 Llywelyn
774 198 138 25 contended

70 235 57 23 with
145 235 95 22 various
257 243 95 15 success
369 237 93 30 against
478 237 42 22 the
536 236 152 31 aggressions
705 234 29 23 of
744 234 35 22 his
796 231 116 32 powerful

68 268 149 31 neighbours
237 268 40 23 the
292 268 101 32 English
413 270 79 31 kings,
511 269 53 23 who
584 277 62 14 were
664 269 60 22 bent
742 275 31 16 on
794 267 118 30 reducing

70 302 82 23 Wales
171 305 25 19 to
214 302 144 30 subjection.

122 335 59 23 This
200 343 100 23 appears
317 340 26 19 to
355 337 29 22 be
398 337 41 22 the
455 344 90 23 proper
560 335 68 31 place
647 339 24 19 to
685 335 127 22 introduce
825 342 14 15 a
851 334 65 23 brief

68 372 131 20 statement
215 369 76 23 ofthe
307 370 82 23 claims
404 370 77 22 which
500 370 40 22 the
554 369 70 31 kings
641 368 26 23 of
679 368 111 31 England
807 368 105 23 asserted

68 411 60 15 over
138 402 90 28 Wales,
241 403 62 22 their
316 405 150 29 progressive
480 404 145 30 occupation
640 402 28 23 of
678 403 40 23 the
729 402 116 23 southern
859 406 53 27 part

68 436 77 24 ofthe
164 440 111 27 country,
290 437 47 22 and
354 437 119 23 extended
490 436 120 24 influence
627 437 47 22 and
692 436 131 30 authority.
862 435 50 24 Ro-

69 470 64 23 deric
153 471 41 22 the
208 471 84 26 Great,
311 471 76 23 about
404 472 56 26 876,
481 478 61 22 gave
560 478 14 16 a
592 471 183 30 pre-eminency
795 478 58 15 over
871 470 41 23 the

69 505 70 23 other
151 505 94 29 princes
258 509 24 18 to
297 505 39 23 the
350 505 70 30 kings
437 505 27 23 of
475 500 78 28 North
567 505 81 23 Wales
658 514 5 17 ;
684 505 29 23 he
730 500 115 27 ordained
860 504 52 23 that

68 539 41 22 the
126 539 95 30 princes
239 538 28 23 of
279 539 76 22 South
372 539 81 22 Wales
471 539 48 22 and
535 538 77 23 Powis
629 539 87 22 should
733 539 57 22 each
809 538 26 23 of
846 538 65 23 them

68 580 46 23 pay
128 572 82 31 yearly
223 576 26 19 to
265 572 41 22 the
322 572 126 31 sovereign
466 572 29 23 of
506 572 77 23 North
598 572 82 23 Wales
692 580 15 15 a
719 572 98 27 tribute,
834 572 77 22 called

69 605 124 31 Maelged,
206 605 29 24 of
248 606 144 31 sixty-three
409 606 102 31 pounds,
525 614 25 14 as
564 614 13 14 a
593 606 67 23 mark
677 605 26 24 of
718 606 191 22 subordination.

68 639 50 23 But
136 640 41 22 the
195 639 68 32 royal
283 640 89 22 tribute
392 640 78 23 which
490 648 46 14 was
555 640 47 22 due
621 639 62 24 from
697 639 115 24 Cambria
831 644 25 18 to
869 640 41 22 the

67 673 110 31 imperial
190 682 80 15 crown
285 672 28 24 of
322 672 111 28 London,
444 673 130 32 agreeably
589 677 23 19 to
625 674 41 23 the
676 674 98 23 ancient
787 673 62 26 laws,
863 681 47 15 was

67 708 116 22 ordained
197 708 23 22 in
233 707 79 23 future
326 710 25 20 to
361 707 29 23 be
405 708 54 30 paid
473 708 31 30 by
520 708 39 22 the
569 708 95 30 princes
679 707 26 23 of
713 707 77 23 North
801 707 108 23 Wales.*

67 741 158 30 Warrington
238 749 61 22 says,
314 741 51 22 that
377 741 41 23 the
431 741 57 23 laws
502 741 27 23 of
537 741 94 24 Howell
647 742 39 22 the
698 741 71 24 Good
785 741 125 31 recognise

67 775 41 23 the
125 776 191 29 tribute-money
331 782 25 15 as
374 775 46 23 due
433 784 5 18 ;
456 775 45 23 but
518 775 40 23 the
575 775 140 23 translation
731 775 78 23 which
823 775 10 22 I
849 775 61 23 have

69 809 58 23 used
145 810 110 22 contains
274 816 31 15 no
324 809 58 22 such
402 809 137 23 admission.
576 809 54 23 The
648 810 98 26 tribute,
760 816 25 15 as
803 816 33 15 we
855 816 55 24 may

67 850 112 22 suppose,
194 850 46 15 was
259 850 58 22 very
337 843 114 22 offensive
470 847 24 18 to
512 843 41 22 the
567 843 92 27 Welsh,
674 843 47 22 and
740 850 59 23 very
818 843 92 30 irregu-

67 876 61 31 larly
149 876 63 31 paid.
249 876 29 22 In
298 876 56 27 961,
376 876 90 31 Edgar,
493 876 58 31 king
575 876 28 22 of
625 876 122 31 England,
765 876 106 31 thought
892 876 19 23 it

67 910 77 22 worth
164 910 70 22 while
253 914 24 18 to
296 917 31 23 go
347 909 23 23 in
390 918 93 21 person,
501 910 56 23 with
576 918 30 14 an
625 918 76 23 army,
721 915 24 18 to
765 909 86 24 collect
869 910 42 22 the

67 951 92 15 arrears
170 953 5 17 ;
194 944 44 22 but
255 952 30 14 on
303 952 30 14 an
351 943 163 31 explanation,
528 944 52 22 that
597 944 39 22 the
652 944 86 23 wolves
756 944 56 22 with
831 944 79 22 which

68 976 79 24 North
162 977 81 23 Wales
257 985 47 15 was
316 977 57 23 then
387 977 102 23 infested
508 978 45 22 had
568 977 128 31 destroyed
713 978 41 23 the
771 977 74 31 sheep
863 977 48 23 and

67 1011 71 22 other
155 1011 80 26 cattle,
249 1011 30 22 he
293 1011 55 22 with
363 1015 68 26 great
443 1011 138 31 generosity
595 1012 129 22 contented
742 1006 99 28 himself
852 1011 56 22 with

67 1044 148 31 demanding
228 1045 65 22 three
308 1045 109 22 hundred
432 1044 94 23 wolves'
540 1045 73 22 heads
626 1052 98 23 a-year:
745 1045 45 22 this
807 1045 104 22 number

66 1086 48 14 was
133 1081 53 19 sent
199 1078 35 22 for
247 1078 67 22 three
333 1086 27 14 or
377 1078 55 23 four
444 1086 79 22 years,
536 1077 62 24 after
611 1078 85 26 which,
712 1078 66 22 there
792 1079 72 29 being
878 1086 31 15 no

67 1119 66 15 more
148 1112 94 26 wolves,
254 1112 39 22 the
304 1111 84 23 Welsh
403 1112 95 29 princes
510 1119 59 23 very
581 1111 114 30 logically
708 1112 135 23 concluded
857 1112 54 23 that

67 1145 67 23 there
148 1145 76 30 ought
237 1149 25 19 to
275 1146 29 21 be
318 1152 30 16 no
363 1152 65 16 more
442 1145 97 23 tribute.
575 1145 27 23 In
620 1146 71 25 1063,
702 1146 25 22 in
740 1153 170 23 consequence

67 1179 29 23 of
106 1179 73 23 Duke
194 1178 113 23 Harold's
326 1186 122 15 successes
464 1179 23 22 in
503 1179 88 26 Wales,
607 1179 40 23 the
664 1179 90 23 tribute
768 1180 78 22 which
862 1180 48 22 had

67 1213 60 22 been
147 1213 56 30 kept
220 1213 61 22 back
301 1213 92 22 several
409 1220 71 22 years
493 1220 47 15 was
558 1213 55 30 paid
630 1213 80 31 again.
748 1212 112 32 Bleddyn
879 1221 31 23 ap

67 1246 114 30 Cynvyn,
196 1246 58 31 king
272 1245 28 23 of
315 1245 79 23 North
409 1246 81 22 Wales
506 1246 48 22 and
572 1246 87 28 Powis,
674 1246 55 22 who
747 1255 48 14 was
814 1247 96 22 assassi-

66 1280 72 23 nated
157 1280 23 22 in
197 1280 71 26 1073,
288 1288 13 14 a
319 1280 71 22 mode
409 1279 28 22 of
453 1279 71 23 death
544 1280 78 23 which
641 1288 55 23 may
716 1280 30 23 be
766 1281 143 23 considered

66 1314 67 30 quite
146 1313 95 23 natural
254 1317 24 19 to
292 1313 40 23 the
342 1313 82 23 Welsh
438 1314 102 30 princes,
552 1313 40 23 did
607 1314 101 30 homage
720 1313 37 23 for
770 1314 37 23 his
821 1322 88 19 crown,

67 1347 47 22 and
132 1347 189 31 acknowledged
338 1346 98 23 himself
444 1355 15 15 a
475 1347 127 31 tributary.
641 1347 39 23 He
694 1356 48 14 was
756 1356 13 14 a
781 1349 128 29 sovereign

66 1380 56 22 who
134 1380 70 23 loved
221 1381 35 22 his
269 1380 92 31 people,
376 1381 46 22 and
436 1389 47 15 was
496 1381 103 23 beloved
613 1381 33 30 by
659 1382 76 26 them,
749 1382 47 22 and
810 1382 100 23 deemed

67 1421 73 22 peace
160 1414 50 23 well
230 1415 135 30 purchased
384 1418 25 19 at
426 1415 41 22 the
486 1415 108 23 sacrifice
613 1415 28 23 of
654 1423 15 15 a
685 1417 138 28 precarious
843 1416 66 23 inde-

67 1447 130 29 pendence.
234 1448 28 22 In
279 1448 71 27 1079,
365 1448 107 23 William
486 1449 42 23 the
542 1448 150 31 Conqueror,
707 1450 78 22 under
796 1453 114 26 pretence

337 1521 12 13 *
364 1522 139 24 Warrington,
513 1529 21 17 p.
547 1523 44 23 146,
604 1523 36 20 &c.
