1023 1619
85 99 32 22 28

441 110 128 15 BARDISM.

85 163 94 24 Ychain
195 163 115 31 Banawg,
321 165 119 30 imitating
451 166 40 22 the
501 166 89 31 lowing
604 165 27 23 of
640 172 61 16 oxen
716 163 47 24 and
775 162 41 24 the
830 161 100 32 rattling

87 197 27 23 of
123 197 92 23 chains.
251 197 54 24 The
324 200 137 29 procession
481 199 57 23 then
557 199 125 22 advanced
701 199 24 22 in
745 198 40 23 the
804 196 127 31 following

86 231 71 23 order
168 239 5 15 :
192 231 53 23 first
262 233 119 29 appeared
401 232 40 23 the
460 233 109 30 divining
583 232 72 28 Bard,
674 232 101 29 bearing
794 231 36 22 his
850 230 80 30 magic

87 265 70 23 wand
167 274 5 17 ;
185 265 57 23 then
256 272 45 16 one
312 266 110 22 hundred
433 267 46 21 and
493 266 52 31 fifty
557 265 83 28 Bards,
651 265 102 30 striking
764 265 62 23 their
836 262 95 24 tuneful

89 299 72 29 harps
172 308 5 16 ;
196 302 58 19 next
266 306 67 15 came
347 300 40 21 the
400 300 80 21 shrine
499 299 28 23 of
538 299 134 27 Ceridwen,
687 299 40 22 the
741 298 88 23 deified
842 304 89 22 spouse

85 332 28 22 of
122 332 40 22 the
172 331 132 28 Patriarch,
316 333 74 22 borne
403 332 57 23 aloft
469 333 33 29 by
513 333 125 22 attendant
652 332 93 30 priests.
774 331 53 23 The
841 331 89 26 shrine,

86 374 15 14 a
113 365 57 23 boat
188 373 27 14 or
233 365 51 27 ark,
297 374 47 14 was
358 366 163 30 immediately
535 365 119 31 preceded
674 365 32 31 by
720 365 67 22 three
806 365 86 29 priests
898 376 35 5 —

86 399 41 23 the
152 399 152 31 hierophant,
322 399 54 23 who
400 399 154 31 represented
579 399 41 22 the
641 398 77 24 Great
739 398 102 23 Creator
853 407 5 17 ;
885 404 48 16 one

86 433 102 31 bearing
205 441 14 15 a
236 433 78 27 torch,
328 433 55 22 who
401 432 154 31 represented
574 432 41 23 the
635 440 59 19 sun;
714 431 47 23 and
780 431 40 23 the
839 431 92 28 herald,

85 467 62 26 who,
162 475 25 15 as
200 467 40 23 the
254 466 103 31 especial
370 467 110 23 minister
497 465 27 24 of
532 466 41 23 the
587 466 112 31 goddess,
714 473 46 14 was
775 465 118 31 regarded
906 472 26 15 as

85 508 15 16 a
118 501 95 30 symbol
235 500 28 23 of
279 501 41 23 the
342 508 80 15 moon.
467 500 23 23 A
511 508 120 23 company
651 499 113 31 dancing,
786 495 61 27 after
869 499 63 22 their

84 542 106 18 manner,
211 535 23 22 in
253 535 92 26 circles,
364 535 47 22 and
430 534 97 31 singing
545 534 23 22 in
588 534 114 26 cadence,
721 541 67 15 some
802 532 57 23 with
877 540 55 24 gar-

85 568 68 23 lands
172 568 28 23 of
213 568 41 30 ivy
272 575 30 16 on
321 569 62 22 their
403 569 85 26 brows,
509 568 80 23 others
604 568 57 22 with
682 569 102 22 cornute
803 575 66 22 caps,
889 574 42 15 an-

85 602 111 22 nounced
216 602 40 22 the
270 601 90 28 Afanc,
377 609 28 15 or
423 609 41 15 car
482 601 29 23 of
524 602 40 22 the
584 601 108 23 diluvian
712 601 57 30 god.
808 601 24 22 A
849 601 81 22 mixed

86 635 130 23 multitude
233 635 28 23 of
271 635 100 23 dancers
383 635 49 23 and
449 635 100 31 singers,
563 642 66 16 some
648 635 107 30 blowing
774 641 30 16 on
824 634 106 23 crooked

85 669 80 27 horns,
185 669 82 22 others
287 669 113 31 carrying
420 669 89 22 double
527 672 103 27 pateras,
648 669 81 22 others
746 668 57 23 with
823 668 107 23 crooked

85 703 98 26 swords,
198 702 76 23 which
289 703 57 30 they
361 702 95 23 clashed
475 703 94 30 against
587 702 61 23 their
662 702 96 27 shields,
771 702 158 31 performing,

85 745 26 14 as
129 744 13 15 a
156 736 62 23 Bard
239 736 85 27 writes,
427 736 104 23 circular
549 736 148 23 revolutions
716 736 24 22 in
758 735 110 31 graceful
887 743 43 15 ex-

264 770 80 23 closed
359 770 41 22 the
413 771 163 29 procession,*
587 769 87 28 which,
685 770 112 31 entering
808 769 41 23 the
860 773 70 28 great

85 804 97 30 temple,
201 803 56 23 took
279 812 32 22 up
330 804 63 22 their
412 804 134 30 respective
565 803 80 31 places
664 803 82 23 within
768 803 24 22 it.
830 802 39 24 On
888 803 41 23 the

86 841 106 26 rampart
212 836 27 23 of
247 838 68 22 earth
333 838 165 30 surrounding
516 838 41 22 the
574 837 88 30 temple
676 845 61 15 were
756 837 112 23 crowded
887 837 42 23 the

86 871 200 30 representatives
299 870 26 23 of
335 871 40 22 the
389 871 93 30 people,
493 871 41 23 the
548 871 74 22 heads
636 870 27 23 of
671 871 73 23 tribes
757 870 47 23 and
818 869 110 29 families,

85 905 57 23 with
157 905 62 23 their
232 904 223 23 standard-bearers
464 914 6 17 ;
488 905 41 23 the
543 908 55 23 rest,
612 906 23 21 in
649 912 90 22 groups
757 912 29 15 on
802 904 40 23 the
855 904 74 30 plain,

85 939 110 22 watched
213 939 41 22 the
273 939 138 29 procession
430 946 25 15 as
471 939 18 22 it
504 939 87 22 wound
609 939 81 30 along,
704 938 57 23 with
775 938 41 22 the
835 939 93 22 intense

85 972 99 22 interest
201 972 88 30 always
303 972 101 22 evinced
417 979 30 15 on
462 972 83 30 public
559 973 132 21 occasions.
727 972 11 22 I
752 972 59 22 wish
825 972 52 22 that
892 979 36 15 we

85 1005 46 22 had
146 1005 114 30 religious
272 1005 132 30 spectacles
416 1005 102 22 oftener.

136 1039 53 22 The
208 1039 123 28 initiatory
344 1039 56 22 rites
420 1038 28 23 of
459 1038 109 23 Bardism
587 1042 62 19 must
662 1039 61 22 have
736 1038 91 31 proved
847 1039 82 22 rather

84 1072 81 31 trying
179 1075 24 19 to
216 1072 40 22 the
270 1072 104 22 novices.
411 1072 53 22 The
477 1075 88 19 master
583 1072 28 22 of
621 1072 38 22 the
673 1072 98 22 novices
785 1080 47 14 was
847 1072 81 30 styled

85 1105 159 31 Gwyddnaw,
269 1105 41 22 the
335 1105 78 22 Priest
437 1105 28 23 of
486 1105 40 22 the
552 1105 68 31 Ship.
665 1105 46 23 His
736 1105 70 23 office
827 1113 50 15 was
902 1110 25 19 to

85 1138 107 23 conduct
209 1138 40 23 the
268 1138 88 22 Bardic
375 1138 139 23 candidates
536 1138 106 32 through
660 1146 15 15 a
692 1139 81 23 scenic
792 1143 136 27 represent-

85 1172 64 22 ation
159 1171 27 23 of
195 1172 39 22 the
245 1171 146 23 Patriarch's
401 1172 73 23 trials.
503 1171 52 23 The
569 1176 54 27 spot
636 1172 88 23 chosen
738 1173 20 22 is
768 1174 122 30 supposed
901 1177 25 19 to

85 1205 61 23 have
159 1206 60 22 been
234 1205 60 23 Sarn
308 1205 98 31 Badrig,
426 1214 28 14 or
469 1205 118 23 Patrick's
605 1205 142 32 Causeway,
761 1215 14 14 a
788 1207 137 30 dangerous

84 1239 66 23 shoal
173 1247 30 15 on
226 1239 40 23 the
287 1243 67 19 coast
372 1238 28 24 of
421 1239 229 27 Caernarvonshire,
670 1240 56 22 thus
746 1241 127 23 described
892 1241 35 30 by

85 1272 50 23 Mr.
155 1273 110 22 Pennant
275 1281 5 14 :
284 1287 33 3 —
343 1272 70 23 From
427 1281 66 15 some
508 1272 27 23 of
546 1273 40 22 the
604 1273 113 31 adjacent
735 1274 95 30 heights
848 1274 11 23 I
880 1275 47 23 had

85 1314 14 14 a
111 1306 43 23 full
168 1307 67 26 view,
250 1307 17 22 it
280 1306 73 31 being
366 1306 45 23 low
425 1310 80 23 water,
520 1306 27 23 of
556 1307 40 22 the
609 1307 59 31 long
681 1315 75 23 range
770 1307 27 24 of
805 1309 59 22 sand
878 1309 47 22 and

85 1340 83 30 gravel
181 1340 78 23 which
273 1348 56 14 runs
343 1340 62 23 from
418 1340 46 23 this
483 1343 67 20 coast
563 1343 152 28 twenty-two
734 1341 69 23 miles
820 1342 52 22 into
885 1342 41 23 the

84 1381 47 15 sea.
169 1374 22 22 It
210 1375 18 21 is
245 1374 141 29 deservedly
400 1374 77 23 called
491 1373 60 24 Sarn
570 1374 98 31 Badrig,
682 1382 27 15 or
728 1383 66 15 more
814 1375 113 32 properly

85 1406 146 31 Badrhwyg,
253 1407 191 30 Ship-breaking
464 1407 141 31 Causeway,
628 1408 60 23 from
714 1408 41 24 the
776 1409 104 23 number
901 1408 29 24 of

85 1440 88 23 vessels
185 1441 47 22 lost
245 1448 64 22 upon
324 1442 25 21 it.
386 1441 59 23 This
461 1441 67 23 shoal
543 1442 18 22 is
574 1442 43 31 dry
632 1444 25 20 at
669 1442 40 23 the
729 1442 46 23 ebb
795 1442 27 23 of
830 1444 97 29 spring-

332 1510 12 13 *
361 1511 114 24 Meyrick'*?
484 1512 114 23 Costumes,
609 1519 21 17 p.
641 1513 32 18 34.
