1023 1619
92 113 32 22 26

447 124 123 14 BARDISM.

92 178 122 31 theology.
251 179 52 24 The
317 181 81 30 public
409 181 149 31 processions
571 188 61 15 were
646 180 114 31 designed
775 183 24 20 to
813 180 62 30 keep
888 180 42 23 the

91 216 83 19 events
187 212 77 24 ofthe
280 214 64 23 flood
358 214 22 23 in
394 215 73 22 mind.
505 214 52 23 The
571 214 125 23 Patriarch
711 214 79 27 Noah,
803 214 78 22 under
894 214 36 22 his

91 245 88 24 Bardic
197 247 59 27 title,
271 247 42 23 Hu
328 248 41 23 the
384 248 104 31 Mighty,
503 248 46 22 had
564 248 35 22 his
615 252 129 26 sanctuary
759 248 23 21 in
797 255 28 15 an
844 247 86 22 island.

91 279 54 24 The
158 280 43 23 isle
213 280 29 23 of
252 280 106 32 Bardsey
371 282 41 22 has
426 282 60 22 been
501 281 84 23 named
600 289 25 14 as
638 282 40 21 the
716 281 124 22 residence
853 280 77 23 ofthe

91 313 118 31 Supreme
224 314 138 31 Proprietor
410 316 45 22 but
471 316 29 21 its
514 315 108 22 distance
624 328 32 2 —
658 314 83 31 nearly
754 314 68 23 three
831 314 99 30 leagues

89 347 62 23 from
166 347 40 23 the
219 348 121 23 mainland
346 363 33 3 —
385 349 46 22 and
446 349 40 22 the
499 348 136 31 dangerous
648 351 98 19 current
759 347 116 27 between,
889 355 41 15 are

90 381 175 23 unfavourable
289 385 25 20 to
339 382 39 23 the
403 382 147 31 conjecture.
596 380 53 23 The
674 381 96 22 ancient
792 388 69 15 name
882 389 48 15 was

90 414 155 31 Ynys-Enlli,
260 416 40 22 the
314 415 80 23 Island
408 416 23 21 in
445 416 40 22 the
499 415 114 23 Current.
645 413 53 23 The
713 413 103 28 Saxons,
827 414 103 23 because

87 449 23 22 in
121 449 63 23 their
191 450 60 29 days
259 449 41 23 the
312 449 76 23 Bards
398 449 46 23 fled
455 448 90 24 thither
555 447 35 24 for
598 447 92 32 refuge,
701 447 76 23 called
787 448 18 22 it
815 447 115 31 Bardsey.

89 482 52 24 The
160 483 88 26 shrine,
263 483 76 23 called
354 483 62 27 Ked,
431 483 40 23 the
485 482 63 28 Ark,
561 481 78 23 rested
659 482 23 21 in
696 481 29 23 its
745 481 87 31 temple
847 482 82 22 within

87 517 41 22 the
141 517 83 23 sacred
239 517 84 23 island.
361 517 67 23 Here
442 517 40 23 the
495 516 101 31 divinity
610 523 48 15 was
671 515 119 31 supposed
804 519 24 19 to
844 516 85 27 reside,

87 552 130 29 excepting
229 555 25 18 at
267 551 39 22 the
320 551 58 22 time
391 550 75 23 ofthe
480 550 91 23 solemn
584 549 158 31 processions.
779 548 52 24 The
845 548 85 25 festive

86 584 56 22 rites
157 584 76 23 lasted
252 592 14 14 a
281 584 73 27 week,
367 584 46 23 and
432 592 40 14 are
489 584 55 22 thus
563 583 126 23 described
709 583 33 30 by
758 583 117 22 Aneurim
887 591 5 15 :
896 598 33 3 —

112 617 27 23 In
153 618 41 22 the
207 617 92 23 festival
313 626 30 14 on
357 618 40 23 the
411 617 51 23 Eve
478 617 27 23 of
515 617 60 31 May
588 616 29 33 (a
628 617 76 28 grand
719 616 137 32 occasion),
870 617 58 31 they

86 651 121 23 celebrate
221 652 39 22 the
273 652 78 30 praise
364 651 28 23 of
402 652 41 22 the
457 650 67 32 Holy
538 650 75 28 Ones,
627 650 23 23 in
665 650 40 23 the
720 657 114 24 presence
847 651 29 22 of
886 650 41 23 the

85 685 125 32 purifying
223 685 43 23 fire
280 685 77 23 which
372 693 47 15 was
433 684 68 23 made
515 689 24 18 to
553 684 88 23 ascend
654 692 30 15 on
699 684 66 30 high.
798 683 38 23 On
849 684 76 22 Tues-

85 719 46 31 day
145 720 56 30 they
216 728 63 14 wear
295 720 62 22 their
373 719 60 22 dark
450 722 122 27 garments
591 717 36 32 (in
648 717 100 23 allusion
762 720 25 20 to
800 717 41 23 the
854 717 71 23 dark-

85 760 54 15 ness
161 753 27 23 of
204 753 39 23 the
262 753 43 23 ark
327 753 88 30 during
437 753 40 22 the
491 751 146 23 Patriarch's
659 750 184 32 confinement).
885 751 40 23 On

85 786 155 30 Wednesday
254 787 57 30 they
323 786 103 30 purified
446 786 62 23 their
521 785 45 23 fair
584 785 70 23 attire
671 784 148 32 (signifying
833 784 92 24 Noah's

85 821 142 22 restoration
241 824 25 19 to
279 820 83 31 light).
393 820 39 23 On
446 820 41 22 the
501 819 131 30 Thursday
644 819 57 30 they
712 818 65 31 truly
787 818 138 30 performed

84 854 62 23 their
159 855 47 22 due
219 855 65 22 rites.
322 853 39 24 On
380 854 41 23 the
441 853 88 30 Friday
543 853 41 22 the
598 853 94 22 victims
705 860 62 15 were
787 852 138 23 conducted

84 888 78 22 round
184 888 40 22 the
243 888 80 22 circle.
360 887 40 23 On
419 888 41 22 the
480 887 121 29 Saturday
621 886 63 23 their
702 886 83 23 united
804 886 121 23 exertions

84 929 62 14 were
163 921 121 32 displayed
299 921 101 22 without
417 921 40 22 the
477 920 103 23 circular
596 920 78 23 dome.
710 919 39 24 On
770 920 39 22 the
825 919 100 31 Sunday

83 955 41 22 the
138 963 52 15 men
207 955 55 23 with
281 955 42 22 red
342 955 83 22 blades
438 962 61 14 were
520 954 136 22 conducted
677 953 77 23 round
776 954 39 22 the
836 953 72 23 circle
919 963 6 17 ;

83 988 47 23 and
147 997 30 14 on
197 989 41 22 the
251 988 110 31 Monday
375 988 40 22 the
434 988 109 30 banquet
556 995 47 14 was
787 986 80 23 There
885 994 40 16 are

81 1029 15 15 a
114 1026 68 27 great
201 1030 71 23 many
285 1022 114 22 allusions
419 1021 56 23 here
494 1021 85 26 which,
597 1020 90 30 having
708 1028 29 15 no
754 1020 65 22 Bard
841 1025 24 17 at
884 1028 41 24 my

82 1055 86 26 elbow,
183 1055 10 22 I
207 1059 89 19 cannot
313 1055 148 22 understand
471 1065 5 15 ;
495 1054 43 22 but
551 1054 41 22 the
609 1054 44 22 last
665 1054 70 30 pithy
748 1054 84 22 record
852 1054 17 22 is
887 1054 37 22 in-

81 1088 116 31 telligible
208 1092 24 19 to
245 1089 41 22 the
300 1092 106 19 meanest
420 1088 118 30 capacit\'.
570 1087 10 22 I
592 1087 86 23 should
693 1087 47 22 like
754 1092 24 17 to
791 1087 60 22 have
862 1087 60 23 been

81 1125 105 27 present,
208 1122 47 23 and
276 1130 55 14 seen
350 1122 18 22 it
386 1121 48 23 all:
461 1121 87 22 should
567 1124 42 19 not
627 1129 57 23 you,
704 1120 105 23 reader?
849 1120 74 28 Well,

81 1156 54 22 who
157 1156 82 22 knows
248 1156 10 22 ?
279 1155 103 31 perhaps
401 1163 35 14 we
455 1162 63 15 were
538 1154 75 27 there,
631 1155 23 21 in
674 1153 69 24 other
762 1154 84 22 bodies
865 1155 58 23 than

81 1189 68 23 those
163 1190 78 22 which
255 1197 35 15 we
308 1197 53 15 now
378 1189 113 22 animate.
528 1187 53 23 The
599 1188 52 26 ark,
665 1188 17 22 it
700 1189 19 21 is
735 1188 125 31 probable,
875 1197 48 14 was

80 1223 90 29 shaped
185 1230 26 16 so
223 1230 25 15 as
266 1226 24 19 to
307 1223 59 22 bear
384 1230 65 14 some
468 1221 59 23 kind
545 1221 27 22 of
581 1222 162 22 resemblance
763 1225 24 19 to
799 1230 15 14 a
826 1222 97 23 beaver.

81 1256 60 23 This
150 1257 86 22 animal
249 1263 46 16 was
308 1256 116 30 regarded
434 1263 25 15 as
469 1263 14 15 a
492 1255 95 30 symbol
599 1255 73 23 ofthe
684 1255 134 23 Patriarch.
869 1256 53 23 The

81 1289 126 24 Patriarch
220 1290 46 23 had
286 1290 62 23 built
366 1288 97 23 himself
472 1296 14 15 a
499 1289 84 27 vessel,
602 1296 27 16 or
649 1290 82 26 house,
749 1289 24 22 in
792 1289 79 23 which
892 1290 30 22 he

80 1323 47 23 had
140 1324 63 22 lived
217 1324 21 22 in
253 1324 40 22 the
307 1324 71 22 midst
390 1322 28 24 of
428 1323 40 22 the
478 1326 93 22 waters,
582 1323 46 22 and
643 1323 77 23 which
735 1323 47 22 had
796 1323 126 30 deposited

80 1357 52 22 that
141 1357 127 22 venerable
279 1364 132 23 personage
423 1357 46 22 and
483 1357 37 22 his
530 1356 81 31 family
622 1357 50 22 safe
687 1364 63 23 upon
762 1357 45 30 dry
817 1357 104 30 ground.

81 1390 32 22 So
127 1390 41 22 the
180 1391 88 22 beaver
281 1391 19 22 is
312 1390 51 23 said
376 1394 25 18 to
414 1390 67 22 build
499 1398 14 14 a
532 1390 75 22 house
626 1390 28 22 of
664 1394 47 19 two
725 1390 92 28 stories,
831 1398 46 15 one
896 1390 29 23 of

79 1423 79 23 which
177 1424 19 22 is
214 1425 24 21 in
257 1424 40 22 the
311 1428 80 24 water,
405 1423 47 23 and
472 1423 39 23 the
531 1423 69 23 other
618 1424 78 22 above
714 1424 41 22 the
772 1428 81 24 water,
873 1424 48 23 and

80 1460 42 19 out
144 1457 28 22 of
189 1457 40 22 the
251 1457 72 23 latter
344 1458 29 22 he
396 1457 42 23 has
460 1465 29 15 an
512 1465 80 22 egress
613 1461 25 19 to
658 1457 43 30 dry
726 1458 104 29 ground.
869 1457 53 24 The

325 1530 12 14 *
353 1531 113 25 Meyrick's
477 1532 115 23 Costumes,
604 1539 19 17 p.
636 1532 32 18 32.
