1023 1619
443 116 130 16 BARDISM.

895 110 32 22 27

84 173 98 23 fanciful
210 174 86 31 genius
323 173 29 24 of
373 174 149 23 heathenism
549 174 71 24 could
645 178 42 20 not
709 175 61 23 have
794 175 136 24 demanded

84 215 28 14 or
127 207 141 23 discovered
283 216 14 14 a
310 216 66 15 more
394 208 81 31 happy
488 209 158 23 coincidence
664 209 55 23 with
739 209 41 23 the
799 210 92 30 history
905 209 23 23 in

85 241 39 23 the
138 241 107 23 diluvian
459 236 53 29 The
526 242 89 23 beaver
627 243 19 22 is
663 246 42 20 not
723 246 24 20 to
766 243 30 23 be
814 242 77 24 found
903 242 29 23 of

85 274 82 24 Wales
180 279 25 19 at
217 279 98 26 present
325 285 5 17 ;
349 276 47 22 and
410 283 66 16 some
493 276 61 23 have
574 276 109 23 affirmed
700 277 52 23 that
764 277 18 22 it
797 284 72 16 never
881 284 49 15 was

85 309 77 26 there,
176 310 45 22 but
234 310 40 22 the
289 312 63 21 otter
364 310 64 30 only.
463 309 129 28 However,
607 310 60 23 local
681 317 82 16 names
776 314 101 27 support
890 311 40 22 the

85 343 114 23 tradition
211 352 5 16 ;
228 351 26 15 as
268 343 66 23 Nant
347 343 118 27 Francon,
476 344 40 22 the
525 344 85 31 Valley
622 343 76 23 ofthe
709 344 100 27 Beaver,
821 344 22 22 in
856 344 75 22 Caer-

85 377 166 22 narvonshire.
289 377 53 22 The
355 380 15 24 f
377 377 71 22 black
466 377 88 22 beaver
566 385 48 14 was
632 377 41 22 the
692 377 56 22 final
762 385 71 15 cause
851 377 80 23 ofthe

85 410 96 31 deluge.
218 410 40 22 He
276 410 18 22 it
306 418 47 15 was
371 411 53 22 who
442 411 97 30 pierced
560 411 40 22 the
620 410 62 32 dyke
700 410 78 23 which
797 411 133 30 supported

87 443 41 23 the
142 443 77 24 Great
229 443 68 23 Lake
307 454 5 17 ;
325 444 47 22 and
387 444 88 31 having
490 443 137 32 performed
640 445 47 21 this
699 444 160 23 mischievous
872 443 57 28 feat,

86 477 31 22 he
130 482 64 18 went
206 477 70 23 down
294 481 25 19 to
338 477 41 24 the
395 478 93 23 bottom
509 477 77 23 ofthe
604 478 79 31 abyss,
698 478 105 26 whence,
817 477 60 23 after
889 477 41 23 the

86 511 96 31 deluge,
196 511 45 23 lest
255 511 29 23 he
297 511 87 23 should
397 512 31 22 do
442 512 40 22 the
495 511 48 23 like
556 512 79 30 again,
650 511 29 23 he
692 520 48 14 was
758 511 75 23 fished
852 519 31 22 up
897 511 33 30 by

86 545 42 22 the
146 545 163 31 superhuman
330 545 81 23 efforts
430 545 28 22 of
466 545 44 22 Hu
529 545 41 23 the
584 544 108 32 Mighty,
706 545 119 22 seconded
845 545 30 31 by
893 544 37 23 his

86 578 94 23 famous
194 587 62 14 oxen
271 579 40 22 the
328 578 94 23 Ychain
444 578 113 31 Banawg.
594 578 65 22 Poor
677 578 100 23 animals
789 577 5 23 !
814 578 57 31 the}'
889 578 41 22 de-

85 612 87 23 served
192 620 14 15 a
226 613 79 22 better
325 611 57 23 fate.
419 611 54 24 One
495 611 27 23 of
538 612 73 26 them,
633 612 23 22 in
676 612 109 30 drawing
803 607 64 27 forth
890 612 40 23 the

86 646 90 26 Afanc,
190 646 165 22 overstrained
372 645 105 28 himself,
495 653 26 15 so
538 646 53 22 that
610 645 36 22 his
665 653 56 22 eyes
739 645 91 23 started
849 648 42 20 out
908 644 25 24 of

85 680 64 22 their
161 679 104 27 sockets,
279 680 47 22 and
344 680 29 22 he
388 679 107 30 dropped
515 680 69 22 down
598 679 61 22 dead
673 679 67 22 when
760 679 36 22 his
815 679 52 23 task
881 686 48 16 was

85 720 66 16 over.
195 713 53 23 The
267 713 77 27 other,
361 714 86 29 pining
466 712 38 24 for
522 713 37 22 his
577 713 153 29 companion,
749 712 98 23 refused
865 712 65 27 food,

86 747 48 22 and
153 747 129 22 wandered
300 747 76 22 about
392 747 168 26 disconsolate,
578 746 43 27 till,
640 753 64 16 worn
725 749 44 20 out
788 749 24 20 at
830 746 51 26 last,
900 746 30 23 he

86 780 56 22 died
162 784 25 19 at
203 788 14 14 a
234 780 67 30 place
320 780 76 22 called
416 780 61 22 Llan
492 780 69 22 Dewi
579 780 79 26 Brevi,
674 787 28 15 or
720 779 33 23 St.
769 779 101 23 David's
887 780 41 22 the

86 813 128 32 Lowing,;);
230 814 24 22 in
269 813 196 32 Cardiganshire,
479 822 25 14 so
519 813 85 22 named
619 813 60 22 from
697 813 40 22 the
750 813 85 22 dismal
848 820 82 15 moan-

86 847 54 30 ings
152 848 29 22 of
192 843 40 27 the
245 848 83 22 sacred
343 855 38 15 ox.
419 846 52 23 The
485 847 112 30 villagers
613 846 114 31 formerly
742 846 121 22 exhibited
878 854 24 14 as
916 854 14 14 a

87 881 59 22 relic
163 889 14 14 a
196 881 66 31 large
284 881 67 26 horn,
371 881 51 22 said
444 884 25 19 to
488 880 61 22 have
571 879 120 32 belonged
711 884 25 18 to
757 887 46 15 one
821 879 28 23 of
868 879 61 22 Hu's

87 922 63 15 oxen
160 924 5 17 ;
184 915 47 22 and
246 914 9 23 I
271 914 57 23 dare
341 922 49 23 say,
405 922 61 14 were
479 922 46 23 any
539 912 28 23 of
577 921 39 23 my
630 913 95 22 readers
743 917 23 18 to
780 920 31 23 go
824 913 46 22 and
888 912 42 23 ask

87 951 25 20 to
125 956 40 15 see
179 949 17 21 it
198 963 33 3 —
233 948 78 22 which
325 947 11 23 I
350 948 62 30 hope
427 947 55 32 they
498 947 44 22 will
545 961 32 2 —
580 947 39 22 the
633 947 59 22 horn
707 946 79 22 would
805 947 28 22 be
847 947 82 22 shown

86 983 80 29 again,
195 982 28 22 ln
234 982 47 22 this
293 981 102 23 Druidic
405 981 63 23 fable
482 981 39 22 the
533 980 82 23 Afanc
627 988 76 15 seems
716 984 24 18 to
754 980 30 22 be
797 980 133 31 ultimately-

87 1015 119 23 referable
221 1019 24 19 to
259 1016 40 22 the
311 1015 124 23 Patriarch
450 1013 102 27 himself,
566 1022 27 14 or
605 1017 25 19 to
644 1014 39 22 the
697 1014 42 22 ark
750 1014 141 22 considered
905 1022 25 15 as

86 1049 37 23 his
141 1049 91 27 shrine,
250 1050 45 22 and
316 1049 121 29 supposed
456 1052 24 18 to
499 1049 61 21 have
579 1048 59 22 been
660 1047 131 23 extricated
811 1047 58 22 from
890 1048 40 22 the

86 1087 87 19 waters
191 1083 28 22 of
230 1083 39 22 the
284 1083 87 29 deluge
389 1082 31 30 by
434 1082 41 22 the
493 1081 83 23 sacred
596 1089 69 15 oxen.
703 1080 52 23 The
770 1081 107 30 drawing
890 1081 40 22 the

87 1116 82 23 Afanc
188 1117 62 22 from
270 1117 41 22 the
324 1116 54 23 lake
389 1123 47 15 was
449 1115 41 23 the
504 1118 62 20 most
579 1115 102 30 popular
693 1114 27 23 of
731 1115 39 22 the
787 1115 142 29 symbolical

86 1150 58 22 rites
157 1150 27 22 of
194 1150 118 22 Bardism.
350 1150 40 22 On
405 1150 40 22 the
460 1150 111 29 morning
584 1149 61 22 after
659 1148 59 31 May
732 1148 60 26 Eve,
807 1148 67 22 when
889 1149 41 22 the

86 1192 61 22 song
168 1183 27 23 of
209 1184 41 23 the
271 1183 95 23 cuckoo
387 1183 123 23 convened
531 1183 40 22 the
588 1183 131 29 appointed
740 1182 76 23 dance
837 1189 31 15 on
890 1182 40 23 the

86 1225 83 23 green,
190 1218 41 22 the
252 1225 121 23 gorgeous
394 1216 148 23 ceremonies
562 1216 165 22 commenced.
771 1215 53 23 The
846 1216 84 22 sacred

86 1259 71 19 oxen,
173 1251 119 26 hunched,
306 1250 28 23 of
344 1251 40 22 the
401 1251 53 22 best
467 1249 82 27 breed,
563 1249 174 31 distinguished
752 1249 76 22 either
844 1249 32 30 by
889 1249 41 22 the

86 1285 49 22 size
154 1284 28 23 of
197 1285 62 22 their
278 1285 71 21 horns
371 1292 27 14 or
418 1291 66 15 some
505 1283 110 31 peculiar
633 1282 75 28 mark,
729 1290 62 15 were
808 1282 120 23 stationed

86 1317 85 24 before
184 1319 40 22 the
237 1318 62 26 lake,
314 1318 97 23 whence
428 1318 58 30 they
499 1317 66 22 drew
578 1317 40 22 the
635 1317 80 21 shrine
734 1315 60 23 from
813 1316 40 22 the
873 1316 57 31 holy

86 1352 86 26 island,
190 1352 106 30 through
317 1352 39 22 the
375 1351 98 23 shallow
491 1354 80 23 water,
590 1354 24 18 to
633 1350 41 22 the
692 1349 44 31 dry
751 1349 103 31 ground.
893 1350 37 22 As

85 1386 43 23 the
146 1393 63 16 oxen
229 1386 65 22 drew
307 1385 41 23 the
366 1385 88 26 shrine,
473 1384 41 23 the
533 1384 68 22 choir
620 1391 61 23 sung
694 1391 15 14 a
720 1383 67 30 piece
807 1382 28 23 of
845 1384 84 25 music,

84 1420 48 23 still
151 1420 88 23 known
256 1422 25 20 to
298 1426 13 16 a
328 1418 46 23 few
394 1426 97 22 persons
510 1418 22 22 in
548 1417 89 28 Wales,
658 1417 46 22 and
724 1416 75 24 called
819 1416 75 24 Cainc
913 1425 16 23 y

210 1474 12 13 *
238 1474 82 23 Davies,
331 1480 21 18 p.
363 1472 47 20 267.

209 1502 14 23 t
237 1501 118 19 Michelet's
366 1500 86 25 History
461 1499 23 19 of
493 1499 83 23 France,
587 1505 20 20 p.
619 1498 46 24 347,
677 1498 113 27 Appendix.

211 1530 9 24 I
237 1528 82 19 Davies'
331 1527 129 26 Mythology,
471 1532 20 20 p.
504 1526 45 19 140.
