1023 1619
872 102 44 23 121

355 110 53 16 THE
423 110 90 16 WELSH
527 110 115 16 CHURCH.

77 168 78 24 serent
167 169 130 31 capacities
310 170 46 22 and
370 170 164 30 dispositions,
547 170 41 23 the
602 170 121 23 functions
740 170 28 23 of
784 170 39 23 the
842 170 78 23 active

78 203 45 22 and
144 203 188 31 contemplative
348 203 50 29 life,
420 212 66 14 some
505 212 62 14 were
591 204 127 31 employed
739 205 23 22 in
783 204 79 31 tilling
880 204 40 22 the

78 237 102 31 ground,
194 237 100 32 tending
308 238 40 22 the
360 237 80 27 cattle,
454 237 48 23 and
514 237 122 23 such-like
653 237 90 28 offices,
757 237 38 24 for
812 238 41 23 the
872 246 49 14 ser-

78 273 53 21 vice
144 270 28 24 of
183 271 38 23 the
235 272 149 31 community
395 281 6 17 ;
419 271 81 23 others
513 272 23 22 in
550 271 78 23 works
638 271 28 23 of
676 272 93 31 charity
780 272 46 23 and
840 272 80 31 hospi-

78 305 70 30 tality
163 304 36 24 for
212 306 40 22 the
266 305 70 23 relief
345 306 46 22 and
405 306 129 23 assistance
547 304 26 24 of
582 305 64 23 their
658 306 148 30 neighbours
815 315 5 17 ;
839 306 81 22 others

79 347 63 15 were
155 339 88 31 wholly
257 340 70 30 given
342 343 24 20 to
380 339 40 24 the
432 339 72 31 study
515 339 76 23 ofthe
607 338 66 32 Holy
684 339 144 30 Scriptures,
839 340 80 22 divine

80 373 149 27 meditation,
250 374 47 22 and
318 374 97 30 praises,
437 376 110 28 amongst
568 373 79 23 whom
667 373 29 23 he
715 380 26 16 so
763 373 98 23 divided
880 373 41 23 the

81 407 157 30 twenty-four
251 408 72 22 hours
336 407 28 23 of
374 408 40 22 the
427 408 48 29 day
488 407 46 23 and
548 407 69 30 night
630 407 51 23 that
695 407 40 23 the
754 407 80 22 divine
852 407 69 23 office

80 447 48 16 was
142 448 74 15 never
228 441 166 22 discontinued
409 441 22 22 in
446 441 40 22 the
500 441 98 27 church,
613 441 44 22 but
669 448 66 15 some
748 444 54 27 part
818 440 27 23 of
854 441 66 22 them

80 481 64 15 were
157 478 24 19 at
194 483 72 23 every
280 475 61 22 hour
353 475 95 31 singing
461 475 41 23 the
514 475 90 31 praises
622 474 26 23 of
658 474 56 23 God
726 484 5 17 ;
750 477 43 19 out
808 474 28 22 of
845 474 74 27 these,

81 508 80 30 again,
180 508 29 23 he
228 509 69 22 made
318 508 85 24 choice
423 508 26 23 of
466 508 92 23 several
576 507 28 24 of
622 508 41 22 the
685 507 52 24 best
758 507 115 32 qualified
895 512 25 18 to

80 542 90 31 preach
188 542 41 23 the
248 542 65 23 word
329 542 27 23 of
370 543 64 26 God,
448 542 45 23 and
513 546 24 19 to
556 542 68 23 assist
642 542 49 22 him
710 542 24 22 in
752 541 37 23 his
802 541 117 31 apostolic

256 575 37 23 He
313 576 46 23 had
377 576 135 23 conducted
531 584 14 15 a
563 579 136 28 monastery
713 579 24 19 at
753 574 116 32 Glasgow
888 583 29 15 on

81 609 41 23 the
140 617 65 15 same
223 610 136 30 principles,
378 610 48 23 and
443 613 54 20 sent
514 610 160 22 missionaries
693 609 86 23 thence
798 612 25 19 to
843 608 77 24 Great

83 642 100 27 Britain,
198 644 40 22 the
252 643 100 31 Orkney
367 644 97 26 islands,
475 644 47 22 and
535 650 58 16 even
605 646 25 20 to
640 643 106 31 Norway
757 643 46 23 and
813 642 107 24 Iceland.

80 676 34 23 St.
131 676 133 31 Kentigern
279 685 47 15 was
340 677 86 23 almost
438 677 90 31 always
541 685 30 15 on
586 677 58 27 foot,
658 677 30 23 he
702 677 78 23 would
794 677 75 23 travel
888 684 31 16 no

80 711 70 22 other
163 718 60 24 way,
237 711 140 31 preaching,
391 711 131 32 baptizing,
536 711 47 22 and
597 711 110 30 building
718 721 5 17 ;
743 711 30 22 he
787 718 73 15 never
872 718 47 15 saw

80 751 14 15 a
106 744 68 30 place
188 744 77 23 which
279 744 92 23 wanted
386 752 13 15 a
412 744 91 23 church
517 745 51 22 that
581 744 31 23 he
625 744 71 22 could
713 749 49 17 rest
775 744 34 22 till
823 744 30 22 he
872 744 46 22 had

80 782 44 26 put
138 786 45 14 one
197 778 76 23 there.
337 778 53 23 The
404 778 116 31 austerity
534 777 28 23 of
572 778 36 22 his
621 777 42 23 life
762 785 34 15 we
808 785 40 15 are
862 777 58 28 told,

105 811 133 23 admirable
282 812 116 31 certainly
411 812 19 22 it
442 820 48 14 was
503 812 72 22 much
589 819 65 14 more
668 815 23 19 to
704 811 31 23 be
747 811 107 22 admired
864 811 56 22 than

81 844 116 24 imitated.
251 845 22 23 It
284 853 47 14 was
344 845 68 23 usual
423 845 58 23 with
494 846 48 21 him
557 849 23 18 to
593 848 38 20 eat
644 845 44 22 but
703 853 60 15 once
777 845 23 22 in
814 844 67 23 three
895 853 26 15 or

81 877 56 24 four
234 892 32 3 —
268 879 40 23 the
321 879 94 31 worthy
426 879 145 31 biographer
584 886 79 15 means
677 879 80 31 eating
768 887 13 14 a
790 877 129 32 belly-full,

82 912 40 23 the
140 912 70 24 Saint
223 916 63 19 must
299 913 60 22 have
373 913 47 22 had
432 913 138 30 something
586 920 72 23 every
672 913 55 29 day,
734 926 34 3 —
862 912 56 23 then

81 945 36 23 his
137 946 55 23 food
211 954 48 15 was
277 946 57 30 only
348 946 74 23 bread
441 946 46 23 and
506 946 66 26 milk,
586 954 27 15 or
624 946 85 23 cheese
722 946 46 22 and
782 946 88 27 butter,
884 946 37 23 for

81 980 30 22 he
125 980 87 31 wholly
226 980 123 23 abstained
360 979 62 24 from
436 980 65 27 flesh,
514 981 69 25 wine,
595 980 46 23 and
652 980 29 23 all
695 983 83 27 strong
789 979 71 23 drink
869 989 5 17 ;
891 980 30 23 he

80 1013 89 31 always
183 1021 64 15 wore
260 1017 57 20 next
337 1017 25 20 to
382 1014 36 22 his
437 1014 66 30 body
515 1021 13 15 a
542 1014 76 30 rough
639 1014 124 22 hair-shirt
771 1023 5 17 ;
798 1014 36 22 his
854 1014 67 23 habit

80 1055 48 15 was
141 1055 14 15 a
167 1051 110 27 garment
291 1048 69 22 made
378 1047 28 23 of
419 1048 123 30 goat-skin
554 1057 5 16 ;
581 1048 36 22 his
636 1048 47 22 bed
701 1055 13 15 a
734 1047 57 23 kind
810 1048 27 22 of
851 1051 69 20 stone

80 1081 79 27 coffin,
170 1081 101 23 strewed
286 1081 55 22 with
359 1081 77 27 ashes,
450 1088 58 16 over
521 1081 77 23 which
613 1081 29 22 he
656 1081 84 31 spread
754 1089 14 14 a
780 1081 54 23 hair
846 1082 73 27 cloth,

80 1115 47 22 and
141 1115 47 22 had
201 1123 14 14 a
227 1119 68 18 stone
307 1114 35 23 for
354 1115 36 22 his
403 1114 80 31 pillow
492 1125 5 17 ;
514 1114 63 23 after
590 1123 13 14 a
615 1114 68 23 short
695 1115 73 31 sleep,
782 1115 30 22 he
825 1115 94 31 usually

80 1156 53 15 rose
153 1148 22 22 in
195 1148 41 23 the
255 1148 76 32 night,
345 1149 47 22 and
405 1149 75 31 going
493 1149 50 22 into
564 1148 53 24 cold
631 1153 82 24 water,
727 1149 68 23 there
812 1158 59 23 sang
890 1149 30 24 all

80 1182 41 22 the
135 1190 45 14 one
194 1182 109 23 hundred
316 1182 46 23 and
376 1182 52 32 fifty
437 1182 94 23 Psalms
545 1186 24 19 to
582 1182 40 23 the
636 1183 77 30 praise
724 1182 28 23 of
759 1183 37 22 his

82 1215 67 23 Such
162 1224 48 14 was
224 1216 39 23 the
282 1219 55 20 turn
354 1216 149 31 evangelical
524 1216 100 31 religion
646 1216 58 23 took
723 1217 23 21 in
766 1216 68 24 those
853 1218 66 30 days.

80 1249 12 23 I
105 1257 39 15 am
157 1249 75 23 afraid
245 1250 52 23 that
310 1250 66 23 there
393 1258 40 15 are
453 1255 42 18 not
514 1258 72 22 many
600 1250 80 23 whose
700 1251 112 22 devotion
834 1258 85 23 ranges

80 1286 25 20 at
116 1291 27 15 so
157 1283 57 31 high
228 1291 14 15 a
255 1287 163 27 temperature
431 1291 25 15 as
469 1287 24 20 to
507 1284 59 23 bear
577 1287 25 19 to
621 1283 61 23 have
701 1284 55 23 cold
774 1287 74 20 water
864 1285 55 23 thus

80 1318 95 22 thrown
190 1324 64 23 upon
269 1318 24 22 it.
322 1317 85 24 Under
419 1318 40 22 the
472 1318 110 30 auspices
596 1317 28 23 of
632 1317 123 30 Maelgwn
764 1317 154 32 Gwynnedd,

80 1351 55 23 who
155 1350 62 23 from
236 1358 29 16 an
284 1358 86 24 enemy
382 1351 88 23 turned
486 1354 25 20 to
524 1359 14 15 a
555 1351 47 23 fast
615 1350 86 28 friend,
716 1350 35 24 St.
766 1350 154 33 Kentigern's

79 1388 139 28 monastery
231 1385 100 22 became
343 1385 41 22 the
400 1388 52 19 seat
470 1384 28 23 of
514 1393 15 14 a
547 1385 106 30 bishop's
672 1392 47 15 see.
755 1385 40 23 He
812 1385 64 24 lived
895 1386 22 22 in

79 1418 83 23 Wales
182 1426 72 24 many
273 1426 76 24 ye?rs,
370 1418 34 23 till
426 1418 36 22 his
483 1418 39 23 old
542 1418 64 22 flock
627 1418 114 23 returned
763 1422 25 19 to
806 1427 14 15 a
840 1420 80 23 better

78 1452 75 29 mind,
167 1452 47 23 and
233 1452 91 30 prayed
343 1456 24 19 to
388 1451 60 23 have
466 1452 49 22 him
533 1452 70 30 again
613 1462 6 17 ;
637 1460 26 14 so
685 1452 28 23 he
729 1457 64 19 went
812 1453 62 24 back
893 1457 25 21 to

317 1527 13 13 *
341 1527 105 19 Britannia
457 1527 79 24 Sancta,
547 1527 39 19 vol.
598 1527 14 19 i.
624 1534 20 17 p.
653 1527 32 19 36.

801 1563 14 15 G
