1023 1619
88 117 47 23 102

363 126 54 16 THE
430 126 92 16 WELSH
536 124 117 18 CHURCH.

88 183 66 23 edict
166 191 48 14 was
226 182 122 29 enforced,
363 184 46 23 and
422 184 41 23 the
476 184 74 23 heads
563 182 28 24 of
605 182 41 23 the
659 183 70 28 party
742 179 124 23 banished.
903 179 30 23 In

89 216 70 23 519*
173 224 35 15 we
218 217 80 30 again,
308 218 46 22 and
364 217 39 23 for
414 218 41 22 the
468 218 43 22 last
525 218 66 25 time,
602 215 51 23 find
662 213 162 32 Pelagianism
834 213 99 32 making

88 249 145 24 formidable
246 250 127 23 advances.
409 251 23 22 A
446 251 78 29 synod
537 257 48 16 was
598 249 55 23 held
667 251 25 19 at
706 246 79 27 Brevi,
800 246 133 31 Cardigan-

88 284 71 26 shire,
173 283 77 23 under
263 283 136 28 Dubritius,
413 284 146 29 archbishop
570 282 27 23 of
607 282 119 24 Caerleon
737 290 5 18 ;
754 281 41 22 the
806 280 127 31 Pelagians

88 317 91 31 having
204 317 41 23 the
269 317 53 23 best
340 317 27 23 of
389 318 41 22 the
454 319 138 28 argument,
617 323 28 16 or
671 315 41 23 the
739 315 53 23 best
812 314 121 31 speakers,

88 350 127 28 Paulinus,
227 358 15 15 a
253 351 96 30 bishop,
363 351 121 31 proposed
496 351 53 22 that
561 351 41 22 the
615 348 74 24 monk
701 348 83 23 David
797 348 87 23 should
903 348 30 24 be

88 384 142 23 summoned
240 393 5 13 :
259 384 41 22 the
314 392 147 23 messengers
474 384 75 22 found
563 384 48 22 him
626 384 24 21 in
664 383 36 22 his
713 382 45 23 cell
771 383 46 22 and
828 381 44 24 left
884 382 49 23 him

88 418 77 27 there,
190 417 37 23 for
251 417 30 23 he
304 418 81 22 would
412 420 42 20 not
480 424 70 16 come
576 417 58 22 with
665 417 74 22 them.
789 416 35 23 At
849 416 84 31 length

88 451 131 24 Dubritius
227 451 23 23 in
262 459 86 23 person
359 455 63 19 went
435 454 24 19 to
473 451 46 30 beg
534 450 35 23 his
582 450 145 23 attendance
739 460 5 18 ;
756 450 30 22 he
797 457 75 20 came,
886 450 47 24 and

88 485 147 31 conquered.
271 484 60 24 This
345 485 19 23 is
377 493 45 15 our
434 484 52 23 first
499 484 164 23 introduction
678 488 25 19 to
716 484 40 22 the
765 488 68 27 great
842 483 91 23 Patron

89 519 70 24 Saint
171 519 27 23 of
215 518 89 28 Wales,
318 520 24 22 in
355 519 81 24 whose
450 518 85 23 favour
553 518 131 23 Dubritius
706 518 89 30 having
812 517 121 32 resigned,

88 553 30 24 he
132 553 99 23 became
244 554 103 29 primate
363 553 27 23 of
407 553 40 23 the
469 552 130 23 Cambrian
620 551 107 27 Church,
749 551 48 24 and
818 551 115 24 removed

88 587 41 23 the
143 587 168 29 metropolitan
325 594 39 16 see
377 586 62 24 from
453 586 119 24 Caerleon
587 589 24 20 to
624 585 126 24 Menevia.

141 621 112 22 Another
271 619 103 24 interval
392 620 28 23 of
436 620 75 23 about
526 620 82 30 eighty
622 627 71 22 years
709 620 82 30 brings
811 627 27 15 us
855 622 23 20 to
892 618 41 24 the

89 654 87 23 arrival
197 654 28 23 of
242 653 35 24 St.
303 654 148 31 Augustine.
496 653 67 31 Pope
589 649 113 35 Gregory
725 653 42 23 the
794 652 84 28 Great,
900 660 33 16 on

88 688 102 30 sending
204 688 138 30 Augustine
354 688 50 22 into
419 687 121 31 England,
555 687 157 23 consecrated
729 687 50 22 him
798 687 78 22 under
890 686 43 24 the

88 721 53 23 title
154 721 28 23 of
191 721 90 30 Bishop
295 721 26 22 of
331 721 41 23 the
386 721 110 31 English.
533 720 46 23 His
598 721 151 22 commission
769 728 42 15 ran
832 721 64 27 thus,
899 732 34 5 —

115 754 46 23 We
182 755 99 22 commit
302 758 24 19 to
346 755 64 27 thee,
433 762 45 15 our
496 754 107 27 brother,
622 754 31 22 all
671 754 41 22 the
730 754 98 30 bishops
847 753 28 23 of
890 754 43 22 the

88 788 127 32 provinces
233 787 27 24 of
276 787 101 28 Britain,
400 788 53 23 that
471 788 40 23 the
529 788 133 22 unlearned
679 788 31 22 be
731 787 141 28 instructed,
891 787 18 22 tl
919 795 13 15 e

88 821 68 24 weak
174 822 30 23 be
222 822 174 31 strengthened
414 822 33 31 by
464 821 148 31 persuasion,
632 822 41 22 the
693 829 112 23 perverse
828 821 29 23 be
877 828 56 16 cor-

88 855 84 24 rected
191 856 33 30 by
242 856 124 30 authority
375 864 6 15 :
406 856 47 22 and
472 855 69 28 thou,
559 863 45 15 our
625 855 107 27 brother,
745 854 64 23 shalt
828 854 60 23 have
908 855 23 22 in

88 889 144 30 subjection,
246 892 43 20 not
307 889 57 31 only
376 889 70 23 those
464 889 99 30 bishops
579 889 81 22 whom
678 888 59 23 thou
756 888 63 23 shalt
838 888 95 29 ordain,

89 931 44 15 nor
153 923 66 23 those
238 923 58 30 only
309 923 54 23 who
380 923 61 23 shall
460 923 60 22 have
540 923 61 22 been
620 922 114 23 ordained
752 922 32 31 by
797 922 42 23 the
852 922 81 23 Arch-

89 957 87 29 bishop
195 956 28 23 of
239 956 75 28 York,
334 957 45 23 but
397 957 49 23 also
464 956 32 24 all
515 956 40 23 the
574 956 83 31 clergy
675 955 28 24 of
719 956 101 27 Britain,
839 956 33 30 by
892 956 41 23 tho

89 991 126 29 authority
228 990 27 23 of
268 998 43 15 our
330 990 66 23 Lord
413 990 72 23 Jesus
617 993 14 24 f
668 989 68 23 With
752 990 66 22 these
832 990 79 22 credet
922 1002 11 5 -

89 1024 61 27 tials,
165 1024 75 22 about
259 1024 58 27 600,
337 1024 36 22 St.
388 1024 139 30 Augustine
546 1023 95 23 crossed
661 1023 40 23 the
721 1022 81 24 Saxon
822 1022 109 29 frontier,

88 1058 48 22 and
158 1058 127 29 presented
304 1057 99 23 himself
420 1058 23 22 in
465 1057 101 27 Britain,
588 1056 107 23 reduced
713 1059 25 20 to
756 1064 59 23 very
836 1064 96 16 narrow

88 1091 80 27 limits,
182 1091 48 22 aud
243 1091 141 22 threatened
398 1091 57 22 with
468 1091 46 22 still
530 1090 93 23 further
634 1090 161 30 aggressions.
831 1090 101 30 Augus-

88 1124 57 27 tine,
160 1124 97 30 coming
275 1124 61 22 from
356 1124 40 22 the
414 1127 71 19 court
502 1124 28 22 of
546 1123 134 28 Ethelbert,
694 1123 40 23 did
751 1127 43 19 not
811 1124 69 22 make
894 1124 38 22 his

88 1165 150 23 appearance
252 1157 76 22 under
342 1157 40 22 the
399 1161 63 18 most
478 1157 140 22 favourable
631 1157 109 30 auspices
749 1167 6 17 ;
773 1157 59 22 bent
845 1165 30 14 on
889 1157 42 23 the

89 1191 145 23 benevolent
247 1191 95 22 scheme,
356 1190 28 23 of
398 1191 94 31 uniting
506 1190 40 23 the
563 1190 126 28 churches,
702 1190 31 22 he
751 1198 77 15 seems
844 1190 87 33 hardly

88 1229 25 19 to
127 1225 60 23 have
201 1224 71 23 taken
292 1224 50 23 into
360 1224 120 23 sufficient
497 1223 177 24 consideration
689 1224 106 30 political
810 1224 122 23 relations.

89 1258 41 24 He
151 1258 71 23 loved
245 1258 39 23 the
304 1257 93 24 Saxons
415 1266 26 14 as
458 1258 37 23 his
516 1266 52 14 own
590 1257 116 27 children,
732 1258 79 22 whom
831 1258 30 23 he
883 1258 49 23 had

88 1293 116 30 begotten
222 1292 23 22 in
264 1292 39 22 the
321 1291 60 24 faith
391 1301 6 17 ;
420 1292 23 22 in
462 1291 40 24 the
513 1299 56 23 eyes
583 1290 28 23 of
626 1291 41 23 the
682 1291 98 23 Britons
798 1292 57 31 they
869 1300 63 15 were

89 1326 68 23 cruel
175 1326 46 22 and
240 1325 92 23 lawless
354 1325 117 23 invaders.
513 1325 54 22 The
588 1325 52 23 first
658 1324 145 24 conference
822 1326 110 23 between

91 1359 40 23 the
144 1359 99 31 bishops
256 1359 47 23 and
316 1359 86 23 abbots
414 1358 28 24 of
452 1359 40 23 the
506 1358 90 23 British
617 1359 99 23 Church
731 1359 47 23 and
792 1359 140 30 Augustine

90 1400 48 15 was
150 1393 64 27 held,
228 1400 25 15 as
271 1393 113 23 tradition
397 1400 65 18 runs,
474 1392 78 23 under
564 1400 30 15 an
607 1393 56 27 oak,
677 1393 78 23 called
775 1391 158 32 Augustine's

90 1426 54 27 oak,
158 1430 24 19 at
198 1425 140 30 Ossentree,
354 1434 59 16 near
432 1426 107 26 Merton,
553 1426 213 28 Worcestershire,
784 1434 27 15 or
826 1430 24 19 at
867 1427 66 23 Aust

90 1458 82 31 Ferry,
187 1459 50 23 Old
250 1459 112 31 Passage.
398 1460 53 23 The
467 1460 101 30 Apostle
581 1460 26 23 of
622 1460 40 23 the
676 1460 93 23 Saxons
782 1460 75 30 spoke
871 1460 60 23 first.

137 1502 12 14 *
165 1503 72 19 Rees's
248 1504 72 24 Essay,
331 1511 21 18 p.
363 1505 47 19 191.

139 1534 10 15 +
165 1530 121 19 Williams's
297 1531 82 25 Cymry,
391 1538 33 19 pp.
437 1532 100 19 140-144.
567 1532 72 20 Rees's
650 1532 72 25 Essay,
733 1538 34 19 pp.
780 1532 100 20 284-294.
