1023 1619
91 104 49 23 118

369 113 54 16 THE
436 113 90 16 WELSH
541 113 116 16 CHURCH.

91 171 99 28 scopate
203 168 28 24 of
242 168 34 25 St.
291 169 111 24 David's.
438 171 29 22 In
480 171 41 23 the
535 171 67 32 early
614 174 54 28 part
681 169 28 24 of
720 170 40 23 the
773 168 93 25 twelfth
881 177 56 15 cen-

91 206 65 27 tury,
170 203 40 23 the
225 203 100 31 English
339 204 47 23 had
397 204 88 31 gained
498 213 15 14 a
524 204 55 23 firm
598 204 96 32 footing
712 204 24 22 in
751 203 78 24 South
844 203 91 23 Wales.

92 236 55 24 The
165 237 96 23 diocese
277 237 28 23 of
317 237 35 23 St.
365 237 102 23 David's
484 238 42 22 fell
539 237 83 24 within
640 238 43 22 the
703 237 82 24 Saxon
804 237 68 23 lines.
911 236 25 23 A

92 273 103 28 century
214 271 48 22 and
280 278 13 15 a
312 271 53 23 half
380 271 84 23 before
481 272 40 22 the
541 271 58 23 final
617 275 120 27 conquest
753 271 27 23 of
789 271 91 27 Wales,
900 277 37 16 we

90 304 63 23 have
168 299 84 36 Henry
266 304 21 22 I.
302 304 142 32 interfering
464 305 23 22 in
508 305 41 22 the
569 304 104 23 election
693 304 27 22 of
730 312 30 14 an
779 304 157 30 archbishop,

90 337 49 24 and
152 337 127 32 depriving
292 338 40 23 the
346 339 100 30 chapter
464 337 28 24 of
501 338 63 23 their
571 337 53 32 just
636 338 87 30 rights.
759 337 53 22 The
830 338 107 30 sanctity

90 371 81 23 which
191 371 108 23 invested
317 372 42 23 the
377 379 109 24 memory
499 371 27 23 of
535 371 44 23 her
596 375 70 28 great
684 371 72 28 saint,
769 370 47 23 and
834 370 64 23 drew
910 378 27 15 so

89 413 75 23 many
176 405 120 22 thousand
309 405 154 23 bare-footed
475 405 110 31 pilgrims
598 409 25 18 to
638 404 35 23 his
690 404 83 23 shrine
774 418 32 3 —
808 407 48 20 two
869 404 68 23 visits

90 442 25 20 to
130 438 35 24 St.
174 438 102 23 David's
288 439 74 31 being
375 439 79 30 equal,
467 439 24 22 in
505 438 109 31 spiritual
627 438 146 27 arithmetic,
786 441 26 19 to
823 445 46 15 one
883 437 54 23 visit

89 475 26 21 to
136 472 79 23 Rome
223 486 30 3 —
258 472 48 23 had
325 473 29 23 its
371 473 210 23 inconveniences.
618 471 82 24 There
718 479 61 16 were
796 479 73 24 many
883 471 54 24 who

89 514 69 16 came
171 507 22 22 in
208 507 101 28 sincere,
322 506 45 23 but
380 510 42 19 not
434 514 14 15 a
459 506 45 23 few
518 507 23 22 in
555 505 129 24 simulated
697 506 75 31 piety.
811 505 88 27 When,
912 505 24 23 in

92 540 73 27 1079,
176 540 108 23 William
295 540 40 23 the
345 539 145 32 Conqueror
502 540 70 23 made
585 547 14 16 a
612 540 144 30 pilgrimage
767 542 24 21 to
805 539 40 23 the
856 540 81 22 shrine

88 574 30 23 of
138 573 34 24 St.
187 574 90 27 David,
297 574 17 22 it
332 581 49 16 was
403 577 43 20 not
464 581 60 23 pure
545 581 129 16 reverence
694 574 53 23 that
770 574 94 22 carried
886 573 51 23 him

88 607 99 23 thither.
228 607 59 23 This
309 610 95 27 pretext
425 615 61 23 gave
506 615 14 15 a
538 607 51 23 safe
609 614 100 23 passage
727 610 26 20 to
771 606 101 24 himself
888 607 48 23 and

88 648 69 23 army
166 651 6 17 ;
190 641 45 22 but
248 641 29 22 he
291 641 41 22 did
347 644 41 19 not
401 644 83 19 return
497 641 103 23 without
618 641 115 30 exacting
751 641 104 30 homage
874 640 62 23 from

88 674 41 23 the
143 674 70 31 kings
226 674 48 23 and
287 674 94 31 princes
395 674 75 23 ofthe
483 674 65 23 land.
580 674 47 23 We
637 674 31 22 do
681 679 43 17 not
736 674 55 30 give
803 674 86 31 Henry
900 674 34 22 II.

88 708 77 23 credit
178 708 36 22 for
229 716 47 23 any
290 708 80 23 better
386 708 102 23 motives
505 708 23 22 in
546 708 41 23 the
605 708 57 22 visit
674 707 81 23 which
768 707 39 28 he,
821 708 24 22 in
861 708 73 28 1171,

88 741 99 23 habited
201 749 25 15 as
238 749 15 15 a
265 741 104 31 pilgrim,
382 741 48 23 and
442 742 98 31 leaning
552 750 32 14 on
595 750 14 14 a
618 741 63 28 staff,
691 741 57 30 paid
762 745 24 19 to
800 741 40 23 the
853 741 82 23 shrine

88 775 30 23 of
129 775 36 23 St.
182 774 88 24 David.
309 774 72 31 Upon
400 783 31 15 no
451 775 142 31 recognised
613 775 93 23 church
720 775 119 31 principle
857 775 79 31 ought

88 808 42 24 the
153 808 129 24 Cambrian
303 812 26 19 to
349 808 62 23 have
430 809 62 23 been
513 808 95 31 subject
627 812 25 20 to
674 809 41 22 the
737 808 102 32 English
864 809 71 22 arch-

88 842 137 31 bishopric;
245 842 41 23 the
303 841 90 24 former
411 850 47 15 was
475 842 41 23 the
538 842 68 23 older
624 850 40 14 see
683 843 34 30 by
729 850 70 15 more
813 842 59 22 than
889 850 46 15 one

88 876 112 23 hundred
213 884 79 22 years,
306 876 47 23 and
374 876 45 22 had
437 876 98 30 always,
548 876 66 23 since
634 876 41 22 the
696 875 108 24 removal
823 879 23 19 to
861 875 75 24 Caer-

88 909 65 30 leon,
166 910 102 23 claimed
281 910 169 29 metropolitan
464 909 160 30 jurisdiction.
661 909 69 23 With
748 917 25 15 as
789 910 74 22 much
883 917 52 16 rea-

88 950 52 21 son,
154 944 24 22 in
193 943 40 23 the
247 943 92 24 United
359 943 127 23 Churches
500 943 28 23 of
544 943 113 30 England
674 943 48 23 and
739 942 105 28 Ireland,
858 944 78 29 might

88 977 42 23 the
154 976 177 30 Metropolitan
350 976 29 24 of
395 977 111 31 Armagh
525 977 48 23 and
592 976 107 24 Primate
718 977 29 23 be
766 977 71 23 made
856 984 14 16 a
888 976 47 24 suf-

88 1010 84 31 fragan
187 1010 28 23 of
230 1011 40 22 the
292 1010 155 30 Archbishop
466 1010 29 23 of
511 1010 162 31 Canterbury,
691 1017 26 16 as
739 1011 23 21 in
781 1011 42 22 the
844 1010 91 24 United

89 1044 126 23 Churches
237 1044 28 22 of
281 1044 115 30 England
419 1044 48 22 and
485 1044 81 22 Wales
587 1044 42 22 the
650 1043 177 30 Metropolitan
852 1044 30 22 of
900 1044 35 22 St.

88 1077 102 22 David's
203 1077 30 22 be
247 1077 106 22 reduced
367 1080 25 19 to
409 1077 54 22 that
481 1077 130 30 unworthy
623 1077 47 22 and
686 1077 83 30 unjust
786 1077 147 30 subjection.

88 1110 72 22 Time
173 1110 42 22 has
228 1113 42 19 not
283 1110 130 22 weakened
430 1110 41 22 the
489 1110 66 23 force
574 1105 28 27 of
612 1110 41 22 the
670 1110 130 30 indignant
812 1111 77 22 words
910 1110 27 23 of

88 1143 116 23 Giraldus
214 1152 6 14 :
264 1143 69 23 With
353 1147 95 26 respect
458 1148 24 18 to
495 1143 41 23 the
552 1147 50 19 two
614 1151 52 15 sees
679 1143 27 23 of
717 1143 155 33 Canterbury
886 1145 48 23 and

88 1177 37 22 St.
137 1176 110 28 David's,
259 1177 11 22 I
281 1177 47 22 will
347 1177 85 30 briefly
447 1177 96 30 explain
556 1185 40 22 my
611 1177 98 29 opinion
723 1177 28 22 of
760 1177 63 23 their
835 1182 99 26 present

88 1213 69 20 state.
193 1210 39 23 On
252 1218 45 15 one
315 1210 51 22 side
382 1217 49 22 you
450 1210 47 22 will
514 1218 39 14 see
571 1210 67 31 royal
655 1210 94 29 favour,
767 1210 119 25 affluence
907 1211 28 24 of

87 1244 88 27 riches,
188 1251 131 15 numerous
331 1243 48 22 and
392 1243 99 31 opulent
507 1243 121 31 suffragan
646 1244 110 31 bishops,
768 1248 70 27 great
856 1246 78 22 abun-

88 1277 77 23 dance
182 1277 28 23 of
219 1276 96 24 learned
332 1284 63 20 men,
409 1277 48 22 and
475 1276 52 23 well
544 1277 85 22 skilled
647 1277 24 22 in
691 1277 42 23 the
751 1278 57 23 laws
819 1288 5 17 ;
844 1287 29 14 on
893 1279 40 23 the

88 1311 71 23 other
171 1311 59 27 side,
243 1319 14 14 a
270 1310 134 31 deficiency
417 1309 28 23 of
454 1310 32 22 all
499 1310 67 23 these
584 1311 89 31 things,
688 1312 46 22 and
749 1320 14 14 a
775 1312 60 23 total
852 1313 81 30 priva-

88 1345 50 23 tion
156 1344 27 23 of
194 1344 94 32 justice,
302 1352 30 14 on
346 1343 77 23 which
441 1348 105 18 account
563 1344 40 22 the
620 1353 116 23 recovery
752 1345 27 23 of
788 1346 29 23 its
836 1347 98 23 ancient

88 1378 77 31 rights
175 1378 48 23 will
236 1381 42 20 not
291 1377 73 31 easily
376 1377 31 23 be
419 1377 110 27 effected,
543 1377 45 23 but
601 1378 31 31 by
647 1387 82 14 means
743 1378 28 24 of
780 1380 71 23 those
864 1383 69 28 great

88 1412 106 30 changes
215 1412 47 22 and
282 1411 150 23 vicissitudes
452 1411 78 23 which
553 1411 128 31 kingdoms
702 1413 146 31 experience
870 1413 63 23 from

87 1446 97 23 various
197 1445 46 24 and
256 1444 150 30 unexpected

320 1521 11 13 *
347 1520 88 21 Hoare's
446 1520 100 26 Giraldus,
557 1522 42 19 vol.
610 1522 21 19 ii.
643 1529 22 17 p.
676 1522 19 19 6.
