1023 1619
877 105 47 24 113

357 114 54 16 THE
426 114 91 17 WELSH
533 114 117 17 CHURCH.

81 171 41 24 the
137 170 67 32 Holy
219 170 89 25 Father
317 180 13 15 a
340 172 66 23 brief
414 173 129 22 addressed
559 176 24 19 to
593 173 40 22 the
643 173 76 31 King,
733 172 156 31 Archbishop
898 172 28 23 of

81 205 164 30 Canterbury,
264 206 48 22 and
331 206 32 22 all
385 206 65 30 good
469 206 47 23 and
535 206 133 23 charitable
691 214 107 23 persons,
820 206 39 31 lay
877 206 47 22 and

81 239 100 27 secular,
195 239 129 31 exhorting
343 239 66 23 them
427 243 25 19 to
471 240 68 23 assist
556 240 23 22 in
598 240 41 23 the
658 240 146 23 benevolent
819 239 66 23 work
903 239 26 23 of

81 272 138 32 rebuilding
236 273 41 23 the
295 273 124 23 cathedral
433 272 27 24 of
471 272 121 25 Llandaff.
629 273 54 23 The
701 274 163 30 subscription
879 281 47 15 was

81 306 92 27 liberal,
192 307 47 22 and
258 307 85 24 Urban
361 307 78 30 began
456 307 37 23 his
508 308 164 26 restorations,
689 307 48 23 and
755 307 93 23 carried
859 307 67 23 them

81 347 31 15 on
131 348 27 15 so
176 339 36 24 far
224 348 25 15 as
266 341 41 22 the
325 341 134 31 remaining
478 340 111 24 fourteen
606 349 69 23 years
694 341 27 23 of
733 341 37 22 his
788 342 138 29 episcopate

81 373 103 24 allowed
202 374 57 22 him.
296 373 50 24 Mr.
362 374 164 31 Conybeare*
545 375 18 23 is
580 374 28 24 of
622 375 106 30 opinion,
745 375 53 22 that
812 377 75 20 traces
903 373 26 24 of

82 406 93 32 Bishop
191 407 107 24 Urban's
316 408 67 24 work
401 416 40 15 are
460 411 25 20 to
504 409 30 23 be
556 408 77 24 found
652 409 56 30 only
727 409 24 22 in
771 409 39 22 the
829 411 97 27 present

81 442 153 30 presbytery.
271 442 59 23 This
349 443 63 30 good
427 442 90 30 prelate
537 443 46 22 had
595 443 73 22 much
686 441 28 24 of
723 442 37 22 his
778 443 57 21 time
854 441 70 23 taken

83 482 33 22 up
126 475 24 22 in
159 475 118 31 journeys
287 478 25 21 to
322 476 47 23 and
380 476 62 23 from
455 476 78 23 Rome
545 477 48 22 and
605 477 39 22 the
655 476 100 30 English
771 478 69 20 court
850 476 76 22 about

81 509 42 22 the
140 516 116 22 recovery
271 509 26 23 of
309 510 77 26 lands,
402 509 128 31 rightfully
543 510 133 30 belonging
694 513 25 19 to
732 509 36 22 his
784 516 46 19 see,
846 508 76 23 which

81 542 49 23 had
144 543 60 22 been
223 543 79 22 seized
319 543 32 31 by
364 543 41 22 the
423 543 102 30 Bishops
543 543 28 22 of
586 543 34 22 St.
634 543 81 22 David
732 543 48 22 and
793 541 131 24 Hereford.

81 575 11 23 I
102 583 39 15 am
150 583 68 23 sorry
228 580 24 18 to
262 577 65 22 write
338 577 47 21 this
396 576 27 22 of
430 576 68 23 those
506 576 129 23 venerable
642 583 151 24 personages.
811 575 112 30 Bishops,

81 609 63 23 after
162 609 38 28 all,
218 617 40 15 are
277 610 43 22 but
338 618 62 19 men,
417 610 47 22 and
481 610 136 22 sometimes
637 610 61 22 have
717 609 93 30 itching
827 609 98 30 fingers.

81 642 93 31 Bishop
194 642 116 24 Nicholas
328 651 30 23 ap
378 643 119 31 Gwrgant
516 643 55 22 died
592 643 73 23 1183.
703 642 40 23 He
762 650 48 15 was
829 650 14 15 a
860 642 65 30 good

81 676 150 27 Welshman,
250 676 71 23 loved
338 677 36 22 his
392 681 111 27 country,
521 676 47 23 and
583 677 72 22 cared
672 676 37 22 for
721 676 41 22 the
780 676 144 22 instruction

81 709 27 23 of
117 710 41 23 the
175 710 94 31 people.
306 710 105 23 William
427 710 130 23 Saltmarsh
572 719 47 13 was
635 710 86 30 bishop
735 709 27 23 of
771 709 40 23 the
829 709 96 23 diocese

81 744 71 22 when
176 744 156 30 Archbishop
351 744 110 23 Baldwin
479 744 88 22 visited
585 743 89 28 Wales,
697 744 24 22 in
743 743 71 25 1188,
837 743 47 22 and
905 744 20 21 is

81 777 77 23 called
180 778 33 30 by
235 777 116 24 Giraldus
377 786 13 14 a
415 778 111 26 discreet,
552 777 64 31 good
639 785 63 14 man.
749 776 95 30 Synods
862 784 63 15 were

81 810 57 24 held
169 812 23 21 in
225 810 115 23 Llandaff
362 810 61 24 from
451 811 40 22 the
518 811 64 22 sixth
609 815 24 18 to
650 811 41 22 the
718 810 69 23 tenth
816 814 110 27 century.

83 844 71 30 They
172 844 93 23 exhibit
285 844 98 24 Church
402 844 123 30 authority
539 847 44 27 put
600 847 26 19 to
644 852 15 14 a
680 843 72 23 noble
771 851 50 19 use,
841 844 24 21 in
884 851 41 15 en-

83 877 96 31 forcing
196 878 110 30 spiritual
324 885 111 16 censures
455 878 94 29 against
565 878 68 22 those
649 878 78 22 whom
745 877 40 22 the
804 877 121 23 insolence

83 911 28 23 of
119 919 81 22 power
218 912 68 22 made
303 911 133 31 regardless
456 911 27 23 of
497 911 87 23 human
603 911 63 23 laws.
703 910 27 23 In
749 910 85 23 almost
852 919 73 22 every

83 945 109 23 instance
206 945 235 23 excommunication
456 945 19 23 is
489 944 107 24 inflicted
606 952 30 15 on
650 952 66 15 some
727 944 68 30 royal
809 944 115 23 offender.

134 979 29 22 In
177 979 49 22 519
240 979 40 22 the
293 979 169 30 metropolitan
475 986 40 15 see
528 986 48 15 was
594 978 114 23 removed
727 977 61 23 from
805 977 118 24 Caerleon

83 1018 25 17 to
122 1012 116 23 Menevia
248 1012 32 31 by
296 1012 34 23 St.
346 1012 89 22 David.
471 1012 90 27 David,
572 1019 28 15 or
613 1012 78 26 Dewi,
702 1018 47 16 was
759 1014 68 28 great
837 1012 89 29 grand-

81 1053 43 15 son
134 1046 28 22 of
168 1046 125 27 Cunedda,
300 1053 14 15 a
323 1046 187 30 north-country
518 1045 122 27 chieftain,
648 1045 132 23 whoatthe
790 1046 134 29 beginning

81 1079 29 23 of
120 1080 40 22 the
174 1079 53 22 fifth
244 1082 101 28 century
358 1079 90 31 sought
467 1086 28 15 an
516 1079 94 30 asylum
630 1079 23 22 in
674 1078 89 28 Wales,
777 1079 48 22 and
844 1079 81 22 whose

81 1121 62 19 sons,
158 1121 13 15 a
184 1121 130 15 numerous
333 1120 117 24 progeny,
464 1112 111 31 expelled
594 1112 61 23 from
675 1112 63 22 their
750 1120 53 14 new
821 1116 104 27 country

81 1147 41 23 the
136 1147 61 23 Irish
210 1147 147 26 marauders,
371 1147 47 21 and
429 1146 130 23 recovered
572 1154 14 15 a
598 1149 68 28 great
679 1149 53 27 part
745 1145 26 23 of
782 1145 77 23 South
876 1146 50 22 and

81 1180 80 24 North
173 1180 89 23 Wales.
295 1180 59 23 This
364 1188 48 15 was
423 1180 75 23 about
507 1180 60 22 420.
597 1173 53 29 The
661 1179 128 23 recovered
803 1179 67 22 lands
884 1179 41 22 the

80 1222 56 15 sons
157 1214 28 24 of
201 1214 118 24 Cunedda
340 1214 100 23 divided
458 1222 89 22 among
568 1213 153 26 themselves,
743 1213 96 30 putting
865 1213 23 21 in
911 1220 14 15 a

80 1248 71 24 claim
164 1249 23 22 in
202 1248 66 30 right
280 1248 28 23 of
317 1248 62 23 their
397 1247 181 30 grandmother,
597 1255 14 15 a
626 1246 83 23 Welsh
726 1246 90 23 heiress
826 1255 5 17 ;
850 1246 44 22 but
912 1245 12 23 I

80 1285 98 27 suspect
191 1282 52 23 that
256 1282 63 23 their
331 1285 79 27 trusty
429 1280 167 24 broadswords
610 1280 90 31 proved
714 1279 63 23 their
793 1279 54 23 best
863 1279 61 23 title.

80 1316 101 30 Davids
197 1323 48 15 was
258 1315 72 23 noble
343 1315 60 23 both
423 1315 32 29 by
469 1314 80 24 father
561 1314 46 23 and
622 1313 94 24 mother
727 1323 5 17 ;
750 1313 30 23 he
799 1321 47 14 was
863 1313 61 23 born

80 1353 25 19 at
118 1349 61 22 New
194 1349 116 22 Menevia
323 1349 74 22 about
410 1349 57 26 451,
482 1348 47 23 and
543 1348 107 30 brought
662 1355 32 22 up
708 1350 24 19 at
747 1346 57 23 Hen
823 1345 101 28 Meneu,

81 1391 27 15 or
119 1382 50 23 Old
183 1382 124 23 Menevia.
332 1382 41 22 He
383 1382 110 22 received
504 1382 36 22 his
550 1381 128 23 education
690 1380 52 23 first
754 1380 23 22 in
792 1380 40 22 the
842 1380 83 23 school

81 1416 27 24 of
125 1416 97 27 Iltutus,
236 1415 49 23 and
297 1415 141 23 afterwards
456 1415 22 22 in
496 1415 54 22 that
562 1415 27 22 of
604 1414 124 27 Paulinus,
744 1414 24 22 in
783 1414 41 22 the
837 1413 47 24 Isle
899 1414 29 24 of

80 1450 95 30 Wight,
189 1449 80 23 where
282 1449 31 23 he
325 1449 20 22 is
357 1449 52 22 said
422 1452 25 19 to
461 1449 60 22 have
534 1450 70 29 spent
616 1452 40 19 ten
670 1454 69 25 years
753 1448 24 22 in
790 1447 41 23 the
850 1449 74 31 study

103 1522 14 15 *
132 1521 102 21 Archol.
246 1520 82 24 Camb.,
340 1520 48 21 Jan.
401 1520 59 20 1850.
517 1520 14 24 f
545 1519 105 20 Britannia
661 1519 80 23 Sancta,
752 1519 39 20 vol.
802 1519 13 19 i.
826 1526 21 18 p.
859 1519 46 20 140.
