1023 1619
79 106 15 21 4

435 114 127 15 BARDISM.

131 170 98 32 Having
247 172 103 24 reached
362 172 48 24 this
422 174 76 29 point,
517 173 41 23 the
571 171 95 31 subject
679 171 74 31 easily
772 170 47 24 and
834 178 88 24 appro-

78 205 102 31 priately
195 206 116 23 branches
325 210 42 19 out
380 207 51 22 into
446 207 68 22 three
527 207 116 22 divi-rions
653 214 5 15 :
678 206 58 27 first,
752 205 40 23 the
806 205 116 30 religious

78 239 65 23 ideas
156 240 46 22 and
216 240 120 23 doctrines
350 240 28 23 of
389 240 109 23 Bardism
510 250 6 17 ;
533 240 126 30 secondly,
673 240 41 22 the
726 239 85 23 sacred
825 239 97 26 orders;

78 273 99 31 thirdly,
197 273 41 23 the
257 274 57 23 rites
333 274 48 23 and
402 274 157 23 ceremonies.
604 273 52 23 The
678 273 89 23 deified
792 272 129 24 Patriarch

78 314 48 15 was
140 310 42 20 not
200 307 41 23 left
253 307 69 24 alone
342 309 23 21 in
385 308 36 22 his
433 308 69 31 glory
516 318 5 16 ;
539 307 37 23 his
594 315 96 21 spouse,
709 307 110 23 elevated
837 310 25 19 to
881 306 41 23 the

78 340 60 23 rank
151 340 28 23 of
187 349 13 14 a
218 341 109 32 goddess,
345 342 88 22 shared
447 342 35 22 his
500 341 60 23 rule.
598 340 49 24 She
662 348 102 23 appears
784 340 78 22 under
880 340 42 22 the

77 382 69 15 name
161 374 53 23 Ked
229 374 89 32 (Ark),
330 375 137 28 Ceridwen,
480 376 44 22 &c.
561 374 54 23 The
627 374 96 31 symbol
736 373 28 23 of
775 373 44 23 Hu
832 381 48 15 was
891 381 30 15 an

77 416 31 14 ox
119 418 6 16 ;
143 408 52 23 that
213 408 27 23 of
260 409 134 26 Ceridwen,
416 417 16 15 a
449 417 52 15 cow
520 408 46 23 and
589 416 14 15 a
623 408 66 22 boat.
736 407 53 23 The
808 406 114 24 Oriental

77 443 103 29 worship
193 442 28 23 of
230 443 39 23 the
284 443 117 30 heavenly
420 443 84 22 bodies
518 450 47 15 was
582 441 154 31 superadded
747 450 6 14 :
773 441 44 22 but
830 445 24 18 to
869 445 51 27 stay

77 476 110 23 dreadful
201 476 131 31 jealousies
345 477 62 22 from
426 476 105 23 celestial
546 476 86 26 minds,
654 475 41 23 Hu
710 475 40 23 the
765 474 102 31 Mighty
886 483 35 15 re-

75 510 84 23 ceived
185 510 40 23 the
252 511 103 30 homage
378 510 56 30 paid
461 514 25 19 to
506 511 41 22 the
568 517 53 19 sun,
648 510 46 22 and
718 508 128 24 Ceridwen
869 509 53 22 that

75 544 129 22 addressed
224 548 25 18 to
269 544 40 22 the
333 551 82 16 moon.
453 544 79 22 There
555 550 64 16 were
643 543 159 23 subordinate
827 543 94 22 deities.

75 575 49 24 For
148 577 117 26 instance,
287 578 68 22 there
377 585 61 15 were
457 577 69 23 three
553 577 54 22 Bull
630 577 109 22 Demons
764 577 30 22 of
812 576 108 26 Britain;

76 610 64 31 Ellyl
160 610 128 29 Gwidawl,
306 611 41 23 the
372 611 87 23 demon
482 610 28 23 of
531 611 40 22 the
595 610 111 31 whirling
725 614 104 23 stream;
856 610 65 31 Ellyl

74 643 61 32 Llyr
154 643 98 29 Merini,
272 645 40 22 the
329 645 87 23 demon
436 644 27 24 of
478 645 41 22 the
538 644 98 31 flowing
658 652 40 15 sea
708 654 5 17 ;
739 643 66 31 EUyl
826 643 95 24 Gurth-

74 677 55 23 mwl
154 677 106 32 Wledig,
285 679 40 22 the
350 678 87 23 demon
466 678 28 23 of
516 678 40 23 the
581 679 127 30 sovereign
735 677 28 23 of
782 678 42 22 the
852 678 69 31 equi-

74 712 133 30 ponderate
228 720 62 14 mass
312 711 55 33 (the
389 710 92 33 earth).

127 745 68 23 With
225 746 67 23 these
326 746 103 30 poetical
460 746 48 22 and
535 745 170 31 superstitious
736 744 92 24 fancies
859 753 62 15 were

74 779 105 23 blended
198 787 72 23 many
287 780 103 30 striking
409 779 47 23 and
473 779 59 31 lofty
554 779 157 30 conceptions
731 779 28 23 of
769 780 39 22 the
830 778 91 24 Divine

75 816 93 20 nature.
205 813 36 23 As
289 813 55 24 God
366 816 89 20 cannot
476 813 30 23 be
528 817 95 22 matter,
645 813 64 22 what
730 813 19 23 is
769 816 43 20 not
832 817 90 19 matter

74 850 65 19 must
157 847 30 22 be
200 846 66 24 God.
304 846 79 24 There
404 854 40 15 are
457 847 68 23 three
544 847 104 30 primary
669 847 96 27 unities,
790 847 47 23 and
853 854 68 16 more

74 881 58 22 than
146 887 46 16 one
206 879 27 24 of
244 880 57 23 each
317 884 89 19 cannot
419 881 76 22 exist:
516 887 44 16 one
575 880 66 27 God,
654 887 47 16 one
721 881 76 27 truth,
813 881 46 22 and
874 888 47 15 one

74 914 69 30 point
156 914 27 22 of
192 914 89 30 liberty
290 924 5 16 ;
315 914 47 22 and
376 914 46 22 this
436 914 19 22 is
468 914 79 22 where
560 914 31 22 all
605 914 123 30 opposites
742 914 97 31 equally
852 914 67 31 equi-

75 947 184 31 preponderate.
295 947 81 23 Three
390 947 81 31 things
490 947 18 23 it
521 948 19 22 is
554 947 138 31 impossible
707 947 56 24 God
777 947 87 23 should
879 952 42 19 not

74 981 40 27 be,
121 995 25 2 —
152 981 121 22 whatever
286 980 93 31 perfect
392 982 119 29 goodness
527 981 88 22 should
628 981 38 27 be,
686 981 123 23 whatever
828 981 93 31 perfect

74 1014 120 30 goodness
212 1014 80 22 would
311 1015 77 22 desire
406 1019 25 18 to
449 1015 39 27 be,
508 1015 122 22 whatever
649 1014 93 31 perfect
760 1016 121 29 goodness
901 1017 19 22 is

74 1048 54 23 able
147 1052 25 18 to
185 1047 114 31 perform.
325 1047 80 23 Three
424 1048 81 31 things
521 1048 17 22 it
557 1049 19 21 is
596 1048 139 30 impossible
754 1043 57 28 God
830 1049 89 23 should

74 1085 43 19 not
129 1080 114 31 perform,
245 1096 33 3 —
280 1081 64 22 what
361 1081 20 22 is
395 1085 62 18 most
471 1081 133 27 beneficial,
624 1082 63 22 what
701 1082 19 22 is
734 1085 62 20 most
815 1084 104 26 wanted,

75 1114 47 23 and
135 1115 65 22 what
212 1115 19 22 is
244 1118 62 19 most
319 1114 119 23 beautiful
451 1114 26 24 of
487 1115 30 23 all
648 1117 14 13 *

126 1148 110 23 Bardism
262 1149 86 30 taught
366 1149 40 22 the
427 1148 111 23 doctrine
562 1148 28 23 of
609 1149 41 23 the
671 1150 198 30 transmigration
896 1151 27 23 of

74 1182 72 23 souls.
184 1182 83 24 Cæsar
284 1182 63 23 finds
361 1182 39 23 the
414 1183 78 29 origin
511 1181 28 24 of
550 1182 48 23 this
610 1183 77 23 belief
698 1184 22 21 in
734 1191 30 15 an
784 1187 79 20 astute
876 1185 43 22 de-

74 1216 53 30 sign
140 1219 25 20 to
177 1216 54 23 lead
245 1223 53 15 men
318 1220 24 19 to
355 1219 51 20 cast
419 1223 67 24 away
499 1216 42 23 the
555 1215 50 24 fear
623 1216 29 24 of
662 1217 80 27 death,
756 1218 47 22 and
818 1218 101 23 become

74 1257 66 15 more
158 1256 158 23 courageous.
354 1249 54 23 The
427 1250 90 23 Bardic
536 1250 168 30 philosophers
729 1251 48 22 and
797 1252 121 23 moralists

74 1283 88 23 looked
187 1283 92 23 further
300 1283 57 23 than
378 1283 60 23 that.
504 1283 71 30 They
600 1284 87 31 taught
706 1284 53 23 that
778 1285 47 23 this
843 1285 76 24 world

74 1324 47 15 was
135 1320 24 19 to
173 1317 29 22 be
222 1316 28 23 of
260 1320 141 27 permanent
414 1317 121 27 duration,
549 1317 45 23 but
607 1317 95 32 subject
714 1322 25 19 to
753 1326 14 15 a
780 1320 137 22 succession

74 1349 27 23 of
112 1350 91 23 violent
221 1350 156 27 revolutions,
392 1350 79 23 which
488 1350 81 23 would
589 1351 30 23 be
635 1352 125 30 produced
778 1354 141 22 sometimes

74 1383 32 30 by
125 1383 41 23 the
185 1384 195 31 predominating
400 1392 80 22 power
499 1383 26 24 of
538 1385 41 22 the
599 1385 105 24 element
725 1385 28 23 of
770 1393 81 21 water,
870 1387 47 23 and

73 1417 139 23 sometimes
233 1418 32 30 by
282 1418 53 22 that
354 1417 29 24 of
396 1418 52 23 fire.
485 1418 53 23 The
560 1419 77 23 whole
658 1420 121 23 animated
802 1422 115 25 creation,

73 1450 58 30 they
144 1451 58 26 said,
217 1451 135 31 originated
372 1451 23 23 in
409 1452 40 23 the
462 1452 85 23 lowest
559 1453 67 29 point
645 1452 29 24 of
683 1454 132 28 existence,
830 1455 44 22 evil
894 1455 22 22 in

231 1525 12 13 *
259 1525 87 19 Smith's
358 1526 95 25 Religion
463 1527 23 19 of
493 1527 89 20 Ancient
592 1527 85 23 Britain,
689 1533 20 18 p.
722 1527 31 21 37.
