<?xml version="1.0" encoding="UTF-8"?>
<alto xmlns:xsi="http://www.w3.org/2001/XMLSchema-instance" xsi:noNamespaceSchemaLocation="http://www.bl.uk/schemas/alto/alto-1-4.xsd" xmlns:xlink="http://www.w3.org/1999/xlink">
	<Description>
		<MeasurementUnit>mm10</MeasurementUnit>
		<sourceImageInformation>
			<fileName>//head1/IN/2008-22/A0011651692/008487.jp2</fileName>
		</sourceImageInformation>
		<OCRProcessing ID="OCRPROCESSING_1">
			<preProcessingStep>
				<processingSoftware>
					<softwareCreator>CCS Content Conversion Specialists GmbH, Germany</softwareCreator>
					<softwareName>CCS docWORKS</softwareName>
					<softwareVersion>6.1-0.67</softwareVersion>
				</processingSoftware>
			</preProcessingStep>
			<ocrProcessingStep>
				<processingSoftware>
					<softwareCreator>ABBYY (BIT Software), Russia</softwareCreator>
					<softwareName>Finereader</softwareName>
				</processingSoftware>
			</ocrProcessingStep>
		</OCRProcessing>
	</Description>
	<Styles>
		<TextStyle ID="TXT_0" FONTSIZE="10" FONTFAMILY="Courier New"/>
		<TextStyle ID="TXT_1" FONTSIZE="9" FONTFAMILY="Courier New"/>
		<ParagraphStyle ID="PAR_RIGHT" ALIGN="Right"/>
		<ParagraphStyle ID="PAR_CENTER" ALIGN="Center"/>
		<ParagraphStyle ID="PAR_LEFT" ALIGN="Left"/>
	</Styles>
	<Layout>
		<Page ID="P99" PHYSICAL_IMG_NR="99" HEIGHT="1619" WIDTH="1023" PRINTED_IMG_NR="85" POSITION="Right" ACCURACY="78.19">
			<TopMargin ID="P99_TM00001" HPOS="0" VPOS="0" WIDTH="1022" HEIGHT="138">
				<TextBlock ID="P99_TB00001" HPOS="884" VPOS="112" WIDTH="33" HEIGHT="24" STYLEREFS="TXT_0 PAR_RIGHT">
					<TextLine ID="P99_TL00001" HPOS="884" VPOS="112" WIDTH="33" HEIGHT="24">
						<String ID="P99_ST00001" HPOS="884" VPOS="112" WIDTH="33" HEIGHT="24" CONTENT="85" WC="1.00" CC="00"/>
					</TextLine>
				</TextBlock>
				<TextBlock ID="P99_TB00002" HPOS="342" VPOS="118" WIDTH="309" HEIGHT="19" STYLEREFS="TXT_1 PAR_CENTER">
					<TextLine ID="P99_TL00002" HPOS="342" VPOS="119" WIDTH="309" HEIGHT="18">
						<String ID="P99_ST00002" HPOS="342" VPOS="119" WIDTH="54" HEIGHT="17" CONTENT="THE" WC="0.54" CC="930"/>
						<SP ID="P99_SP00001" HPOS="396" VPOS="136" WIDTH="14"/>
						<String ID="P99_ST00003" HPOS="410" VPOS="119" WIDTH="80" HEIGHT="17" CONTENT="KINGS" WC="0.70" CC="06043"/>
						<SP ID="P99_SP00002" HPOS="490" VPOS="136" WIDTH="14"/>
						<String ID="P99_ST00004" HPOS="504" VPOS="120" WIDTH="33" HEIGHT="16" CONTENT="OF" WC="0.69" CC="06"/>
						<SP ID="P99_SP00003" HPOS="537" VPOS="136" WIDTH="15"/>
						<String ID="P99_ST00005" HPOS="552" VPOS="121" WIDTH="99" HEIGHT="16" CONTENT="WALES." WC="0.59" CC="790330"/>
					</TextLine>
				</TextBlock>
			</TopMargin>
			<LeftMargin ID="P99_LM00001" HPOS="0" VPOS="138" WIDTH="71" HEIGHT="1422"/>
			<RightMargin ID="P99_RM00001" HPOS="933" VPOS="138" WIDTH="89" HEIGHT="1422"/>
			<BottomMargin ID="P99_BM00001" HPOS="0" VPOS="1560" WIDTH="1022" HEIGHT="58"/>
			<PrintSpace ID="P99_PS00001" HPOS="71" VPOS="138" WIDTH="862" HEIGHT="1422">
				<TextBlock ID="P99_TB00003" HPOS="71" VPOS="175" WIDTH="852" HEIGHT="464" STYLEREFS="TXT_1 PAR_LEFT">
					<TextLine ID="P99_TL00003" HPOS="72" VPOS="175" WIDTH="846" HEIGHT="36">
						<String ID="P99_ST00006" HPOS="72" VPOS="175" WIDTH="88" HEIGHT="24" CONTENT="should" WC="0.63" CC="423360"/>
						<SP ID="P99_SP00004" HPOS="160" VPOS="199" WIDTH="18"/>
						<String ID="P99_ST00007" HPOS="178" VPOS="176" WIDTH="31" HEIGHT="23" CONTENT="be" WC="1.00" CC="00"/>
						<SP ID="P99_SP00005" HPOS="209" VPOS="199" WIDTH="22"/>
						<String ID="P99_ST00008" HPOS="231" VPOS="177" WIDTH="103" HEIGHT="24" CONTENT="without" WC="0.68" CC="9004240"/>
						<SP ID="P99_SP00006" HPOS="334" VPOS="201" WIDTH="19"/>
						<String ID="P99_ST00009" HPOS="353" VPOS="186" WIDTH="29" HEIGHT="15" CONTENT="an" WC="0.93" CC="01"/>
						<SP ID="P99_SP00007" HPOS="382" VPOS="201" WIDTH="21"/>
						<String ID="P99_ST00010" HPOS="403" VPOS="183" WIDTH="131" HEIGHT="27" CONTENT="occupant," WC="0.87" CC="001603000"/>
						<SP ID="P99_SP00008" HPOS="534" VPOS="210" WIDTH="19"/>
						<String ID="P99_ST00011" HPOS="553" VPOS="179" WIDTH="130" HEIGHT="32" CONTENT="Llywelyn" WC="0.61" CC="35900605"/>
						<SP ID="P99_SP00009" HPOS="683" VPOS="211" WIDTH="19"/>
						<String ID="P99_ST00012" HPOS="702" VPOS="183" WIDTH="64" HEIGHT="19" CONTENT="went" WC="1.00" CC="0000"/>
						<SP ID="P99_SP00010" HPOS="766" VPOS="211" WIDTH="25"/>
						<String ID="P99_ST00013" HPOS="791" VPOS="180" WIDTH="47" HEIGHT="22" CONTENT="and" WC="0.86" CC="040"/>
						<SP ID="P99_SP00011" HPOS="838" VPOS="211" WIDTH="22"/>
						<String ID="P99_ST00014" HPOS="860" VPOS="179" WIDTH="58" HEIGHT="23" CONTENT="took" WC="0.92" CC="0030"/>
					</TextLine>
					<TextLine ID="P99_TL00004" HPOS="72" VPOS="210" WIDTH="846" HEIGHT="34">
						<String ID="P99_ST00015" HPOS="72" VPOS="211" WIDTH="136" HEIGHT="30" CONTENT="possession" WC="0.66" CC="7240070074"/>
						<SP ID="P99_SP00012" HPOS="208" VPOS="241" WIDTH="20"/>
						<String ID="P99_ST00016" HPOS="228" VPOS="210" WIDTH="28" HEIGHT="24" CONTENT="of" WC="1.00" CC="00"/>
						<SP ID="P99_SP00013" HPOS="256" VPOS="241" WIDTH="16"/>
						<String ID="P99_ST00017" HPOS="272" VPOS="212" WIDTH="66" HEIGHT="22" CONTENT="them" WC="0.84" CC="3002"/>
						<SP ID="P99_SP00014" HPOS="338" VPOS="241" WIDTH="31"/>
						<String ID="P99_ST00018" HPOS="369" VPOS="212" WIDTH="102" HEIGHT="28" CONTENT="himself," WC="0.73" CC="70660000"/>
						<SP ID="P99_SP00015" HPOS="471" VPOS="241" WIDTH="21"/>
						<String ID="P99_ST00019" HPOS="492" VPOS="213" WIDTH="48" HEIGHT="23" CONTENT="and" WC="0.72" CC="080"/>
						<SP ID="P99_SP00016" HPOS="540" VPOS="241" WIDTH="23"/>
						<String ID="P99_ST00020" HPOS="563" VPOS="214" WIDTH="68" HEIGHT="22" CONTENT="when" WC="0.44" CC="9705"/>
						<SP ID="P99_SP00017" HPOS="631" VPOS="241" WIDTH="27"/>
						<String ID="P99_ST00021" HPOS="658" VPOS="214" WIDTH="29" HEIGHT="22" CONTENT="he" WC="0.61" CC="70"/>
						<SP ID="P99_SP00018" HPOS="687" VPOS="241" WIDTH="26"/>
						<String ID="P99_ST00022" HPOS="713" VPOS="213" WIDTH="123" HEIGHT="31" CONTENT="departed," WC="0.82" CC="040055000"/>
						<SP ID="P99_SP00019" HPOS="836" VPOS="244" WIDTH="24"/>
						<String ID="P99_ST00023" HPOS="860" VPOS="221" WIDTH="58" HEIGHT="15" CONTENT="con" SUBS_TYPE="HypPart1" SUBS_CONTENT="considerately" WC="1.00" CC="0000"/>
						<HYP CONTENT="-"/>
					</TextLine>
					<TextLine ID="P99_TL00005" HPOS="73" VPOS="244" WIDTH="845" HEIGHT="33">
						<String ID="P99_ST00024" HPOS="73" VPOS="244" WIDTH="129" HEIGHT="31" CONTENT="siderately" SUBS_TYPE="HypPart2" SUBS_CONTENT="considerately" WC="0.97" CC="0000002000"/>
						<SP ID="P99_SP00020" HPOS="202" VPOS="275" WIDTH="14"/>
						<String ID="P99_ST00025" HPOS="216" VPOS="252" WIDTH="61" HEIGHT="24" CONTENT="gave" WC="1.00" CC="0000"/>
						<SP ID="P99_SP00021" HPOS="277" VPOS="276" WIDTH="15"/>
						<String ID="P99_ST00026" HPOS="292" VPOS="246" WIDTH="40" HEIGHT="22" CONTENT="the" WC="1.00" CC="000"/>
						<SP ID="P99_SP00022" HPOS="332" VPOS="276" WIDTH="14"/>
						<String ID="P99_ST00027" HPOS="346" VPOS="245" WIDTH="88" HEIGHT="24" CONTENT="Prince" WC="0.64" CC="200467"/>
						<SP ID="P99_SP00023" HPOS="434" VPOS="276" WIDTH="14"/>
						<String ID="P99_ST00028" HPOS="448" VPOS="246" WIDTH="28" HEIGHT="23" CONTENT="of" WC="1.00" CC="00"/>
						<SP ID="P99_SP00024" HPOS="476" VPOS="276" WIDTH="12"/>
						<String ID="P99_ST00029" HPOS="488" VPOS="246" WIDTH="78" HEIGHT="23" CONTENT="Powis" WC="0.94" CC="00020"/>
						<SP ID="P99_SP00025" HPOS="566" VPOS="276" WIDTH="14"/>
						<String ID="P99_ST00030" HPOS="580" VPOS="255" WIDTH="30" HEIGHT="14" CONTENT="on" WC="0.82" CC="03"/>
						<SP ID="P99_SP00026" HPOS="610" VPOS="276" WIDTH="15"/>
						<String ID="P99_ST00031" HPOS="625" VPOS="247" WIDTH="36" HEIGHT="22" CONTENT="his" WC="0.88" CC="003"/>
						<SP ID="P99_SP00027" HPOS="661" VPOS="276" WIDTH="17"/>
						<String ID="P99_ST00032" HPOS="678" VPOS="252" WIDTH="85" HEIGHT="18" CONTENT="return" WC="0.76" CC="056030"/>
						<SP ID="P99_SP00028" HPOS="763" VPOS="276" WIDTH="18"/>
						<String ID="P99_ST00033" HPOS="781" VPOS="255" WIDTH="30" HEIGHT="15" CONTENT="an" WC="1.00" CC="00"/>
						<SP ID="P99_SP00029" HPOS="811" VPOS="276" WIDTH="19"/>
						<String ID="P99_ST00034" HPOS="830" VPOS="254" WIDTH="88" HEIGHT="23" CONTENT="oppor" SUBS_TYPE="HypPart1" SUBS_CONTENT="opportunity" WC="0.82" CC="009000"/>
						<HYP CONTENT="-"/>
					</TextLine>
					<TextLine ID="P99_TL00006" HPOS="73" VPOS="279" WIDTH="845" HEIGHT="32">
						<String ID="P99_ST00035" HPOS="73" VPOS="279" WIDTH="82" HEIGHT="29" CONTENT="tunity" SUBS_TYPE="HypPart2" SUBS_CONTENT="opportunity" WC="0.76" CC="067000"/>
						<SP ID="P99_SP00030" HPOS="155" VPOS="308" WIDTH="23"/>
						<String ID="P99_ST00036" HPOS="178" VPOS="282" WIDTH="25" HEIGHT="19" CONTENT="to" WC="0.72" CC="05"/>
						<SP ID="P99_SP00031" HPOS="203" VPOS="308" WIDTH="24"/>
						<String ID="P99_ST00037" HPOS="227" VPOS="279" WIDTH="99" HEIGHT="23" CONTENT="restock" WC="0.65" CC="4044009"/>
						<SP ID="P99_SP00032" HPOS="326" VPOS="308" WIDTH="25"/>
						<String ID="P99_ST00038" HPOS="351" VPOS="279" WIDTH="37" HEIGHT="23" CONTENT="his" WC="0.62" CC="414"/>
						<SP ID="P99_SP00033" HPOS="388" VPOS="308" WIDTH="25"/>
						<String ID="P99_ST00039" HPOS="413" VPOS="279" WIDTH="79" HEIGHT="28" CONTENT="farms," WC="0.78" CC="500070"/>
						<SP ID="P99_SP00034" HPOS="492" VPOS="308" WIDTH="23"/>
						<String ID="P99_ST00040" HPOS="515" VPOS="280" WIDTH="121" HEIGHT="31" CONTENT="replenish" WC="0.79" CC="200004470"/>
						<SP ID="P99_SP00035" HPOS="636" VPOS="311" WIDTH="29"/>
						<String ID="P99_ST00041" HPOS="665" VPOS="281" WIDTH="36" HEIGHT="22" CONTENT="his" WC="0.92" CC="002"/>
						<SP ID="P99_SP00036" HPOS="701" VPOS="311" WIDTH="24"/>
						<String ID="P99_ST00042" HPOS="725" VPOS="289" WIDTH="123" HEIGHT="22" CONTENT="armoury," WC="0.75" CC="10300490"/>
						<SP ID="P99_SP00037" HPOS="848" VPOS="311" WIDTH="23"/>
						<String ID="P99_ST00043" HPOS="871" VPOS="280" WIDTH="47" HEIGHT="23" CONTENT="and" WC="0.87" CC="030"/>
					</TextLine>
					<TextLine ID="P99_TL00007" HPOS="74" VPOS="312" WIDTH="845" HEIGHT="33">
						<String ID="P99_ST00044" HPOS="74" VPOS="312" WIDTH="122" HEIGHT="23" CONTENT="refurnish" WC="0.67" CC="060435045"/>
						<SP ID="P99_SP00038" HPOS="196" VPOS="335" WIDTH="26"/>
						<String ID="P99_ST00045" HPOS="222" VPOS="313" WIDTH="37" HEIGHT="22" CONTENT="his" WC="0.81" CC="005"/>
						<SP ID="P99_SP00039" HPOS="259" VPOS="335" WIDTH="24"/>
						<String ID="P99_ST00046" HPOS="283" VPOS="313" WIDTH="130" HEIGHT="28" CONTENT="mansions," WC="0.68" CC="504720630"/>
						<SP ID="P99_SP00040" HPOS="413" VPOS="341" WIDTH="25"/>
						<String ID="P99_ST00047" HPOS="438" VPOS="322" WIDTH="26" HEIGHT="15" CONTENT="as" WC="0.85" CC="02"/>
						<SP ID="P99_SP00041" HPOS="464" VPOS="341" WIDTH="23"/>
						<String ID="P99_ST00048" HPOS="487" VPOS="315" WIDTH="146" HEIGHT="30" CONTENT="everything" WC="0.70" CC="0454006080"/>
						<SP ID="P99_SP00042" HPOS="633" VPOS="345" WIDTH="24"/>
						<String ID="P99_ST00049" HPOS="657" VPOS="314" WIDTH="52" HEIGHT="23" CONTENT="that" WC="0.86" CC="0500"/>
						<SP ID="P99_SP00043" HPOS="709" VPOS="345" WIDTH="25"/>
						<String ID="P99_ST00050" HPOS="734" VPOS="322" WIDTH="47" HEIGHT="15" CONTENT="was" WC="0.95" CC="001"/>
						<SP ID="P99_SP00044" HPOS="781" VPOS="345" WIDTH="27"/>
						<String ID="P99_ST00051" HPOS="808" VPOS="314" WIDTH="111" HEIGHT="31" CONTENT="portable" WC="0.94" CC="00300010"/>
					</TextLine>
					<TextLine ID="P99_TL00008" HPOS="75" VPOS="346" WIDTH="844" HEIGHT="33">
						<String ID="P99_ST00052" HPOS="75" VPOS="346" WIDTH="127" HEIGHT="31" CONTENT="Llywelyn" WC="0.88" CC="00000090"/>
						<SP ID="P99_SP00045" HPOS="202" VPOS="377" WIDTH="18"/>
						<String ID="P99_ST00053" HPOS="220" VPOS="346" WIDTH="58" HEIGHT="23" CONTENT="took" WC="0.69" CC="0650"/>
						<SP ID="P99_SP00046" HPOS="278" VPOS="377" WIDTH="14"/>
						<String ID="P99_ST00054" HPOS="292" VPOS="355" WIDTH="67" HEIGHT="23" CONTENT="away" WC="0.65" CC="0940"/>
						<SP ID="P99_SP00047" HPOS="359" VPOS="378" WIDTH="15"/>
						<String ID="P99_ST00055" HPOS="374" VPOS="348" WIDTH="56" HEIGHT="22" CONTENT="with" WC="0.67" CC="0453"/>
						<SP ID="P99_SP00048" HPOS="430" VPOS="378" WIDTH="14"/>
						<String ID="P99_ST00056" HPOS="444" VPOS="349" WIDTH="58" HEIGHT="22" CONTENT="him." WC="0.63" CC="7160"/>
						<SP ID="P99_SP00049" HPOS="502" VPOS="378" WIDTH="38"/>
						<String ID="P99_ST00057" HPOS="540" VPOS="348" WIDTH="52" HEIGHT="23" CONTENT="The" WC="1.00" CC="000"/>
						<SP ID="P99_SP00050" HPOS="592" VPOS="378" WIDTH="19"/>
						<String ID="P99_ST00058" HPOS="611" VPOS="348" WIDTH="67" HEIGHT="31" CONTENT="King" WC="0.87" CC="4000"/>
						<SP ID="P99_SP00051" HPOS="678" VPOS="379" WIDTH="19"/>
						<String ID="P99_ST00059" HPOS="697" VPOS="347" WIDTH="27" HEIGHT="24" CONTENT="of" WC="0.58" CC="44"/>
						<SP ID="P99_SP00052" HPOS="724" VPOS="379" WIDTH="13"/>
						<String ID="P99_ST00060" HPOS="737" VPOS="347" WIDTH="79" HEIGHT="24" CONTENT="North" WC="0.73" CC="01640"/>
						<SP ID="P99_SP00053" HPOS="816" VPOS="379" WIDTH="14"/>
						<String ID="P99_ST00061" HPOS="830" VPOS="348" WIDTH="89" HEIGHT="27" CONTENT="Wales," WC="0.71" CC="900042"/>
					</TextLine>
					<TextLine ID="P99_TL00009" HPOS="76" VPOS="380" WIDTH="844" HEIGHT="32">
						<String ID="P99_ST00062" HPOS="76" VPOS="384" WIDTH="25" HEIGHT="19" CONTENT="to" WC="0.84" CC="03"/>
						<SP ID="P99_SP00054" HPOS="101" VPOS="403" WIDTH="22"/>
						<String ID="P99_ST00063" HPOS="123" VPOS="380" WIDTH="80" HEIGHT="23" CONTENT="whom" WC="0.75" CC="0027"/>
						<SP ID="P99_SP00055" HPOS="203" VPOS="403" WIDTH="19"/>
						<String ID="P99_ST00064" HPOS="222" VPOS="380" WIDTH="23" HEIGHT="22" CONTENT="in" WC="0.41" CC="56"/>
						<SP ID="P99_SP00056" HPOS="245" VPOS="403" WIDTH="23"/>
						<String ID="P99_ST00065" HPOS="268" VPOS="381" WIDTH="64" HEIGHT="23" CONTENT="1204" WC="0.61" CC="1940"/>
						<SP ID="P99_SP00057" HPOS="332" VPOS="404" WIDTH="22"/>
						<String ID="P99_ST00066" HPOS="354" VPOS="380" WIDTH="68" HEIGHT="32" CONTENT="King" WC="0.86" CC="0050"/>
						<SP ID="P99_SP00058" HPOS="422" VPOS="412" WIDTH="20"/>
						<String ID="P99_ST00067" HPOS="442" VPOS="382" WIDTH="66" HEIGHT="24" CONTENT="John" WC="0.81" CC="0303"/>
						<SP ID="P99_SP00059" HPOS="508" VPOS="412" WIDTH="25"/>
						<String ID="P99_ST00068" HPOS="533" VPOS="382" WIDTH="27" HEIGHT="23" CONTENT="of" WC="0.72" CC="50"/>
						<SP ID="P99_SP00060" HPOS="560" VPOS="412" WIDTH="20"/>
						<String ID="P99_ST00069" HPOS="580" VPOS="382" WIDTH="112" HEIGHT="30" CONTENT="England" WC="0.86" CC="0500040"/>
						<SP ID="P99_SP00061" HPOS="692" VPOS="412" WIDTH="26"/>
						<String ID="P99_ST00070" HPOS="718" VPOS="382" WIDTH="47" HEIGHT="23" CONTENT="had" WC="0.75" CC="700"/>
						<SP ID="P99_SP00062" HPOS="765" VPOS="412" WIDTH="25"/>
						<String ID="P99_ST00071" HPOS="790" VPOS="382" WIDTH="70" HEIGHT="30" CONTENT="given" WC="0.48" CC="90905"/>
						<SP ID="P99_SP00063" HPOS="860" VPOS="412" WIDTH="23"/>
						<String ID="P99_ST00072" HPOS="883" VPOS="381" WIDTH="37" HEIGHT="23" CONTENT="his" WC="0.54" CC="534"/>
					</TextLine>
					<TextLine ID="P99_TL00010" HPOS="77" VPOS="414" WIDTH="846" HEIGHT="33">
						<String ID="P99_ST00073" HPOS="77" VPOS="414" WIDTH="122" HEIGHT="31" CONTENT="daughter" WC="0.82" CC="02006004"/>
						<SP ID="P99_SP00064" HPOS="199" VPOS="445" WIDTH="12"/>
						<String ID="P99_ST00074" HPOS="211" VPOS="414" WIDTH="63" HEIGHT="23" CONTENT="Joan" WC="0.79" CC="0008"/>
						<SP ID="P99_SP00065" HPOS="274" VPOS="445" WIDTH="18"/>
						<String ID="P99_ST00075" HPOS="292" VPOS="415" WIDTH="24" HEIGHT="22" CONTENT="in" WC="0.93" CC="01"/>
						<SP ID="P99_SP00066" HPOS="316" VPOS="445" WIDTH="19"/>
						<String ID="P99_ST00076" HPOS="335" VPOS="417" WIDTH="126" HEIGHT="30" CONTENT="marriage," WC="0.71" CC="506445000"/>
						<SP ID="P99_SP00067" HPOS="461" VPOS="447" WIDTH="14"/>
						<String ID="P99_ST00077" HPOS="475" VPOS="416" WIDTH="57" HEIGHT="23" CONTENT="with" WC="0.91" CC="0030"/>
						<SP ID="P99_SP00068" HPOS="532" VPOS="447" WIDTH="18"/>
						<String ID="P99_ST00078" HPOS="550" VPOS="424" WIDTH="14" HEIGHT="15" CONTENT="a" WC="1.00" CC="0"/>
						<SP ID="P99_SP00069" HPOS="564" VPOS="447" WIDTH="17"/>
						<String ID="P99_ST00079" HPOS="581" VPOS="417" WIDTH="81" HEIGHT="22" CONTENT="dower" WC="0.71" CC="01902"/>
						<SP ID="P99_SP00070" HPOS="662" VPOS="447" WIDTH="18"/>
						<String ID="P99_ST00080" HPOS="680" VPOS="415" WIDTH="28" HEIGHT="23" CONTENT="of" WC="1.00" CC="00"/>
						<SP ID="P99_SP00071" HPOS="708" VPOS="447" WIDTH="10"/>
						<String ID="P99_ST00081" HPOS="718" VPOS="416" WIDTH="40" HEIGHT="22" CONTENT="the" WC="0.63" CC="460"/>
						<SP ID="P99_SP00072" HPOS="758" VPOS="447" WIDTH="16"/>
						<String ID="P99_ST00082" HPOS="774" VPOS="415" WIDTH="109" HEIGHT="30" CONTENT="lordship" WC="0.78" CC="00407410"/>
						<SP ID="P99_SP00073" HPOS="883" VPOS="447" WIDTH="13"/>
						<String ID="P99_ST00083" HPOS="896" VPOS="415" WIDTH="27" HEIGHT="23" CONTENT="of" WC="1.00" CC="00"/>
					</TextLine>
					<TextLine ID="P99_TL00011" HPOS="78" VPOS="447" WIDTH="843" HEIGHT="32">
						<String ID="P99_ST00084" HPOS="78" VPOS="447" WIDTH="143" HEIGHT="28" CONTENT="Ellesmere," WC="0.82" CC="0000670300"/>
						<SP ID="P99_SP00074" HPOS="221" VPOS="475" WIDTH="15"/>
						<String ID="P99_ST00085" HPOS="236" VPOS="448" WIDTH="153" HEIGHT="31" CONTENT="Shropshire," WC="0.82" CC="50040302003"/>
						<SP ID="P99_SP00075" HPOS="389" VPOS="479" WIDTH="15"/>
						<String ID="P99_ST00086" HPOS="404" VPOS="450" WIDTH="22" HEIGHT="22" CONTENT="in" WC="0.48" CC="37"/>
						<SP ID="P99_SP00076" HPOS="426" VPOS="479" WIDTH="19"/>
						<String ID="P99_ST00087" HPOS="445" VPOS="451" WIDTH="40" HEIGHT="22" CONTENT="the" WC="0.76" CC="070"/>
						<SP ID="P99_SP00077" HPOS="485" VPOS="479" WIDTH="20"/>
						<String ID="P99_ST00088" HPOS="505" VPOS="450" WIDTH="115" HEIGHT="23" CONTENT="Marches" WC="0.91" CC="0000203"/>
						<SP ID="P99_SP00078" HPOS="620" VPOS="479" WIDTH="17"/>
						<String ID="P99_ST00089" HPOS="637" VPOS="449" WIDTH="28" HEIGHT="24" CONTENT="of" WC="0.92" CC="01"/>
						<SP ID="P99_SP00079" HPOS="665" VPOS="479" WIDTH="8"/>
						<String ID="P99_ST00090" HPOS="673" VPOS="449" WIDTH="89" HEIGHT="28" CONTENT="Wales," WC="0.88" CC="003030"/>
						<SP ID="P99_SP00080" HPOS="762" VPOS="479" WIDTH="15"/>
						<String ID="P99_ST00091" HPOS="777" VPOS="457" WIDTH="47" HEIGHT="15" CONTENT="was" WC="0.89" CC="003"/>
						<SP ID="P99_SP00081" HPOS="824" VPOS="479" WIDTH="20"/>
						<String ID="P99_ST00092" HPOS="844" VPOS="449" WIDTH="77" HEIGHT="23" CONTENT="called" WC="0.85" CC="003500"/>
					</TextLine>
					<TextLine ID="P99_TL00012" HPOS="78" VPOS="481" WIDTH="844" HEIGHT="34">
						<String ID="P99_ST00093" HPOS="78" VPOS="484" WIDTH="25" HEIGHT="21" CONTENT="to" WC="0.88" CC="02"/>
						<SP ID="P99_SP00082" HPOS="103" VPOS="505" WIDTH="20"/>
						<String ID="P99_ST00094" HPOS="123" VPOS="485" WIDTH="108" HEIGHT="19" CONTENT="account" WC="0.72" CC="0400069"/>
						<SP ID="P99_SP00083" HPOS="231" VPOS="505" WIDTH="18"/>
						<String ID="P99_ST00095" HPOS="249" VPOS="481" WIDTH="38" HEIGHT="24" CONTENT="for" WC="0.83" CC="005"/>
						<SP ID="P99_SP00084" HPOS="287" VPOS="505" WIDTH="18"/>
						<String ID="P99_ST00096" HPOS="305" VPOS="483" WIDTH="48" HEIGHT="23" CONTENT="this" WC="0.84" CC="0006"/>
						<SP ID="P99_SP00085" HPOS="353" VPOS="506" WIDTH="18"/>
						<String ID="P99_ST00097" HPOS="371" VPOS="489" WIDTH="101" HEIGHT="26" CONTENT="outrage" WC="0.81" CC="4061000"/>
						<SP ID="P99_SP00086" HPOS="472" VPOS="515" WIDTH="20"/>
						<String ID="P99_ST00098" HPOS="492" VPOS="484" WIDTH="31" HEIGHT="31" CONTENT="by" WC="1.00" CC="00"/>
						<SP ID="P99_SP00087" HPOS="523" VPOS="515" WIDTH="19"/>
						<String ID="P99_ST00099" HPOS="542" VPOS="484" WIDTH="36" HEIGHT="22" CONTENT="his" WC="0.68" CC="702"/>
						<SP ID="P99_SP00088" HPOS="578" VPOS="515" WIDTH="19"/>
						<String ID="P99_ST00100" HPOS="597" VPOS="484" WIDTH="61" HEIGHT="30" CONTENT="liege" WC="0.88" CC="40100"/>
						<SP ID="P99_SP00089" HPOS="658" VPOS="515" WIDTH="19"/>
						<String ID="P99_ST00101" HPOS="677" VPOS="483" WIDTH="61" HEIGHT="23" CONTENT="lord." WC="0.71" CC="30900"/>
						<SP ID="P99_SP00090" HPOS="738" VPOS="515" WIDTH="48"/>
						<String ID="P99_ST00102" HPOS="786" VPOS="482" WIDTH="41" HEIGHT="23" CONTENT="He" WC="0.74" CC="50"/>
						<SP ID="P99_SP00091" HPOS="827" VPOS="515" WIDTH="19"/>
						<String ID="P99_ST00103" HPOS="846" VPOS="485" WIDTH="76" HEIGHT="20" CONTENT="wrote" WC="0.75" CC="05070"/>
					</TextLine>
					<TextLine ID="P99_TL00013" HPOS="78" VPOS="515" WIDTH="844" HEIGHT="34">
						<String ID="P99_ST00104" HPOS="78" VPOS="522" WIDTH="30" HEIGHT="16" CONTENT="an" WC="0.73" CC="05"/>
						<SP ID="P99_SP00092" HPOS="108" VPOS="538" WIDTH="20"/>
						<String ID="P99_ST00105" HPOS="128" VPOS="515" WIDTH="154" HEIGHT="30" CONTENT="explanation" WC="0.95" CC="00000500000"/>
						<SP ID="P99_SP00093" HPOS="282" VPOS="545" WIDTH="18"/>
						<String ID="P99_ST00106" HPOS="300" VPOS="519" WIDTH="26" HEIGHT="20" CONTENT="to" WC="1.00" CC="00"/>
						<SP ID="P99_SP00094" HPOS="326" VPOS="545" WIDTH="18"/>
						<String ID="P99_ST00107" HPOS="344" VPOS="517" WIDTH="42" HEIGHT="22" CONTENT="the" WC="0.78" CC="060"/>
						<SP ID="P99_SP00095" HPOS="386" VPOS="545" WIDTH="18"/>
						<String ID="P99_ST00108" HPOS="404" VPOS="517" WIDTH="60" HEIGHT="32" CONTENT="king" WC="0.57" CC="0079"/>
						<SP ID="P99_SP00096" HPOS="464" VPOS="549" WIDTH="17"/>
						<String ID="P99_ST00109" HPOS="481" VPOS="522" WIDTH="24" HEIGHT="18" CONTENT="at" WC="0.77" CC="04"/>
						<SP ID="P99_SP00097" HPOS="505" VPOS="549" WIDTH="19"/>
						<String ID="P99_ST00110" HPOS="524" VPOS="517" WIDTH="87" HEIGHT="23" CONTENT="Bristol" WC="0.81" CC="0506000"/>
						<String ID="P99_ST00111" HPOS="622" VPOS="528" WIDTH="5" HEIGHT="16" CONTENT=";" WC="1.00" CC="0"/>
						<SP ID="P99_SP00098" HPOS="627" VPOS="549" WIDTH="24"/>
						<String ID="P99_ST00112" HPOS="651" VPOS="517" WIDTH="35" HEIGHT="22" CONTENT="his" WC="0.63" CC="630"/>
						<SP ID="P99_SP00099" HPOS="686" VPOS="549" WIDTH="19"/>
						<String ID="P99_ST00113" HPOS="705" VPOS="517" WIDTH="154" HEIGHT="30" CONTENT="explanation" WC="0.71" CC="42060760005"/>
						<SP ID="P99_SP00100" HPOS="859" VPOS="549" WIDTH="14"/>
						<String ID="P99_ST00114" HPOS="873" VPOS="523" WIDTH="49" HEIGHT="16" CONTENT="was" WC="1.00" CC="000"/>
					</TextLine>
					<TextLine ID="P99_TL00014" HPOS="78" VPOS="549" WIDTH="844" HEIGHT="33">
						<String ID="P99_ST00115" HPOS="78" VPOS="550" WIDTH="128" HEIGHT="29" CONTENT="accepted," WC="0.96" CC="000300000"/>
						<SP ID="P99_SP00101" HPOS="206" VPOS="579" WIDTH="14"/>
						<String ID="P99_ST00116" HPOS="220" VPOS="557" WIDTH="14" HEIGHT="15" CONTENT="a" WC="1.00" CC="0"/>
						<SP ID="P99_SP00102" HPOS="234" VPOS="579" WIDTH="13"/>
						<String ID="P99_ST00117" HPOS="247" VPOS="549" WIDTH="43" HEIGHT="23" CONTENT="full" WC="0.70" CC="0803"/>
						<SP ID="P99_SP00103" HPOS="290" VPOS="579" WIDTH="15"/>
						<String ID="P99_ST00118" HPOS="305" VPOS="550" WIDTH="91" HEIGHT="30" CONTENT="pardon" WC="0.78" CC="025040"/>
						<SP ID="P99_SP00104" HPOS="396" VPOS="580" WIDTH="14"/>
						<String ID="P99_ST00119" HPOS="410" VPOS="552" WIDTH="101" HEIGHT="30" CONTENT="granted" WC="0.72" CC="0205650"/>
						<SP ID="P99_SP00105" HPOS="511" VPOS="582" WIDTH="16"/>
						<String ID="P99_ST00120" HPOS="527" VPOS="555" WIDTH="25" HEIGHT="19" CONTENT="to" WC="0.79" CC="04"/>
						<SP ID="P99_SP00106" HPOS="552" VPOS="582" WIDTH="13"/>
						<String ID="P99_ST00121" HPOS="565" VPOS="551" WIDTH="64" HEIGHT="27" CONTENT="him;" WC="0.77" CC="7010"/>
						<SP ID="P99_SP00107" HPOS="629" VPOS="582" WIDTH="17"/>
						<String ID="P99_ST00122" HPOS="646" VPOS="550" WIDTH="47" HEIGHT="23" CONTENT="and" WC="1.00" CC="000"/>
						<SP ID="P99_SP00108" HPOS="693" VPOS="582" WIDTH="13"/>
						<String ID="P99_ST00123" HPOS="706" VPOS="550" WIDTH="41" HEIGHT="22" CONTENT="the" WC="1.00" CC="000"/>
						<SP ID="P99_SP00109" HPOS="747" VPOS="582" WIDTH="14"/>
						<String ID="P99_ST00124" HPOS="761" VPOS="558" WIDTH="57" HEIGHT="23" CONTENT="year" WC="0.50" CC="8640"/>
						<SP ID="P99_SP00110" HPOS="818" VPOS="582" WIDTH="13"/>
						<String ID="P99_ST00125" HPOS="831" VPOS="550" WIDTH="91" HEIGHT="22" CONTENT="follow" SUBS_TYPE="HypPart1" SUBS_CONTENT="following" WC="0.79" CC="0400090"/>
						<HYP CONTENT="-"/>
					</TextLine>
					<TextLine ID="P99_TL00015" HPOS="80" VPOS="583" WIDTH="842" HEIGHT="33">
						<String ID="P99_ST00126" HPOS="80" VPOS="583" WIDTH="42" HEIGHT="30" CONTENT="ing" SUBS_TYPE="HypPart2" SUBS_CONTENT="following" WC="0.71" CC="250"/>
						<SP ID="P99_SP00111" HPOS="122" VPOS="613" WIDTH="14"/>
						<String ID="P99_ST00127" HPOS="136" VPOS="590" WIDTH="35" HEIGHT="15" CONTENT="we" WC="0.52" CC="90"/>
						<SP ID="P99_SP00112" HPOS="171" VPOS="613" WIDTH="12"/>
						<String ID="P99_ST00128" HPOS="183" VPOS="583" WIDTH="52" HEIGHT="22" CONTENT="find" WC="0.73" CC="7020"/>
						<SP ID="P99_SP00113" HPOS="235" VPOS="613" WIDTH="13"/>
						<String ID="P99_ST00129" HPOS="248" VPOS="583" WIDTH="135" HEIGHT="32" CONTENT="Llywelyn," WC="0.84" CC="040000063"/>
						<SP ID="P99_SP00114" HPOS="383" VPOS="615" WIDTH="15"/>
						<String ID="P99_ST00130" HPOS="398" VPOS="585" WIDTH="23" HEIGHT="22" CONTENT="in" WC="0.77" CC="40"/>
						<SP ID="P99_SP00115" HPOS="421" VPOS="615" WIDTH="14"/>
						<String ID="P99_ST00131" HPOS="435" VPOS="593" WIDTH="86" HEIGHT="23" CONTENT="person" WC="0.77" CC="001606"/>
						<SP ID="P99_SP00116" HPOS="521" VPOS="616" WIDTH="21"/>
						<String ID="P99_ST00132" HPOS="542" VPOS="593" WIDTH="28" HEIGHT="15" CONTENT="or" WC="0.72" CC="04"/>
						<SP ID="P99_SP00117" HPOS="570" VPOS="616" WIDTH="12"/>
						<String ID="P99_ST00133" HPOS="582" VPOS="586" WIDTH="33" HEIGHT="30" CONTENT="by" WC="1.00" CC="00"/>
						<SP ID="P99_SP00118" HPOS="615" VPOS="616" WIDTH="14"/>
						<String ID="P99_ST00134" HPOS="629" VPOS="593" WIDTH="86" HEIGHT="23" CONTENT="proxy," WC="0.88" CC="070000"/>
						<SP ID="P99_SP00119" HPOS="715" VPOS="616" WIDTH="15"/>
						<String ID="P99_ST00135" HPOS="730" VPOS="584" WIDTH="75" HEIGHT="31" CONTENT="doing" WC="0.82" CC="04300"/>
						<SP ID="P99_SP00120" HPOS="805" VPOS="616" WIDTH="13"/>
						<String ID="P99_ST00136" HPOS="818" VPOS="584" WIDTH="104" HEIGHT="30" CONTENT="homage" WC="0.80" CC="036200"/>
					</TextLine>
					<TextLine ID="P99_TL00016" HPOS="79" VPOS="616" WIDTH="197" HEIGHT="23">
						<String ID="P99_ST00137" HPOS="79" VPOS="621" WIDTH="26" HEIGHT="18" CONTENT="at" WC="1.00" CC="00"/>
						<SP ID="P99_SP00121" HPOS="105" VPOS="639" WIDTH="12"/>
						<String ID="P99_ST00138" HPOS="117" VPOS="616" WIDTH="159" HEIGHT="23" CONTENT="Woodstock." WC="0.74" CC="0210750090"/>
					</TextLine>
				</TextBlock>
				<TextBlock ID="P99_TB00004" HPOS="80" VPOS="649" WIDTH="853" HEIGHT="911" STYLEREFS="TXT_1 PAR_LEFT">
					<TextLine ID="P99_TL00017" HPOS="131" VPOS="649" WIDTH="792" HEIGHT="33">
						<String ID="P99_ST00139" HPOS="131" VPOS="649" WIDTH="60" HEIGHT="23" CONTENT="This" WC="0.93" CC="0002"/>
						<SP ID="P99_SP00122" HPOS="191" VPOS="672" WIDTH="16"/>
						<String ID="P99_ST00140" HPOS="207" VPOS="658" WIDTH="65" HEIGHT="15" CONTENT="same" WC="0.76" CC="3050"/>
						<SP ID="P99_SP00123" HPOS="272" VPOS="673" WIDTH="14"/>
						<String ID="P99_ST00141" HPOS="286" VPOS="659" WIDTH="57" HEIGHT="23" CONTENT="year" WC="0.94" CC="0101"/>
						<SP ID="P99_SP00124" HPOS="343" VPOS="682" WIDTH="12"/>
						<String ID="P99_ST00142" HPOS="355" VPOS="652" WIDTH="42" HEIGHT="23" CONTENT="the" WC="0.77" CC="060"/>
						<SP ID="P99_SP00125" HPOS="397" VPOS="682" WIDTH="18"/>
						<String ID="P99_ST00143" HPOS="415" VPOS="652" WIDTH="57" HEIGHT="23" CONTENT="Earl" WC="0.88" CC="0040"/>
						<SP ID="P99_SP00126" HPOS="472" VPOS="682" WIDTH="19"/>
						<String ID="P99_ST00144" HPOS="491" VPOS="652" WIDTH="28" HEIGHT="23" CONTENT="of" WC="0.94" CC="10"/>
						<SP ID="P99_SP00127" HPOS="519" VPOS="682" WIDTH="10"/>
						<String ID="P99_ST00145" HPOS="529" VPOS="653" WIDTH="103" HEIGHT="24" CONTENT="Chester" WC="0.71" CC="0605106"/>
						<SP ID="P99_SP00128" HPOS="632" VPOS="682" WIDTH="18"/>
						<String ID="P99_ST00146" HPOS="650" VPOS="652" WIDTH="69" HEIGHT="23" CONTENT="made" WC="0.82" CC="7000"/>
						<SP ID="P99_SP00129" HPOS="719" VPOS="682" WIDTH="20"/>
						<String ID="P99_ST00147" HPOS="739" VPOS="660" WIDTH="29" HEIGHT="14" CONTENT="an" WC="0.74" CC="05"/>
						<SP ID="P99_SP00130" HPOS="768" VPOS="682" WIDTH="20"/>
						<String ID="P99_ST00148" HPOS="788" VPOS="650" WIDTH="85" HEIGHT="24" CONTENT="inroad" WC="0.71" CC="514500"/>
						<SP ID="P99_SP00131" HPOS="873" VPOS="682" WIDTH="19"/>
						<String ID="P99_ST00149" HPOS="892" VPOS="658" WIDTH="31" HEIGHT="15" CONTENT="on" WC="0.63" CC="07"/>
					</TextLine>
					<TextLine ID="P99_TL00018" HPOS="81" VPOS="683" WIDTH="842" HEIGHT="33">
						<String ID="P99_ST00150" HPOS="81" VPOS="683" WIDTH="80" HEIGHT="23" CONTENT="North" WC="0.84" CC="00042"/>
						<SP ID="P99_SP00132" HPOS="161" VPOS="706" WIDTH="20"/>
						<String ID="P99_ST00151" HPOS="181" VPOS="683" WIDTH="89" HEIGHT="28" CONTENT="Wales," WC="0.89" CC="000060"/>
						<SP ID="P99_SP00133" HPOS="270" VPOS="711" WIDTH="23"/>
						<String ID="P99_ST00152" HPOS="293" VPOS="685" WIDTH="47" HEIGHT="23" CONTENT="and" WC="1.00" CC="000"/>
						<SP ID="P99_SP00134" HPOS="340" VPOS="711" WIDTH="21"/>
						<String ID="P99_ST00153" HPOS="361" VPOS="686" WIDTH="90" HEIGHT="23" CONTENT="rebuilt" WC="0.83" CC="0065000"/>
						<SP ID="P99_SP00135" HPOS="451" VPOS="711" WIDTH="21"/>
						<String ID="P99_ST00154" HPOS="472" VPOS="687" WIDTH="41" HEIGHT="22" CONTENT="the" WC="0.84" CC="040"/>
						<SP ID="P99_SP00136" HPOS="513" VPOS="711" WIDTH="25"/>
						<String ID="P99_ST00155" HPOS="538" VPOS="687" WIDTH="75" HEIGHT="23" CONTENT="castle" WC="0.90" CC="006000"/>
						<SP ID="P99_SP00137" HPOS="613" VPOS="711" WIDTH="24"/>
						<String ID="P99_ST00156" HPOS="637" VPOS="686" WIDTH="27" HEIGHT="23" CONTENT="of" WC="1.00" CC="00"/>
						<SP ID="P99_SP00138" HPOS="664" VPOS="711" WIDTH="22"/>
						<String ID="P99_ST00157" HPOS="686" VPOS="686" WIDTH="124" HEIGHT="30" CONTENT="Diganwy" WC="0.96" CC="0000200"/>
						<SP ID="P99_SP00139" HPOS="810" VPOS="716" WIDTH="19"/>
						<String ID="P99_ST00158" HPOS="829" VPOS="692" WIDTH="30" HEIGHT="15" CONTENT="on" WC="1.00" CC="00"/>
						<SP ID="P99_SP00140" HPOS="859" VPOS="716" WIDTH="25"/>
						<String ID="P99_ST00159" HPOS="884" VPOS="684" WIDTH="39" HEIGHT="22" CONTENT="the" WC="0.99" CC="000"/>
					</TextLine>
					<TextLine ID="P99_TL00019" HPOS="80" VPOS="717" WIDTH="843" HEIGHT="34">
						<String ID="P99_ST00160" HPOS="80" VPOS="717" WIDTH="118" HEIGHT="31" CONTENT="Conway," WC="0.88" CC="0520000"/>
						<SP ID="P99_SP00141" HPOS="198" VPOS="748" WIDTH="12"/>
						<String ID="P99_ST00161" HPOS="210" VPOS="718" WIDTH="79" HEIGHT="23" CONTENT="which" WC="0.83" CC="02006"/>
						<SP ID="P99_SP00142" HPOS="289" VPOS="748" WIDTH="14"/>
						<String ID="P99_ST00162" HPOS="303" VPOS="719" WIDTH="48" HEIGHT="23" CONTENT="had" WC="0.82" CC="050"/>
						<SP ID="P99_SP00143" HPOS="351" VPOS="748" WIDTH="13"/>
						<String ID="P99_ST00163" HPOS="364" VPOS="720" WIDTH="61" HEIGHT="23" CONTENT="been" WC="1.00" CC="0000"/>
						<SP ID="P99_SP00144" HPOS="425" VPOS="748" WIDTH="14"/>
						<String ID="P99_ST00164" HPOS="439" VPOS="721" WIDTH="129" HEIGHT="30" CONTENT="destroyed" WC="0.85" CC="005000060"/>
						<SP ID="P99_SP00145" HPOS="568" VPOS="751" WIDTH="13"/>
						<String ID="P99_ST00165" HPOS="581" VPOS="721" WIDTH="33" HEIGHT="30" CONTENT="by" WC="0.64" CC="70"/>
						<SP ID="P99_SP00146" HPOS="614" VPOS="751" WIDTH="15"/>
						<String ID="P99_ST00166" HPOS="629" VPOS="720" WIDTH="134" HEIGHT="31" CONTENT="Llywelyn." WC="0.98" CC="000000010"/>
						<SP ID="P99_SP00147" HPOS="763" VPOS="751" WIDTH="33"/>
						<String ID="P99_ST00167" HPOS="796" VPOS="718" WIDTH="127" HEIGHT="31" CONTENT="Llywelyn" WC="0.82" CC="00800004"/>
					</TextLine>
					<TextLine ID="P99_TL00020" HPOS="80" VPOS="752" WIDTH="844" HEIGHT="30">
						<String ID="P99_ST00168" HPOS="80" VPOS="752" WIDTH="170" HEIGHT="30" CONTENT="scrupulously" WC="0.85" CC="200005112400"/>
						<SP ID="P99_SP00148" HPOS="250" VPOS="782" WIDTH="11"/>
						<String ID="P99_ST00169" HPOS="261" VPOS="754" WIDTH="116" HEIGHT="22" CONTENT="returned" WC="0.87" CC="00023400"/>
						<SP ID="P99_SP00149" HPOS="377" VPOS="782" WIDTH="12"/>
						<String ID="P99_ST00170" HPOS="389" VPOS="754" WIDTH="48" HEIGHT="22" CONTENT='the"' WC="0.82" CC="0500"/>
						<SP ID="P99_SP00150" HPOS="437" VPOS="782" WIDTH="7"/>
						<String ID="P99_ST00171" HPOS="444" VPOS="754" WIDTH="61" HEIGHT="27" CONTENT="visit," WC="0.86" CC="020401"/>
						<SP ID="P99_SP00151" HPOS="505" VPOS="782" WIDTH="12"/>
						<String ID="P99_ST00172" HPOS="517" VPOS="754" WIDTH="46" HEIGHT="22" CONTENT="and" WC="0.86" CC="040"/>
						<SP ID="P99_SP00152" HPOS="563" VPOS="782" WIDTH="15"/>
						<String ID="P99_ST00173" HPOS="578" VPOS="761" WIDTH="67" HEIGHT="15" CONTENT="came" WC="0.64" CC="3640"/>
						<SP ID="P99_SP00153" HPOS="645" VPOS="782" WIDTH="14"/>
						<String ID="P99_ST00174" HPOS="659" VPOS="754" WIDTH="71" HEIGHT="22" CONTENT="home" WC="0.80" CC="0070"/>
						<SP ID="P99_SP00154" HPOS="730" VPOS="782" WIDTH="13"/>
						<String ID="P99_ST00175" HPOS="743" VPOS="753" WIDTH="57" HEIGHT="23" CONTENT="with" WC="0.76" CC="0251"/>
						<SP ID="P99_SP00155" HPOS="800" VPOS="782" WIDTH="13"/>
						<String ID="P99_ST00176" HPOS="813" VPOS="760" WIDTH="25" HEIGHT="14" CONTENT="as" WC="1.00" CC="00"/>
						<SP ID="P99_SP00156" HPOS="838" VPOS="782" WIDTH="13"/>
						<String ID="P99_ST00177" HPOS="851" VPOS="760" WIDTH="73" HEIGHT="22" CONTENT="many" WC="0.73" CC="4050"/>
					</TextLine>
					<TextLine ID="P99_TL00021" HPOS="81" VPOS="785" WIDTH="844" HEIGHT="32">
						<String ID="P99_ST00178" HPOS="81" VPOS="786" WIDTH="78" HEIGHT="29" CONTENT="costly" WC="0.73" CC="307500"/>
						<SP ID="P99_SP00157" HPOS="159" VPOS="815" WIDTH="14"/>
						<String ID="P99_ST00179" HPOS="173" VPOS="787" WIDTH="193" HEIGHT="23" CONTENT="remembrances" WC="0.79" CC="400075003004"/>
						<SP ID="P99_SP00158" HPOS="366" VPOS="815" WIDTH="14"/>
						<String ID="P99_ST00180" HPOS="380" VPOS="795" WIDTH="24" HEIGHT="15" CONTENT="as" WC="0.96" CC="00"/>
						<SP ID="P99_SP00159" HPOS="404" VPOS="815" WIDTH="13"/>
						<String ID="P99_ST00181" HPOS="417" VPOS="788" WIDTH="31" HEIGHT="22" CONTENT="he" WC="0.63" CC="70"/>
						<SP ID="P99_SP00160" HPOS="448" VPOS="815" WIDTH="13"/>
						<String ID="P99_ST00182" HPOS="461" VPOS="788" WIDTH="72" HEIGHT="22" CONTENT="could" WC="0.92" CC="04000"/>
						<SP ID="P99_SP00161" HPOS="533" VPOS="815" WIDTH="14"/>
						<String ID="P99_ST00183" HPOS="547" VPOS="788" WIDTH="53" HEIGHT="22" CONTENT="well" WC="0.81" CC="0051"/>
						<SP ID="P99_SP00162" HPOS="600" VPOS="815" WIDTH="14"/>
						<String ID="P99_ST00184" HPOS="614" VPOS="795" WIDTH="78" HEIGHT="22" CONTENT="carry." WC="0.93" CC="000400"/>
						<SP ID="P99_SP00163" HPOS="692" VPOS="817" WIDTH="32"/>
						<String ID="P99_ST00185" HPOS="724" VPOS="787" WIDTH="52" HEIGHT="22" CONTENT="The" WC="0.95" CC="010"/>
						<SP ID="P99_SP00164" HPOS="776" VPOS="817" WIDTH="14"/>
						<String ID="P99_ST00186" HPOS="790" VPOS="785" WIDTH="135" HEIGHT="23" CONTENT="retaliation" WC="0.77" CC="01000379030"/>
					</TextLine>
					<TextLine ID="P99_TL00022" HPOS="83" VPOS="818" WIDTH="843" HEIGHT="33">
						<String ID="P99_ST00187" HPOS="83" VPOS="819" WIDTH="28" HEIGHT="23" CONTENT="of" WC="0.48" CC="09"/>
						<SP ID="P99_SP00165" HPOS="111" VPOS="842" WIDTH="7"/>
						<String ID="P99_ST00188" HPOS="118" VPOS="820" WIDTH="128" HEIGHT="29" CONTENT="Llywelyn" WC="0.73" CC="70006205"/>
						<SP ID="P99_SP00166" HPOS="246" VPOS="849" WIDTH="12"/>
						<String ID="P99_ST00189" HPOS="258" VPOS="827" WIDTH="47" HEIGHT="16" CONTENT="was" WC="0.76" CC="007"/>
						<SP ID="P99_SP00167" HPOS="305" VPOS="849" WIDTH="14"/>
						<String ID="P99_ST00190" HPOS="319" VPOS="821" WIDTH="154" HEIGHT="29" CONTENT="represented" WC="0.80" CC="30040606000"/>
						<SP ID="P99_SP00168" HPOS="473" VPOS="850" WIDTH="14"/>
						<String ID="P99_ST00191" HPOS="487" VPOS="826" WIDTH="25" HEIGHT="18" CONTENT="to" WC="1.00" CC="00"/>
						<SP ID="P99_SP00169" HPOS="512" VPOS="850" WIDTH="14"/>
						<String ID="P99_ST00192" HPOS="526" VPOS="821" WIDTH="67" HEIGHT="30" CONTENT="King" WC="0.76" CC="0270"/>
						<SP ID="P99_SP00170" HPOS="593" VPOS="851" WIDTH="10"/>
						<String ID="P99_ST00193" HPOS="603" VPOS="821" WIDTH="66" HEIGHT="23" CONTENT="John" WC="0.68" CC="1262"/>
						<SP ID="P99_SP00171" HPOS="669" VPOS="851" WIDTH="15"/>
						<String ID="P99_ST00194" HPOS="684" VPOS="828" WIDTH="25" HEIGHT="15" CONTENT="as" WC="0.65" CC="06"/>
						<SP ID="P99_SP00172" HPOS="709" VPOS="851" WIDTH="13"/>
						<String ID="P99_ST00195" HPOS="722" VPOS="828" WIDTH="29" HEIGHT="15" CONTENT="an" WC="0.65" CC="06"/>
						<SP ID="P99_SP00173" HPOS="751" VPOS="851" WIDTH="15"/>
						<String ID="P99_ST00196" HPOS="766" VPOS="818" WIDTH="160" HEIGHT="31" CONTENT="unprovoked" WC="0.76" CC="2290304000"/>
					</TextLine>
					<TextLine ID="P99_TL00023" HPOS="83" VPOS="853" WIDTH="843" HEIGHT="31">
						<String ID="P99_ST00197" HPOS="83" VPOS="854" WIDTH="90" HEIGHT="25" CONTENT="attack," WC="0.77" CC="1030090"/>
						<SP ID="P99_SP00174" HPOS="173" VPOS="879" WIDTH="16"/>
						<String ID="P99_ST00198" HPOS="189" VPOS="854" WIDTH="48" HEIGHT="21" CONTENT="and" WC="0.77" CC="060"/>
						<SP ID="P99_SP00175" HPOS="237" VPOS="879" WIDTH="13"/>
						<String ID="P99_ST00199" HPOS="250" VPOS="854" WIDTH="52" HEIGHT="22" CONTENT="that" WC="0.86" CC="0400"/>
						<SP ID="P99_SP00176" HPOS="302" VPOS="879" WIDTH="13"/>
						<String ID="P99_ST00200" HPOS="315" VPOS="854" WIDTH="56" HEIGHT="22" CONTENT="rash" WC="0.52" CC="6057"/>
						<SP ID="P99_SP00177" HPOS="371" VPOS="879" WIDTH="13"/>
						<String ID="P99_ST00201" HPOS="384" VPOS="855" WIDTH="115" HEIGHT="22" CONTENT="monarch" WC="0.51" CC="0065973"/>
						<SP ID="P99_SP00178" HPOS="499" VPOS="879" WIDTH="18"/>
						<String ID="P99_ST00202" HPOS="517" VPOS="855" WIDTH="115" HEIGHT="22" CONTENT="marched" WC="0.69" CC="6037300"/>
						<SP ID="P99_SP00179" HPOS="632" VPOS="879" WIDTH="18"/>
						<String ID="P99_ST00203" HPOS="650" VPOS="862" WIDTH="29" HEIGHT="14" CONTENT="an" WC="0.75" CC="04"/>
						<SP ID="P99_SP00180" HPOS="679" VPOS="879" WIDTH="19"/>
						<String ID="P99_ST00204" HPOS="698" VPOS="861" WIDTH="67" HEIGHT="23" CONTENT="army" WC="0.73" CC="0450"/>
						<SP ID="P99_SP00181" HPOS="765" VPOS="884" WIDTH="14"/>
						<String ID="P99_ST00205" HPOS="779" VPOS="854" WIDTH="51" HEIGHT="22" CONTENT="into" WC="0.77" CC="4400"/>
						<SP ID="P99_SP00182" HPOS="830" VPOS="884" WIDTH="14"/>
						<String ID="P99_ST00206" HPOS="844" VPOS="853" WIDTH="82" HEIGHT="22" CONTENT="Wales" WC="0.99" CC="00000"/>
					</TextLine>
					<TextLine ID="P99_TL00024" HPOS="84" VPOS="887" WIDTH="843" HEIGHT="31">
						<String ID="P99_ST00207" HPOS="84" VPOS="890" WIDTH="25" HEIGHT="19" CONTENT="to" WC="0.42" CC="65"/>
						<SP ID="P99_SP00183" HPOS="109" VPOS="909" WIDTH="14"/>
						<String ID="P99_ST00208" HPOS="123" VPOS="887" WIDTH="104" HEIGHT="22" CONTENT="chastise" WC="0.72" CC="00254360"/>
						<SP ID="P99_SP00184" HPOS="227" VPOS="909" WIDTH="14"/>
						<String ID="P99_ST00209" HPOS="241" VPOS="887" WIDTH="35" HEIGHT="22" CONTENT="his" WC="0.78" CC="006"/>
						<SP ID="P99_SP00185" HPOS="276" VPOS="909" WIDTH="13"/>
						<String ID="P99_ST00210" HPOS="289" VPOS="888" WIDTH="122" HEIGHT="22" CONTENT="undutiful" WC="0.64" CC="280305056"/>
						<SP ID="P99_SP00186" HPOS="411" VPOS="910" WIDTH="13"/>
						<String ID="P99_ST00211" HPOS="424" VPOS="889" WIDTH="138" HEIGHT="22" CONTENT="son-in-law" WC="0.73" CC="1014080009"/>
						<SP ID="P99_SP00187" HPOS="562" VPOS="911" WIDTH="14"/>
						<String ID="P99_ST00212" HPOS="576" VPOS="897" WIDTH="30" HEIGHT="14" CONTENT="on" WC="0.63" CC="07"/>
						<SP ID="P99_SP00188" HPOS="606" VPOS="911" WIDTH="15"/>
						<String ID="P99_ST00213" HPOS="621" VPOS="889" WIDTH="40" HEIGHT="21" CONTENT="the" WC="0.54" CC="661"/>
						<SP ID="P99_SP00189" HPOS="661" VPOS="911" WIDTH="14"/>
						<String ID="P99_ST00214" HPOS="675" VPOS="892" WIDTH="53" HEIGHT="26" CONTENT="spot" WC="0.83" CC="6000"/>
						<String ID="P99_ST00215" HPOS="738" VPOS="897" WIDTH="5" HEIGHT="17" CONTENT=";" WC="0.84" CC="1"/>
						<SP ID="P99_SP00190" HPOS="743" VPOS="918" WIDTH="20"/>
						<String ID="P99_ST00216" HPOS="763" VPOS="887" WIDTH="44" HEIGHT="22" CONTENT="but" WC="0.93" CC="020"/>
						<SP ID="P99_SP00191" HPOS="807" VPOS="918" WIDTH="12"/>
						<String ID="P99_ST00217" HPOS="819" VPOS="887" WIDTH="47" HEIGHT="22" CONTENT="this" WC="0.97" CC="0010"/>
						<SP ID="P99_SP00192" HPOS="866" VPOS="918" WIDTH="13"/>
						<String ID="P99_ST00218" HPOS="879" VPOS="893" WIDTH="48" HEIGHT="16" CONTENT="was" WC="0.78" CC="006"/>
					</TextLine>
					<TextLine ID="P99_TL00025" HPOS="84" VPOS="920" WIDTH="844" HEIGHT="30">
						<String ID="P99_ST00219" HPOS="84" VPOS="927" WIDTH="88" HEIGHT="15" CONTENT="sooner" WC="0.48" CC="407675"/>
						<SP ID="P99_SP00193" HPOS="172" VPOS="942" WIDTH="17"/>
						<String ID="P99_ST00220" HPOS="189" VPOS="920" WIDTH="52" HEIGHT="22" CONTENT="said" WC="0.69" CC="6140"/>
						<SP ID="P99_SP00194" HPOS="241" VPOS="942" WIDTH="18"/>
						<String ID="P99_ST00221" HPOS="259" VPOS="921" WIDTH="57" HEIGHT="22" CONTENT="than" WC="0.71" CC="0605"/>
						<SP ID="P99_SP00195" HPOS="316" VPOS="943" WIDTH="16"/>
						<String ID="P99_ST00222" HPOS="332" VPOS="921" WIDTH="72" HEIGHT="23" CONTENT="done." WC="0.88" CC="00500"/>
						<SP ID="P99_SP00196" HPOS="404" VPOS="944" WIDTH="37"/>
						<String ID="P99_ST00223" HPOS="441" VPOS="922" WIDTH="66" HEIGHT="23" CONTENT="John" WC="0.50" CC="1565"/>
						<SP ID="P99_SP00197" HPOS="507" VPOS="945" WIDTH="19"/>
						<String ID="P99_ST00224" HPOS="526" VPOS="922" WIDTH="47" HEIGHT="23" CONTENT="had" WC="0.76" CC="700"/>
						<SP ID="P99_SP00198" HPOS="573" VPOS="945" WIDTH="19"/>
						<String ID="P99_ST00225" HPOS="592" VPOS="926" WIDTH="43" HEIGHT="18" CONTENT="not" WC="0.78" CC="600"/>
						<SP ID="P99_SP00199" HPOS="635" VPOS="945" WIDTH="18"/>
						<String ID="P99_ST00226" HPOS="653" VPOS="922" WIDTH="60" HEIGHT="22" CONTENT="been" WC="0.82" CC="0007"/>
						<SP ID="P99_SP00200" HPOS="713" VPOS="945" WIDTH="20"/>
						<String ID="P99_ST00227" HPOS="733" VPOS="921" WIDTH="23" HEIGHT="22" CONTENT="in" WC="0.53" CC="35"/>
						<SP ID="P99_SP00201" HPOS="756" VPOS="945" WIDTH="15"/>
						<String ID="P99_ST00228" HPOS="771" VPOS="920" WIDTH="81" HEIGHT="22" CONTENT="Wales" WC="0.86" CC="00007"/>
						<SP ID="P99_SP00202" HPOS="852" VPOS="945" WIDTH="17"/>
						<String ID="P99_ST00229" HPOS="869" VPOS="920" WIDTH="59" HEIGHT="30" CONTENT="long" WC="0.36" CC="6638"/>
					</TextLine>
					<TextLine ID="P99_TL00026" HPOS="85" VPOS="953" WIDTH="843" HEIGHT="33">
						<String ID="P99_ST00230" HPOS="85" VPOS="953" WIDTH="84" HEIGHT="23" CONTENT="before" WC="0.83" CC="000630"/>
						<SP ID="P99_SP00203" HPOS="169" VPOS="976" WIDTH="14"/>
						<String ID="P99_ST00231" HPOS="183" VPOS="953" WIDTH="36" HEIGHT="22" CONTENT="his" WC="0.58" CC="650"/>
						<SP ID="P99_SP00204" HPOS="219" VPOS="976" WIDTH="11"/>
						<String ID="P99_ST00232" HPOS="230" VPOS="954" WIDTH="118" HEIGHT="31" CONTENT="principal" WC="0.86" CC="010730000"/>
						<SP ID="P99_SP00205" HPOS="348" VPOS="985" WIDTH="12"/>
						<String ID="P99_ST00233" HPOS="360" VPOS="956" WIDTH="99" HEIGHT="30" CONTENT="anxiety" WC="0.76" CC="0560030"/>
						<SP ID="P99_SP00206" HPOS="459" VPOS="986" WIDTH="11"/>
						<String ID="P99_ST00234" HPOS="470" VPOS="964" WIDTH="48" HEIGHT="14" CONTENT="was" WC="0.55" CC="606"/>
						<SP ID="P99_SP00207" HPOS="518" VPOS="986" WIDTH="13"/>
						<String ID="P99_ST00235" HPOS="531" VPOS="959" WIDTH="24" HEIGHT="20" CONTENT="to" WC="1.00" CC="00"/>
						<SP ID="P99_SP00208" HPOS="555" VPOS="986" WIDTH="13"/>
						<String ID="P99_ST00236" HPOS="568" VPOS="959" WIDTH="40" HEIGHT="27" CONTENT="get" WC="0.84" CC="004"/>
						<SP ID="P99_SP00209" HPOS="608" VPOS="986" WIDTH="14"/>
						<String ID="P99_ST00237" HPOS="622" VPOS="959" WIDTH="42" HEIGHT="19" CONTENT="out" WC="0.65" CC="064"/>
						<SP ID="P99_SP00210" HPOS="664" VPOS="986" WIDTH="13"/>
						<String ID="P99_ST00238" HPOS="677" VPOS="954" WIDTH="28" HEIGHT="24" CONTENT="of" WC="0.99" CC="00"/>
						<SP ID="P99_SP00211" HPOS="705" VPOS="986" WIDTH="7"/>
						<String ID="P99_ST00239" HPOS="712" VPOS="955" WIDTH="25" HEIGHT="22" CONTENT="it." WC="1.00" CC="000"/>
						<SP ID="P99_SP00212" HPOS="737" VPOS="986" WIDTH="20"/>
						<String ID="P99_ST00240" HPOS="757" VPOS="954" WIDTH="53" HEIGHT="22" CONTENT="The" WC="1.00" CC="000"/>
						<SP ID="P99_SP00213" HPOS="810" VPOS="986" WIDTH="14"/>
						<String ID="P99_ST00241" HPOS="824" VPOS="958" WIDTH="104" HEIGHT="25" CONTENT="country" WC="0.83" CC="0005060"/>
					</TextLine>
					<TextLine ID="P99_TL00027" HPOS="85" VPOS="987" WIDTH="843" HEIGHT="32">
						<String ID="P99_ST00242" HPOS="85" VPOS="987" WIDTH="87" HEIGHT="32" CONTENT="people" WC="0.83" CC="000900"/>
						<SP ID="P99_SP00214" HPOS="172" VPOS="1019" WIDTH="14"/>
						<String ID="P99_ST00243" HPOS="186" VPOS="995" WIDTH="30" HEIGHT="15" CONTENT="on" WC="0.54" CC="35"/>
						<SP ID="P99_SP00215" HPOS="216" VPOS="1019" WIDTH="15"/>
						<String ID="P99_ST00244" HPOS="231" VPOS="988" WIDTH="41" HEIGHT="22" CONTENT="the" WC="0.92" CC="020"/>
						<SP ID="P99_SP00216" HPOS="272" VPOS="1019" WIDTH="13"/>
						<String ID="P99_ST00245" HPOS="285" VPOS="988" WIDTH="48" HEIGHT="23" CONTENT="line" WC="0.74" CC="1170"/>
						<SP ID="P99_SP00217" HPOS="333" VPOS="1019" WIDTH="14"/>
						<String ID="P99_ST00246" HPOS="347" VPOS="989" WIDTH="28" HEIGHT="23" CONTENT="of" WC="0.58" CC="08"/>
						<SP ID="P99_SP00218" HPOS="375" VPOS="1019" WIDTH="9"/>
						<String ID="P99_ST00247" HPOS="384" VPOS="990" WIDTH="41" HEIGHT="22" CONTENT="the" WC="0.99" CC="000"/>
						<SP ID="P99_SP00219" HPOS="425" VPOS="1019" WIDTH="13"/>
						<String ID="P99_ST00248" HPOS="438" VPOS="990" WIDTH="82" HEIGHT="22" CONTENT="march" WC="0.69" CC="70006"/>
						<SP ID="P99_SP00220" HPOS="520" VPOS="1019" WIDTH="16"/>
						<String ID="P99_ST00249" HPOS="536" VPOS="990" WIDTH="28" HEIGHT="23" CONTENT="of" WC="0.38" CC="56"/>
						<SP ID="P99_SP00221" HPOS="564" VPOS="1019" WIDTH="10"/>
						<String ID="P99_ST00250" HPOS="574" VPOS="990" WIDTH="40" HEIGHT="22" CONTENT="the" WC="0.88" CC="200"/>
						<SP ID="P99_SP00222" HPOS="614" VPOS="1019" WIDTH="14"/>
						<String ID="P99_ST00251" HPOS="628" VPOS="989" WIDTH="67" HEIGHT="30" CONTENT="King" WC="0.63" CC="0049"/>
						<SP ID="P99_SP00223" HPOS="695" VPOS="1019" WIDTH="13"/>
						<String ID="P99_ST00252" HPOS="708" VPOS="988" WIDTH="27" HEIGHT="23" CONTENT="of" WC="0.91" CC="10"/>
						<SP ID="P99_SP00224" HPOS="735" VPOS="1019" WIDTH="10"/>
						<String ID="P99_ST00253" HPOS="745" VPOS="987" WIDTH="112" HEIGHT="32" CONTENT="England" WC="0.58" CC="0696070"/>
						<SP ID="P99_SP00225" HPOS="857" VPOS="1019" WIDTH="15"/>
						<String ID="P99_ST00254" HPOS="872" VPOS="987" WIDTH="56" HEIGHT="28" CONTENT="had," WC="0.83" CC="6000"/>
					</TextLine>
					<TextLine ID="P99_TL00028" HPOS="88" VPOS="1021" WIDTH="840" HEIGHT="33">
						<String ID="P99_ST00255" HPOS="88" VPOS="1023" WIDTH="30" HEIGHT="29" CONTENT="by" WC="0.72" CC="50"/>
						<SP ID="P99_SP00226" HPOS="118" VPOS="1052" WIDTH="12"/>
						<String ID="P99_ST00256" HPOS="130" VPOS="1022" WIDTH="130" HEIGHT="22" CONTENT="command" WC="0.73" CC="0774000"/>
						<SP ID="P99_SP00227" HPOS="260" VPOS="1052" WIDTH="14"/>
						<String ID="P99_ST00257" HPOS="274" VPOS="1021" WIDTH="28" HEIGHT="23" CONTENT="of" WC="0.84" CC="30"/>
						<SP ID="P99_SP00228" HPOS="302" VPOS="1052" WIDTH="9"/>
						<String ID="P99_ST00258" HPOS="311" VPOS="1021" WIDTH="136" HEIGHT="33" CONTENT="Llywelyn," WC="0.78" CC="000804031"/>
						<SP ID="P99_SP00229" HPOS="447" VPOS="1054" WIDTH="13"/>
						<String ID="P99_ST00259" HPOS="460" VPOS="1024" WIDTH="91" HEIGHT="23" CONTENT="retired" WC="0.91" CC="1003100"/>
						<SP ID="P99_SP00230" HPOS="551" VPOS="1054" WIDTH="13"/>
						<String ID="P99_ST00260" HPOS="564" VPOS="1027" WIDTH="24" HEIGHT="20" CONTENT="to" WC="0.39" CC="65"/>
						<SP ID="P99_SP00231" HPOS="588" VPOS="1054" WIDTH="14"/>
						<String ID="P99_ST00261" HPOS="602" VPOS="1024" WIDTH="40" HEIGHT="22" CONTENT="the" WC="0.49" CC="590"/>
						<SP ID="P99_SP00232" HPOS="642" VPOS="1054" WIDTH="13"/>
						<String ID="P99_ST00262" HPOS="655" VPOS="1022" WIDTH="137" HEIGHT="23" CONTENT="mountains" WC="0.59" CC="900743056"/>
						<SP ID="P99_SP00233" HPOS="792" VPOS="1054" WIDTH="13"/>
						<String ID="P99_ST00263" HPOS="805" VPOS="1021" WIDTH="28" HEIGHT="23" CONTENT="of" WC="1.00" CC="00"/>
						<SP ID="P99_SP00234" HPOS="833" VPOS="1054" WIDTH="12"/>
						<String ID="P99_ST00264" HPOS="845" VPOS="1021" WIDTH="83" HEIGHT="23" CONTENT="Snow" SUBS_TYPE="HypPart1" SUBS_CONTENT="Snowdon" WC="0.76" CC="24400"/>
						<HYP CONTENT="-"/>
					</TextLine>
					<TextLine ID="P99_TL00029" HPOS="86" VPOS="1055" WIDTH="842" HEIGHT="32">
						<String ID="P99_ST00265" HPOS="86" VPOS="1056" WIDTH="49" HEIGHT="22" CONTENT="don" SUBS_TYPE="HypPart2" SUBS_CONTENT="Snowdon" WC="0.85" CC="030"/>
						<SP ID="P99_SP00235" HPOS="135" VPOS="1078" WIDTH="15"/>
						<String ID="P99_ST00266" HPOS="150" VPOS="1056" WIDTH="57" HEIGHT="22" CONTENT="with" WC="0.85" CC="0050"/>
						<SP ID="P99_SP00236" HPOS="207" VPOS="1078" WIDTH="15"/>
						<String ID="P99_ST00267" HPOS="222" VPOS="1056" WIDTH="61" HEIGHT="22" CONTENT="their" WC="0.64" CC="26404"/>
						<SP ID="P99_SP00237" HPOS="283" VPOS="1078" WIDTH="14"/>
						<String ID="P99_ST00268" HPOS="297" VPOS="1057" WIDTH="72" HEIGHT="23" CONTENT="cattle" WC="0.88" CC="100050"/>
						<SP ID="P99_SP00238" HPOS="369" VPOS="1080" WIDTH="13"/>
						<String ID="P99_ST00269" HPOS="382" VPOS="1058" WIDTH="49" HEIGHT="22" CONTENT="and" WC="0.73" CC="080"/>
						<SP ID="P99_SP00239" HPOS="431" VPOS="1080" WIDTH="12"/>
						<String ID="P99_ST00270" HPOS="443" VPOS="1058" WIDTH="91" HEIGHT="22" CONTENT="effects." WC="0.73" CC="04900060"/>
						<SP ID="P99_SP00240" HPOS="534" VPOS="1080" WIDTH="30"/>
						<String ID="P99_ST00271" HPOS="564" VPOS="1058" WIDTH="53" HEIGHT="22" CONTENT="The" WC="0.80" CC="050"/>
						<SP ID="P99_SP00241" HPOS="617" VPOS="1080" WIDTH="14"/>
						<String ID="P99_ST00272" HPOS="631" VPOS="1057" WIDTH="106" HEIGHT="30" CONTENT="supplies" WC="0.59" CC="61900445"/>
						<SP ID="P99_SP00242" HPOS="737" VPOS="1087" WIDTH="14"/>
						<String ID="P99_ST00273" HPOS="751" VPOS="1059" WIDTH="23" HEIGHT="19" CONTENT="to" WC="0.82" CC="03"/>
						<SP ID="P99_SP00243" HPOS="774" VPOS="1087" WIDTH="14"/>
						<String ID="P99_ST00274" HPOS="788" VPOS="1056" WIDTH="41" HEIGHT="22" CONTENT="the" WC="0.79" CC="600"/>
						<SP ID="P99_SP00244" HPOS="829" VPOS="1087" WIDTH="12"/>
						<String ID="P99_ST00275" HPOS="841" VPOS="1055" WIDTH="87" HEIGHT="23" CONTENT="hostile" WC="0.57" CC="7366500"/>
					</TextLine>
					<TextLine ID="P99_TL00030" HPOS="87" VPOS="1089" WIDTH="842" HEIGHT="33">
						<String ID="P99_ST00276" HPOS="87" VPOS="1097" WIDTH="70" HEIGHT="22" CONTENT="camp" WC="0.85" CC="0050"/>
						<SP ID="P99_SP00245" HPOS="157" VPOS="1119" WIDTH="22"/>
						<String ID="P99_ST00277" HPOS="179" VPOS="1097" WIDTH="63" HEIGHT="15" CONTENT="were" WC="0.86" CC="0050"/>
						<SP ID="P99_SP00246" HPOS="242" VPOS="1119" WIDTH="19"/>
						<String ID="P99_ST00278" HPOS="261" VPOS="1091" WIDTH="56" HEIGHT="22" CONTENT="thus" WC="0.80" CC="0520"/>
						<SP ID="P99_SP00247" HPOS="317" VPOS="1119" WIDTH="21"/>
						<String ID="P99_ST00279" HPOS="338" VPOS="1096" WIDTH="42" HEIGHT="17" CONTENT="cut" WC="0.51" CC="049"/>
						<SP ID="P99_SP00248" HPOS="380" VPOS="1119" WIDTH="19"/>
						<String ID="P99_ST00280" HPOS="399" VPOS="1091" WIDTH="36" HEIGHT="22" CONTENT="off" WC="0.94" CC="100"/>
						<String ID="P99_ST00281" HPOS="445" VPOS="1101" WIDTH="5" HEIGHT="18" CONTENT=";" WC="0.39" CC="6"/>
						<SP ID="P99_SP00249" HPOS="450" VPOS="1119" WIDTH="25"/>
						<String ID="P99_ST00282" HPOS="475" VPOS="1091" WIDTH="48" HEIGHT="22" CONTENT="and" WC="0.94" CC="010"/>
						<SP ID="P99_SP00250" HPOS="523" VPOS="1119" WIDTH="21"/>
						<String ID="P99_ST00283" HPOS="544" VPOS="1091" WIDTH="95" HEIGHT="31" CONTENT="though" WC="0.59" CC="160096"/>
						<SP ID="P99_SP00251" HPOS="639" VPOS="1122" WIDTH="21"/>
						<String ID="P99_ST00284" HPOS="660" VPOS="1089" WIDTH="143" HEIGHT="24" CONTENT="horse-flesh" WC="0.76" CC="00400400664"/>
						<SP ID="P99_SP00252" HPOS="803" VPOS="1122" WIDTH="20"/>
						<String ID="P99_ST00285" HPOS="823" VPOS="1097" WIDTH="55" HEIGHT="22" CONTENT="may" WC="0.80" CC="500"/>
						<SP ID="P99_SP00253" HPOS="878" VPOS="1122" WIDTH="20"/>
						<String ID="P99_ST00286" HPOS="898" VPOS="1089" WIDTH="31" HEIGHT="22" CONTENT="be" WC="0.92" CC="10"/>
					</TextLine>
					<TextLine ID="P99_TL00031" HPOS="87" VPOS="1122" WIDTH="842" HEIGHT="33">
						<String ID="P99_ST00287" HPOS="87" VPOS="1123" WIDTH="128" HEIGHT="31" CONTENT="agreeable" WC="0.71" CC="505000680"/>
						<SP ID="P99_SP00254" HPOS="215" VPOS="1154" WIDTH="14"/>
						<String ID="P99_ST00288" HPOS="229" VPOS="1124" WIDTH="36" HEIGHT="22" CONTENT="for" WC="0.35" CC="864"/>
						<SP ID="P99_SP00255" HPOS="265" VPOS="1154" WIDTH="12"/>
						<String ID="P99_ST00289" HPOS="277" VPOS="1131" WIDTH="14" HEIGHT="15" CONTENT="a" WC="1.00" CC="0"/>
						<SP ID="P99_SP00256" HPOS="291" VPOS="1154" WIDTH="14"/>
						<String ID="P99_ST00290" HPOS="305" VPOS="1124" WIDTH="101" HEIGHT="31" CONTENT="change," WC="0.75" CC="0502900"/>
						<SP ID="P99_SP00257" HPOS="406" VPOS="1155" WIDTH="15"/>
						<String ID="P99_ST00291" HPOS="421" VPOS="1125" WIDTH="18" HEIGHT="22" CONTENT="it" WC="1.00" CC="00"/>
						<SP ID="P99_SP00258" HPOS="439" VPOS="1155" WIDTH="15"/>
						<String ID="P99_ST00292" HPOS="454" VPOS="1125" WIDTH="45" HEIGHT="22" CONTENT="will" WC="0.80" CC="0502"/>
						<SP ID="P99_SP00259" HPOS="499" VPOS="1155" WIDTH="18"/>
						<String ID="P99_ST00293" HPOS="517" VPOS="1129" WIDTH="42" HEIGHT="19" CONTENT="not" WC="0.83" CC="500"/>
						<SP ID="P99_SP00260" HPOS="559" VPOS="1155" WIDTH="17"/>
						<String ID="P99_ST00294" HPOS="576" VPOS="1125" WIDTH="32" HEIGHT="22" CONTENT="do" WC="0.81" CC="03"/>
						<SP ID="P99_SP00261" HPOS="608" VPOS="1155" WIDTH="17"/>
						<String ID="P99_ST00295" HPOS="625" VPOS="1124" WIDTH="37" HEIGHT="23" CONTENT="for" WC="0.92" CC="002"/>
						<SP ID="P99_SP00262" HPOS="662" VPOS="1155" WIDTH="13"/>
						<String ID="P99_ST00296" HPOS="675" VPOS="1132" WIDTH="13" HEIGHT="14" CONTENT="a" WC="0.77" CC="2"/>
						<SP ID="P99_SP00263" HPOS="688" VPOS="1155" WIDTH="13"/>
						<String ID="P99_ST00297" HPOS="701" VPOS="1130" WIDTH="141" HEIGHT="23" CONTENT="constancy." WC="0.80" CC="0007308000"/>
						<SP ID="P99_SP00264" HPOS="842" VPOS="1155" WIDTH="40"/>
						<String ID="P99_ST00298" HPOS="882" VPOS="1122" WIDTH="47" HEIGHT="23" CONTENT="His" WC="0.41" CC="673"/>
					</TextLine>
					<TextLine ID="P99_TL00032" HPOS="87" VPOS="1156" WIDTH="843" HEIGHT="34">
						<String ID="P99_ST00299" HPOS="87" VPOS="1157" WIDTH="69" HEIGHT="30" CONTENT="pride" WC="0.81" CC="05300"/>
						<SP ID="P99_SP00265" HPOS="156" VPOS="1187" WIDTH="14"/>
						<String ID="P99_ST00300" HPOS="170" VPOS="1161" WIDTH="73" HEIGHT="27" CONTENT="stung" WC="0.72" CC="12550"/>
						<SP ID="P99_SP00266" HPOS="243" VPOS="1188" WIDTH="13"/>
						<String ID="P99_ST00301" HPOS="256" VPOS="1162" WIDTH="24" HEIGHT="18" CONTENT="to" WC="0.68" CC="14"/>
						<SP ID="P99_SP00267" HPOS="280" VPOS="1188" WIDTH="14"/>
						<String ID="P99_ST00302" HPOS="294" VPOS="1158" WIDTH="40" HEIGHT="22" CONTENT="the" WC="0.86" CC="400"/>
						<SP ID="P99_SP00268" HPOS="334" VPOS="1188" WIDTH="14"/>
						<String ID="P99_ST00303" HPOS="348" VPOS="1158" WIDTH="81" HEIGHT="31" CONTENT="quick," WC="0.89" CC="033000"/>
						<SP ID="P99_SP00269" HPOS="429" VPOS="1189" WIDTH="14"/>
						<String ID="P99_ST00304" HPOS="443" VPOS="1159" WIDTH="40" HEIGHT="22" CONTENT="the" WC="0.91" CC="002"/>
						<SP ID="P99_SP00270" HPOS="483" VPOS="1189" WIDTH="15"/>
						<String ID="P99_ST00305" HPOS="498" VPOS="1158" WIDTH="66" HEIGHT="32" CONTENT="King" WC="0.86" CC="3010"/>
						<SP ID="P99_SP00271" HPOS="564" VPOS="1190" WIDTH="14"/>
						<String ID="P99_ST00306" HPOS="578" VPOS="1158" WIDTH="26" HEIGHT="23" CONTENT="of" WC="1.00" CC="00"/>
						<SP ID="P99_SP00272" HPOS="604" VPOS="1190" WIDTH="10"/>
						<String ID="P99_ST00307" HPOS="614" VPOS="1158" WIDTH="115" HEIGHT="32" CONTENT="England" WC="0.67" CC="0600960"/>
						<SP ID="P99_SP00273" HPOS="729" VPOS="1190" WIDTH="12"/>
						<String ID="P99_ST00308" HPOS="741" VPOS="1157" WIDTH="96" HEIGHT="31" CONTENT="quitted" WC="0.89" CC="0020500"/>
						<SP ID="P99_SP00274" HPOS="837" VPOS="1190" WIDTH="11"/>
						<String ID="P99_ST00309" HPOS="848" VPOS="1156" WIDTH="82" HEIGHT="23" CONTENT="Wales" WC="0.84" CC="30004"/>
					</TextLine>
					<TextLine ID="P99_TL00033" HPOS="89" VPOS="1190" WIDTH="840" HEIGHT="33">
						<String ID="P99_ST00310" HPOS="89" VPOS="1191" WIDTH="57" HEIGHT="22" CONTENT="with" WC="0.57" CC="0627"/>
						<SP ID="P99_SP00275" HPOS="146" VPOS="1213" WIDTH="21"/>
						<String ID="P99_ST00311" HPOS="167" VPOS="1191" WIDTH="40" HEIGHT="22" CONTENT="the" WC="0.98" CC="000"/>
						<SP ID="P99_SP00276" HPOS="207" VPOS="1213" WIDTH="15"/>
						<String ID="P99_ST00312" HPOS="222" VPOS="1191" WIDTH="80" HEIGHT="23" CONTENT="wreck" WC="0.93" CC="03000"/>
						<SP ID="P99_SP00277" HPOS="302" VPOS="1214" WIDTH="19"/>
						<String ID="P99_ST00313" HPOS="321" VPOS="1191" WIDTH="28" HEIGHT="23" CONTENT="of" WC="0.90" CC="10"/>
						<SP ID="P99_SP00278" HPOS="349" VPOS="1214" WIDTH="14"/>
						<String ID="P99_ST00314" HPOS="363" VPOS="1193" WIDTH="36" HEIGHT="22" CONTENT="his" WC="0.44" CC="763"/>
						<SP ID="P99_SP00279" HPOS="399" VPOS="1215" WIDTH="19"/>
						<String ID="P99_ST00315" HPOS="418" VPOS="1201" WIDTH="77" HEIGHT="22" CONTENT="army." WC="0.85" CC="00700"/>
						<SP ID="P99_SP00280" HPOS="495" VPOS="1223" WIDTH="38"/>
						<String ID="P99_ST00316" HPOS="533" VPOS="1194" WIDTH="22" HEIGHT="21" CONTENT="A" WC="1.00" CC="0"/>
						<SP ID="P99_SP00281" HPOS="555" VPOS="1223" WIDTH="15"/>
						<String ID="P99_ST00317" HPOS="570" VPOS="1192" WIDTH="43" HEIGHT="23" CONTENT="few" WC="0.67" CC="009"/>
						<SP ID="P99_SP00282" HPOS="613" VPOS="1223" WIDTH="15"/>
						<String ID="P99_ST00318" HPOS="628" VPOS="1192" WIDTH="96" HEIGHT="22" CONTENT="months" WC="0.67" CC="166005"/>
						<SP ID="P99_SP00283" HPOS="724" VPOS="1223" WIDTH="18"/>
						<String ID="P99_ST00319" HPOS="742" VPOS="1190" WIDTH="139" HEIGHT="23" CONTENT="afterwards" WC="0.70" CC="0500308605"/>
						<SP ID="P99_SP00284" HPOS="881" VPOS="1223" WIDTH="19"/>
						<String ID="P99_ST00320" HPOS="900" VPOS="1190" WIDTH="29" HEIGHT="22" CONTENT="he" WC="0.91" CC="10"/>
					</TextLine>
					<TextLine ID="P99_TL00034" HPOS="89" VPOS="1223" WIDTH="841" HEIGHT="34">
						<String ID="P99_ST00321" HPOS="89" VPOS="1225" WIDTH="115" HEIGHT="22" CONTENT="returned" WC="0.74" CC="50503600"/>
						<SP ID="P99_SP00285" HPOS="204" VPOS="1247" WIDTH="11"/>
						<String ID="P99_ST00322" HPOS="215" VPOS="1225" WIDTH="57" HEIGHT="22" CONTENT="with" WC="0.51" CC="0747"/>
						<SP ID="P99_SP00286" HPOS="272" VPOS="1247" WIDTH="13"/>
						<String ID="P99_ST00323" HPOS="285" VPOS="1233" WIDTH="14" HEIGHT="15" CONTENT="a" WC="1.00" CC="0"/>
						<SP ID="P99_SP00287" HPOS="299" VPOS="1248" WIDTH="11"/>
						<String ID="P99_ST00324" HPOS="310" VPOS="1225" WIDTH="81" HEIGHT="32" CONTENT="larger" WC="0.80" CC="400034"/>
						<SP ID="P99_SP00288" HPOS="391" VPOS="1257" WIDTH="12"/>
						<String ID="P99_ST00325" HPOS="403" VPOS="1226" WIDTH="76" HEIGHT="23" CONTENT="force." WC="0.84" CC="003050"/>
						<SP ID="P99_SP00289" HPOS="479" VPOS="1257" WIDTH="36"/>
						<String ID="P99_ST00326" HPOS="515" VPOS="1225" WIDTH="146" HEIGHT="32" CONTENT="Llywelyn's" WC="0.82" CC="2100000616"/>
						<SP ID="P99_SP00290" HPOS="661" VPOS="1257" WIDTH="14"/>
						<String ID="P99_ST00327" HPOS="675" VPOS="1224" WIDTH="75" HEIGHT="23" CONTENT="vassal" WC="0.49" CC="087626"/>
						<SP ID="P99_SP00291" HPOS="750" VPOS="1257" WIDTH="13"/>
						<String ID="P99_ST00328" HPOS="763" VPOS="1224" WIDTH="103" HEIGHT="30" CONTENT="princes," WC="0.78" CC="04140070"/>
						<SP ID="P99_SP00292" HPOS="866" VPOS="1257" WIDTH="11"/>
						<String ID="P99_ST00329" HPOS="877" VPOS="1223" WIDTH="53" HEIGHT="23" CONTENT="who" WC="0.57" CC="903"/>
					</TextLine>
					<TextLine ID="P99_TL00035" HPOS="89" VPOS="1257" WIDTH="840" HEIGHT="33">
						<String ID="P99_ST00330" HPOS="89" VPOS="1257" WIDTH="89" HEIGHT="24" CONTENT="bowed" WC="0.85" CC="70000"/>
						<SP ID="P99_SP00293" HPOS="178" VPOS="1281" WIDTH="12"/>
						<String ID="P99_ST00331" HPOS="190" VPOS="1259" WIDTH="40" HEIGHT="21" CONTENT="the" WC="0.81" CC="014"/>
						<SP ID="P99_SP00294" HPOS="230" VPOS="1281" WIDTH="14"/>
						<String ID="P99_ST00332" HPOS="244" VPOS="1259" WIDTH="61" HEIGHT="22" CONTENT="knee" WC="0.92" CC="0300"/>
						<SP ID="P99_SP00295" HPOS="305" VPOS="1281" WIDTH="15"/>
						<String ID="P99_ST00333" HPOS="320" VPOS="1262" WIDTH="24" HEIGHT="20" CONTENT="to" WC="0.86" CC="02"/>
						<SP ID="P99_SP00296" HPOS="344" VPOS="1282" WIDTH="15"/>
						<String ID="P99_ST00334" HPOS="359" VPOS="1261" WIDTH="48" HEIGHT="21" CONTENT="him" WC="0.48" CC="706"/>
						<SP ID="P99_SP00297" HPOS="407" VPOS="1282" WIDTH="14"/>
						<String ID="P99_ST00335" HPOS="421" VPOS="1268" WIDTH="25" HEIGHT="15" CONTENT="as" WC="0.64" CC="07"/>
						<SP ID="P99_SP00298" HPOS="446" VPOS="1283" WIDTH="14"/>
						<String ID="P99_ST00336" HPOS="460" VPOS="1260" WIDTH="62" HEIGHT="23" CONTENT="their" WC="0.62" CC="63303"/>
						<SP ID="P99_SP00299" HPOS="522" VPOS="1283" WIDTH="13"/>
						<String ID="P99_ST00337" HPOS="535" VPOS="1260" WIDTH="62" HEIGHT="30" CONTENT="liege" WC="0.52" CC="63094"/>
						<SP ID="P99_SP00300" HPOS="597" VPOS="1290" WIDTH="13"/>
						<String ID="P99_ST00338" HPOS="610" VPOS="1260" WIDTH="54" HEIGHT="22" CONTENT="lord" WC="1.00" CC="0000"/>
						<SP ID="P99_SP00301" HPOS="664" VPOS="1290" WIDTH="16"/>
						<String ID="P99_ST00339" HPOS="680" VPOS="1262" WIDTH="25" HEIGHT="19" CONTENT="at" WC="0.84" CC="03"/>
						<SP ID="P99_SP00302" HPOS="705" VPOS="1290" WIDTH="18"/>
						<String ID="P99_ST00340" HPOS="723" VPOS="1258" WIDTH="35" HEIGHT="22" CONTENT="his" WC="0.70" CC="440"/>
						<SP ID="P99_SP00303" HPOS="758" VPOS="1290" WIDTH="17"/>
						<String ID="P99_ST00341" HPOS="775" VPOS="1257" WIDTH="154" HEIGHT="27" CONTENT="convention," WC="0.80" CC="10800600040"/>
					</TextLine>
					<TextLine ID="P99_TL00036" HPOS="90" VPOS="1290" WIDTH="840" HEIGHT="34">
						<String ID="P99_ST00342" HPOS="90" VPOS="1300" WIDTH="64" HEIGHT="15" CONTENT="were" WC="0.92" CC="0030"/>
						<SP ID="P99_SP00304" HPOS="154" VPOS="1315" WIDTH="13"/>
						<String ID="P99_ST00343" HPOS="167" VPOS="1291" WIDTH="30" HEIGHT="23" CONTENT="all" WC="0.78" CC="032"/>
						<SP ID="P99_SP00305" HPOS="197" VPOS="1315" WIDTH="14"/>
						<String ID="P99_ST00344" HPOS="211" VPOS="1293" WIDTH="94" HEIGHT="27" CONTENT="absent," WC="0.84" CC="0070300"/>
						<SP ID="P99_SP00306" HPOS="305" VPOS="1320" WIDTH="14"/>
						<String ID="P99_ST00345" HPOS="319" VPOS="1301" WIDTH="27" HEIGHT="15" CONTENT="or" WC="1.00" CC="00"/>
						<SP ID="P99_SP00307" HPOS="346" VPOS="1320" WIDTH="12"/>
						<String ID="P99_ST00346" HPOS="358" VPOS="1297" WIDTH="97" HEIGHT="27" CONTENT="present" WC="0.83" CC="9000000"/>
						<SP ID="P99_SP00308" HPOS="455" VPOS="1324" WIDTH="13"/>
						<String ID="P99_ST00347" HPOS="468" VPOS="1294" WIDTH="80" HEIGHT="23" CONTENT="where" WC="0.63" CC="97000"/>
						<SP ID="P99_SP00309" HPOS="548" VPOS="1324" WIDTH="12"/>
						<String ID="P99_ST00348" HPOS="560" VPOS="1294" WIDTH="59" HEIGHT="30" CONTENT="they" WC="0.78" CC="0440"/>
						<SP ID="P99_SP00310" HPOS="619" VPOS="1324" WIDTH="13"/>
						<String ID="P99_ST00349" HPOS="632" VPOS="1292" WIDTH="87" HEIGHT="24" CONTENT="should" WC="0.79" CC="601040"/>
						<SP ID="P99_SP00311" HPOS="719" VPOS="1324" WIDTH="13"/>
						<String ID="P99_ST00350" HPOS="732" VPOS="1295" WIDTH="42" HEIGHT="19" CONTENT="not" WC="0.59" CC="452"/>
						<SP ID="P99_SP00312" HPOS="774" VPOS="1324" WIDTH="13"/>
						<String ID="P99_ST00351" HPOS="787" VPOS="1291" WIDTH="60" HEIGHT="22" CONTENT="have" WC="0.68" CC="2180"/>
						<SP ID="P99_SP00313" HPOS="847" VPOS="1324" WIDTH="14"/>
						<String ID="P99_ST00352" HPOS="861" VPOS="1290" WIDTH="69" HEIGHT="27" CONTENT="been," WC="0.88" CC="60000"/>
					</TextLine>
					<TextLine ID="P99_TL00037" HPOS="92" VPOS="1323" WIDTH="840" HEIGHT="33">
						<String ID="P99_ST00353" HPOS="92" VPOS="1340" WIDTH="31" HEIGHT="3" CONTENT="" WC="0.20" CC="8"/>
						<String ID="P99_ST00354" HPOS="127" VPOS="1327" WIDTH="24" HEIGHT="21" CONTENT="in" WC="0.34" CC="57"/>
						<SP ID="P99_SP00314" HPOS="151" VPOS="1348" WIDTH="14"/>
						<String ID="P99_ST00355" HPOS="165" VPOS="1326" WIDTH="40" HEIGHT="23" CONTENT="the" WC="0.80" CC="600"/>
						<SP ID="P99_SP00315" HPOS="205" VPOS="1349" WIDTH="14"/>
						<String ID="P99_ST00356" HPOS="219" VPOS="1334" WIDTH="69" HEIGHT="22" CONTENT="camp" WC="0.60" CC="0590"/>
						<SP ID="P99_SP00316" HPOS="288" VPOS="1356" WIDTH="14"/>
						<String ID="P99_ST00357" HPOS="302" VPOS="1326" WIDTH="26" HEIGHT="23" CONTENT="of" WC="1.00" CC="00"/>
						<SP ID="P99_SP00317" HPOS="328" VPOS="1356" WIDTH="10"/>
						<String ID="P99_ST00358" HPOS="338" VPOS="1328" WIDTH="41" HEIGHT="22" CONTENT="the" WC="0.84" CC="400"/>
						<SP ID="P99_SP00318" HPOS="379" VPOS="1356" WIDTH="14"/>
						<String ID="P99_ST00359" HPOS="393" VPOS="1328" WIDTH="106" HEIGHT="23" CONTENT="invader." WC="0.87" CC="05100030"/>
						<SP ID="P99_SP00319" HPOS="499" VPOS="1356" WIDTH="38"/>
						<String ID="P99_ST00360" HPOS="537" VPOS="1327" WIDTH="39" HEIGHT="23" CONTENT="He" WC="0.86" CC="20"/>
						<SP ID="P99_SP00320" HPOS="576" VPOS="1356" WIDTH="13"/>
						<String ID="P99_ST00361" HPOS="589" VPOS="1327" WIDTH="71" HEIGHT="23" CONTENT="stood" WC="0.94" CC="30000"/>
						<SP ID="P99_SP00321" HPOS="660" VPOS="1356" WIDTH="14"/>
						<String ID="P99_ST00362" HPOS="674" VPOS="1326" WIDTH="76" HEIGHT="26" CONTENT="alone," WC="0.62" CC="910640"/>
						<SP ID="P99_SP00322" HPOS="750" VPOS="1356" WIDTH="14"/>
						<String ID="P99_ST00363" HPOS="764" VPOS="1324" WIDTH="48" HEIGHT="23" CONTENT="and" WC="0.98" CC="000"/>
						<SP ID="P99_SP00323" HPOS="812" VPOS="1356" WIDTH="13"/>
						<String ID="P99_ST00364" HPOS="825" VPOS="1323" WIDTH="43" HEIGHT="23" CONTENT="felt" WC="0.70" CC="5500"/>
						<SP ID="P99_SP00324" HPOS="868" VPOS="1356" WIDTH="12"/>
						<String ID="P99_ST00365" HPOS="880" VPOS="1324" WIDTH="52" HEIGHT="22" CONTENT="that" WC="0.91" CC="0300"/>
					</TextLine>
					<TextLine ID="P99_TL00038" HPOS="91" VPOS="1358" WIDTH="842" HEIGHT="31">
						<String ID="P99_ST00366" HPOS="91" VPOS="1360" WIDTH="38" HEIGHT="23" CONTENT="his" WC="0.75" CC="520"/>
						<SP ID="P99_SP00325" HPOS="129" VPOS="1383" WIDTH="13"/>
						<String ID="P99_ST00367" HPOS="142" VPOS="1360" WIDTH="50" HEIGHT="22" CONTENT="sole" WC="0.78" CC="5030"/>
						<SP ID="P99_SP00326" HPOS="192" VPOS="1383" WIDTH="14"/>
						<String ID="P99_ST00368" HPOS="206" VPOS="1367" WIDTH="112" HEIGHT="16" CONTENT="resource" WC="0.81" CC="00530400"/>
						<SP ID="P99_SP00327" HPOS="318" VPOS="1383" WIDTH="14"/>
						<String ID="P99_ST00369" HPOS="332" VPOS="1369" WIDTH="46" HEIGHT="15" CONTENT="was" WC="0.78" CC="006"/>
						<SP ID="P99_SP00328" HPOS="378" VPOS="1384" WIDTH="13"/>
						<String ID="P99_ST00370" HPOS="391" VPOS="1362" WIDTH="154" HEIGHT="22" CONTENT="submission." WC="0.62" CC="40554770060"/>
						<SP ID="P99_SP00329" HPOS="545" VPOS="1384" WIDTH="30"/>
						<String ID="P99_ST00371" HPOS="575" VPOS="1361" WIDTH="72" HEIGHT="28" CONTENT="Joan," WC="0.75" CC="27020"/>
						<SP ID="P99_SP00330" HPOS="647" VPOS="1389" WIDTH="16"/>
						<String ID="P99_ST00372" HPOS="663" VPOS="1360" WIDTH="35" HEIGHT="22" CONTENT="his" WC="0.91" CC="001"/>
						<SP ID="P99_SP00331" HPOS="698" VPOS="1389" WIDTH="13"/>
						<String ID="P99_ST00373" HPOS="711" VPOS="1367" WIDTH="86" HEIGHT="22" CONTENT="queen," WC="0.71" CC="043080"/>
						<SP ID="P99_SP00332" HPOS="797" VPOS="1389" WIDTH="16"/>
						<String ID="P99_ST00374" HPOS="813" VPOS="1358" WIDTH="120" HEIGHT="23" CONTENT="mediated" WC="0.81" CC="65020000"/>
					</TextLine>
					<TextLine ID="P99_TL00039" HPOS="91" VPOS="1391" WIDTH="842" HEIGHT="32">
						<String ID="P99_ST00375" HPOS="91" VPOS="1393" WIDTH="161" HEIGHT="30" CONTENT="successfully" WC="0.58" CC="963207707050"/>
						<SP ID="P99_SP00333" HPOS="252" VPOS="1423" WIDTH="14"/>
						<String ID="P99_ST00376" HPOS="266" VPOS="1395" WIDTH="23" HEIGHT="21" CONTENT="in" WC="0.76" CC="12"/>
						<SP ID="P99_SP00334" HPOS="289" VPOS="1423" WIDTH="21"/>
						<String ID="P99_ST00377" HPOS="310" VPOS="1395" WIDTH="35" HEIGHT="22" CONTENT="his" WC="0.46" CC="753"/>
						<SP ID="P99_SP00335" HPOS="345" VPOS="1423" WIDTH="19"/>
						<String ID="P99_ST00378" HPOS="364" VPOS="1395" WIDTH="90" HEIGHT="22" CONTENT="behalf." WC="0.82" CC="0560000"/>
						<SP ID="P99_SP00336" HPOS="454" VPOS="1423" WIDTH="39"/>
						<String ID="P99_ST00379" HPOS="493" VPOS="1395" WIDTH="84" HEIGHT="22" CONTENT="Under" WC="0.80" CC="06003"/>
						<SP ID="P99_SP00337" HPOS="577" VPOS="1423" WIDTH="12"/>
						<String ID="P99_ST00380" HPOS="589" VPOS="1402" WIDTH="14" HEIGHT="15" CONTENT="a" WC="1.00" CC="0"/>
						<SP ID="P99_SP00338" HPOS="603" VPOS="1423" WIDTH="12"/>
						<String ID="P99_ST00381" HPOS="615" VPOS="1394" WIDTH="50" HEIGHT="23" CONTENT="safe" WC="0.84" CC="6000"/>
						<SP ID="P99_SP00339" HPOS="665" VPOS="1423" WIDTH="14"/>
						<String ID="P99_ST00382" HPOS="679" VPOS="1393" WIDTH="112" HEIGHT="26" CONTENT="conduct," WC="0.79" CC="00707010"/>
						<SP ID="P99_SP00340" HPOS="791" VPOS="1423" WIDTH="15"/>
						<String ID="P99_ST00383" HPOS="806" VPOS="1391" WIDTH="127" HEIGHT="32" CONTENT="Llywelyn" WC="0.86" CC="00000406"/>
					</TextLine>
					<TextLine ID="P99_TL00040" HPOS="93" VPOS="1426" WIDTH="840" HEIGHT="32">
						<String ID="P99_ST00384" HPOS="93" VPOS="1435" WIDTH="68" HEIGHT="17" CONTENT="came" WC="1.00" CC="0000"/>
						<SP ID="P99_SP00341" HPOS="161" VPOS="1452" WIDTH="18"/>
						<String ID="P99_ST00385" HPOS="179" VPOS="1428" WIDTH="51" HEIGHT="22" CONTENT="into" WC="0.62" CC="0509"/>
						<SP ID="P99_SP00342" HPOS="230" VPOS="1452" WIDTH="19"/>
						<String ID="P99_ST00386" HPOS="249" VPOS="1428" WIDTH="39" HEIGHT="22" CONTENT="the" WC="0.97" CC="000"/>
						<SP ID="P99_SP00343" HPOS="288" VPOS="1452" WIDTH="16"/>
						<String ID="P99_ST00387" HPOS="304" VPOS="1436" WIDTH="114" HEIGHT="22" CONTENT="presence" WC="0.78" CC="00040542"/>
						<SP ID="P99_SP00344" HPOS="418" VPOS="1458" WIDTH="18"/>
						<String ID="P99_ST00388" HPOS="436" VPOS="1428" WIDTH="76" HEIGHT="23" CONTENT="ofthe" WC="0.78" CC="20602"/>
						<SP ID="P99_SP00345" HPOS="512" VPOS="1458" WIDTH="19"/>
						<String ID="P99_ST00389" HPOS="531" VPOS="1428" WIDTH="66" HEIGHT="30" CONTENT="King" WC="0.96" CC="0100"/>
						<SP ID="P99_SP00346" HPOS="597" VPOS="1458" WIDTH="17"/>
						<String ID="P99_ST00390" HPOS="614" VPOS="1428" WIDTH="26" HEIGHT="22" CONTENT="of" WC="0.96" CC="00"/>
						<SP ID="P99_SP00347" HPOS="640" VPOS="1458" WIDTH="10"/>
						<String ID="P99_ST00391" HPOS="650" VPOS="1427" WIDTH="119" HEIGHT="30" CONTENT="England," WC="0.74" CC="00506070"/>
						<SP ID="P99_SP00348" HPOS="769" VPOS="1458" WIDTH="15"/>
						<String ID="P99_ST00392" HPOS="784" VPOS="1426" WIDTH="46" HEIGHT="22" CONTENT="and" WC="0.78" CC="140"/>
						<SP ID="P99_SP00349" HPOS="830" VPOS="1458" WIDTH="14"/>
						<String ID="P99_ST00393" HPOS="844" VPOS="1426" WIDTH="89" HEIGHT="30" CONTENT="having" WC="0.78" CC="100019"/>
					</TextLine>
					<TextLine ID="P99_TL00041" HPOS="92" VPOS="1460" WIDTH="841" HEIGHT="34">
						<String ID="P99_ST00394" HPOS="92" VPOS="1463" WIDTH="64" HEIGHT="22" CONTENT="done" WC="0.90" CC="4000"/>
						<SP ID="P99_SP00350" HPOS="156" VPOS="1485" WIDTH="19"/>
						<String ID="P99_ST00395" HPOS="175" VPOS="1462" WIDTH="111" HEIGHT="31" CONTENT="homage," WC="0.91" CC="0060000"/>
						<SP ID="P99_SP00351" HPOS="286" VPOS="1493" WIDTH="19"/>
						<String ID="P99_ST00396" HPOS="305" VPOS="1470" WIDTH="75" HEIGHT="23" CONTENT="peace" WC="0.83" CC="05030"/>
						<SP ID="P99_SP00352" HPOS="380" VPOS="1493" WIDTH="19"/>
						<String ID="P99_ST00397" HPOS="399" VPOS="1470" WIDTH="48" HEIGHT="14" CONTENT="was" WC="0.80" CC="005"/>
						<SP ID="P99_SP00353" HPOS="447" VPOS="1493" WIDTH="18"/>
						<String ID="P99_ST00398" HPOS="465" VPOS="1462" WIDTH="101" HEIGHT="32" CONTENT="granted" WC="0.70" CC="0053109"/>
						<SP ID="P99_SP00354" HPOS="566" VPOS="1494" WIDTH="21"/>
						<String ID="P99_ST00399" HPOS="587" VPOS="1466" WIDTH="23" HEIGHT="18" CONTENT="to" WC="0.52" CC="90"/>
						<SP ID="P99_SP00355" HPOS="610" VPOS="1494" WIDTH="21"/>
						<String ID="P99_ST00400" HPOS="631" VPOS="1461" WIDTH="48" HEIGHT="22" CONTENT="him" WC="0.73" CC="520"/>
						<SP ID="P99_SP00356" HPOS="679" VPOS="1494" WIDTH="19"/>
						<String ID="P99_ST00401" HPOS="698" VPOS="1468" WIDTH="31" HEIGHT="15" CONTENT="on" WC="0.73" CC="50"/>
						<SP ID="P99_SP00357" HPOS="729" VPOS="1494" WIDTH="21"/>
						<String ID="P99_ST00402" HPOS="750" VPOS="1461" WIDTH="41" HEIGHT="22" CONTENT="the" WC="1.00" CC="000"/>
						<SP ID="P99_SP00358" HPOS="791" VPOS="1494" WIDTH="21"/>
						<String ID="P99_ST00403" HPOS="812" VPOS="1460" WIDTH="121" HEIGHT="30" CONTENT="following" WC="0.63" CC="901010649"/>
					</TextLine>
					<TextLine ID="P99_TL00042" HPOS="92" VPOS="1494" WIDTH="841" HEIGHT="33">
						<String ID="P99_ST00404" HPOS="92" VPOS="1497" WIDTH="61" HEIGHT="23" CONTENT="hard" WC="0.83" CC="6000"/>
						<SP ID="P99_SP00359" HPOS="153" VPOS="1520" WIDTH="14"/>
						<String ID="P99_ST00405" HPOS="167" VPOS="1496" WIDTH="138" HEIGHT="24" CONTENT="conditions" WC="0.69" CC="1569020021"/>
						<SP ID="P99_SP00360" HPOS="305" VPOS="1520" WIDTH="11"/>
						<String ID="P99_ST00406" HPOS="316" VPOS="1505" WIDTH="5" HEIGHT="14" CONTENT=":" WC="1.00" CC="0"/>
						<SP ID="P99_SP00361" HPOS="321" VPOS="1520" WIDTH="18"/>
						<String ID="P99_ST00407" HPOS="339" VPOS="1496" WIDTH="54" HEIGHT="23" CONTENT="that" WC="0.97" CC="0100"/>
						<SP ID="P99_SP00362" HPOS="393" VPOS="1520" WIDTH="12"/>
						<String ID="P99_ST00408" HPOS="405" VPOS="1496" WIDTH="30" HEIGHT="22" CONTENT="he" WC="0.87" CC="20"/>
						<SP ID="P99_SP00363" HPOS="435" VPOS="1520" WIDTH="12"/>
						<String ID="P99_ST00409" HPOS="447" VPOS="1495" WIDTH="87" HEIGHT="24" CONTENT="should" WC="0.73" CC="304600"/>
						<SP ID="P99_SP00364" HPOS="534" VPOS="1520" WIDTH="13"/>
						<String ID="P99_ST00410" HPOS="547" VPOS="1496" WIDTH="55" HEIGHT="31" CONTENT="give" WC="0.75" CC="0090"/>
						<SP ID="P99_SP00365" HPOS="602" VPOS="1527" WIDTH="14"/>
						<String ID="P99_ST00411" HPOS="616" VPOS="1494" WIDTH="64" HEIGHT="31" CONTENT="forty" WC="0.81" CC="25010"/>
						<SP ID="P99_SP00366" HPOS="680" VPOS="1527" WIDTH="11"/>
						<String ID="P99_ST00412" HPOS="691" VPOS="1494" WIDTH="82" HEIGHT="24" CONTENT="horses" WC="0.72" CC="003606"/>
						<SP ID="P99_SP00367" HPOS="773" VPOS="1527" WIDTH="12"/>
						<String ID="P99_ST00413" HPOS="785" VPOS="1494" WIDTH="48" HEIGHT="22" CONTENT="and" WC="1.00" CC="000"/>
						<SP ID="P99_SP00368" HPOS="833" VPOS="1527" WIDTH="10"/>
						<String ID="P99_ST00414" HPOS="843" VPOS="1498" WIDTH="90" HEIGHT="26" CONTENT="twenty" WC="0.88" CC="100500"/>
					</TextLine>
					<TextLine ID="P99_TL00043" HPOS="92" VPOS="1528" WIDTH="841" HEIGHT="32">
						<String ID="P99_ST00415" HPOS="92" VPOS="1531" WIDTH="122" HEIGHT="24" CONTENT="thousand" WC="0.66" CC="06023770"/>
						<SP ID="P99_SP00369" HPOS="214" VPOS="1555" WIDTH="20"/>
						<String ID="P99_ST00416" HPOS="234" VPOS="1530" WIDTH="73" HEIGHT="25" CONTENT="cattle" WC="0.69" CC="062720"/>
						<SP ID="P99_SP00370" HPOS="307" VPOS="1555" WIDTH="19"/>
						<String ID="P99_ST00417" HPOS="326" VPOS="1530" WIDTH="104" HEIGHT="24" CONTENT="towards" WC="0.75" CC="0390300"/>
						<SP ID="P99_SP00371" HPOS="430" VPOS="1555" WIDTH="19"/>
						<String ID="P99_ST00418" HPOS="449" VPOS="1531" WIDTH="40" HEIGHT="22" CONTENT="the" WC="0.67" CC="360"/>
						<SP ID="P99_SP00372" HPOS="489" VPOS="1555" WIDTH="17"/>
						<String ID="P99_ST00419" HPOS="506" VPOS="1537" WIDTH="116" HEIGHT="23" CONTENT="expenses" WC="0.59" CC="09455204"/>
						<SP ID="P99_SP00373" HPOS="622" VPOS="1560" WIDTH="19"/>
						<String ID="P99_ST00420" HPOS="641" VPOS="1529" WIDTH="28" HEIGHT="23" CONTENT="of" WC="0.70" CC="50"/>
						<SP ID="P99_SP00374" HPOS="669" VPOS="1560" WIDTH="17"/>
						<String ID="P99_ST00421" HPOS="686" VPOS="1529" WIDTH="39" HEIGHT="23" CONTENT="the" WC="0.81" CC="040"/>
						<SP ID="P99_SP00375" HPOS="725" VPOS="1560" WIDTH="19"/>
						<String ID="P99_ST00422" HPOS="744" VPOS="1536" WIDTH="55" HEIGHT="20" CONTENT="war," WC="0.57" CC="9230"/>
						<SP ID="P99_SP00376" HPOS="799" VPOS="1560" WIDTH="14"/>
						<String ID="P99_ST00423" HPOS="813" VPOS="1528" WIDTH="45" HEIGHT="23" CONTENT="and" WC="0.82" CC="050"/>
						<SP ID="P99_SP00377" HPOS="858" VPOS="1560" WIDTH="17"/>
						<String ID="P99_ST00424" HPOS="875" VPOS="1528" WIDTH="58" HEIGHT="23" CONTENT="cede" WC="1.00" CC="0000"/>
					</TextLine>
				</TextBlock>
			</PrintSpace>
		</Page>
	</Layout>
</alto>
