1023 1619
102 73 47 23 158

365 82 132 16 GIRALDUS
510 82 174 16 CAMBRENSIS.

101 139 128 24 commend
242 142 25 20 to
276 139 40 24 the
327 140 144 30 indulgence
480 141 27 22 of
516 149 39 23 my
566 141 39 22 old
618 141 47 22 and
679 147 52 15 new
746 138 101 23 friends:
849 152 34 3 —
910 136 36 23 As

102 174 40 22 the
156 174 114 22 southern
280 177 53 26 part
343 174 27 22 of
378 174 89 28 Wales,
482 182 57 15 near
550 174 196 31 Cardiganshire,
758 172 47 23 and
815 170 132 32 especially

102 207 210 28 Pembrokeshire,
326 208 19 22 is
357 207 136 31 pleasanter
505 216 30 15 on
549 211 105 19 account
667 207 28 22 of
708 207 29 22 its
755 206 78 30 plains
846 205 46 23 and
907 213 40 14 sea

102 244 76 24 coast,
192 248 26 15 so
232 240 80 23 North
325 241 82 23 Wales
421 242 18 21 is
453 242 80 22 better
550 240 120 23 defended
687 240 34 30 by
739 243 93 22 nature,
847 239 19 22 is
880 246 67 15 more

102 274 143 31 productive
267 274 28 23 of
312 283 54 15 men
391 275 178 31 distinguished
591 274 38 23 for
648 274 84 30 bodily
758 273 118 30 strength,
899 272 48 23 and

101 316 67 15 more
187 307 78 24 fertile
279 309 22 21 in
315 309 41 22 the
372 313 85 18 nature
471 308 28 23 of
515 308 30 23 its
561 308 52 23 soil.
649 307 49 23 For
710 315 26 15 as
748 307 42 22 the
809 307 138 22 mountains

102 341 28 24 of
141 342 70 31 Eryri
226 341 152 32 (Snowdon)
391 342 71 23 could
479 342 87 31 supply
584 345 130 28 pasturage
727 340 38 22 for
778 340 30 22 all
821 340 42 22 the
876 339 72 23 herds

102 375 28 24 of
146 376 72 23 cattle
231 377 23 21 in
269 376 89 27 Wales,
372 375 21 23 if
407 376 116 23 collected
542 376 118 30 together,
674 383 26 15 so
714 373 73 24 could
802 373 40 23 the
861 373 47 23 Isle
925 372 27 24 of

102 409 77 24 Mona
193 408 155 33 (Anglesey)
361 410 100 30 provide
473 417 15 15 a
499 410 116 30 requisite
628 409 114 30 quantity
756 407 28 24 of
794 415 59 15 corn
866 406 38 24 for
916 406 31 24 all

101 444 40 23 the
163 444 192 27 inhabitants,—
356 451 29 16 on
406 444 78 23 which
504 446 105 21 account
625 439 68 27 there
710 443 19 21 is
747 450 29 15 an
797 441 38 23 old
858 441 89 23 British

102 478 114 30 proverb,
230 481 5 10 '
247 478 78 22 Mona
335 478 19 22 is
367 478 40 22 the
421 478 95 22 mother
527 477 27 23 of
563 476 97 24 Wales.'
691 476 22 23 It
723 477 19 22 is
753 479 24 20 to
788 476 30 23 be
828 475 119 23 observed

101 511 52 23 that
177 511 41 23 the
243 511 91 23 British
358 511 121 31 language
499 511 19 22 is
540 519 66 15 more
626 511 103 22 delicate
750 510 47 23 and
819 510 81 22 richer
922 509 25 23 in

102 544 79 23 North
203 545 89 27 Wales,
317 545 53 23 that
394 549 101 27 country
521 545 74 31 being
618 544 46 23 less
693 544 171 30 intermingled
888 543 59 23 with

102 577 140 33 foreigners.
283 578 52 23 The
356 579 87 31 people
467 578 28 23 of
515 578 120 24 Cornwall
659 578 46 23 and
731 578 41 22 the
786 577 161 23 Armoricans

101 612 75 31 speak
189 621 13 14 a
215 613 120 31 language
352 613 91 22 similar
460 616 25 19 to
504 612 53 23 that
576 612 27 23 of
619 613 41 22 the
675 612 111 26 Britons;
806 611 18 22 it
842 611 18 22 is
875 610 71 23 intel-

102 646 82 31 ligible
198 650 25 19 to
236 647 40 22 the
290 646 82 23 Welsh
386 647 23 22 in
428 654 72 23 many
519 646 127 27 instances,
649 660 33 3 —
685 654 54 22 nay,
759 645 86 23 almost
864 645 22 21 in
904 644 41 24 all.

103 679 40 24 No
162 688 46 15 one
227 680 26 23 of
267 680 48 22 this
334 680 82 23 nation
438 688 56 15 ever
511 680 67 31 begs,
593 680 38 23 for
648 680 41 23 the
709 680 87 22 houses
813 678 28 23 of
855 678 30 23 all
904 686 41 15 are

102 721 111 16 common
227 717 24 19 to
265 714 45 26 all;
328 714 47 22 and
392 714 58 30 they
469 714 112 23 consider
598 714 120 30 liberality
737 713 47 23 and
803 712 142 31 hospitality

102 750 112 28 amongst
226 748 41 22 the
279 748 53 22 first
345 748 97 22 virtues.
478 747 82 23 Those
577 748 53 22 who
647 748 77 23 arrive
737 748 23 21 in
775 747 40 22 the
832 747 114 30 morning

102 788 40 16 are
163 782 149 22 entertained
334 781 35 23 till
394 782 103 29 evening
518 782 33 29 by
573 782 42 22 the
633 781 167 23 conversation
819 780 28 23 of
861 787 85 23 young

103 822 101 20 women,
218 815 48 22 and
282 815 41 22 the
336 815 76 23 music
425 815 29 22 of
472 815 40 22 the
531 815 68 31 harp.
636 815 29 22 In
685 815 40 22 the
744 815 111 29 evening,
875 814 70 23 when

102 856 32 15 no
149 856 64 15 more
227 853 82 26 guests
322 857 39 14 are
375 848 125 31 expected,
515 849 40 22 the
570 848 60 23 meal
644 849 19 21 is
676 848 119 31 prepared
814 848 132 31 according

102 886 25 19 to
141 883 40 22 the
196 883 101 22 number
310 883 47 22 and
371 883 93 31 dignity
478 882 77 23 ofthe
570 890 98 23 persons
682 881 142 28 assembled,
838 882 47 22 and
905 881 41 23 the

102 916 86 23 wealth
210 916 28 23 of
256 916 39 23 the
315 915 82 32 family
418 917 55 22 who
491 917 138 22 entertains.
665 915 82 23 While
765 915 41 23 the
825 915 83 31 family
927 916 20 22 is

103 950 110 30 engaged
227 951 24 21 in
264 950 97 30 waiting
375 958 31 15 on
419 950 41 22 the
476 953 91 27 guests,
581 950 40 23 the
638 950 54 22 host
704 950 47 22 and
770 950 93 22 hostess
876 949 70 23 stand

102 991 40 23 up,
157 984 90 30 paying
264 984 158 30 unremitting
440 984 117 23 attention
571 987 25 20 to
610 984 150 30 everything,
775 983 47 23 and
840 983 55 23 take
914 991 32 15 no

102 1017 58 23 food
174 1018 35 22 till
222 1017 29 23 all
266 1018 40 22 the
320 1025 119 23 company
450 1025 39 15 are
499 1018 114 22 satisfied.
650 1017 53 23 The
716 1025 101 17 women,
831 1016 60 23 after
904 1017 42 23 the

103 1058 100 16 manner
223 1050 28 23 of
270 1051 40 23 the
332 1051 134 27 Parthians,
488 1058 72 16 cover
583 1051 62 23 their
670 1051 73 23 heads
767 1051 58 22 with
846 1058 13 15 a
879 1051 67 30 large

102 1085 72 22 white
188 1085 54 27 veil,
256 1084 80 23 folded
350 1085 111 30 together
471 1085 23 22 in
504 1085 40 22 the
555 1085 60 22 form
625 1084 48 23 ofa
683 1092 90 15 crown.
798 1084 64 23 Both
876 1092 69 15 sexes

102 1118 90 23 exceed
207 1126 45 23 any
262 1118 69 23 other
340 1119 82 22 nation
432 1118 23 23 in
466 1119 118 22 attention
599 1123 24 18 to
637 1118 62 23 their
712 1118 75 26 teeth,
798 1118 78 23 which
887 1118 58 30 they

102 1152 88 22 render
201 1152 48 22 like
262 1152 76 30 ivory.
375 1152 80 22 These
472 1152 84 30 people
573 1152 74 31 being
660 1151 28 23 of
701 1159 14 15 a
728 1152 72 30 sharp
813 1152 47 22 and
874 1156 71 19 acute

103 1185 114 27 intellect,
230 1185 46 23 and
295 1185 73 31 gifted
387 1185 56 22 with
456 1193 15 14 a
483 1185 50 23 rich
550 1186 46 22 and
610 1185 115 31 powerful
744 1186 201 31 understanding,

102 1219 67 23 excel
190 1220 23 22 in
234 1220 122 22 whatever
373 1219 91 22 studies
482 1219 58 31 they
558 1228 98 23 pursue.
694 1219 76 23 Their
787 1220 100 22 musical
908 1219 37 23 in-

102 1256 130 20 struments
251 1253 82 23 charm
353 1253 47 23 and
417 1253 93 31 delight
527 1254 41 22 the
585 1262 41 14 ear
645 1253 55 23 with
720 1254 64 22 their
801 1256 129 20 sweetness
940 1263 5 18 ;

102 1287 24 22 in
140 1287 63 23 their
221 1287 101 30 rhymed
344 1295 73 22 songs
435 1287 47 22 and
499 1290 37 19 set
555 1287 115 30 speeches
685 1287 57 31 they
762 1295 40 15 are
820 1295 27 15 so
865 1287 80 24 subtle

102 1321 47 22 and
163 1321 134 29 ingenious,
311 1320 51 23 that
380 1321 57 30 they
454 1321 106 30 produce
574 1321 24 22 in
612 1321 41 23 the
666 1322 82 22 native
766 1325 91 27 tongue
875 1328 69 16 orna-

102 1358 77 19 ments
200 1354 28 23 of
248 1354 135 23 wonderful
402 1355 47 22 and
469 1355 119 30 exquisite
612 1355 147 28 inventions,
780 1355 57 23 both
861 1356 23 22 in
903 1355 42 23 the

102 1388 78 23 words
190 1389 46 22 and
251 1391 125 20 sentences
386 1397 5 17 ;
411 1388 76 23 hence
499 1389 61 22 arise
575 1389 68 22 tho-e
656 1392 69 27 poets
737 1389 78 22 whom
831 1389 56 31 they
899 1388 45 23 call

102 1421 85 23 Bards.
223 1422 54 22 The
290 1422 83 22 Welsh
388 1426 87 18 esteem
490 1422 71 22 noble
575 1422 65 22 birth
654 1422 44 23 and
713 1430 119 23 generous
846 1422 99 23 descent

102 1455 77 22 above
191 1455 31 22 all
235 1455 90 31 things,
338 1455 46 23 and
398 1463 40 15 are
451 1456 120 23 therefore
585 1464 65 15 more
664 1457 108 22 desirous
783 1456 28 23 of
820 1456 124 30 marrying
