<?xml version="1.0" encoding="UTF-8"?>
<alto xmlns:xsi="http://www.w3.org/2001/XMLSchema-instance" xsi:noNamespaceSchemaLocation="http://www.bl.uk/schemas/alto/alto-1-4.xsd" xmlns:xlink="http://www.w3.org/1999/xlink">
	<Description>
		<MeasurementUnit>mm10</MeasurementUnit>
		<sourceImageInformation>
			<fileName>//head1/IN/2008-22/A0011651692/008541.jp2</fileName>
		</sourceImageInformation>
		<OCRProcessing ID="OCRPROCESSING_1">
			<preProcessingStep>
				<processingSoftware>
					<softwareCreator>CCS Content Conversion Specialists GmbH, Germany</softwareCreator>
					<softwareName>CCS docWORKS</softwareName>
					<softwareVersion>6.1-0.67</softwareVersion>
				</processingSoftware>
			</preProcessingStep>
			<ocrProcessingStep>
				<processingSoftware>
					<softwareCreator>ABBYY (BIT Software), Russia</softwareCreator>
					<softwareName>Finereader</softwareName>
				</processingSoftware>
			</ocrProcessingStep>
		</OCRProcessing>
	</Description>
	<Styles>
		<TextStyle ID="TXT_0" FONTSIZE="10" FONTFAMILY="Courier New"/>
		<TextStyle ID="TXT_1" FONTSIZE="9" FONTFAMILY="Courier New"/>
		<ParagraphStyle ID="PAR_RIGHT" ALIGN="Right"/>
		<ParagraphStyle ID="PAR_CENTER" ALIGN="Center"/>
		<ParagraphStyle ID="PAR_LEFT" ALIGN="Left"/>
	</Styles>
	<Layout>
		<Page ID="P151" PHYSICAL_IMG_NR="151" HEIGHT="1619" WIDTH="1023" PRINTED_IMG_NR="137" POSITION="Right" ACCURACY="78.66">
			<TopMargin ID="P151_TM00001" HPOS="0" VPOS="0" WIDTH="1022" HEIGHT="124">
				<TextBlock ID="P151_TB00001" HPOS="878" VPOS="100" WIDTH="45" HEIGHT="22" STYLEREFS="TXT_0 PAR_RIGHT">
					<TextLine ID="P151_TL00001" HPOS="878" VPOS="100" WIDTH="45" HEIGHT="22">
						<String ID="P151_ST00001" HPOS="878" VPOS="100" WIDTH="45" HEIGHT="22" CONTENT="137" WC="1.00" CC="000"/>
					</TextLine>
				</TextBlock>
				<TextBlock ID="P151_TB00002" HPOS="333" VPOS="108" WIDTH="347" HEIGHT="16" STYLEREFS="TXT_1 PAR_CENTER">
					<TextLine ID="P151_TL00002" HPOS="334" VPOS="108" WIDTH="346" HEIGHT="16">
						<String ID="P151_ST00002" HPOS="334" VPOS="108" WIDTH="136" HEIGHT="16" CONTENT="MONASTIC" WC="0.52" CC="65690080"/>
						<SP ID="P151_SP00001" HPOS="470" VPOS="124" WIDTH="14"/>
						<String ID="P151_ST00003" HPOS="484" VPOS="108" WIDTH="196" HEIGHT="16" CONTENT="INSTITUTIONS." WC="0.65" CC="0930709700060"/>
					</TextLine>
				</TextBlock>
			</TopMargin>
			<LeftMargin ID="P151_LM00001" HPOS="0" VPOS="124" WIDTH="84" HEIGHT="1418"/>
			<RightMargin ID="P151_RM00001" HPOS="928" VPOS="124" WIDTH="94" HEIGHT="1418"/>
			<BottomMargin ID="P151_BM00001" HPOS="0" VPOS="1542" WIDTH="1022" HEIGHT="76"/>
			<PrintSpace ID="P151_PS00001" HPOS="84" VPOS="124" WIDTH="844" HEIGHT="1418">
				<TextBlock ID="P151_TB00003" HPOS="84" VPOS="163" WIDTH="844" HEIGHT="1315" STYLEREFS="TXT_1 PAR_LEFT">
					<TextLine ID="P151_TL00003" HPOS="86" VPOS="163" WIDTH="842" HEIGHT="33">
						<String ID="P151_ST00004" HPOS="86" VPOS="167" WIDTH="96" HEIGHT="29" CONTENT="present" WC="0.75" CC="0204226"/>
						<SP ID="P151_SP00002" HPOS="182" VPOS="196" WIDTH="18"/>
						<String ID="P151_ST00005" HPOS="200" VPOS="164" WIDTH="102" HEIGHT="23" CONTENT="remains" WC="0.91" CC="0000131"/>
						<SP ID="P151_SP00003" HPOS="302" VPOS="196" WIDTH="19"/>
						<String ID="P151_ST00006" HPOS="321" VPOS="163" WIDTH="30" HEIGHT="24" CONTENT="of" WC="0.30" CC="49"/>
						<SP ID="P151_SP00004" HPOS="351" VPOS="196" WIDTH="14"/>
						<String ID="P151_ST00007" HPOS="365" VPOS="164" WIDTH="40" HEIGHT="23" CONTENT="the" WC="0.78" CC="230"/>
						<SP ID="P151_SP00005" HPOS="405" VPOS="196" WIDTH="19"/>
						<String ID="P151_ST00008" HPOS="424" VPOS="168" WIDTH="137" HEIGHT="27" CONTENT="monastery" WC="0.82" CC="000095000"/>
						<SP ID="P151_SP00006" HPOS="561" VPOS="196" WIDTH="14"/>
						<String ID="P151_ST00009" HPOS="575" VPOS="165" WIDTH="90" HEIGHT="23" CONTENT="consist" WC="0.67" CC="0460055"/>
						<SP ID="P151_SP00007" HPOS="665" VPOS="196" WIDTH="18"/>
						<String ID="P151_ST00010" HPOS="683" VPOS="165" WIDTH="59" HEIGHT="31" CONTENT="only" WC="0.93" CC="0200"/>
						<SP ID="P151_SP00008" HPOS="742" VPOS="196" WIDTH="13"/>
						<String ID="P151_ST00011" HPOS="755" VPOS="165" WIDTH="28" HEIGHT="24" CONTENT="of" WC="0.90" CC="02"/>
						<SP ID="P151_SP00009" HPOS="783" VPOS="196" WIDTH="15"/>
						<String ID="P151_ST00012" HPOS="798" VPOS="174" WIDTH="14" HEIGHT="14" CONTENT="a" WC="1.00" CC="0"/>
						<SP ID="P151_SP00010" HPOS="812" VPOS="196" WIDTH="18"/>
						<String ID="P151_ST00013" HPOS="830" VPOS="168" WIDTH="54" HEIGHT="28" CONTENT="part" WC="0.55" CC="0944"/>
						<SP ID="P151_SP00011" HPOS="884" VPOS="196" WIDTH="19"/>
						<String ID="P151_ST00014" HPOS="903" VPOS="164" WIDTH="25" HEIGHT="24" CONTENT="of" WC="0.85" CC="02"/>
					</TextLine>
					<TextLine ID="P151_TL00004" HPOS="86" VPOS="198" WIDTH="840" HEIGHT="31">
						<String ID="P151_ST00015" HPOS="86" VPOS="206" WIDTH="14" HEIGHT="15" CONTENT="a" WC="1.00" CC="0"/>
						<SP ID="P151_SP00012" HPOS="100" VPOS="221" WIDTH="16"/>
						<String ID="P151_ST00016" HPOS="116" VPOS="201" WIDTH="74" HEIGHT="20" CONTENT="tower" WC="1.00" CC="00000"/>
						<String ID="P151_ST00017" HPOS="199" VPOS="207" WIDTH="6" HEIGHT="14" CONTENT=":" WC="1.00" CC="0"/>
						<SP ID="P151_SP00013" HPOS="205" VPOS="221" WIDTH="20"/>
						<String ID="P151_ST00018" HPOS="225" VPOS="206" WIDTH="15" HEIGHT="15" CONTENT="a" WC="1.00" CC="0"/>
						<SP ID="P151_SP00014" HPOS="240" VPOS="221" WIDTH="18"/>
						<String ID="P151_ST00019" HPOS="258" VPOS="201" WIDTH="69" HEIGHT="28" CONTENT="great" WC="0.86" CC="01005"/>
						<SP ID="P151_SP00015" HPOS="327" VPOS="229" WIDTH="19"/>
						<String ID="P151_ST00020" HPOS="346" VPOS="198" WIDTH="53" HEIGHT="23" CONTENT="deal" WC="1.00" CC="0000"/>
						<SP ID="P151_SP00016" HPOS="399" VPOS="229" WIDTH="18"/>
						<String ID="P151_ST00021" HPOS="417" VPOS="206" WIDTH="65" HEIGHT="15" CONTENT="more" WC="0.88" CC="0400"/>
						<SP ID="P151_SP00017" HPOS="482" VPOS="229" WIDTH="14"/>
						<String ID="P151_ST00022" HPOS="496" VPOS="206" WIDTH="47" HEIGHT="15" CONTENT="was" WC="0.46" CC="941"/>
						<SP ID="P151_SP00018" HPOS="543" VPOS="229" WIDTH="12"/>
						<String ID="P151_ST00023" HPOS="555" VPOS="199" WIDTH="113" HEIGHT="30" CONTENT="standing" WC="0.65" CC="65000059"/>
						<SP ID="P151_SP00019" HPOS="668" VPOS="229" WIDTH="20"/>
						<String ID="P151_ST00024" HPOS="688" VPOS="200" WIDTH="23" HEIGHT="22" CONTENT="in" WC="0.78" CC="04"/>
						<SP ID="P151_SP00020" HPOS="711" VPOS="229" WIDTH="19"/>
						<String ID="P151_ST00025" HPOS="730" VPOS="199" WIDTH="51" HEIGHT="24" CONTENT="Mr." WC="0.65" CC="630"/>
						<SP ID="P151_SP00021" HPOS="781" VPOS="229" WIDTH="15"/>
						<String ID="P151_ST00026" HPOS="796" VPOS="198" WIDTH="130" HEIGHT="24" CONTENT="Pennant's" WC="0.59" CC="067604045"/>
					</TextLine>
					<TextLine ID="P151_TL00005" HPOS="86" VPOS="232" WIDTH="839" HEIGHT="30">
						<String ID="P151_ST00027" HPOS="86" VPOS="232" WIDTH="56" HEIGHT="23" CONTENT="time" WC="1.00" CC="0000"/>
						<SP ID="P151_SP00022" HPOS="142" VPOS="255" WIDTH="11"/>
						<String ID="P151_ST00028" HPOS="153" VPOS="241" WIDTH="5" HEIGHT="17" CONTENT=";" WC="0.83" CC="1"/>
						<SP ID="P151_SP00023" HPOS="158" VPOS="258" WIDTH="20"/>
						<String ID="P151_ST00029" HPOS="178" VPOS="232" WIDTH="43" HEIGHT="22" CONTENT="but" WC="1.00" CC="000"/>
						<SP ID="P151_SP00024" HPOS="221" VPOS="258" WIDTH="18"/>
						<String ID="P151_ST00030" HPOS="239" VPOS="232" WIDTH="67" HEIGHT="22" CONTENT="three" WC="0.94" CC="03000"/>
						<SP ID="P151_SP00025" HPOS="306" VPOS="258" WIDTH="18"/>
						<String ID="P151_ST00031" HPOS="324" VPOS="235" WIDTH="110" HEIGHT="27" CONTENT="quarters" WC="0.86" CC="02010051"/>
						<SP ID="P151_SP00026" HPOS="434" VPOS="262" WIDTH="18"/>
						<String ID="P151_ST00032" HPOS="452" VPOS="232" WIDTH="29" HEIGHT="23" CONTENT="of" WC="0.73" CC="40"/>
						<SP ID="P151_SP00027" HPOS="481" VPOS="262" WIDTH="14"/>
						<String ID="P151_ST00033" HPOS="495" VPOS="240" WIDTH="15" HEIGHT="14" CONTENT="a" WC="1.00" CC="0"/>
						<SP ID="P151_SP00028" HPOS="510" VPOS="262" WIDTH="18"/>
						<String ID="P151_ST00034" HPOS="528" VPOS="236" WIDTH="102" HEIGHT="26" CONTENT="century" WC="1.00" CC="0000000"/>
						<SP ID="P151_SP00029" HPOS="630" VPOS="262" WIDTH="18"/>
						<String ID="P151_ST00035" HPOS="648" VPOS="232" WIDTH="146" HEIGHT="29" CONTENT="(Pennant's" WC="0.68" CC="9002327023"/>
						<SP ID="P151_SP00030" HPOS="794" VPOS="262" WIDTH="21"/>
						<String ID="P151_ST00036" HPOS="815" VPOS="236" WIDTH="13" HEIGHT="9" CONTENT='"' WC="0.89" CC="1"/>
						<SP ID="P151_SP00031" HPOS="828" VPOS="262" WIDTH="11"/>
						<String ID="P151_ST00037" HPOS="839" VPOS="232" WIDTH="86" HEIGHT="24" CONTENT='Tour"' WC="0.84" CC="70000"/>
					</TextLine>
					<TextLine ID="P151_TL00006" HPOS="86" VPOS="264" WIDTH="838" HEIGHT="33">
						<String ID="P151_ST00038" HPOS="86" VPOS="273" WIDTH="46" HEIGHT="15" CONTENT="was" WC="0.62" CC="046"/>
						<SP ID="P151_SP00032" HPOS="132" VPOS="288" WIDTH="10"/>
						<String ID="P151_ST00039" HPOS="142" VPOS="266" WIDTH="126" HEIGHT="30" CONTENT="published" WC="0.74" CC="000375060"/>
						<SP ID="P151_SP00033" HPOS="268" VPOS="296" WIDTH="12"/>
						<String ID="P151_ST00040" HPOS="280" VPOS="264" WIDTH="77" HEIGHT="33" CONTENT="1778)" WC="0.82" CC="00900"/>
						<SP ID="P151_SP00034" HPOS="357" VPOS="297" WIDTH="10"/>
						<String ID="P151_ST00041" HPOS="367" VPOS="265" WIDTH="69" HEIGHT="23" CONTENT="make" WC="0.82" CC="7000"/>
						<SP ID="P151_SP00035" HPOS="436" VPOS="297" WIDTH="14"/>
						<String ID="P151_ST00042" HPOS="450" VPOS="273" WIDTH="13" HEIGHT="15" CONTENT="a" WC="1.00" CC="0"/>
						<SP ID="P151_SP00036" HPOS="463" VPOS="297" WIDTH="12"/>
						<String ID="P151_ST00043" HPOS="475" VPOS="265" WIDTH="166" HEIGHT="23" CONTENT="considerable" WC="0.75" CC="154300060700"/>
						<SP ID="P151_SP00037" HPOS="641" VPOS="297" WIDTH="14"/>
						<String ID="P151_ST00044" HPOS="655" VPOS="266" WIDTH="130" HEIGHT="23" CONTENT="difference" WC="0.95" CC="0000000050"/>
						<SP ID="P151_SP00038" HPOS="785" VPOS="297" WIDTH="11"/>
						<String ID="P151_ST00045" HPOS="796" VPOS="267" WIDTH="23" HEIGHT="22" CONTENT="in" WC="0.71" CC="05"/>
						<SP ID="P151_SP00039" HPOS="819" VPOS="297" WIDTH="12"/>
						<String ID="P151_ST00046" HPOS="831" VPOS="274" WIDTH="12" HEIGHT="15" CONTENT="a" WC="0.79" CC="2"/>
						<SP ID="P151_SP00040" HPOS="843" VPOS="297" WIDTH="11"/>
						<String ID="P151_ST00047" HPOS="854" VPOS="274" WIDTH="70" HEIGHT="23" CONTENT="regu" SUBS_TYPE="HypPart1" SUBS_CONTENT="regularly-worked" WC="0.90" CC="00050"/>
						<HYP CONTENT="-"/>
					</TextLine>
					<TextLine ID="P151_TL00007" HPOS="86" VPOS="299" WIDTH="839" HEIGHT="31">
						<String ID="P151_ST00048" HPOS="86" VPOS="300" WIDTH="169" HEIGHT="30" CONTENT="larly-worked" SUBS_TYPE="HypPart2" SUBS_CONTENT="regularly-worked" WC="0.79" CC="400400923000"/>
						<SP ID="P151_SP00041" HPOS="255" VPOS="330" WIDTH="13"/>
						<String ID="P151_ST00049" HPOS="268" VPOS="303" WIDTH="67" HEIGHT="19" CONTENT="stone" WC="0.73" CC="47100"/>
						<SP ID="P151_SP00042" HPOS="335" VPOS="330" WIDTH="13"/>
						<String ID="P151_ST00050" HPOS="348" VPOS="307" WIDTH="96" HEIGHT="23" CONTENT="quarry." WC="0.70" CC="0644203"/>
						<SP ID="P151_SP00043" HPOS="444" VPOS="330" WIDTH="37"/>
						<String ID="P151_ST00051" HPOS="481" VPOS="299" WIDTH="11" HEIGHT="23" CONTENT="I" WC="0.91" CC="0"/>
						<SP ID="P151_SP00044" HPOS="492" VPOS="330" WIDTH="13"/>
						<String ID="P151_ST00052" HPOS="505" VPOS="299" WIDTH="95" HEIGHT="30" CONTENT="append" WC="0.88" CC="000070"/>
						<SP ID="P151_SP00045" HPOS="600" VPOS="330" WIDTH="14"/>
						<String ID="P151_ST00053" HPOS="614" VPOS="299" WIDTH="37" HEIGHT="23" CONTENT="his" WC="0.61" CC="560"/>
						<SP ID="P151_SP00046" HPOS="651" VPOS="330" WIDTH="13"/>
						<String ID="P151_ST00054" HPOS="664" VPOS="303" WIDTH="118" HEIGHT="20" CONTENT="account:" WC="0.83" CC="00015600"/>
						<SP ID="P151_SP00047" HPOS="782" VPOS="330" WIDTH="7"/>
						<String ID="P151_ST00055" HPOS="789" VPOS="315" WIDTH="33" HEIGHT="2" CONTENT="—" WC="0.20" CC="8"/>
						<SP ID="P151_SP00048" HPOS="822" VPOS="330" WIDTH="7"/>
						<String ID="P151_ST00056" HPOS="829" VPOS="300" WIDTH="96" HEIGHT="23" CONTENT='"From' WC="0.79" CC="00207"/>
					</TextLine>
					<TextLine ID="P151_TL00008" HPOS="86" VPOS="332" WIDTH="837" HEIGHT="32">
						<String ID="P151_ST00057" HPOS="86" VPOS="334" WIDTH="45" HEIGHT="22" CONTENT="this" WC="0.83" CC="0060"/>
						<SP ID="P151_SP00049" HPOS="131" VPOS="356" WIDTH="18"/>
						<String ID="P151_ST00058" HPOS="149" VPOS="336" WIDTH="52" HEIGHT="27" CONTENT="part" WC="0.87" CC="0050"/>
						<SP ID="P151_SP00050" HPOS="201" VPOS="363" WIDTH="13"/>
						<String ID="P151_ST00059" HPOS="214" VPOS="332" WIDTH="170" HEIGHT="32" CONTENT="(Abardaron)" WC="0.82" CC="00384000030"/>
						<SP ID="P151_SP00051" HPOS="384" VPOS="364" WIDTH="14"/>
						<String ID="P151_ST00060" HPOS="398" VPOS="333" WIDTH="12" HEIGHT="23" CONTENT="I" WC="1.00" CC="0"/>
						<SP ID="P151_SP00052" HPOS="410" VPOS="364" WIDTH="13"/>
						<String ID="P151_ST00061" HPOS="423" VPOS="340" WIDTH="60" HEIGHT="16" CONTENT="once" WC="0.94" CC="0200"/>
						<SP ID="P151_SP00053" HPOS="483" VPOS="364" WIDTH="13"/>
						<String ID="P151_ST00062" HPOS="496" VPOS="333" WIDTH="57" HEIGHT="23" CONTENT="took" WC="0.90" CC="0030"/>
						<SP ID="P151_SP00054" HPOS="553" VPOS="364" WIDTH="13"/>
						<String ID="P151_ST00063" HPOS="566" VPOS="333" WIDTH="58" HEIGHT="23" CONTENT="boat" WC="1.00" CC="0000"/>
						<SP ID="P151_SP00055" HPOS="624" VPOS="364" WIDTH="19"/>
						<String ID="P151_ST00064" HPOS="643" VPOS="332" WIDTH="35" HEIGHT="23" CONTENT="for" WC="0.94" CC="001"/>
						<SP ID="P151_SP00056" HPOS="678" VPOS="364" WIDTH="19"/>
						<String ID="P151_ST00065" HPOS="697" VPOS="333" WIDTH="123" HEIGHT="31" CONTENT="Bardseye" WC="0.73" CC="60408001"/>
						<SP ID="P151_SP00057" HPOS="820" VPOS="364" WIDTH="19"/>
						<String ID="P151_ST00066" HPOS="839" VPOS="334" WIDTH="84" HEIGHT="28" CONTENT="island," WC="0.53" CC="6920490"/>
					</TextLine>
					<TextLine ID="P151_TL00009" HPOS="86" VPOS="367" WIDTH="837" HEIGHT="30">
						<String ID="P151_ST00067" HPOS="86" VPOS="367" WIDTH="77" HEIGHT="23" CONTENT="which" WC="0.80" CC="00035"/>
						<SP ID="P151_SP00058" HPOS="163" VPOS="390" WIDTH="17"/>
						<String ID="P151_ST00068" HPOS="180" VPOS="367" WIDTH="42" HEIGHT="22" CONTENT="lies" WC="0.75" CC="2007"/>
						<SP ID="P151_SP00059" HPOS="222" VPOS="390" WIDTH="22"/>
						<String ID="P151_ST00069" HPOS="244" VPOS="367" WIDTH="75" HEIGHT="22" CONTENT="about" WC="0.96" CC="00020"/>
						<SP ID="P151_SP00060" HPOS="319" VPOS="390" WIDTH="18"/>
						<String ID="P151_ST00070" HPOS="337" VPOS="367" WIDTH="67" HEIGHT="22" CONTENT="three" WC="0.79" CC="07300"/>
						<SP ID="P151_SP00061" HPOS="404" VPOS="390" WIDTH="19"/>
						<String ID="P151_ST00071" HPOS="423" VPOS="367" WIDTH="96" HEIGHT="30" CONTENT="leagues" WC="0.88" CC="0000106"/>
						<SP ID="P151_SP00062" HPOS="519" VPOS="397" WIDTH="15"/>
						<String ID="P151_ST00072" HPOS="534" VPOS="370" WIDTH="25" HEIGHT="19" CONTENT="to" WC="1.00" CC="00"/>
						<SP ID="P151_SP00063" HPOS="559" VPOS="397" WIDTH="18"/>
						<String ID="P151_ST00073" HPOS="577" VPOS="367" WIDTH="40" HEIGHT="22" CONTENT="the" WC="0.80" CC="060"/>
						<SP ID="P151_SP00064" HPOS="617" VPOS="397" WIDTH="17"/>
						<String ID="P151_ST00074" HPOS="634" VPOS="369" WIDTH="66" HEIGHT="20" CONTENT="west." WC="0.82" CC="00530"/>
						<SP ID="P151_SP00065" HPOS="700" VPOS="397" WIDTH="38"/>
						<String ID="P151_ST00075" HPOS="738" VPOS="367" WIDTH="54" HEIGHT="22" CONTENT="The" WC="0.83" CC="050"/>
						<SP ID="P151_SP00066" HPOS="792" VPOS="397" WIDTH="16"/>
						<String ID="P151_ST00076" HPOS="808" VPOS="368" WIDTH="115" HEIGHT="21" CONTENT="mariners" WC="0.70" CC="60315006"/>
					</TextLine>
					<TextLine ID="P151_TL00010" HPOS="86" VPOS="400" WIDTH="835" HEIGHT="31">
						<String ID="P151_ST00077" HPOS="86" VPOS="400" WIDTH="94" HEIGHT="23" CONTENT="seemed" WC="0.79" CC="407000"/>
						<SP ID="P151_SP00067" HPOS="180" VPOS="423" WIDTH="17"/>
						<String ID="P151_ST00078" HPOS="197" VPOS="400" WIDTH="121" HEIGHT="23" CONTENT="tinctured" WC="0.95" CC="003000000"/>
						<SP ID="P151_SP00068" HPOS="318" VPOS="423" WIDTH="14"/>
						<String ID="P151_ST00079" HPOS="332" VPOS="401" WIDTH="57" HEIGHT="22" CONTENT="with" WC="0.84" CC="0320"/>
						<SP ID="P151_SP00069" HPOS="389" VPOS="423" WIDTH="19"/>
						<String ID="P151_ST00080" HPOS="408" VPOS="400" WIDTH="40" HEIGHT="23" CONTENT="the" WC="0.78" CC="060"/>
						<SP ID="P151_SP00070" HPOS="448" VPOS="423" WIDTH="19"/>
						<String ID="P151_ST00081" HPOS="467" VPOS="401" WIDTH="65" HEIGHT="30" CONTENT="piety" WC="0.88" CC="01030"/>
						<SP ID="P151_SP00071" HPOS="532" VPOS="431" WIDTH="14"/>
						<String ID="P151_ST00082" HPOS="546" VPOS="400" WIDTH="28" HEIGHT="23" CONTENT="of" WC="1.00" CC="00"/>
						<SP ID="P151_SP00072" HPOS="574" VPOS="431" WIDTH="15"/>
						<String ID="P151_ST00083" HPOS="589" VPOS="400" WIDTH="40" HEIGHT="22" CONTENT="the" WC="0.91" CC="200"/>
						<SP ID="P151_SP00073" HPOS="629" VPOS="431" WIDTH="19"/>
						<String ID="P151_ST00084" HPOS="648" VPOS="400" WIDTH="67" HEIGHT="30" CONTENT="place" WC="0.79" CC="04005"/>
						<SP ID="P151_SP00074" HPOS="715" VPOS="431" WIDTH="11"/>
						<String ID="P151_ST00085" HPOS="726" VPOS="410" WIDTH="6" HEIGHT="16" CONTENT=";" WC="0.58" CC="4"/>
						<SP ID="P151_SP00075" HPOS="732" VPOS="431" WIDTH="18"/>
						<String ID="P151_ST00086" HPOS="750" VPOS="400" WIDTH="37" HEIGHT="22" CONTENT="for" WC="0.74" CC="502"/>
						<SP ID="P151_SP00076" HPOS="787" VPOS="431" WIDTH="17"/>
						<String ID="P151_ST00087" HPOS="804" VPOS="401" WIDTH="57" HEIGHT="29" CONTENT="they" WC="0.61" CC="0708"/>
						<SP ID="P151_SP00077" HPOS="861" VPOS="431" WIDTH="14"/>
						<String ID="P151_ST00088" HPOS="875" VPOS="400" WIDTH="46" HEIGHT="23" CONTENT="had" WC="0.76" CC="700"/>
					</TextLine>
					<TextLine ID="P151_TL00011" HPOS="86" VPOS="433" WIDTH="837" HEIGHT="33">
						<String ID="P151_ST00089" HPOS="86" VPOS="438" WIDTH="42" HEIGHT="19" CONTENT="not" WC="0.64" CC="225"/>
						<SP ID="P151_SP00078" HPOS="128" VPOS="457" WIDTH="18"/>
						<String ID="P151_ST00090" HPOS="146" VPOS="434" WIDTH="79" HEIGHT="23" CONTENT="rowed" WC="0.81" CC="00900"/>
						<SP ID="P151_SP00079" HPOS="225" VPOS="457" WIDTH="18"/>
						<String ID="P151_ST00091" HPOS="243" VPOS="433" WIDTH="35" HEIGHT="23" CONTENT="far" WC="0.64" CC="900"/>
						<SP ID="P151_SP00080" HPOS="278" VPOS="457" WIDTH="18"/>
						<String ID="P151_ST00092" HPOS="296" VPOS="433" WIDTH="79" HEIGHT="24" CONTENT="before" WC="0.66" CC="200790"/>
						<SP ID="P151_SP00081" HPOS="375" VPOS="457" WIDTH="19"/>
						<String ID="P151_ST00093" HPOS="394" VPOS="434" WIDTH="56" HEIGHT="32" CONTENT="they" WC="0.52" CC="6660"/>
						<SP ID="P151_SP00082" HPOS="450" VPOS="466" WIDTH="15"/>
						<String ID="P151_ST00094" HPOS="465" VPOS="434" WIDTH="69" HEIGHT="22" CONTENT="made" WC="0.58" CC="9006"/>
						<SP ID="P151_SP00083" HPOS="534" VPOS="466" WIDTH="19"/>
						<String ID="P151_ST00095" HPOS="553" VPOS="441" WIDTH="13" HEIGHT="15" CONTENT="a" WC="1.00" CC="0"/>
						<SP ID="P151_SP00084" HPOS="566" VPOS="466" WIDTH="18"/>
						<String ID="P151_ST00096" HPOS="584" VPOS="433" WIDTH="43" HEIGHT="23" CONTENT="full" WC="0.78" CC="1410"/>
						<SP ID="P151_SP00085" HPOS="627" VPOS="466" WIDTH="17"/>
						<String ID="P151_ST00097" HPOS="644" VPOS="438" WIDTH="61" HEIGHT="25" CONTENT="stop," WC="0.82" CC="53000"/>
						<SP ID="P151_SP00086" HPOS="705" VPOS="466" WIDTH="15"/>
						<String ID="P151_ST00098" HPOS="720" VPOS="433" WIDTH="80" HEIGHT="30" CONTENT="pulled" WC="0.92" CC="040000"/>
						<SP ID="P151_SP00087" HPOS="800" VPOS="466" WIDTH="15"/>
						<String ID="P151_ST00099" HPOS="815" VPOS="434" WIDTH="36" HEIGHT="23" CONTENT="off" WC="1.00" CC="000"/>
						<SP ID="P151_SP00088" HPOS="851" VPOS="466" WIDTH="8"/>
						<String ID="P151_ST00100" HPOS="859" VPOS="434" WIDTH="64" HEIGHT="23" CONTENT="their" WC="0.73" CC="06060"/>
					</TextLine>
					<TextLine ID="P151_TL00012" HPOS="86" VPOS="466" WIDTH="835" HEIGHT="33">
						<String ID="P151_ST00101" HPOS="86" VPOS="468" WIDTH="59" HEIGHT="27" CONTENT="hats," WC="0.74" CC="04350"/>
						<SP ID="P151_SP00089" HPOS="145" VPOS="495" WIDTH="13"/>
						<String ID="P151_ST00102" HPOS="158" VPOS="468" WIDTH="46" HEIGHT="22" CONTENT="and" WC="1.00" CC="000"/>
						<SP ID="P151_SP00090" HPOS="204" VPOS="495" WIDTH="14"/>
						<String ID="P151_ST00103" HPOS="218" VPOS="468" WIDTH="89" HEIGHT="23" CONTENT="offered" WC="0.90" CC="0000420"/>
						<SP ID="P151_SP00091" HPOS="307" VPOS="495" WIDTH="14"/>
						<String ID="P151_ST00104" HPOS="321" VPOS="476" WIDTH="32" HEIGHT="23" CONTENT="up" WC="1.00" CC="00"/>
						<SP ID="P151_SP00092" HPOS="353" VPOS="499" WIDTH="13"/>
						<String ID="P151_ST00105" HPOS="366" VPOS="476" WIDTH="13" HEIGHT="14" CONTENT="a" WC="0.57" CC="4"/>
						<SP ID="P151_SP00093" HPOS="379" VPOS="499" WIDTH="13"/>
						<String ID="P151_ST00106" HPOS="392" VPOS="468" WIDTH="67" HEIGHT="23" CONTENT="short" WC="0.52" CC="67360"/>
						<SP ID="P151_SP00094" HPOS="459" VPOS="499" WIDTH="14"/>
						<String ID="P151_ST00107" HPOS="473" VPOS="476" WIDTH="93" HEIGHT="23" CONTENT="prayer." WC="0.96" CC="0200000"/>
						<SP ID="P151_SP00095" HPOS="566" VPOS="499" WIDTH="38"/>
						<String ID="P151_ST00108" HPOS="604" VPOS="466" WIDTH="70" HEIGHT="24" CONTENT="After" WC="0.84" CC="00330"/>
						<SP ID="P151_SP00096" HPOS="674" VPOS="499" WIDTH="18"/>
						<String ID="P151_ST00109" HPOS="692" VPOS="467" WIDTH="117" HEIGHT="32" CONTENT="doubling" WC="0.79" CC="00063060"/>
						<SP ID="P151_SP00097" HPOS="809" VPOS="499" WIDTH="14"/>
						<String ID="P151_ST00110" HPOS="823" VPOS="476" WIDTH="14" HEIGHT="14" CONTENT="a" WC="1.00" CC="0"/>
						<SP ID="P151_SP00098" HPOS="837" VPOS="499" WIDTH="13"/>
						<String ID="P151_ST00111" HPOS="850" VPOS="468" WIDTH="71" HEIGHT="22" CONTENT="head" SUBS_TYPE="HypPart1" SUBS_CONTENT="headland," WC="0.76" CC="74000"/>
						<HYP CONTENT="-"/>
					</TextLine>
					<TextLine ID="P151_TL00013" HPOS="86" VPOS="500" WIDTH="835" HEIGHT="33">
						<String ID="P151_ST00112" HPOS="86" VPOS="501" WIDTH="61" HEIGHT="27" CONTENT="land," SUBS_TYPE="HypPart2" SUBS_CONTENT="headland," WC="0.88" CC="42000"/>
						<SP ID="P151_SP00099" HPOS="147" VPOS="528" WIDTH="14"/>
						<String ID="P151_ST00113" HPOS="161" VPOS="502" WIDTH="40" HEIGHT="23" CONTENT="the" WC="1.00" CC="000"/>
						<SP ID="P151_SP00100" HPOS="201" VPOS="528" WIDTH="13"/>
						<String ID="P151_ST00114" HPOS="214" VPOS="501" WIDTH="75" HEIGHT="23" CONTENT="island" WC="0.76" CC="553000"/>
						<SP ID="P151_SP00101" HPOS="289" VPOS="528" WIDTH="13"/>
						<String ID="P151_ST00115" HPOS="302" VPOS="502" WIDTH="120" HEIGHT="31" CONTENT="appeared" WC="0.84" CC="00060600"/>
						<SP ID="P151_SP00102" HPOS="422" VPOS="533" WIDTH="14"/>
						<String ID="P151_ST00116" HPOS="436" VPOS="501" WIDTH="43" HEIGHT="24" CONTENT="full" WC="0.90" CC="0300"/>
						<SP ID="P151_SP00103" HPOS="479" VPOS="533" WIDTH="14"/>
						<String ID="P151_ST00117" HPOS="493" VPOS="502" WIDTH="22" HEIGHT="22" CONTENT="in" WC="0.64" CC="51"/>
						<SP ID="P151_SP00104" HPOS="515" VPOS="533" WIDTH="14"/>
						<String ID="P151_ST00118" HPOS="529" VPOS="502" WIDTH="69" HEIGHT="22" CONTENT="view." WC="0.62" CC="93500"/>
						<SP ID="P151_SP00105" HPOS="598" VPOS="533" WIDTH="37"/>
						<String ID="P151_ST00119" HPOS="635" VPOS="500" WIDTH="45" HEIGHT="23" CONTENT="We" WC="1.00" CC="00"/>
						<SP ID="P151_SP00106" HPOS="680" VPOS="533" WIDTH="13"/>
						<String ID="P151_ST00120" HPOS="693" VPOS="501" WIDTH="85" HEIGHT="30" CONTENT="passed" WC="0.90" CC="000500"/>
						<SP ID="P151_SP00107" HPOS="778" VPOS="533" WIDTH="15"/>
						<String ID="P151_ST00121" HPOS="793" VPOS="502" WIDTH="77" HEIGHT="22" CONTENT="under" WC="0.50" CC="85064"/>
						<SP ID="P151_SP00108" HPOS="870" VPOS="533" WIDTH="11"/>
						<String ID="P151_ST00122" HPOS="881" VPOS="502" WIDTH="40" HEIGHT="22" CONTENT="the" WC="0.93" CC="200"/>
					</TextLine>
					<TextLine ID="P151_TL00014" HPOS="86" VPOS="534" WIDTH="835" HEIGHT="32">
						<String ID="P151_ST00123" HPOS="86" VPOS="535" WIDTH="61" HEIGHT="31" CONTENT="lofty" WC="0.48" CC="73509"/>
						<SP ID="P151_SP00109" HPOS="147" VPOS="566" WIDTH="18"/>
						<String ID="P151_ST00124" HPOS="165" VPOS="536" WIDTH="123" HEIGHT="22" CONTENT="mountain" WC="0.81" CC="03180002"/>
						<SP ID="P151_SP00110" HPOS="288" VPOS="566" WIDTH="19"/>
						<String ID="P151_ST00125" HPOS="307" VPOS="536" WIDTH="79" HEIGHT="23" CONTENT="which" WC="0.88" CC="05000"/>
						<SP ID="P151_SP00111" HPOS="386" VPOS="566" WIDTH="20"/>
						<String ID="P151_ST00126" HPOS="406" VPOS="535" WIDTH="72" HEIGHT="24" CONTENT="forms" WC="0.91" CC="00400"/>
						<SP ID="P151_SP00112" HPOS="478" VPOS="566" WIDTH="19"/>
						<String ID="P151_ST00127" HPOS="497" VPOS="544" WIDTH="45" HEIGHT="14" CONTENT="one" WC="0.94" CC="010"/>
						<SP ID="P151_SP00113" HPOS="542" VPOS="566" WIDTH="19"/>
						<String ID="P151_ST00128" HPOS="561" VPOS="535" WIDTH="57" HEIGHT="23" CONTENT="side." WC="0.74" CC="75000"/>
						<SP ID="P151_SP00114" HPOS="618" VPOS="566" WIDTH="37"/>
						<String ID="P151_ST00129" HPOS="655" VPOS="534" WIDTH="71" HEIGHT="23" CONTENT="After" WC="0.88" CC="03002"/>
						<SP ID="P151_SP00115" HPOS="726" VPOS="566" WIDTH="18"/>
						<String ID="P151_ST00130" HPOS="744" VPOS="535" WIDTH="118" HEIGHT="31" CONTENT="doubling" WC="0.80" CC="00050009"/>
						<SP ID="P151_SP00116" HPOS="862" VPOS="566" WIDTH="19"/>
						<String ID="P151_ST00131" HPOS="881" VPOS="535" WIDTH="40" HEIGHT="22" CONTENT="the" WC="0.79" CC="060"/>
					</TextLine>
					<TextLine ID="P151_TL00015" HPOS="86" VPOS="568" WIDTH="834" HEIGHT="31">
						<String ID="P151_ST00132" HPOS="86" VPOS="569" WIDTH="91" HEIGHT="23" CONTENT="further" WC="0.78" CC="0000087"/>
						<SP ID="P151_SP00117" HPOS="177" VPOS="592" WIDTH="19"/>
						<String ID="P151_ST00133" HPOS="196" VPOS="569" WIDTH="53" HEIGHT="27" CONTENT="end," WC="0.90" CC="3000"/>
						<SP ID="P151_SP00118" HPOS="249" VPOS="596" WIDTH="18"/>
						<String ID="P151_ST00134" HPOS="267" VPOS="577" WIDTH="34" HEIGHT="15" CONTENT="we" WC="1.00" CC="00"/>
						<SP ID="P151_SP00119" HPOS="301" VPOS="596" WIDTH="17"/>
						<String ID="P151_ST00135" HPOS="318" VPOS="573" WIDTH="44" HEIGHT="26" CONTENT="put" WC="0.80" CC="050"/>
						<SP ID="P151_SP00120" HPOS="362" VPOS="599" WIDTH="18"/>
						<String ID="P151_ST00136" HPOS="380" VPOS="569" WIDTH="51" HEIGHT="24" CONTENT="into" WC="0.66" CC="5700"/>
						<SP ID="P151_SP00121" HPOS="431" VPOS="599" WIDTH="19"/>
						<String ID="P151_ST00137" HPOS="450" VPOS="577" WIDTH="13" HEIGHT="16" CONTENT="a" WC="1.00" CC="0"/>
						<SP ID="P151_SP00122" HPOS="463" VPOS="599" WIDTH="18"/>
						<String ID="P151_ST00138" HPOS="481" VPOS="569" WIDTH="61" HEIGHT="24" CONTENT="little" WC="0.69" CC="240073"/>
						<SP ID="P151_SP00123" HPOS="542" VPOS="599" WIDTH="18"/>
						<String ID="P151_ST00139" HPOS="560" VPOS="569" WIDTH="76" HEIGHT="30" CONTENT="sandy" WC="0.73" CC="70600"/>
						<SP ID="P151_SP00124" HPOS="636" VPOS="599" WIDTH="19"/>
						<String ID="P151_ST00140" HPOS="655" VPOS="568" WIDTH="78" HEIGHT="27" CONTENT="creek," WC="0.86" CC="100500"/>
						<SP ID="P151_SP00125" HPOS="733" VPOS="599" WIDTH="21"/>
						<String ID="P151_ST00141" HPOS="754" VPOS="569" WIDTH="113" HEIGHT="22" CONTENT="bounded" WC="0.80" CC="0005080"/>
						<SP ID="P151_SP00126" HPOS="867" VPOS="599" WIDTH="19"/>
						<String ID="P151_ST00142" HPOS="886" VPOS="568" WIDTH="34" HEIGHT="31" CONTENT="by" WC="1.00" CC="00"/>
					</TextLine>
					<TextLine ID="P151_TL00016" HPOS="86" VPOS="602" WIDTH="835" HEIGHT="31">
						<String ID="P151_ST00143" HPOS="86" VPOS="603" WIDTH="44" HEIGHT="23" CONTENT="low" WC="0.50" CC="238"/>
						<SP ID="P151_SP00127" HPOS="130" VPOS="626" WIDTH="18"/>
						<String ID="P151_ST00144" HPOS="148" VPOS="604" WIDTH="77" HEIGHT="26" CONTENT="rocks," WC="0.79" CC="300061"/>
						<SP ID="P151_SP00128" HPOS="225" VPOS="630" WIDTH="19"/>
						<String ID="P151_ST00145" HPOS="244" VPOS="611" WIDTH="25" HEIGHT="15" CONTENT="as" WC="0.70" CC="05"/>
						<SP ID="P151_SP00129" HPOS="269" VPOS="630" WIDTH="18"/>
						<String ID="P151_ST00146" HPOS="287" VPOS="604" WIDTH="19" HEIGHT="22" CONTENT="is" WC="1.00" CC="00"/>
						<SP ID="P151_SP00130" HPOS="306" VPOS="630" WIDTH="18"/>
						<String ID="P151_ST00147" HPOS="324" VPOS="603" WIDTH="40" HEIGHT="23" CONTENT="the" WC="0.96" CC="010"/>
						<SP ID="P151_SP00131" HPOS="364" VPOS="630" WIDTH="14"/>
						<String ID="P151_ST00148" HPOS="378" VPOS="603" WIDTH="76" HEIGHT="23" CONTENT="whole" WC="0.90" CC="01300"/>
						<SP ID="P151_SP00132" HPOS="454" VPOS="630" WIDTH="18"/>
						<String ID="P151_ST00149" HPOS="472" VPOS="603" WIDTH="61" HEIGHT="23" CONTENT="level" WC="0.97" CC="00100"/>
						<SP ID="P151_SP00133" HPOS="533" VPOS="630" WIDTH="18"/>
						<String ID="P151_ST00150" HPOS="551" VPOS="606" WIDTH="60" HEIGHT="27" CONTENT="part." WC="0.84" CC="00610"/>
						<SP ID="P151_SP00134" HPOS="611" VPOS="633" WIDTH="38"/>
						<String ID="P151_ST00151" HPOS="649" VPOS="602" WIDTH="38" HEIGHT="23" CONTENT="On" WC="0.72" CC="05"/>
						<SP ID="P151_SP00135" HPOS="687" VPOS="633" WIDTH="19"/>
						<String ID="P151_ST00152" HPOS="706" VPOS="602" WIDTH="100" HEIGHT="31" CONTENT="landing" WC="0.67" CC="5080080"/>
						<SP ID="P151_SP00136" HPOS="806" VPOS="633" WIDTH="13"/>
						<String ID="P151_ST00153" HPOS="819" VPOS="602" WIDTH="11" HEIGHT="23" CONTENT="I" WC="0.83" CC="1"/>
						<SP ID="P151_SP00137" HPOS="830" VPOS="633" WIDTH="15"/>
						<String ID="P151_ST00154" HPOS="845" VPOS="602" WIDTH="76" HEIGHT="23" CONTENT="found" WC="0.57" CC="60770"/>
					</TextLine>
					<TextLine ID="P151_TL00017" HPOS="86" VPOS="636" WIDTH="834" HEIGHT="32">
						<String ID="P151_ST00155" HPOS="86" VPOS="637" WIDTH="31" HEIGHT="23" CONTENT="all" WC="0.46" CC="662"/>
						<SP ID="P151_SP00138" HPOS="117" VPOS="660" WIDTH="18"/>
						<String ID="P151_ST00156" HPOS="135" VPOS="637" WIDTH="46" HEIGHT="23" CONTENT="this" WC="0.71" CC="0604"/>
						<SP ID="P151_SP00139" HPOS="181" VPOS="660" WIDTH="18"/>
						<String ID="P151_ST00157" HPOS="199" VPOS="640" WIDTH="62" HEIGHT="20" CONTENT="tract" WC="0.95" CC="02000"/>
						<SP ID="P151_SP00140" HPOS="261" VPOS="660" WIDTH="19"/>
						<String ID="P151_ST00158" HPOS="280" VPOS="645" WIDTH="14" HEIGHT="15" CONTENT="a" WC="0.05" CC="9"/>
						<SP ID="P151_SP00141" HPOS="294" VPOS="660" WIDTH="20"/>
						<String ID="P151_ST00159" HPOS="314" VPOS="645" WIDTH="55" HEIGHT="23" CONTENT="very" WC="1.00" CC="0000"/>
						<SP ID="P151_SP00142" HPOS="369" VPOS="668" WIDTH="14"/>
						<String ID="P151_ST00160" HPOS="383" VPOS="637" WIDTH="78" HEIGHT="23" CONTENT="fertile" WC="0.75" CC="0062260"/>
						<SP ID="P151_SP00143" HPOS="461" VPOS="668" WIDTH="22"/>
						<String ID="P151_ST00161" HPOS="483" VPOS="637" WIDTH="71" HEIGHT="31" CONTENT="plain," WC="0.82" CC="041040"/>
						<SP ID="P151_SP00144" HPOS="554" VPOS="668" WIDTH="23"/>
						<String ID="P151_ST00162" HPOS="577" VPOS="637" WIDTH="47" HEIGHT="23" CONTENT="and" WC="0.88" CC="030"/>
						<SP ID="P151_SP00145" HPOS="624" VPOS="668" WIDTH="18"/>
						<String ID="P151_ST00163" HPOS="642" VPOS="636" WIDTH="51" HEIGHT="23" CONTENT="well" WC="0.59" CC="9060"/>
						<SP ID="P151_SP00146" HPOS="693" VPOS="668" WIDTH="22"/>
						<String ID="P151_ST00164" HPOS="715" VPOS="636" WIDTH="138" HEIGHT="28" CONTENT="cultivated," WC="0.95" CC="00400000000"/>
						<SP ID="P151_SP00147" HPOS="853" VPOS="668" WIDTH="20"/>
						<String ID="P151_ST00165" HPOS="873" VPOS="637" WIDTH="47" HEIGHT="22" CONTENT="and" WC="0.84" CC="040"/>
					</TextLine>
					<TextLine ID="P151_TL00018" HPOS="86" VPOS="670" WIDTH="834" HEIGHT="32">
						<String ID="P151_ST00166" HPOS="86" VPOS="671" WIDTH="139" HEIGHT="31" CONTENT="productive" WC="0.89" CC="7200000000"/>
						<SP ID="P151_SP00148" HPOS="225" VPOS="702" WIDTH="17"/>
						<String ID="P151_ST00167" HPOS="242" VPOS="671" WIDTH="28" HEIGHT="22" CONTENT="of" WC="1.00" CC="00"/>
						<SP ID="P151_SP00149" HPOS="270" VPOS="702" WIDTH="15"/>
						<String ID="P151_ST00168" HPOS="285" VPOS="671" WIDTH="144" HEIGHT="31" CONTENT="everything" WC="0.83" CC="0033000009"/>
						<SP ID="P151_SP00150" HPOS="429" VPOS="702" WIDTH="13"/>
						<String ID="P151_ST00169" HPOS="442" VPOS="671" WIDTH="77" HEIGHT="22" CONTENT="which" WC="0.78" CC="90001"/>
						<SP ID="P151_SP00151" HPOS="519" VPOS="702" WIDTH="20"/>
						<String ID="P151_ST00170" HPOS="539" VPOS="671" WIDTH="39" HEIGHT="22" CONTENT="the" WC="0.80" CC="220"/>
						<SP ID="P151_SP00152" HPOS="578" VPOS="702" WIDTH="20"/>
						<String ID="P151_ST00171" HPOS="598" VPOS="670" WIDTH="122" HEIGHT="23" CONTENT="mainland" WC="0.68" CC="50453050"/>
						<SP ID="P151_SP00153" HPOS="720" VPOS="702" WIDTH="15"/>
						<String ID="P151_ST00172" HPOS="735" VPOS="671" WIDTH="95" HEIGHT="22" CONTENT="affords." WC="0.81" CC="00090050"/>
						<SP ID="P151_SP00154" HPOS="830" VPOS="702" WIDTH="37"/>
						<String ID="P151_ST00173" HPOS="867" VPOS="670" WIDTH="53" HEIGHT="23" CONTENT="The" WC="0.91" CC="020"/>
					</TextLine>
					<TextLine ID="P151_TL00019" HPOS="86" VPOS="704" WIDTH="835" HEIGHT="32">
						<String ID="P151_ST00174" HPOS="86" VPOS="704" WIDTH="91" HEIGHT="23" CONTENT="abbot's" WC="0.70" CC="0070417"/>
						<SP ID="P151_SP00155" HPOS="177" VPOS="727" WIDTH="14"/>
						<String ID="P151_ST00175" HPOS="191" VPOS="705" WIDTH="73" HEIGHT="23" CONTENT="house" WC="0.86" CC="00060"/>
						<SP ID="P151_SP00156" HPOS="264" VPOS="728" WIDTH="19"/>
						<String ID="P151_ST00176" HPOS="283" VPOS="704" WIDTH="19" HEIGHT="23" CONTENT="is" WC="0.59" CC="43"/>
						<SP ID="P151_SP00157" HPOS="302" VPOS="728" WIDTH="18"/>
						<String ID="P151_ST00177" HPOS="320" VPOS="713" WIDTH="14" HEIGHT="14" CONTENT="a" WC="1.00" CC="0"/>
						<SP ID="P151_SP00158" HPOS="334" VPOS="728" WIDTH="17"/>
						<String ID="P151_ST00178" HPOS="351" VPOS="705" WIDTH="66" HEIGHT="31" CONTENT="large" WC="0.87" CC="60000"/>
						<SP ID="P151_SP00159" HPOS="417" VPOS="736" WIDTH="13"/>
						<String ID="P151_ST00179" HPOS="430" VPOS="708" WIDTH="68" HEIGHT="20" CONTENT="stone" WC="0.85" CC="70000"/>
						<SP ID="P151_SP00160" HPOS="498" VPOS="736" WIDTH="13"/>
						<String ID="P151_ST00180" HPOS="511" VPOS="704" WIDTH="118" HEIGHT="32" CONTENT="building," WC="0.92" CC="000000500"/>
						<SP ID="P151_SP00161" HPOS="629" VPOS="736" WIDTH="15"/>
						<String ID="P151_ST00181" HPOS="644" VPOS="704" WIDTH="124" HEIGHT="23" CONTENT="inhabited" WC="0.78" CC="661004000"/>
						<SP ID="P151_SP00162" HPOS="768" VPOS="736" WIDTH="14"/>
						<String ID="P151_ST00182" HPOS="782" VPOS="704" WIDTH="32" HEIGHT="30" CONTENT="by" WC="1.00" CC="00"/>
						<SP ID="P151_SP00163" HPOS="814" VPOS="736" WIDTH="15"/>
						<String ID="P151_ST00183" HPOS="829" VPOS="704" WIDTH="92" HEIGHT="22" CONTENT="several" WC="0.88" CC="0000502"/>
					</TextLine>
					<TextLine ID="P151_TL00020" HPOS="86" VPOS="737" WIDTH="837" HEIGHT="32">
						<String ID="P151_ST00184" HPOS="86" VPOS="738" WIDTH="27" HEIGHT="23" CONTENT="of" WC="0.83" CC="30"/>
						<SP ID="P151_SP00164" HPOS="113" VPOS="761" WIDTH="14"/>
						<String ID="P151_ST00185" HPOS="127" VPOS="738" WIDTH="40" HEIGHT="23" CONTENT="the" WC="1.00" CC="000"/>
						<SP ID="P151_SP00165" HPOS="167" VPOS="761" WIDTH="22"/>
						<String ID="P151_ST00186" HPOS="189" VPOS="739" WIDTH="99" HEIGHT="23" CONTENT="natives." WC="0.87" CC="00009000"/>
						<SP ID="P151_SP00166" HPOS="288" VPOS="762" WIDTH="35"/>
						<String ID="P151_ST00187" HPOS="323" VPOS="738" WIDTH="52" HEIGHT="24" CONTENT="Not" WC="0.97" CC="000"/>
						<SP ID="P151_SP00167" HPOS="375" VPOS="762" WIDTH="20"/>
						<String ID="P151_ST00188" HPOS="395" VPOS="739" WIDTH="36" HEIGHT="22" CONTENT="far" WC="0.94" CC="001"/>
						<SP ID="P151_SP00168" HPOS="431" VPOS="762" WIDTH="19"/>
						<String ID="P151_ST00189" HPOS="450" VPOS="738" WIDTH="61" HEIGHT="23" CONTENT="from" WC="0.76" CC="0206"/>
						<SP ID="P151_SP00169" HPOS="511" VPOS="762" WIDTH="17"/>
						<String ID="P151_ST00190" HPOS="528" VPOS="739" WIDTH="48" HEIGHT="22" CONTENT="this" WC="0.71" CC="0406"/>
						<SP ID="P151_SP00170" HPOS="576" VPOS="762" WIDTH="22"/>
						<String ID="P151_ST00191" HPOS="598" VPOS="739" WIDTH="18" HEIGHT="22" CONTENT="is" WC="0.70" CC="06"/>
						<SP ID="P151_SP00171" HPOS="616" VPOS="762" WIDTH="19"/>
						<String ID="P151_ST00192" HPOS="635" VPOS="746" WIDTH="14" HEIGHT="14" CONTENT="a" WC="0.66" CC="3"/>
						<SP ID="P151_SP00172" HPOS="649" VPOS="762" WIDTH="17"/>
						<String ID="P151_ST00193" HPOS="666" VPOS="737" WIDTH="109" HEIGHT="32" CONTENT="singular" WC="0.93" CC="05000000"/>
						<SP ID="P151_SP00173" HPOS="775" VPOS="769" WIDTH="16"/>
						<String ID="P151_ST00194" HPOS="791" VPOS="737" WIDTH="85" HEIGHT="31" CONTENT="chapel" WC="0.95" CC="020000"/>
						<SP ID="P151_SP00174" HPOS="876" VPOS="769" WIDTH="19"/>
						<String ID="P151_ST00195" HPOS="895" VPOS="745" WIDTH="28" HEIGHT="16" CONTENT="or" WC="0.86" CC="01"/>
					</TextLine>
					<TextLine ID="P151_TL00021" HPOS="86" VPOS="771" WIDTH="836" HEIGHT="32">
						<String ID="P151_ST00196" HPOS="86" VPOS="775" WIDTH="103" HEIGHT="28" CONTENT="oratory," WC="0.74" CC="03900600"/>
						<SP ID="P151_SP00175" HPOS="189" VPOS="803" WIDTH="13"/>
						<String ID="P151_ST00197" HPOS="202" VPOS="773" WIDTH="74" HEIGHT="30" CONTENT="being" WC="0.70" CC="50630"/>
						<SP ID="P151_SP00176" HPOS="276" VPOS="803" WIDTH="13"/>
						<String ID="P151_ST00198" HPOS="289" VPOS="781" WIDTH="13" HEIGHT="14" CONTENT="a" WC="1.00" CC="0"/>
						<SP ID="P151_SP00177" HPOS="302" VPOS="803" WIDTH="11"/>
						<String ID="P151_ST00199" HPOS="313" VPOS="772" WIDTH="57" HEIGHT="31" CONTENT="long" WC="0.58" CC="4029"/>
						<SP ID="P151_SP00178" HPOS="370" VPOS="803" WIDTH="20"/>
						<String ID="P151_ST00200" HPOS="390" VPOS="773" WIDTH="89" HEIGHT="22" CONTENT="arched" WC="0.70" CC="000665"/>
						<SP ID="P151_SP00179" HPOS="479" VPOS="803" WIDTH="18"/>
						<String ID="P151_ST00201" HPOS="497" VPOS="772" WIDTH="94" HEIGHT="26" CONTENT="edifice," WC="0.90" CC="00500001"/>
						<SP ID="P151_SP00180" HPOS="591" VPOS="803" WIDTH="14"/>
						<String ID="P151_ST00202" HPOS="605" VPOS="772" WIDTH="57" HEIGHT="22" CONTENT="with" WC="0.69" CC="9020"/>
						<SP ID="P151_SP00181" HPOS="662" VPOS="803" WIDTH="15"/>
						<String ID="P151_ST00203" HPOS="677" VPOS="779" WIDTH="28" HEIGHT="15" CONTENT="an" WC="0.86" CC="02"/>
						<SP ID="P151_SP00182" HPOS="705" VPOS="803" WIDTH="12"/>
						<String ID="P151_ST00204" HPOS="717" VPOS="771" WIDTH="118" HEIGHT="23" CONTENT="insulated" WC="0.74" CC="056460000"/>
						<SP ID="P151_SP00183" HPOS="835" VPOS="803" WIDTH="19"/>
						<String ID="P151_ST00205" HPOS="854" VPOS="775" WIDTH="68" HEIGHT="19" CONTENT="stone" WC="0.86" CC="50010"/>
					</TextLine>
					<TextLine ID="P151_TL00022" HPOS="86" VPOS="804" WIDTH="837" HEIGHT="32">
						<String ID="P151_ST00206" HPOS="86" VPOS="806" WIDTH="60" HEIGHT="23" CONTENT="altar" WC="0.72" CC="07303"/>
						<SP ID="P151_SP00184" HPOS="146" VPOS="829" WIDTH="12"/>
						<String ID="P151_ST00207" HPOS="158" VPOS="814" WIDTH="56" HEIGHT="15" CONTENT="near" WC="0.89" CC="1002"/>
						<SP ID="P151_SP00185" HPOS="214" VPOS="829" WIDTH="20"/>
						<String ID="P151_ST00208" HPOS="234" VPOS="807" WIDTH="39" HEIGHT="22" CONTENT="the" WC="0.64" CC="550"/>
						<SP ID="P151_SP00186" HPOS="273" VPOS="829" WIDTH="17"/>
						<String ID="P151_ST00209" HPOS="290" VPOS="809" WIDTH="50" HEIGHT="20" CONTENT="east" WC="0.57" CC="4065"/>
						<SP ID="P151_SP00187" HPOS="340" VPOS="829" WIDTH="13"/>
						<String ID="P151_ST00210" HPOS="353" VPOS="807" WIDTH="54" HEIGHT="22" CONTENT="end." WC="0.89" CC="0300"/>
						<SP ID="P151_SP00188" HPOS="407" VPOS="829" WIDTH="37"/>
						<String ID="P151_ST00211" HPOS="444" VPOS="806" WIDTH="28" HEIGHT="23" CONTENT="In" WC="0.45" CC="37"/>
						<SP ID="P151_SP00189" HPOS="472" VPOS="829" WIDTH="14"/>
						<String ID="P151_ST00212" HPOS="486" VPOS="806" WIDTH="47" HEIGHT="22" CONTENT="this" WC="0.67" CC="0066"/>
						<SP ID="P151_SP00190" HPOS="533" VPOS="829" WIDTH="14"/>
						<String ID="P151_ST00213" HPOS="547" VPOS="806" WIDTH="66" HEIGHT="30" CONTENT="place" WC="0.78" CC="04600"/>
						<SP ID="P151_SP00191" HPOS="613" VPOS="836" WIDTH="14"/>
						<String ID="P151_ST00214" HPOS="627" VPOS="813" WIDTH="45" HEIGHT="15" CONTENT="one" WC="0.75" CC="051"/>
						<SP ID="P151_SP00192" HPOS="672" VPOS="836" WIDTH="13"/>
						<String ID="P151_ST00215" HPOS="685" VPOS="804" WIDTH="28" HEIGHT="24" CONTENT="of" WC="1.00" CC="00"/>
						<SP ID="P151_SP00193" HPOS="713" VPOS="836" WIDTH="10"/>
						<String ID="P151_ST00216" HPOS="723" VPOS="805" WIDTH="39" HEIGHT="23" CONTENT="the" WC="0.54" CC="760"/>
						<SP ID="P151_SP00194" HPOS="762" VPOS="836" WIDTH="14"/>
						<String ID="P151_ST00217" HPOS="776" VPOS="806" WIDTH="147" HEIGHT="22" CONTENT="inhabitants" WC="0.71" CC="04760300703"/>
					</TextLine>
					<TextLine ID="P151_TL00023" HPOS="87" VPOS="839" WIDTH="836" HEIGHT="31">
						<String ID="P151_ST00218" HPOS="87" VPOS="840" WIDTH="69" HEIGHT="22" CONTENT="reads" WC="0.69" CC="20705"/>
						<SP ID="P151_SP00195" HPOS="156" VPOS="862" WIDTH="13"/>
						<String ID="P151_ST00219" HPOS="169" VPOS="847" WIDTH="105" HEIGHT="23" CONTENT="prayers." WC="0.86" CC="01000360"/>
						<SP ID="P151_SP00196" HPOS="274" VPOS="870" WIDTH="37"/>
						<String ID="P151_ST00220" HPOS="311" VPOS="840" WIDTH="40" HEIGHT="22" CONTENT="All" WC="0.89" CC="003"/>
						<SP ID="P151_SP00197" HPOS="351" VPOS="870" WIDTH="11"/>
						<String ID="P151_ST00221" HPOS="362" VPOS="840" WIDTH="68" HEIGHT="23" CONTENT="other" WC="0.82" CC="04200"/>
						<SP ID="P151_SP00198" HPOS="430" VPOS="870" WIDTH="9"/>
						<String ID="P151_ST00222" HPOS="439" VPOS="840" WIDTH="82" HEIGHT="23" CONTENT="offices" WC="0.66" CC="0933006"/>
						<SP ID="P151_SP00199" HPOS="521" VPOS="870" WIDTH="12"/>
						<String ID="P151_ST00223" HPOS="533" VPOS="847" WIDTH="40" HEIGHT="16" CONTENT="are" WC="0.68" CC="360"/>
						<SP ID="P151_SP00200" HPOS="573" VPOS="870" WIDTH="14"/>
						<String ID="P151_ST00224" HPOS="587" VPOS="839" WIDTH="133" HEIGHT="30" CONTENT="performed" WC="0.84" CC="006500020"/>
						<SP ID="P151_SP00201" HPOS="720" VPOS="870" WIDTH="13"/>
						<String ID="P151_ST00225" HPOS="733" VPOS="843" WIDTH="24" HEIGHT="19" CONTENT="at" WC="0.91" CC="10"/>
						<SP ID="P151_SP00202" HPOS="757" VPOS="870" WIDTH="14"/>
						<String ID="P151_ST00226" HPOS="771" VPOS="839" WIDTH="152" HEIGHT="23" CONTENT="Aberdaron." WC="0.81" CC="0705001040"/>
					</TextLine>
					<TextLine ID="P151_TL00024" HPOS="89" VPOS="872" WIDTH="835" HEIGHT="32">
						<String ID="P151_ST00227" HPOS="89" VPOS="873" WIDTH="52" HEIGHT="23" CONTENT="The" WC="1.00" CC="000"/>
						<SP ID="P151_SP00203" HPOS="141" VPOS="896" WIDTH="15"/>
						<String ID="P151_ST00228" HPOS="156" VPOS="873" WIDTH="90" HEIGHT="23" CONTENT="British" WC="0.63" CC="4043146"/>
						<SP ID="P151_SP00204" HPOS="246" VPOS="896" WIDTH="14"/>
						<String ID="P151_ST00229" HPOS="260" VPOS="881" WIDTH="69" HEIGHT="15" CONTENT="name" WC="0.83" CC="6000"/>
						<SP ID="P151_SP00205" HPOS="329" VPOS="896" WIDTH="19"/>
						<String ID="P151_ST00230" HPOS="348" VPOS="873" WIDTH="28" HEIGHT="23" CONTENT="of" WC="0.84" CC="30"/>
						<SP ID="P151_SP00206" HPOS="376" VPOS="896" WIDTH="16"/>
						<String ID="P151_ST00231" HPOS="392" VPOS="874" WIDTH="39" HEIGHT="22" CONTENT="the" WC="0.57" CC="650"/>
						<SP ID="P151_SP00207" HPOS="431" VPOS="896" WIDTH="19"/>
						<String ID="P151_ST00232" HPOS="450" VPOS="873" WIDTH="75" HEIGHT="23" CONTENT="island" WC="0.87" CC="023020"/>
						<SP ID="P151_SP00208" HPOS="525" VPOS="896" WIDTH="19"/>
						<String ID="P151_ST00233" HPOS="544" VPOS="874" WIDTH="18" HEIGHT="22" CONTENT="is" WC="0.70" CC="05"/>
						<SP ID="P151_SP00209" HPOS="562" VPOS="896" WIDTH="13"/>
						<String ID="P151_ST00234" HPOS="575" VPOS="872" WIDTH="153" HEIGHT="32" CONTENT="Ynys-Enlli," WC="0.85" CC="00040022600"/>
						<SP ID="P151_SP00210" HPOS="728" VPOS="904" WIDTH="14"/>
						<String ID="P151_ST00235" HPOS="742" VPOS="880" WIDTH="28" HEIGHT="16" CONTENT="or" WC="0.70" CC="23"/>
						<SP ID="P151_SP00211" HPOS="770" VPOS="904" WIDTH="17"/>
						<String ID="P151_ST00236" HPOS="787" VPOS="873" WIDTH="41" HEIGHT="23" CONTENT="the" WC="0.79" CC="060"/>
						<SP ID="P151_SP00212" HPOS="828" VPOS="904" WIDTH="14"/>
						<String ID="P151_ST00237" HPOS="842" VPOS="873" WIDTH="82" HEIGHT="23" CONTENT="Island" WC="0.68" CC="447020"/>
					</TextLine>
					<TextLine ID="P151_TL00025" HPOS="88" VPOS="907" WIDTH="837" HEIGHT="31">
						<String ID="P151_ST00238" HPOS="88" VPOS="907" WIDTH="78" HEIGHT="23" CONTENT="ofthe" WC="0.84" CC="20220"/>
						<SP ID="P151_SP00213" HPOS="166" VPOS="930" WIDTH="14"/>
						<String ID="P151_ST00239" HPOS="180" VPOS="907" WIDTH="111" HEIGHT="27" CONTENT="Current," WC="0.81" CC="04000620"/>
						<SP ID="P151_SP00214" HPOS="291" VPOS="934" WIDTH="20"/>
						<String ID="P151_ST00240" HPOS="311" VPOS="907" WIDTH="61" HEIGHT="23" CONTENT="from" WC="0.85" CC="0500"/>
						<SP ID="P151_SP00215" HPOS="372" VPOS="934" WIDTH="18"/>
						<String ID="P151_ST00241" HPOS="390" VPOS="908" WIDTH="41" HEIGHT="22" CONTENT="the" WC="0.93" CC="010"/>
						<SP ID="P151_SP00216" HPOS="431" VPOS="934" WIDTH="19"/>
						<String ID="P151_ST00242" HPOS="450" VPOS="907" WIDTH="71" HEIGHT="23" CONTENT="fierce" WC="0.90" CC="060000"/>
						<SP ID="P151_SP00217" HPOS="521" VPOS="934" WIDTH="13"/>
						<String ID="P151_ST00243" HPOS="534" VPOS="911" WIDTH="97" HEIGHT="19" CONTENT="current" WC="0.67" CC="0055460"/>
						<SP ID="P151_SP00218" HPOS="631" VPOS="934" WIDTH="12"/>
						<String ID="P151_ST00244" HPOS="643" VPOS="907" WIDTH="78" HEIGHT="22" CONTENT="which" WC="0.80" CC="06030"/>
						<SP ID="P151_SP00219" HPOS="721" VPOS="934" WIDTH="16"/>
						<String ID="P151_ST00245" HPOS="737" VPOS="914" WIDTH="67" HEIGHT="24" CONTENT="rages" WC="0.61" CC="44063"/>
						<SP ID="P151_SP00220" HPOS="804" VPOS="938" WIDTH="13"/>
						<String ID="P151_ST00246" HPOS="817" VPOS="908" WIDTH="108" HEIGHT="28" CONTENT="particu" SUBS_TYPE="HypPart1" SUBS_CONTENT="particularly" WC="0.68" CC="06570024"/>
						<HYP CONTENT="-"/>
					</TextLine>
					<TextLine ID="P151_TL00026" HPOS="88" VPOS="940" WIDTH="837" HEIGHT="31">
						<String ID="P151_ST00247" HPOS="88" VPOS="941" WIDTH="59" HEIGHT="30" CONTENT="larly" SUBS_TYPE="HypPart2" SUBS_CONTENT="particularly" WC="0.71" CC="04350"/>
						<SP ID="P151_SP00221" HPOS="147" VPOS="971" WIDTH="18"/>
						<String ID="P151_ST00248" HPOS="165" VPOS="941" WIDTH="107" HEIGHT="22" CONTENT="between" WC="0.93" CC="0000004"/>
						<SP ID="P151_SP00222" HPOS="272" VPOS="971" WIDTH="20"/>
						<String ID="P151_ST00249" HPOS="292" VPOS="941" WIDTH="18" HEIGHT="22" CONTENT="it" WC="1.00" CC="00"/>
						<SP ID="P151_SP00223" HPOS="310" VPOS="971" WIDTH="17"/>
						<String ID="P151_ST00250" HPOS="327" VPOS="941" WIDTH="46" HEIGHT="22" CONTENT="and" WC="0.79" CC="230"/>
						<SP ID="P151_SP00224" HPOS="373" VPOS="971" WIDTH="20"/>
						<String ID="P151_ST00251" HPOS="393" VPOS="941" WIDTH="40" HEIGHT="22" CONTENT="the" WC="0.65" CC="630"/>
						<SP ID="P151_SP00225" HPOS="433" VPOS="971" WIDTH="17"/>
						<String ID="P151_ST00252" HPOS="450" VPOS="941" WIDTH="130" HEIGHT="22" CONTENT="mainland." WC="0.58" CC="703684700"/>
						<SP ID="P151_SP00226" HPOS="580" VPOS="971" WIDTH="36"/>
						<String ID="P151_ST00253" HPOS="616" VPOS="941" WIDTH="54" HEIGHT="22" CONTENT="The" WC="1.00" CC="000"/>
						<SP ID="P151_SP00227" HPOS="670" VPOS="971" WIDTH="19"/>
						<String ID="P151_ST00254" HPOS="689" VPOS="940" WIDTH="93" HEIGHT="23" CONTENT="Saxons" WC="0.83" CC="500400"/>
						<SP ID="P151_SP00228" HPOS="782" VPOS="971" WIDTH="19"/>
						<String ID="P151_ST00255" HPOS="801" VPOS="941" WIDTH="86" HEIGHT="22" CONTENT="named" WC="0.70" CC="50900"/>
						<SP ID="P151_SP00229" HPOS="887" VPOS="971" WIDTH="19"/>
						<String ID="P151_ST00256" HPOS="906" VPOS="941" WIDTH="19" HEIGHT="22" CONTENT="it" WC="0.58" CC="44"/>
					</TextLine>
					<TextLine ID="P151_TL00027" HPOS="89" VPOS="974" WIDTH="835" HEIGHT="31">
						<String ID="P151_ST00257" HPOS="89" VPOS="974" WIDTH="130" HEIGHT="31" CONTENT="Bardseye," WC="0.88" CC="500040000"/>
						<SP ID="P151_SP00230" HPOS="219" VPOS="1005" WIDTH="21"/>
						<String ID="P151_ST00258" HPOS="240" VPOS="974" WIDTH="117" HEIGHT="31" CONTENT="probably" WC="0.77" CC="05000570"/>
						<SP ID="P151_SP00231" HPOS="357" VPOS="1005" WIDTH="20"/>
						<String ID="P151_ST00259" HPOS="377" VPOS="974" WIDTH="60" HEIGHT="23" CONTENT="from" WC="0.68" CC="0226"/>
						<SP ID="P151_SP00232" HPOS="437" VPOS="1005" WIDTH="21"/>
						<String ID="P151_ST00260" HPOS="458" VPOS="974" WIDTH="40" HEIGHT="23" CONTENT="the" WC="0.77" CC="060"/>
						<SP ID="P151_SP00233" HPOS="498" VPOS="1005" WIDTH="19"/>
						<String ID="P151_ST00261" HPOS="517" VPOS="974" WIDTH="82" HEIGHT="28" CONTENT="Bards," WC="0.71" CC="306070"/>
						<SP ID="P151_SP00234" HPOS="599" VPOS="1005" WIDTH="21"/>
						<String ID="P151_ST00262" HPOS="620" VPOS="974" WIDTH="51" HEIGHT="23" CONTENT="who" WC="0.80" CC="060"/>
						<SP ID="P151_SP00235" HPOS="671" VPOS="1005" WIDTH="19"/>
						<String ID="P151_ST00263" HPOS="690" VPOS="974" WIDTH="87" HEIGHT="22" CONTENT="retired" WC="0.75" CC="0700550"/>
						<SP ID="P151_SP00236" HPOS="777" VPOS="1005" WIDTH="16"/>
						<String ID="P151_ST00264" HPOS="793" VPOS="974" WIDTH="63" HEIGHT="27" CONTENT="here," WC="0.89" CC="50000"/>
						<SP ID="P151_SP00237" HPOS="856" VPOS="1005" WIDTH="14"/>
						<String ID="P151_ST00265" HPOS="870" VPOS="982" WIDTH="54" HEIGHT="23" CONTENT="pre" SUBS_TYPE="HypPart1" SUBS_CONTENT="preferring" WC="0.94" CC="0100"/>
						<HYP CONTENT="-"/>
					</TextLine>
					<TextLine ID="P151_TL00028" HPOS="89" VPOS="1007" WIDTH="782" HEIGHT="33">
						<String ID="P151_ST00266" HPOS="89" VPOS="1007" WIDTH="91" HEIGHT="32" CONTENT="ferring" SUBS_TYPE="HypPart2" SUBS_CONTENT="preferring" WC="0.73" CC="0560060"/>
						<SP ID="P151_SP00238" HPOS="180" VPOS="1039" WIDTH="12"/>
						<String ID="P151_ST00267" HPOS="192" VPOS="1008" WIDTH="103" HEIGHT="23" CONTENT="solitude" WC="0.87" CC="63000000"/>
						<SP ID="P151_SP00239" HPOS="295" VPOS="1039" WIDTH="13"/>
						<String ID="P151_ST00268" HPOS="308" VPOS="1013" WIDTH="24" HEIGHT="18" CONTENT="to" WC="1.00" CC="00"/>
						<SP ID="P151_SP00240" HPOS="332" VPOS="1039" WIDTH="14"/>
						<String ID="P151_ST00269" HPOS="346" VPOS="1009" WIDTH="39" HEIGHT="22" CONTENT="the" WC="0.87" CC="300"/>
						<SP ID="P151_SP00241" HPOS="385" VPOS="1039" WIDTH="15"/>
						<String ID="P151_ST00270" HPOS="400" VPOS="1016" WIDTH="117" HEIGHT="23" CONTENT="company" WC="0.91" CC="3000020"/>
						<SP ID="P151_SP00242" HPOS="517" VPOS="1039" WIDTH="16"/>
						<String ID="P151_ST00271" HPOS="533" VPOS="1008" WIDTH="26" HEIGHT="23" CONTENT="of" WC="0.77" CC="40"/>
						<SP ID="P151_SP00243" HPOS="559" VPOS="1039" WIDTH="10"/>
						<String ID="P151_ST00272" HPOS="569" VPOS="1008" WIDTH="115" HEIGHT="31" CONTENT="invading" WC="0.66" CC="02700627"/>
						<SP ID="P151_SP00244" HPOS="684" VPOS="1039" WIDTH="13"/>
						<String ID="P151_ST00273" HPOS="697" VPOS="1007" WIDTH="174" HEIGHT="33" CONTENT='foreigners."*' WC="0.76" CC="5430006026002"/>
					</TextLine>
					<TextLine ID="P151_TL00029" HPOS="138" VPOS="1041" WIDTH="787" HEIGHT="33">
						<String ID="P151_ST00274" HPOS="138" VPOS="1041" WIDTH="158" HEIGHT="28" CONTENT="Llancarvan," WC="0.90" CC="10200000070"/>
						<SP ID="P151_SP00245" HPOS="296" VPOS="1069" WIDTH="22"/>
						<String ID="P151_ST00275" HPOS="318" VPOS="1042" WIDTH="22" HEIGHT="23" CONTENT="in" WC="0.68" CC="23"/>
						<SP ID="P151_SP00246" HPOS="340" VPOS="1069" WIDTH="27"/>
						<String ID="P151_ST00276" HPOS="367" VPOS="1042" WIDTH="221" HEIGHT="32" CONTENT="Glamorganshire," WC="0.88" CC="000005020300050"/>
						<SP ID="P151_SP00247" HPOS="588" VPOS="1074" WIDTH="23"/>
						<String ID="P151_ST00277" HPOS="611" VPOS="1042" WIDTH="19" HEIGHT="22" CONTENT="is" WC="0.99" CC="00"/>
						<SP ID="P151_SP00248" HPOS="630" VPOS="1074" WIDTH="20"/>
						<String ID="P151_ST00278" HPOS="650" VPOS="1042" WIDTH="137" HEIGHT="23" CONTENT="sometimes" WC="0.76" CC="007050204"/>
						<SP ID="P151_SP00249" HPOS="787" VPOS="1074" WIDTH="22"/>
						<String ID="P151_ST00279" HPOS="809" VPOS="1042" WIDTH="77" HEIGHT="23" CONTENT="called" WC="0.86" CC="400040"/>
						<SP ID="P151_SP00250" HPOS="886" VPOS="1074" WIDTH="24"/>
						<String ID="P151_ST00280" HPOS="910" VPOS="1050" WIDTH="15" HEIGHT="15" CONTENT="a" WC="1.00" CC="0"/>
					</TextLine>
					<TextLine ID="P151_TL00030" HPOS="89" VPOS="1076" WIDTH="836" HEIGHT="31">
						<String ID="P151_ST00281" HPOS="89" VPOS="1076" WIDTH="98" HEIGHT="31" CONTENT="college," WC="0.80" CC="40604000"/>
						<SP ID="P151_SP00251" HPOS="187" VPOS="1107" WIDTH="14"/>
						<String ID="P151_ST00282" HPOS="201" VPOS="1077" WIDTH="136" HEIGHT="22" CONTENT="sometimes" WC="0.68" CC="620020914"/>
						<SP ID="P151_SP00252" HPOS="337" VPOS="1107" WIDTH="13"/>
						<String ID="P151_ST00283" HPOS="350" VPOS="1085" WIDTH="13" HEIGHT="14" CONTENT="a" WC="1.00" CC="0"/>
						<SP ID="P151_SP00253" HPOS="363" VPOS="1107" WIDTH="13"/>
						<String ID="P151_ST00284" HPOS="376" VPOS="1079" WIDTH="151" HEIGHT="28" CONTENT="monastery:" WC="0.77" CC="0260670000"/>
						<SP ID="P151_SP00254" HPOS="527" VPOS="1107" WIDTH="19"/>
						<String ID="P151_ST00285" HPOS="546" VPOS="1085" WIDTH="26" HEIGHT="14" CONTENT="as" WC="0.83" CC="30"/>
						<SP ID="P151_SP00255" HPOS="572" VPOS="1107" WIDTH="16"/>
						<String ID="P151_ST00286" HPOS="588" VPOS="1076" WIDTH="127" HEIGHT="23" CONTENT="education" WC="0.87" CC="000200016"/>
						<SP ID="P151_SP00256" HPOS="715" VPOS="1107" WIDTH="14"/>
						<String ID="P151_ST00287" HPOS="729" VPOS="1084" WIDTH="48" HEIGHT="15" CONTENT="was" WC="0.79" CC="006"/>
						<SP ID="P151_SP00257" HPOS="777" VPOS="1107" WIDTH="19"/>
						<String ID="P151_ST00288" HPOS="796" VPOS="1084" WIDTH="14" HEIGHT="15" CONTENT="a" WC="1.00" CC="0"/>
						<SP ID="P151_SP00258" HPOS="810" VPOS="1107" WIDTH="17"/>
						<String ID="P151_ST00289" HPOS="827" VPOS="1076" WIDTH="98" HEIGHT="31" CONTENT="leading" WC="0.51" CC="6009539"/>
					</TextLine>
					<TextLine ID="P151_TL00031" HPOS="88" VPOS="1109" WIDTH="837" HEIGHT="31">
						<String ID="P151_ST00290" HPOS="88" VPOS="1109" WIDTH="90" HEIGHT="24" CONTENT="branch" WC="0.83" CC="100070"/>
						<SP ID="P151_SP00259" HPOS="178" VPOS="1133" WIDTH="18"/>
						<String ID="P151_ST00291" HPOS="196" VPOS="1110" WIDTH="28" HEIGHT="23" CONTENT="of" WC="0.79" CC="40"/>
						<SP ID="P151_SP00260" HPOS="224" VPOS="1133" WIDTH="9"/>
						<String ID="P151_ST00292" HPOS="233" VPOS="1110" WIDTH="60" HEIGHT="30" CONTENT="duty" WC="0.83" CC="0060"/>
						<SP ID="P151_SP00261" HPOS="293" VPOS="1140" WIDTH="14"/>
						<String ID="P151_ST00293" HPOS="307" VPOS="1111" WIDTH="22" HEIGHT="22" CONTENT="in" WC="0.85" CC="01"/>
						<SP ID="P151_SP00262" HPOS="329" VPOS="1140" WIDTH="16"/>
						<String ID="P151_ST00294" HPOS="345" VPOS="1111" WIDTH="39" HEIGHT="22" CONTENT="the" WC="0.60" CC="560"/>
						<SP ID="P151_SP00263" HPOS="384" VPOS="1140" WIDTH="13"/>
						<String ID="P151_ST00295" HPOS="397" VPOS="1111" WIDTH="83" HEIGHT="23" CONTENT="Welsh" WC="0.63" CC="07550"/>
						<SP ID="P151_SP00264" HPOS="480" VPOS="1140" WIDTH="20"/>
						<String ID="P151_ST00296" HPOS="500" VPOS="1110" WIDTH="163" HEIGHT="28" CONTENT="monasteries," WC="0.74" CC="136060163000"/>
						<SP ID="P151_SP00265" HPOS="663" VPOS="1140" WIDTH="14"/>
						<String ID="P151_ST00297" HPOS="677" VPOS="1110" WIDTH="77" HEIGHT="23" CONTENT="either" WC="0.81" CC="000603"/>
						<SP ID="P151_SP00266" HPOS="754" VPOS="1140" WIDTH="12"/>
						<String ID="P151_ST00298" HPOS="766" VPOS="1115" WIDTH="60" HEIGHT="18" CONTENT="term" WC="0.84" CC="6000"/>
						<SP ID="P151_SP00267" HPOS="826" VPOS="1140" WIDTH="20"/>
						<String ID="P151_ST00299" HPOS="846" VPOS="1110" WIDTH="18" HEIGHT="23" CONTENT="is" WC="0.35" CC="66"/>
						<SP ID="P151_SP00268" HPOS="864" VPOS="1140" WIDTH="19"/>
						<String ID="P151_ST00300" HPOS="883" VPOS="1118" WIDTH="42" HEIGHT="22" CONTENT="ap" SUBS_TYPE="HypPart1" SUBS_CONTENT="applicable." WC="0.95" CC="001"/>
						<HYP CONTENT="-"/>
					</TextLine>
					<TextLine ID="P151_TL00032" HPOS="89" VPOS="1143" WIDTH="836" HEIGHT="30">
						<String ID="P151_ST00301" HPOS="89" VPOS="1143" WIDTH="109" HEIGHT="30" CONTENT="plicable." SUBS_TYPE="HypPart2" SUBS_CONTENT="applicable." WC="0.79" CC="057042000"/>
						<SP ID="P151_SP00269" HPOS="198" VPOS="1173" WIDTH="36"/>
						<String ID="P151_ST00302" HPOS="234" VPOS="1144" WIDTH="59" HEIGHT="23" CONTENT="This" WC="0.80" CC="0502"/>
						<SP ID="P151_SP00270" HPOS="293" VPOS="1173" WIDTH="19"/>
						<String ID="P151_ST00303" HPOS="312" VPOS="1144" WIDTH="92" HEIGHT="24" CONTENT="famous" WC="0.78" CC="500007"/>
						<SP ID="P151_SP00271" HPOS="404" VPOS="1173" WIDTH="21"/>
						<String ID="P151_ST00304" HPOS="425" VPOS="1145" WIDTH="134" HEIGHT="22" CONTENT="institution" WC="0.75" CC="14476400000"/>
						<SP ID="P151_SP00272" HPOS="559" VPOS="1173" WIDTH="18"/>
						<String ID="P151_ST00305" HPOS="577" VPOS="1152" WIDTH="47" HEIGHT="15" CONTENT="was" WC="0.71" CC="025"/>
						<SP ID="P151_SP00273" HPOS="624" VPOS="1173" WIDTH="22"/>
						<String ID="P151_ST00306" HPOS="646" VPOS="1144" WIDTH="103" HEIGHT="23" CONTENT="founded" WC="0.84" CC="0253000"/>
						<SP ID="P151_SP00274" HPOS="749" VPOS="1173" WIDTH="21"/>
						<String ID="P151_ST00307" HPOS="770" VPOS="1145" WIDTH="23" HEIGHT="21" CONTENT="in" WC="0.36" CC="65"/>
						<SP ID="P151_SP00275" HPOS="793" VPOS="1173" WIDTH="20"/>
						<String ID="P151_ST00308" HPOS="813" VPOS="1144" WIDTH="40" HEIGHT="23" CONTENT="the" WC="0.71" CC="260"/>
						<SP ID="P151_SP00276" HPOS="853" VPOS="1173" WIDTH="17"/>
						<String ID="P151_ST00309" HPOS="870" VPOS="1143" WIDTH="55" HEIGHT="23" CONTENT="fifth" WC="0.94" CC="00100"/>
					</TextLine>
					<TextLine ID="P151_TL00033" HPOS="89" VPOS="1176" WIDTH="839" HEIGHT="33">
						<String ID="P151_ST00310" HPOS="89" VPOS="1181" WIDTH="109" HEIGHT="26" CONTENT="century," WC="0.86" CC="00501200"/>
						<SP ID="P151_SP00277" HPOS="198" VPOS="1207" WIDTH="14"/>
						<String ID="P151_ST00311" HPOS="212" VPOS="1178" WIDTH="32" HEIGHT="30" CONTENT="by" WC="1.00" CC="00"/>
						<SP ID="P151_SP00278" HPOS="244" VPOS="1208" WIDTH="15"/>
						<String ID="P151_ST00312" HPOS="259" VPOS="1177" WIDTH="96" HEIGHT="31" CONTENT="Meurig" WC="0.70" CC="804400"/>
						<SP ID="P151_SP00279" HPOS="355" VPOS="1208" WIDTH="13"/>
						<String ID="P151_ST00313" HPOS="368" VPOS="1186" WIDTH="30" HEIGHT="23" CONTENT="ap" WC="0.79" CC="40"/>
						<SP ID="P151_SP00280" HPOS="398" VPOS="1209" WIDTH="19"/>
						<String ID="P151_ST00314" HPOS="417" VPOS="1178" WIDTH="122" HEIGHT="31" CONTENT="Tewdrig." WC="0.75" CC="00990000"/>
						<SP ID="P151_SP00281" HPOS="539" VPOS="1209" WIDTH="38"/>
						<String ID="P151_ST00315" HPOS="577" VPOS="1177" WIDTH="138" HEIGHT="29" CONTENT="Dubritius," WC="0.64" CC="7461053042"/>
						<SP ID="P151_SP00282" HPOS="715" VPOS="1209" WIDTH="21"/>
						<String ID="P151_ST00316" HPOS="736" VPOS="1178" WIDTH="145" HEIGHT="29" CONTENT="archbishop" WC="0.61" CC="0436037670"/>
						<SP ID="P151_SP00283" HPOS="881" VPOS="1209" WIDTH="20"/>
						<String ID="P151_ST00317" HPOS="901" VPOS="1176" WIDTH="27" HEIGHT="23" CONTENT="of" WC="0.59" CC="08"/>
					</TextLine>
					<TextLine ID="P151_TL00034" HPOS="90" VPOS="1211" WIDTH="836" HEIGHT="29">
						<String ID="P151_ST00318" HPOS="90" VPOS="1211" WIDTH="123" HEIGHT="28" CONTENT="Caerleon," WC="0.87" CC="000041040"/>
						<SP ID="P151_SP00284" HPOS="213" VPOS="1239" WIDTH="14"/>
						<String ID="P151_ST00319" HPOS="227" VPOS="1219" WIDTH="47" HEIGHT="15" CONTENT="was" WC="0.66" CC="036"/>
						<SP ID="P151_SP00285" HPOS="274" VPOS="1239" WIDTH="19"/>
						<String ID="P151_ST00320" HPOS="293" VPOS="1212" WIDTH="29" HEIGHT="22" CONTENT="its" WC="0.78" CC="006"/>
						<SP ID="P151_SP00286" HPOS="322" VPOS="1239" WIDTH="18"/>
						<String ID="P151_ST00321" HPOS="340" VPOS="1212" WIDTH="53" HEIGHT="22" CONTENT="first" WC="0.68" CC="00265"/>
						<SP ID="P151_SP00287" HPOS="393" VPOS="1239" WIDTH="17"/>
						<String ID="P151_ST00322" HPOS="410" VPOS="1212" WIDTH="69" HEIGHT="27" CONTENT="head," WC="1.00" CC="00000"/>
						<SP ID="P151_SP00288" HPOS="479" VPOS="1239" WIDTH="21"/>
						<String ID="P151_ST00323" HPOS="500" VPOS="1216" WIDTH="24" HEIGHT="18" CONTENT="to" WC="1.00" CC="00"/>
						<SP ID="P151_SP00289" HPOS="524" VPOS="1239" WIDTH="15"/>
						<String ID="P151_ST00324" HPOS="539" VPOS="1212" WIDTH="78" HEIGHT="22" CONTENT="whom" WC="0.74" CC="0640"/>
						<SP ID="P151_SP00290" HPOS="617" VPOS="1239" WIDTH="14"/>
						<String ID="P151_ST00325" HPOS="631" VPOS="1212" WIDTH="135" HEIGHT="22" CONTENT="succeeded" WC="0.78" CC="250307000"/>
						<SP ID="P151_SP00291" HPOS="766" VPOS="1239" WIDTH="15"/>
						<String ID="P151_ST00326" HPOS="781" VPOS="1211" WIDTH="103" HEIGHT="29" CONTENT="Cattwg," WC="0.53" CC="0053984"/>
						<SP ID="P151_SP00292" HPOS="884" VPOS="1240" WIDTH="14"/>
						<String ID="P151_ST00327" HPOS="898" VPOS="1217" WIDTH="28" HEIGHT="16" CONTENT="or" WC="0.45" CC="46"/>
					</TextLine>
					<TextLine ID="P151_TL00035" HPOS="90" VPOS="1243" WIDTH="837" HEIGHT="33">
						<String ID="P151_ST00328" HPOS="90" VPOS="1245" WIDTH="81" HEIGHT="23" CONTENT="Cadoc" WC="1.00" CC="00000"/>
						<SP ID="P151_SP00293" HPOS="171" VPOS="1268" WIDTH="11"/>
						<String ID="P151_ST00329" HPOS="182" VPOS="1248" WIDTH="26" HEIGHT="23" CONTENT=":t" WC="0.59" CC="08"/>
						<SP ID="P151_SP00294" HPOS="208" VPOS="1271" WIDTH="20"/>
						<String ID="P151_ST00330" HPOS="228" VPOS="1245" WIDTH="29" HEIGHT="22" CONTENT="he" WC="0.28" CC="77"/>
						<SP ID="P151_SP00295" HPOS="257" VPOS="1271" WIDTH="14"/>
						<String ID="P151_ST00331" HPOS="271" VPOS="1254" WIDTH="47" HEIGHT="14" CONTENT="was" WC="0.16" CC="968"/>
						<SP ID="P151_SP00296" HPOS="318" VPOS="1271" WIDTH="18"/>
						<String ID="P151_ST00332" HPOS="336" VPOS="1246" WIDTH="40" HEIGHT="23" CONTENT="the" WC="0.88" CC="030"/>
						<SP ID="P151_SP00297" HPOS="376" VPOS="1271" WIDTH="19"/>
						<String ID="P151_ST00333" HPOS="395" VPOS="1254" WIDTH="43" HEIGHT="14" CONTENT="son" WC="0.74" CC="205"/>
						<SP ID="P151_SP00298" HPOS="438" VPOS="1271" WIDTH="19"/>
						<String ID="P151_ST00334" HPOS="457" VPOS="1245" WIDTH="48" HEIGHT="23" CONTENT="ofa" WC="0.94" CC="010"/>
						<SP ID="P151_SP00299" HPOS="505" VPOS="1271" WIDTH="13"/>
						<String ID="P151_ST00335" HPOS="518" VPOS="1245" WIDTH="83" HEIGHT="31" CONTENT="prince" WC="0.87" CC="020400"/>
						<SP ID="P151_SP00300" HPOS="601" VPOS="1276" WIDTH="14"/>
						<String ID="P151_ST00336" HPOS="615" VPOS="1245" WIDTH="26" HEIGHT="22" CONTENT="of" WC="0.70" CC="60"/>
						<SP ID="P151_SP00301" HPOS="641" VPOS="1276" WIDTH="11"/>
						<String ID="P151_ST00337" HPOS="652" VPOS="1244" WIDTH="77" HEIGHT="23" CONTENT="South" WC="0.94" CC="20000"/>
						<SP ID="P151_SP00302" HPOS="729" VPOS="1276" WIDTH="14"/>
						<String ID="P151_ST00338" HPOS="743" VPOS="1243" WIDTH="89" HEIGHT="27" CONTENT="Wales," WC="0.71" CC="051702"/>
						<SP ID="P151_SP00303" HPOS="832" VPOS="1276" WIDTH="15"/>
						<String ID="P151_ST00339" HPOS="847" VPOS="1244" WIDTH="46" HEIGHT="22" CONTENT="and" WC="0.87" CC="300"/>
						<SP ID="P151_SP00304" HPOS="893" VPOS="1276" WIDTH="20"/>
						<String ID="P151_ST00340" HPOS="913" VPOS="1251" WIDTH="14" HEIGHT="15" CONTENT="a" WC="0.55" CC="4"/>
					</TextLine>
					<TextLine ID="P151_TL00036" HPOS="88" VPOS="1276" WIDTH="840" HEIGHT="34">
						<String ID="P151_ST00341" HPOS="88" VPOS="1287" WIDTH="57" HEIGHT="23" CONTENT="very" WC="0.84" CC="0060"/>
						<SP ID="P151_SP00305" HPOS="145" VPOS="1310" WIDTH="11"/>
						<String ID="P151_ST00342" HPOS="156" VPOS="1279" WIDTH="172" HEIGHT="31" CONTENT="distinguished" WC="0.88" CC="4030000006000"/>
						<SP ID="P151_SP00306" HPOS="328" VPOS="1310" WIDTH="13"/>
						<String ID="P151_ST00343" HPOS="341" VPOS="1279" WIDTH="96" HEIGHT="23" CONTENT="scholar" WC="0.67" CC="0070643"/>
						<SP ID="P151_SP00307" HPOS="437" VPOS="1310" WIDTH="9"/>
						<String ID="P151_ST00344" HPOS="446" VPOS="1280" WIDTH="47" HEIGHT="22" CONTENT="and" WC="0.75" CC="070"/>
						<SP ID="P151_SP00308" HPOS="493" VPOS="1310" WIDTH="15"/>
						<String ID="P151_ST00345" HPOS="508" VPOS="1278" WIDTH="64" HEIGHT="23" CONTENT="Bard" WC="1.00" CC="0000"/>
						<SP ID="P151_SP00309" HPOS="572" VPOS="1310" WIDTH="11"/>
						<String ID="P151_ST00346" HPOS="583" VPOS="1287" WIDTH="5" HEIGHT="14" CONTENT=":" WC="1.00" CC="0"/>
						<SP ID="P151_SP00310" HPOS="588" VPOS="1310" WIDTH="20"/>
						<String ID="P151_ST00347" HPOS="608" VPOS="1278" WIDTH="29" HEIGHT="22" CONTENT="he" WC="1.00" CC="00"/>
						<SP ID="P151_SP00311" HPOS="637" VPOS="1310" WIDTH="11"/>
						<String ID="P151_ST00348" HPOS="648" VPOS="1281" WIDTH="73" HEIGHT="19" CONTENT="wrote" WC="0.84" CC="70000"/>
						<SP ID="P151_SP00312" HPOS="721" VPOS="1310" WIDTH="14"/>
						<String ID="P151_ST00349" HPOS="735" VPOS="1278" WIDTH="24" HEIGHT="21" CONTENT="in" WC="0.45" CC="55"/>
						<SP ID="P151_SP00313" HPOS="759" VPOS="1310" WIDTH="15"/>
						<String ID="P151_ST00350" HPOS="774" VPOS="1277" WIDTH="40" HEIGHT="22" CONTENT="the" WC="0.58" CC="660"/>
						<SP ID="P151_SP00314" HPOS="814" VPOS="1310" WIDTH="13"/>
						<String ID="P151_ST00351" HPOS="827" VPOS="1277" WIDTH="62" HEIGHT="29" CONTENT="style" WC="0.47" CC="65930"/>
						<SP ID="P151_SP00315" HPOS="889" VPOS="1310" WIDTH="13"/>
						<String ID="P151_ST00352" HPOS="902" VPOS="1276" WIDTH="26" HEIGHT="23" CONTENT="of" WC="0.82" CC="30"/>
					</TextLine>
					<TextLine ID="P151_TL00037" HPOS="89" VPOS="1310" WIDTH="838" HEIGHT="33">
						<String ID="P151_ST00353" HPOS="89" VPOS="1313" WIDTH="39" HEIGHT="22" CONTENT="the" WC="0.72" CC="340"/>
						<SP ID="P151_SP00316" HPOS="128" VPOS="1335" WIDTH="15"/>
						<String ID="P151_ST00354" HPOS="143" VPOS="1312" WIDTH="68" HEIGHT="24" CONTENT="Book" WC="1.00" CC="0000"/>
						<SP ID="P151_SP00317" HPOS="211" VPOS="1336" WIDTH="13"/>
						<String ID="P151_ST00355" HPOS="224" VPOS="1312" WIDTH="27" HEIGHT="24" CONTENT="of" WC="0.78" CC="40"/>
						<SP ID="P151_SP00318" HPOS="251" VPOS="1336" WIDTH="6"/>
						<String ID="P151_ST00356" HPOS="257" VPOS="1313" WIDTH="127" HEIGHT="27" CONTENT="Proverbs," WC="0.72" CC="731001090"/>
						<SP ID="P151_SP00319" HPOS="384" VPOS="1340" WIDTH="13"/>
						<String ID="P151_ST00357" HPOS="397" VPOS="1313" WIDTH="48" HEIGHT="23" CONTENT="and" WC="0.79" CC="060"/>
						<SP ID="P151_SP00320" HPOS="445" VPOS="1340" WIDTH="13"/>
						<String ID="P151_ST00358" HPOS="458" VPOS="1321" WIDTH="72" HEIGHT="22" CONTENT="many" WC="0.61" CC="0078"/>
						<SP ID="P151_SP00321" HPOS="530" VPOS="1343" WIDTH="14"/>
						<String ID="P151_ST00359" HPOS="544" VPOS="1311" WIDTH="28" HEIGHT="23" CONTENT="of" WC="0.79" CC="40"/>
						<SP ID="P151_SP00322" HPOS="572" VPOS="1343" WIDTH="11"/>
						<String ID="P151_ST00360" HPOS="583" VPOS="1312" WIDTH="36" HEIGHT="22" CONTENT="his" WC="0.55" CC="606"/>
						<SP ID="P151_SP00323" HPOS="619" VPOS="1343" WIDTH="13"/>
						<String ID="P151_ST00361" HPOS="632" VPOS="1311" WIDTH="102" HEIGHT="22" CONTENT="maxims" WC="0.54" CC="940650"/>
						<SP ID="P151_SP00324" HPOS="734" VPOS="1343" WIDTH="14"/>
						<String ID="P151_ST00362" HPOS="748" VPOS="1311" WIDTH="45" HEIGHT="22" CONTENT="and" WC="0.80" CC="060"/>
						<SP ID="P151_SP00325" HPOS="793" VPOS="1343" WIDTH="11"/>
						<String ID="P151_ST00363" HPOS="804" VPOS="1310" WIDTH="55" HEIGHT="22" CONTENT="wise" WC="0.69" CC="0570"/>
						<SP ID="P151_SP00326" HPOS="859" VPOS="1343" WIDTH="13"/>
						<String ID="P151_ST00364" HPOS="872" VPOS="1317" WIDTH="55" HEIGHT="22" CONTENT="say" SUBS_TYPE="HypPart1" SUBS_CONTENT="sayings" WC="0.52" CC="7901"/>
						<HYP CONTENT="-"/>
					</TextLine>
					<TextLine ID="P151_TL00038" HPOS="88" VPOS="1343" WIDTH="838" HEIGHT="34">
						<String ID="P151_ST00365" HPOS="88" VPOS="1346" WIDTH="53" HEIGHT="31" CONTENT="ings" SUBS_TYPE="HypPart2" SUBS_CONTENT="sayings" WC="0.71" CC="5005"/>
						<SP ID="P151_SP00327" HPOS="141" VPOS="1377" WIDTH="12"/>
						<String ID="P151_ST00366" HPOS="153" VPOS="1347" WIDTH="102" HEIGHT="23" CONTENT="survive." WC="0.86" CC="60004000"/>
						<SP ID="P151_SP00328" HPOS="255" VPOS="1377" WIDTH="36"/>
						<String ID="P151_ST00367" HPOS="291" VPOS="1346" WIDTH="106" HEIGHT="24" CONTENT="Taliesin" WC="0.96" CC="00100000"/>
						<SP ID="P151_SP00329" HPOS="397" VPOS="1377" WIDTH="15"/>
						<String ID="P151_ST00368" HPOS="412" VPOS="1355" WIDTH="47" HEIGHT="14" CONTENT="was" WC="1.00" CC="000"/>
						<SP ID="P151_SP00330" HPOS="459" VPOS="1377" WIDTH="13"/>
						<String ID="P151_ST00369" HPOS="472" VPOS="1355" WIDTH="14" HEIGHT="14" CONTENT="a" WC="1.00" CC="0"/>
						<SP ID="P151_SP00331" HPOS="486" VPOS="1377" WIDTH="12"/>
						<String ID="P151_ST00370" HPOS="498" VPOS="1345" WIDTH="69" HEIGHT="32" CONTENT="pupil" WC="0.74" CC="05070"/>
						<SP ID="P151_SP00332" HPOS="567" VPOS="1377" WIDTH="12"/>
						<String ID="P151_ST00371" HPOS="579" VPOS="1344" WIDTH="29" HEIGHT="23" CONTENT="of" WC="0.64" CC="42"/>
						<SP ID="P151_SP00333" HPOS="608" VPOS="1377" WIDTH="10"/>
						<String ID="P151_ST00372" HPOS="618" VPOS="1344" WIDTH="98" HEIGHT="30" CONTENT="Cattwg" WC="0.90" CC="000500"/>
						<SP ID="P151_SP00334" HPOS="716" VPOS="1377" WIDTH="14"/>
						<String ID="P151_ST00373" HPOS="730" VPOS="1348" WIDTH="24" HEIGHT="18" CONTENT="at" WC="1.00" CC="00"/>
						<SP ID="P151_SP00335" HPOS="754" VPOS="1377" WIDTH="12"/>
						<String ID="P151_ST00374" HPOS="766" VPOS="1343" WIDTH="160" HEIGHT="27" CONTENT="Llancarvan," WC="0.79" CC="40540020060"/>
					</TextLine>
					<TextLine ID="P151_TL00039" HPOS="89" VPOS="1376" WIDTH="838" HEIGHT="36">
						<String ID="P151_ST00375" HPOS="89" VPOS="1381" WIDTH="45" HEIGHT="22" CONTENT="and" WC="0.74" CC="160"/>
						<SP ID="P151_SP00336" HPOS="134" VPOS="1403" WIDTH="21"/>
						<String ID="P151_ST00376" HPOS="155" VPOS="1388" WIDTH="30" HEIGHT="15" CONTENT="on" WC="0.96" CC="00"/>
						<SP ID="P151_SP00337" HPOS="185" VPOS="1403" WIDTH="22"/>
						<String ID="P151_ST00377" HPOS="207" VPOS="1381" WIDTH="96" HEIGHT="31" CONTENT="leaving" WC="0.75" CC="7200340"/>
						<SP ID="P151_SP00338" HPOS="303" VPOS="1412" WIDTH="21"/>
						<String ID="P151_ST00378" HPOS="324" VPOS="1381" WIDTH="93" HEIGHT="30" CONTENT="college" WC="0.91" CC="2000040"/>
						<SP ID="P151_SP00339" HPOS="417" VPOS="1412" WIDTH="24"/>
						<String ID="P151_ST00379" HPOS="441" VPOS="1379" WIDTH="112" HEIGHT="24" CONTENT="received" WC="0.84" CC="50007000"/>
						<SP ID="P151_SP00340" HPOS="553" VPOS="1412" WIDTH="25"/>
						<String ID="P151_ST00380" HPOS="578" VPOS="1378" WIDTH="62" HEIGHT="22" CONTENT="from" WC="0.70" CC="0046"/>
						<SP ID="P151_SP00341" HPOS="640" VPOS="1412" WIDTH="26"/>
						<String ID="P151_ST00381" HPOS="666" VPOS="1377" WIDTH="35" HEIGHT="22" CONTENT="his" WC="0.80" CC="401"/>
						<SP ID="P151_SP00342" HPOS="701" VPOS="1412" WIDTH="20"/>
						<String ID="P151_ST00382" HPOS="721" VPOS="1376" WIDTH="128" HEIGHT="23" CONTENT="venerable" WC="0.95" CC="000000400"/>
						<SP ID="P151_SP00343" HPOS="849" VPOS="1412" WIDTH="25"/>
						<String ID="P151_ST00383" HPOS="874" VPOS="1384" WIDTH="53" HEIGHT="22" CONTENT="pre" SUBS_TYPE="HypPart1" SUBS_CONTENT="preceptor" WC="0.83" CC="0402"/>
						<HYP CONTENT="-"/>
					</TextLine>
					<TextLine ID="P151_TL00040" HPOS="89" VPOS="1410" WIDTH="839" HEIGHT="34">
						<String ID="P151_ST00384" HPOS="89" VPOS="1417" WIDTH="82" HEIGHT="27" CONTENT="ceptor" SUBS_TYPE="HypPart2" SUBS_CONTENT="preceptor" WC="0.92" CC="010020"/>
						<SP ID="P151_SP00344" HPOS="171" VPOS="1444" WIDTH="13"/>
						<String ID="P151_ST00385" HPOS="184" VPOS="1415" WIDTH="39" HEIGHT="22" CONTENT="the" WC="0.77" CC="600"/>
						<SP ID="P151_SP00345" HPOS="223" VPOS="1444" WIDTH="19"/>
						<String ID="P151_ST00386" HPOS="242" VPOS="1415" WIDTH="123" HEIGHT="29" CONTENT="following" WC="0.88" CC="601000020"/>
						<SP ID="P151_SP00346" HPOS="365" VPOS="1444" WIDTH="13"/>
						<String ID="P151_ST00387" HPOS="378" VPOS="1413" WIDTH="111" HEIGHT="23" CONTENT="valuable" WC="0.82" CC="94000000"/>
						<SP ID="P151_SP00347" HPOS="489" VPOS="1444" WIDTH="14"/>
						<String ID="P151_ST00388" HPOS="503" VPOS="1412" WIDTH="92" HEIGHT="26" CONTENT="advice," WC="0.85" CC="3007000"/>
						<SP ID="P151_SP00348" HPOS="595" VPOS="1444" WIDTH="15"/>
						<String ID="P151_ST00389" HPOS="610" VPOS="1410" WIDTH="77" HEIGHT="23" CONTENT="which" WC="0.72" CC="06006"/>
						<SP ID="P151_SP00349" HPOS="687" VPOS="1444" WIDTH="16"/>
						<String ID="P151_ST00390" HPOS="703" VPOS="1410" WIDTH="46" HEIGHT="22" CONTENT="will" WC="0.89" CC="0003"/>
						<SP ID="P151_SP00350" HPOS="749" VPOS="1444" WIDTH="14"/>
						<String ID="P151_ST00391" HPOS="763" VPOS="1410" WIDTH="55" HEIGHT="30" CONTENT="give" WC="0.67" CC="4620"/>
						<SP ID="P151_SP00351" HPOS="818" VPOS="1444" WIDTH="13"/>
						<String ID="P151_ST00392" HPOS="831" VPOS="1417" WIDTH="29" HEIGHT="15" CONTENT="an" WC="0.79" CC="04"/>
						<SP ID="P151_SP00352" HPOS="860" VPOS="1444" WIDTH="14"/>
						<String ID="P151_ST00393" HPOS="874" VPOS="1410" WIDTH="54" HEIGHT="23" CONTENT="idea" WC="0.70" CC="7040"/>
					</TextLine>
					<TextLine ID="P151_TL00041" HPOS="88" VPOS="1443" WIDTH="840" HEIGHT="35">
						<String ID="P151_ST00394" HPOS="88" VPOS="1448" WIDTH="64" HEIGHT="23" CONTENT="what" WC="0.83" CC="0600"/>
						<SP ID="P151_SP00353" HPOS="152" VPOS="1471" WIDTH="20"/>
						<String ID="P151_ST00395" HPOS="172" VPOS="1448" WIDTH="96" HEIGHT="30" CONTENT="Cattwg" WC="0.95" CC="003000"/>
						<String ID="P151_ST00396" HPOS="271" VPOS="1448" WIDTH="17" HEIGHT="23" CONTENT="'s" WC="0.68" CC="06"/>
						<SP ID="P151_SP00354" HPOS="288" VPOS="1478" WIDTH="16"/>
						<String ID="P151_ST00397" HPOS="304" VPOS="1448" WIDTH="104" HEIGHT="23" CONTENT="lectures" WC="0.93" CC="00000005"/>
						<SP ID="P151_SP00355" HPOS="408" VPOS="1478" WIDTH="18"/>
						<String ID="P151_ST00398" HPOS="426" VPOS="1453" WIDTH="63" HEIGHT="16" CONTENT="were" WC="0.98" CC="0000"/>
						<SP ID="P151_SP00356" HPOS="489" VPOS="1478" WIDTH="21"/>
						<String ID="P151_ST00399" HPOS="510" VPOS="1444" WIDTH="63" HEIGHT="23" CONTENT="like:" WC="0.66" CC="66004"/>
						<SP ID="P151_SP00357" HPOS="573" VPOS="1478" WIDTH="6"/>
						<String ID="P151_ST00400" HPOS="579" VPOS="1459" WIDTH="35" HEIGHT="3" CONTENT="—" WC="0.20" CC="8"/>
						<SP ID="P151_SP00358" HPOS="614" VPOS="1478" WIDTH="6"/>
						<String ID="P151_ST00401" HPOS="620" VPOS="1444" WIDTH="81" HEIGHT="22" CONTENT='"The' WC="0.98" CC="0000"/>
						<SP ID="P151_SP00359" HPOS="701" VPOS="1478" WIDTH="20"/>
						<String ID="P151_ST00402" HPOS="721" VPOS="1443" WIDTH="110" HEIGHT="23" CONTENT="counsels" WC="0.70" CC="00565007"/>
						<SP ID="P151_SP00360" HPOS="831" VPOS="1478" WIDTH="17"/>
						<String ID="P151_ST00403" HPOS="848" VPOS="1443" WIDTH="80" HEIGHT="23" CONTENT="which" WC="0.54" CC="05655"/>
					</TextLine>
				</TextBlock>
				<TextBlock ID="P151_TB00004" HPOS="567" VPOS="1512" WIDTH="333" HEIGHT="25" STYLEREFS="TXT_1 PAR_RIGHT">
					<TextLine ID="P151_TL00042" HPOS="567" VPOS="1512" WIDTH="333" HEIGHT="25">
						<String ID="P151_ST00404" HPOS="567" VPOS="1515" WIDTH="15" HEIGHT="22" CONTENT="f" WC="0.15" CC="8"/>
						<SP ID="P151_SP00361" HPOS="582" VPOS="1537" WIDTH="13"/>
						<String ID="P151_ST00405" HPOS="595" VPOS="1513" WIDTH="121" HEIGHT="19" CONTENT="Williams's" WC="0.58" CC="0560524636"/>
						<SP ID="P151_SP00362" HPOS="716" VPOS="1537" WIDTH="11"/>
						<String ID="P151_ST00406" HPOS="727" VPOS="1512" WIDTH="83" HEIGHT="25" CONTENT="Cymry," WC="0.82" CC="005202"/>
						<SP ID="P151_SP00363" HPOS="810" VPOS="1537" WIDTH="10"/>
						<String ID="P151_ST00407" HPOS="820" VPOS="1520" WIDTH="22" HEIGHT="17" CONTENT="p." WC="1.00" CC="00"/>
						<SP ID="P151_SP00364" HPOS="842" VPOS="1537" WIDTH="11"/>
						<String ID="P151_ST00408" HPOS="853" VPOS="1514" WIDTH="47" HEIGHT="19" CONTENT="219." WC="0.84" CC="0600"/>
					</TextLine>
				</TextBlock>
				<TextBlock ID="P151_TB00005" HPOS="115" VPOS="1516" WIDTH="328" HEIGHT="26" STYLEREFS="TXT_1 PAR_LEFT">
					<TextLine ID="P151_TL00043" HPOS="115" VPOS="1516" WIDTH="328" HEIGHT="26">
						<String ID="P151_ST00409" HPOS="115" VPOS="1519" WIDTH="13" HEIGHT="13" CONTENT="*" WC="0.69" CC="3"/>
						<SP ID="P151_SP00365" HPOS="128" VPOS="1532" WIDTH="14"/>
						<String ID="P151_ST00410" HPOS="142" VPOS="1519" WIDTH="62" HEIGHT="23" CONTENT="Tour," WC="0.55" CC="60771"/>
						<SP ID="P151_SP00366" HPOS="204" VPOS="1542" WIDTH="10"/>
						<String ID="P151_ST00411" HPOS="214" VPOS="1519" WIDTH="41" HEIGHT="19" CONTENT="vol." WC="0.62" CC="9050"/>
						<SP ID="P151_SP00367" HPOS="255" VPOS="1542" WIDTH="9"/>
						<String ID="P151_ST00412" HPOS="264" VPOS="1519" WIDTH="20" HEIGHT="19" CONTENT="ii." WC="0.60" CC="650"/>
						<SP ID="P151_SP00368" HPOS="284" VPOS="1542" WIDTH="11"/>
						<String ID="P151_ST00413" HPOS="295" VPOS="1524" WIDTH="35" HEIGHT="18" CONTENT="pp." WC="0.49" CC="590"/>
						<SP ID="P151_SP00369" HPOS="330" VPOS="1542" WIDTH="12"/>
						<String ID="P151_ST00414" HPOS="342" VPOS="1516" WIDTH="101" HEIGHT="21" CONTENT="380-383." WC="0.93" CC="00001210"/>
					</TextLine>
				</TextBlock>
			</PrintSpace>
		</Page>
	</Layout>
</alto>
