1023 1619
360 102 131 15 GIRALDUS
506 102 175 15 CAMBRENSIS.

891 95 47 23 155

97 163 24 19 to
135 158 68 32 King
215 158 115 27 Richard,
343 159 62 26 who,
415 160 76 31 dying
504 159 84 24 before
599 161 19 22 it
628 168 47 15 was
685 160 96 29 settled,
792 161 40 23 the
841 161 100 31 chapter

96 193 128 31 presented
237 196 26 20 to
276 192 68 32 King
357 193 65 24 John
436 193 83 23 letters
535 194 224 31 recommendatory
773 195 23 22 in
812 194 85 24 favour
915 195 27 23 of

97 226 129 28 Giraldus;
247 228 43 22 but
303 227 40 23 the
356 226 121 24 influence
495 227 27 23 of
531 228 41 23 the
585 228 159 30 Archbishop
752 228 28 23 of
787 229 154 31 Canterbury

96 261 130 30 prevailed,
249 262 47 22 and
320 261 41 23 the
386 261 145 30 application
555 269 47 15 was
626 261 178 24 unsuccessful.
841 262 100 32 Shortly

96 294 61 24 after
177 296 47 22 this
244 295 115 23 Giraldus
378 296 113 22 revisited
517 295 35 23 St.
578 295 110 26 David's,
733 296 79 22 where
837 296 30 22 he
892 304 48 15 was

97 329 113 22 received
232 329 56 22 with
308 329 40 22 the
367 332 105 27 greatest
485 329 45 31 joy
548 329 59 22 both
627 329 31 31 by
672 329 40 22 the
732 329 82 32 clergy
834 330 46 22 and
900 330 40 22 the

98 362 94 31 people.
230 362 23 23 A
267 362 158 23 convocation
440 371 46 14 was
499 363 70 30 again
588 362 56 23 held
657 362 38 23 for
707 363 40 22 the
761 363 101 23 election
883 363 28 23 of
926 372 14 14 a

97 396 94 30 bishop,
205 396 49 23 and
271 397 42 22 the
326 401 66 17 votes
407 404 61 14 were
481 397 145 22 unanimous
643 397 23 21 in
681 396 86 23 favour
779 397 27 22 of
816 397 123 27 Giraldus,

98 429 53 23 who
166 439 47 13 was
226 430 119 31 earnestly
359 430 128 31 requested
501 434 24 19 to
544 438 31 23 go
593 430 163 31 immediately
770 434 25 19 to
814 431 40 22 the
870 434 70 19 court

97 463 29 23 of
137 463 86 28 Rome,
237 464 47 22 and
300 464 66 22 there
382 468 25 19 to
425 467 75 20 assert
518 464 40 22 the
578 465 75 29 rights
672 463 28 24 of
710 465 40 22 the
768 465 171 29 metropolitan

97 505 40 15 see
150 497 27 24 of
188 498 33 23 St.
241 497 110 28 David's,
366 498 48 22 and
434 501 24 19 to
476 505 102 23 procure
596 505 14 15 a
629 498 144 23 ratification
793 498 28 23 of
837 498 36 23 his
885 506 54 15 own

149 565 117 23 Giraldus
286 568 62 20 went
370 568 24 20 to
415 565 79 23 Rome
514 566 158 30 accordingly
684 575 5 16 ;
708 565 40 23 the
769 573 72 15 cause
861 566 77 22 lasted

97 599 47 22 five
158 607 76 23 years,
248 599 47 22 and
309 602 52 19 cost
374 599 40 22 the
428 599 161 30 bishop-elect
602 599 66 23 three
682 599 117 31 journeys
812 603 25 18 to
852 599 87 23 Rome.

98 634 35 21 At
147 632 44 23 last
204 633 18 22 it
235 641 47 14 was
296 632 101 23 decided
416 633 94 30 against
524 632 116 24 Giraldus
658 641 31 14 on
708 633 58 22 both
786 633 93 30 points;
899 633 40 22 the

97 666 102 23 election
214 666 76 23 ofthe
309 667 100 30 chapter
423 674 46 14 was
488 666 113 23 declared
621 666 48 23 null
688 667 47 22 and
755 667 65 26 void,
834 667 45 22 and
900 667 39 22 the

93 700 155 32 jurisdiction
271 700 28 23 of
317 700 41 22 the
385 700 156 30 Archbishop
566 699 27 23 of
616 700 154 31 Canterbury
795 700 143 23 confirmed.

97 734 54 23 The
168 734 56 23 fatal
243 735 44 22 bar
305 738 25 18 to
348 734 41 22 the
409 733 240 31 acknowledgement
668 734 28 22 of
710 734 41 22 the
771 734 168 30 metropolitan

98 768 83 23 claims
197 768 26 22 of
240 770 36 21 St.
295 767 103 23 David's
414 775 47 14 was
480 767 40 23 the
540 768 103 22 absence
663 767 27 23 of
706 776 13 14 a
731 767 56 31 pall.
824 767 116 23 Giraldus

98 802 147 23 maintained
265 802 52 22 that
337 800 156 31 Archbishop
514 800 127 31 Sampson,
655 801 75 22 about
750 801 56 27 920,
820 801 75 30 flying
916 805 23 19 to

99 835 64 24 Dole
177 835 61 23 from
252 842 14 16 a
278 835 138 30 pestilence,
431 834 94 23 carried
544 835 19 22 it
580 842 66 22 away
661 835 57 22 with
733 834 56 22 him.
826 834 49 23 But
893 835 46 22 this

99 870 106 22 removal
219 869 26 23 of
254 870 40 21 the
307 868 47 30 pall
369 868 18 22 is
400 871 43 19 not
455 867 88 30 clearly
558 868 68 23 made
635 872 50 24 out,
698 868 47 22 and
760 869 39 22 the
812 872 128 20 statement

99 903 67 22 itself
180 903 75 27 reads,
273 902 47 23 like
340 902 40 22 the
398 901 171 30 reproduction
588 901 26 23 of
627 909 14 15 a
657 906 66 26 story
736 902 133 23 connected
883 903 56 22 with

99 937 102 22 another
221 936 127 29 Sampson,
363 935 85 29 bishop
468 935 27 23 of
512 935 62 23 Dole
594 936 23 21 in
636 935 41 23 the
695 936 62 22 sixth
772 940 110 25 century.
919 936 21 22 It

99 971 72 22 could
191 975 41 17 not
253 970 29 22 be
301 969 182 23 authenticated
502 969 52 22 that
572 976 14 15 a
603 969 48 29 pall
670 969 46 22 had
734 969 59 22 been
807 974 53 17 sent
878 969 61 22 from

99 1004 79 23 Rome
195 1008 24 19 to
234 1003 123 27 Menevia,
376 1010 28 14 or
422 1006 25 18 to
465 1010 47 23 any
532 1002 86 30 bishop
637 1002 22 22 in
680 1002 102 28 Britain,
801 1002 81 22 before
899 1003 40 23 the

98 1039 96 22 mission
209 1037 27 23 of
247 1037 147 31 Augustine.
431 1036 54 22 The
503 1036 104 22 absence
620 1036 76 22 ofthe
709 1036 48 30 pall
772 1044 52 23 may
839 1036 28 22 be
883 1036 57 23 fatal

97 1076 24 19 to
135 1073 40 22 the
189 1072 84 23 claims
292 1070 27 22 of
332 1069 123 27 Menevia,
469 1078 64 22 upon
550 1069 95 23 Roman
658 1070 137 30 principles,
809 1078 25 14 as
847 1070 93 31 against

96 1113 14 16 a
124 1106 95 23 Roman
235 1104 113 25 Catholic
367 1103 106 23 Primate
492 1103 27 23 of
536 1103 119 31 England,
670 1104 42 22 but
725 1104 58 22 does
797 1107 41 19 not
856 1104 23 21 in
900 1104 40 23 the

96 1140 60 23 least
169 1139 124 31 prejudice
307 1138 68 23 those
388 1137 83 23 claims
484 1145 25 15 as
528 1138 94 30 against
634 1145 13 15 a
664 1137 137 23 Protestant
825 1137 114 23 Primate.

97 1174 52 23 The
171 1174 50 22 fact
239 1180 94 23 proves,
347 1175 42 19 not
402 1172 51 22 that
468 1170 35 24 St.
518 1170 100 23 David's
635 1171 19 22 is
668 1179 30 15 no
712 1174 53 20 true
778 1171 47 22 and
840 1171 99 30 rightful

95 1207 183 31 archbishopric
292 1211 24 18 at
329 1206 38 26 all,
382 1206 43 21 but
442 1205 53 22 that
513 1205 41 22 she
571 1205 18 22 is
602 1213 14 14 a
629 1208 52 19 true
696 1205 46 22 and
756 1204 99 30 rightful
871 1205 68 23 arch-

95 1242 131 30 bishopric,
249 1240 49 23 and
316 1240 53 22 that
387 1239 165 29 independent
570 1238 27 23 of
613 1239 40 22 the
674 1238 76 29 Pope,
768 1239 46 21 and
834 1239 28 22 de
872 1239 67 30 jure,

95 1276 103 30 though,
207 1273 144 31 unhappily,
360 1277 43 18 not
411 1272 104 32 defacto,
526 1272 163 30 independent
696 1271 28 24 of
730 1273 41 21 the
783 1272 156 30 Archbishop

95 1309 28 23 of
135 1309 154 30 Canterbury
303 1307 58 22 also.

148 1343 53 22 The
220 1342 102 23 election
342 1340 111 31 question
474 1339 28 22 of
518 1339 40 22 the
572 1339 100 31 chapter
685 1338 27 23 of
729 1338 36 23 St.
778 1338 101 23 David's
893 1347 46 14 was

94 1377 42 23 the
160 1380 68 27 great
253 1374 95 31 subject
373 1372 28 24 of
417 1373 40 22 the
483 1372 48 30 day
556 1372 51 23 into
631 1372 79 22 which
736 1372 82 22 Welsh
843 1372 96 31 politics

95 1418 63 16 were
180 1409 129 24 absorbed.
353 1407 55 23 The
430 1407 99 22 Princes
551 1406 58 23 both
635 1405 27 23 of
684 1405 78 23 North
786 1405 48 23 and
861 1406 78 23 South

95 1444 83 23 Wales
190 1442 155 30 strenuously
358 1440 133 31 supported
509 1440 39 23 the
564 1440 108 30 chapter.
703 1439 53 23 The
769 1444 94 23 matter,
878 1439 61 24 after

94 1487 15 15 a
121 1478 64 31 good
204 1477 54 23 deal
271 1476 27 23 of
309 1476 106 29 bribery,
430 1474 148 31 corruption,
592 1473 47 23 and
658 1474 97 30 ratting,
769 1473 77 23 ended
861 1474 22 22 in
897 1474 42 23 the

94 1513 178 31 appointment,
295 1510 56 22 with
377 1506 135 26 Giraldus's
536 1515 170 20 concurrence,
735 1507 28 23 of
783 1507 100 33 Geoffry
907 1508 31 24 de
