1023 1619
104 116 33 23 98

381 123 56 15 THE
451 122 89 16 WELSH
555 121 117 17 CHURCH.

106 182 86 30 bishop
206 189 48 15 was
267 184 96 28 present
375 184 26 21 at
412 190 49 22 any
474 180 27 25 of
512 181 40 23 the
566 179 108 26 councils
687 179 57 24 held
756 187 31 15 on
801 179 41 23 the
855 179 94 33 subject

107 216 29 21 of
147 216 132 21 Ariauism.

159 249 54 23 The
225 252 69 27 great
307 251 70 21 event
390 248 29 24 of
429 249 39 23 the
481 248 55 24 fifth
551 252 110 27 century,
676 247 24 24 in
714 247 80 23 which
811 247 40 23 the
865 246 84 25 Welsh

107 283 101 23 Church
222 290 47 16 was
286 283 85 30 deeply
385 283 138 27 interested,
537 291 47 15 was
598 283 41 23 the
653 281 114 31 Pelagian
783 284 167 29 controversy.

107 317 53 22 The
178 317 112 31 opinions
308 317 28 22 of
351 311 112 36 Pelagius
481 317 31 22 do
531 320 45 19 not
592 323 90 24 appear
700 319 25 19 to
744 315 61 23 have
818 315 70 23 made
900 323 49 24 any

105 354 70 28 great
192 351 44 22 stir
253 350 24 22 in
296 350 40 23 the
348 350 83 22 Welsh
450 350 100 23 Church
569 350 84 23 before
670 349 63 23 their
745 349 89 22 author
850 348 43 24 left
912 350 37 22 his

107 388 111 28 country,
232 384 24 23 in
269 384 58 22 400.
363 383 23 23 It
398 391 48 15 was
458 383 88 23 known
566 383 53 23 that
637 383 40 22 the
694 385 138 28 monastery
845 382 28 23 of
884 383 65 22 Ban-

105 418 143 31 gor-Iscoed
259 417 129 23 contained
398 425 15 15 a
425 417 151 32 remarkably
590 417 80 23 clever
684 415 82 29 monk,
777 416 53 22 who
840 416 109 23 lectured

106 452 143 30 admirably,
263 451 56 27 and,
332 450 28 24 of
370 459 93 19 course,
478 451 47 23 had
542 459 15 15 a
575 449 113 25 crowded
700 449 119 23 audience
829 459 5 17 ;
856 449 44 23 but
913 450 36 22 his

105 486 109 30 peculiar
226 487 73 22 views
318 493 62 15 were
398 489 44 26 put
457 484 105 24 forward
580 493 26 14 so
625 482 143 32 cautiously,
783 483 48 23 and
846 491 60 15 were
922 492 27 15 so

106 520 73 23 much
193 521 23 21 in
231 520 117 30 harmony
361 519 58 23 with
435 519 42 23 the
495 519 140 23 sentiments
652 517 28 24 of
689 517 39 23 the
745 516 98 32 leading
857 517 92 32 clergy,

105 554 54 22 that
180 554 58 29 they
258 560 61 16 were
339 557 43 19 not
402 552 75 30 likely
496 556 25 20 to
540 553 61 23 have
620 551 89 24 caused
728 551 40 23 the
784 552 122 22 sensation
924 552 24 22 in

105 587 83 23 Wales
209 587 78 22 which
307 587 57 31 they
383 587 41 22 did
443 586 137 23 elsewhere.
618 584 134 25 Neander*
770 585 68 29 gives
856 593 15 15 a
890 593 59 23 very

105 620 51 28 full,
170 621 55 27 and,
238 628 66 23 upon
318 620 40 23 the
372 620 85 27 whole,
466 628 14 14 a
490 628 59 23 very
559 620 44 22 fair
616 623 104 19 account
733 617 28 24 of
772 619 39 23 the
830 626 55 16 man
899 619 49 23 and

106 654 36 23 his
156 655 121 23 doctrines
286 664 5 17 ;
310 654 45 23 but
367 653 47 23 this
428 658 68 27 great
509 654 86 27 writer,
610 653 23 23 in
647 653 42 23 the
701 653 110 23 estimate
824 653 79 23 which
917 653 31 23 he

105 688 81 27 forms,
208 688 58 23 does
285 692 42 19 not
346 687 55 23 take
421 688 51 22 into
496 691 105 20 account
619 687 63 23 local
703 686 140 23 influences.
893 687 54 22 The

105 721 91 24 Bardic
207 721 129 31 principles
346 721 137 23 inculcated
493 721 87 31 liberty
590 720 27 23 of
625 720 47 23 will
682 720 47 23 and
740 720 75 22 moral
827 727 119 23 progress,

105 756 81 22 which
206 756 45 22 last
269 755 55 23 idea
345 755 40 23 the
403 755 88 23 author
507 754 28 24 of
550 755 40 23 the
610 754 92 31 Epistle
721 758 25 19 to
766 753 39 23 the
827 753 120 23 Hebrews

105 788 104 29 favours,
231 788 70 24 when
321 789 30 22 he
372 788 101 31 charges
490 789 41 22 the
549 788 112 31 disciples
707 791 26 19 to
750 795 32 22 go
800 795 32 14 on
852 791 23 19 to
893 795 53 22 per-

260 822 121 30 Pelagius,
399 830 35 15 we
453 830 55 22 may
527 822 102 25 remark,
643 829 47 15 was
709 829 14 15 a
740 824 68 27 great
827 825 120 27 textuary.

106 856 48 23 His
167 856 78 23 denial
258 855 28 24 of
300 855 102 31 original
419 856 44 27 sin,
477 856 115 23 assertion
606 854 28 24 of
644 855 50 23 free
706 854 55 27 will,
776 854 46 23 and
837 854 75 23 belief
923 856 23 21 in

106 890 41 23 the
159 890 171 31 perfectibility
340 889 28 23 of
377 889 42 23 the
428 889 123 24 Christian
559 888 49 27 life,
618 896 62 16 were
689 889 66 29 quite
765 888 22 22 in
797 888 150 24 accordance

108 924 56 22 with
182 924 40 22 the
242 924 65 22 ideas
325 922 27 24 of
369 923 117 23 Bardism.
523 923 55 23 Still
595 923 31 22 he
645 922 87 24 denied
749 921 40 24 the
802 921 109 24 doctrine
925 922 25 23 of

105 957 41 22 the
165 957 176 30 pre-existence
361 956 27 23 of
402 957 72 22 souls.
540 956 46 23 We
678 956 30 23 he
727 963 61 23 says,
828 956 118 23 condemn

106 990 69 23 those
195 990 52 23 who
266 999 41 22 say
322 990 52 23 that
391 990 65 22 souls
475 990 60 22 have
553 990 84 22 sinned
656 990 24 22 in
699 997 15 15 a
730 989 90 23 former
838 993 68 23 state,
921 997 27 15 or

105 1024 53 23 that
176 1024 57 31 they
253 1023 61 23 have
335 1023 64 23 lived
423 1024 24 21 in
468 1023 41 23 the
534 1023 105 23 celestial
665 1023 94 31 regions
783 1022 83 23 before
888 1023 59 30 they

105 1065 62 15 were
186 1061 53 18 sent
257 1058 51 22 into
476 1057 67 22 With
566 1057 40 22 the
626 1057 73 22 views
721 1056 77 23 which
818 1056 30 22 he
867 1060 79 19 enter-

104 1090 83 23 tained
208 1090 28 22 of
257 1090 73 23 man's
355 1094 95 23 nature,
472 1090 112 30 Pelagius
602 1089 203 31 unquestionably
823 1090 48 22 still
890 1090 57 23 held

104 1123 47 23 fast
164 1128 23 18 to
201 1123 31 23 all
246 1123 39 23 the
298 1127 76 19 tenets
387 1123 87 31 taught
487 1123 22 22 in
523 1123 41 23 the
574 1123 112 22 Western
698 1123 99 23 Church
809 1124 137 31 respecting

104 1158 40 22 the
158 1157 125 23 character
295 1157 47 23 and
355 1156 64 23 work
430 1156 26 23 of
463 1156 88 24 Christ.
590 1156 77 31 Being
679 1164 15 15 a
706 1164 54 15 man
775 1156 28 23 of
813 1164 14 15 a
840 1157 106 23 remark-

104 1191 56 31 ably
178 1191 69 23 strict
264 1191 47 22 and
330 1190 57 32 holy
406 1189 39 24 life
463 1189 102 28 himself,
586 1190 30 22 he
635 1190 87 23 beheld
742 1190 57 23 with
818 1190 65 30 grief
899 1191 47 23 and

104 1225 151 30 indignation
269 1224 40 24 the
321 1224 75 31 laxity
411 1224 24 22 in
448 1223 79 24 which
540 1223 81 23 others
634 1223 124 32 indulged,
772 1224 47 22 and
833 1224 113 31 thinking

104 1258 54 23 that
176 1259 29 22 he
225 1258 72 23 could
315 1261 65 20 trace
399 1258 19 22 it
436 1261 25 19 to
479 1258 41 22 the
539 1257 126 31 prevalent
683 1258 96 23 notions
792 1266 31 14 on
837 1258 40 23 the
892 1266 53 15 cor-

104 1293 98 29 ruption
215 1291 28 23 of
253 1292 89 22 human
356 1294 85 20 nature
459 1291 47 23 and
522 1291 40 23 the
579 1291 101 31 efficacy
694 1291 26 23 of
729 1292 41 22 the
783 1291 163 29 Sacraments,

104 1324 123 32 Pelagius,
242 1325 47 23 like
308 1333 72 23 many
399 1325 96 23 zealous
513 1325 47 22 and
579 1325 63 30 good
662 1333 62 19 men,
743 1333 48 16 was
810 1326 92 23 carried
921 1329 25 20 to

104 1359 41 23 the
165 1360 110 29 opposite
294 1362 114 20 extreme.
457 1358 39 23 He
520 1358 119 31 regarded
690 1359 40 23 the
755 1360 140 29 corruption
921 1359 29 23 of

103 1392 89 23 human
207 1395 85 20 nature
325 1400 26 15 as
363 1399 30 16 an
407 1395 204 27 encouragement
623 1395 25 20 to
662 1393 76 22 moral
750 1393 134 27 indolence,
899 1393 47 23 and

104 1432 25 16 as
149 1433 31 15 an
202 1433 89 16 excuse
312 1426 110 30 supplied
444 1429 24 20 to
490 1426 41 23 the
552 1426 76 23 hands
647 1426 28 23 of
691 1426 92 23 vicious
805 1434 62 15 men.
905 1426 40 23 On

105 1458 12 23 1
133 1458 57 24 Cor.
203 1466 22 16 x.
241 1460 21 27 1,
276 1460 30 22 he
318 1467 62 23 says,
419 1460 52 22 that
484 1467 31 15 no
532 1467 46 15 one
596 1460 79 30 might
690 1468 27 15 so
734 1460 50 30 rely
798 1468 30 15 on
843 1460 40 23 the
896 1460 51 24 fact

416 1532 47 20 Vol.
475 1532 27 21 iv.
512 1539 36 18 pp.
561 1532 99 20 313-344.
