1023 1619
115 96 33 22 50

473 105 124 16 BARDISM.

116 169 56 15 sons
185 160 58 24 took
255 160 42 24 the
310 161 56 24 field
379 162 57 24 with
453 162 57 28 him,
523 161 29 24 of
561 162 79 23 whom
653 162 19 22 it
685 161 18 22 is
720 159 106 32 thought
842 159 56 31 only
913 166 48 15 one

117 195 119 27 survived,
250 195 41 23 the
307 195 117 24 deliverer
437 195 28 23 of
476 196 127 23 Aneurim.
639 195 30 23 In
687 194 41 24 the
742 193 116 25 Gododin
873 200 87 16 occurs

117 229 48 23 this
178 236 108 23 passage,
296 229 97 30 applied
404 232 26 20 to
443 229 128 31 Llywarch
582 238 5 14 :
589 244 35 3 —
648 227 148 31 Grievously
808 226 82 24 would
903 226 11 24 I
929 227 31 22 be

117 262 105 24 afflicted
231 262 46 29 for,
285 262 80 32 fondly
374 263 80 23 would
468 263 10 23 I
490 263 102 27 cherish,
604 263 41 23 the
657 262 133 23 illustrious
802 261 100 30 solitary
913 268 47 15 one

117 297 48 22 and
184 297 40 22 the
241 304 54 15 men
312 296 27 23 of
509 296 73 23 From
596 296 40 23 the
653 296 55 23 ruin
727 295 47 23 and
787 295 133 23 desolation
934 293 29 24 of

117 330 38 23 his
172 333 110 28 country,
297 330 129 32 Llywarch
444 330 48 22 fled
512 333 25 20 to
551 330 89 26 Wales,
658 330 48 22 and
719 329 77 23 found
814 336 30 15 an
864 328 97 30 asylum

117 363 78 23 under
213 364 41 23 the
275 364 135 31 hospitable
426 363 57 23 roof
499 363 28 23 of
543 363 154 31 Cynddylan,
717 363 85 29 prince
823 361 27 23 of
865 362 95 30 Powys,

118 397 54 23 who
189 397 58 32 kept
264 397 36 23 his
319 401 70 20 court
406 401 25 19 at
444 396 135 31 Pengweru
593 394 199 33 (Shrewsbury),
806 395 41 23 the
864 395 98 23 ancient

118 431 87 31 capital
227 431 27 23 of
267 431 41 23 the
327 432 96 30 princes
442 429 27 24 of
486 430 95 31 Powys.
623 429 55 23 The
697 429 131 22 ill-starred
846 428 116 23 chieftain

118 465 57 30 only
189 465 142 31 exchanged
349 473 47 15 one
414 472 72 15 scene
504 463 27 23 of
547 463 114 32 calamity
675 462 38 23 for
730 463 110 22 another.
877 462 85 32 Cynd-

118 499 72 30 dylan
211 506 47 16 was
279 498 138 31 struggling
437 496 37 24 for
493 497 38 23 his
552 505 80 15 crown
655 496 47 24 and
724 495 43 24 life
788 496 58 23 with
867 495 95 32 foreign

118 534 112 26 enemies,
244 533 41 23 the
297 532 135 31 Loegrians
443 541 5 18 ;
468 530 129 32 Llywarch
614 531 77 23 raised
708 530 37 23 his
757 530 94 23 banner
868 529 36 23 for
920 530 42 23 the

119 566 101 23 defence
233 566 27 23 of
270 567 35 22 his
318 568 136 29 protector;
474 565 37 23 his
528 565 125 30 surviving
669 573 56 14 sons
741 564 88 31 fought
840 564 78 22 under
935 564 27 23 it.

120 599 52 23 The
191 603 72 20 event
275 607 48 15 was
341 600 108 22 adverse.
487 599 48 23 His
553 599 108 23 children
680 598 49 23 and
741 598 37 23 his
791 597 78 24 friend
883 597 40 23 fell
937 598 25 22 in

119 633 92 28 battle;
229 633 47 23 and
293 633 128 31 Llywarch
440 633 76 23 found
536 632 97 24 himself
641 640 15 16 a
672 632 119 23 bereaved
809 635 87 27 parent
913 632 49 23 and

120 667 118 22 homeless
251 667 130 22 wanderer.
418 667 47 22 His
484 674 70 23 poem
575 674 30 15 on
625 667 40 22 the
685 666 72 23 death
775 666 28 23 of
815 665 147 32 Cynddylan

122 708 80 15 comes
222 700 61 22 from
302 700 41 23 the
361 700 68 23 heart
439 708 5 14 :
448 714 33 2 —
506 700 53 23 The
581 700 48 22 hall
647 700 28 23 of
686 700 147 30 Cynddylan
853 700 19 22 is
890 700 73 22 silent

122 734 115 31 to-night,
256 733 62 23 after
336 733 90 31 having
443 733 47 23 lost
508 734 29 22 its
556 733 62 23 lord.
655 733 76 24 Great
748 733 56 24 God
823 733 28 23 of
861 741 81 23 mercy
954 733 7 22 1

123 767 65 22 what
200 766 60 23 shall
272 766 12 23 I
299 767 49 22 do?
380 766 53 23 The
446 767 48 22 hall
507 766 26 24 of
544 767 154 31 Cynddylan,
709 767 54 22 how
774 766 97 32 gloomy
884 774 79 15 seems

123 801 31 22 its
172 799 55 24 roof
237 801 65 22 since
318 800 41 22 the
376 799 134 31 Loegrians
531 801 61 22 have
610 801 129 31 destroyed
756 800 145 32 Cynddylan
915 801 48 22 and

125 834 78 23 Elvan
223 833 28 23 of
268 833 86 32 Powys
424 829 77 27 Urien
514 833 111 32 Rheged,
638 835 54 21 who
705 834 159 23 commanded
882 838 24 18 at
922 834 42 23 the

123 868 77 23 battle
213 868 26 22 of
249 867 135 26 Cattraeth,
403 867 48 23 and
470 866 77 23 found
567 876 30 14 an
614 867 94 31 asylum
725 868 24 22 in
763 867 92 28 Wales,
868 867 55 23 died
940 868 24 22 in

123 910 67 15 some
208 902 90 23 border
315 900 106 24 conflict.
459 900 55 23 The
531 904 64 27 poet,
609 901 25 22 in
651 901 36 22 his
704 900 70 32 elegy
788 909 30 14 on
834 900 83 28 Urien,
929 900 37 24 la-

124 939 79 20 ments
214 936 40 23 the
265 934 133 24 desolation
408 943 5 14 :
415 948 33 3 —
475 934 60 23 This
545 934 92 27 hearth,
647 934 47 23 will
704 935 19 22 it
733 937 42 20 not
784 935 31 22 be
824 942 143 23 overgrown

125 970 57 23 with
202 970 87 22 nettles
299 969 11 23 ?
349 968 89 24 Whilst
455 968 31 23 its
503 971 124 28 protector
640 976 46 15 was
704 972 42 27 yet
763 968 70 27 alive,
849 976 66 16 more
933 968 34 24 fa-

124 1003 131 23 miliarised
270 1003 56 22 with
341 1003 18 22 it
371 1010 48 15 was
432 1002 40 23 the
486 1002 51 23 foot
550 1002 28 23 of
588 1003 42 22 the
642 1003 77 30 needy
914 1002 53 23 The

126 1037 76 23 bereft
212 1037 65 22 Bard
290 1037 59 22 bent
360 1037 37 22 his
411 1036 90 23 forlorn
515 1039 66 27 steps
593 1040 26 19 to
632 1037 41 22 the
686 1036 53 23 vale
752 1036 27 23 of
787 1036 99 30 Cuawg,
901 1037 66 22 iden-

123 1071 70 23 tified
215 1070 56 23 with
294 1078 15 14 a
328 1073 55 26 spot
404 1070 77 22 called
500 1070 50 22 Dol
570 1070 77 31 Giog,
666 1078 58 15 near
744 1070 177 31 Machynlleth,
942 1070 24 22 in

124 1103 251 32 Montgomeryshire.
423 1103 69 23 Here
513 1111 46 16 one
584 1104 27 22 of
627 1104 36 23 his
688 1112 83 23 poems
794 1112 48 15 was
864 1104 103 27 written,

122 1138 133 23 addressed
267 1141 25 19 to
306 1137 40 22 the
384 1136 103 24 Cuckoo
504 1136 28 24 of
542 1138 41 23 the
597 1138 53 23 vale
663 1138 28 22 of
838 1137 129 31 Llywarch

123 1171 80 24 ended
226 1172 35 22 his
287 1179 73 23 many
379 1171 48 23 and
451 1171 47 22 evil
520 1172 61 30 days
602 1175 24 20 at
642 1171 116 29 Llanvor,
779 1180 57 15 near
856 1172 66 27 Bala,
943 1172 24 23 in

125 1204 213 27 Merionethshire,
351 1208 25 19 at
388 1204 41 23 the
442 1206 101 29 reputed
557 1213 46 23 age
621 1206 29 23 of
659 1213 46 17 one
724 1206 111 23 hundred
847 1206 47 23 and
906 1205 61 31 fifty,

124 1240 22 22 in
161 1240 40 22 the
216 1239 89 23 middle
318 1237 75 25 ofthe
407 1239 101 23 seventh
522 1243 112 27 century.
661 1240 95 23 Doctor
768 1239 100 27 Davies,
882 1240 87 23 author

124 1273 27 22 of
161 1273 40 23 the
238 1272 72 23 Latin
324 1273 47 22 and
383 1272 82 23 Welsh
661 1274 53 22 who
725 1278 74 19 wrote
813 1274 22 22 in
851 1274 39 22 the
903 1274 65 31 early

123 1310 55 26 part
195 1306 27 23 of
232 1306 39 23 the
284 1307 159 22 seventeenth
462 1310 110 28 century,
586 1311 74 19 states
679 1307 52 23 that
750 1308 29 23 he
798 1307 48 23 had
864 1315 56 15 seen
939 1315 29 15 an

124 1340 142 29 inscription
281 1340 23 22 in
318 1340 41 22 the
371 1340 82 29 parish
472 1335 92 28 church
578 1340 28 22 of
614 1340 116 28 Llanvor,
743 1350 59 15 over
814 1350 15 14 a
841 1345 54 27 spot
913 1349 55 23 sup-

125 1373 74 29 posed
213 1376 24 19 to
250 1373 97 22 contain
361 1373 41 22 the
415 1373 70 22 ashes
502 1373 27 22 of
538 1374 41 22 the
594 1374 71 23 Bard.
702 1374 40 23 No
755 1376 60 23 such
829 1375 139 31 inscription

123 1406 75 23 exists
216 1413 62 17 now,
299 1413 44 16 nor
361 1406 19 23 is
399 1406 88 23 known
507 1410 26 19 to
552 1408 41 22 the
614 1408 149 24 inhabitants
785 1412 25 20 to
832 1409 61 24 have
914 1417 56 16 ever

123 1439 101 22 existed.
262 1439 51 23 But
329 1440 41 22 the
388 1440 49 22 fact
452 1440 53 22 that
523 1440 108 23 Llanvor
649 1443 112 23 received
779 1443 41 23 the
837 1443 62 30 aged
912 1443 59 31 Lly-

125 1471 99 22 warch's
238 1471 44 23 last
296 1473 84 21 breath
392 1473 19 22 is
425 1473 132 23 confirmed
569 1474 30 31 by
610 1482 15 15 a
634 1475 115 24 secluded
763 1479 55 27 spot
828 1477 23 22 in
862 1476 109 24 Llanvor

123 1503 80 23 which
212 1504 70 22 bears
293 1505 39 22 the
343 1512 78 21 name,
431 1506 84 22 Pabell
523 1506 129 31 Llywarch
662 1508 63 28 Hen,
729 1523 32 4 —
764 1509 207 30 OldLlywarch's
