1023 1619
441 115 123 15 BARDISM.

891 110 33 22 25

82 169 149 31 hospitality.
270 170 34 23 At
317 171 45 23 last
376 171 29 23 he
417 179 47 15 saw
477 172 42 23 the
532 173 60 22 door
605 180 61 23 open
680 173 28 22 of
718 181 13 15 a
748 182 69 15 mean
831 175 93 24 habita-

81 204 59 26 tion,
163 204 51 22 into
227 204 79 23 which
326 205 29 22 he
375 206 97 22 entered
484 215 5 17 ;
508 206 40 22 the
567 205 82 32 family
669 207 46 22 had
735 208 109 23 deserted
863 209 19 23 it
900 213 24 20 to

81 237 80 29 repair
177 240 25 20 to
221 238 41 22 the
279 245 71 16 scene
369 238 27 23 of
411 239 98 27 tumult,
528 239 30 22 all
578 239 45 23 but
641 248 45 14 one
706 240 85 29 infant,
812 243 53 23 who
884 242 40 31 lay

80 271 110 30 weeping
203 272 23 21 in
240 272 41 22 the
294 272 89 22 cradle.
421 272 53 23 The
492 272 68 32 royal
574 272 101 24 favorite
694 278 36 19 sat
749 276 70 23 down
838 277 32 29 by
884 277 40 23 the

79 305 52 22 side
144 304 28 23 of
183 305 46 22 this
242 305 88 27 cradle,
339 305 102 23 soothed
455 306 40 23 the
505 306 60 23 little
576 307 124 28 innocent,
710 309 47 22 and
768 317 47 15 was
825 302 99 38 grieved

79 341 26 19 at
117 338 41 22 the
172 338 105 32 thought
290 339 51 22 that
355 340 29 22 he
397 344 63 18 must
473 340 79 30 perish
566 341 23 21 in
603 341 41 22 the
656 342 97 29 general
767 343 156 23 destruction.

80 371 30 22 In
123 372 47 22 this
183 372 115 23 situation
311 373 41 23 the
365 377 110 27 stranger
487 374 85 30 passed
591 374 41 23 the
646 375 76 30 night,
736 377 46 22 and
797 377 78 22 whilst
895 377 29 22 he

80 413 48 15 was
147 406 121 31 diverting
287 407 40 22 the
347 407 71 27 child,
439 408 30 22 he
487 407 160 31 accidentally
668 409 108 30 dropped
797 410 37 22 his
852 410 71 31 glove

80 439 52 23 into
142 440 41 22 the
197 440 88 23 cradle.
321 440 54 24 The
386 444 57 20 next
457 442 111 29 morning
582 442 30 23 he
624 443 116 29 departed
755 443 82 23 before
847 444 19 22 it
876 452 47 14 was

80 473 70 31 light,
171 476 23 20 to
214 482 68 22 carry
302 474 36 23 his
358 475 151 31 melancholy
522 476 90 30 tidings
630 479 25 19 to
674 476 40 22 the
734 476 73 32 king;
826 477 30 23 he
874 477 49 23 had

82 507 45 22 but
139 507 49 30 just
199 507 43 23 left
255 508 39 23 the
308 512 63 19 town
386 509 69 22 when
471 509 29 22 he
516 509 73 22 heard
602 517 14 14 a
630 509 66 23 noise
708 510 90 23 behind
812 511 50 22 him
874 511 49 23 like

81 548 15 15 a
108 541 155 23 tremendous
276 542 53 30 peal
343 542 27 23 of
381 543 111 26 thunder,
506 543 81 22 mixed
601 543 56 22 with
671 543 85 23 dismal
769 544 94 23 shrieks
876 545 48 23 and

81 574 179 24 lamentations.
298 575 39 23 He
357 576 101 30 stopped
477 579 26 20 to
521 576 77 23 listen.
636 576 61 23 Now
712 578 17 22 it
747 578 109 22 sounded
876 578 47 23 like

82 609 41 22 the
142 608 102 32 dashing
263 609 28 22 of
304 617 78 15 waves
391 620 5 16 ;
420 610 46 22 and
486 609 120 31 presently
629 610 29 23 all
679 619 47 15 was
745 612 62 22 dead
825 612 98 23 silence.

83 641 40 23 He
134 642 71 22 could
219 646 42 19 not
271 650 39 15 see
322 643 63 22 what
398 643 47 23 had
459 644 134 30 happened,
608 651 24 15 as
645 644 18 22 it
674 653 47 14 was
734 645 48 23 still
795 646 67 26 dark,
876 646 47 23 and

82 675 29 22 he
125 675 43 22 felt
181 684 30 13 no
226 676 140 23 inclination
381 681 24 19 to
423 681 82 19 return
520 678 49 22 into
587 677 40 23 the
641 679 50 29 city
702 687 5 17 ;
726 686 26 15 so
769 679 30 22 he
818 679 106 30 pursued

82 709 36 22 his
127 708 106 32 journey
248 710 34 22 till
296 711 101 22 sunrise.
422 710 52 23 The
487 711 112 30 morning
610 719 48 14 was
670 711 63 23 cold.
759 712 40 23 He
809 713 115 22 searched

81 741 36 24 for
139 743 34 22 his
195 743 89 31 gloves,
306 744 48 22 and
373 744 95 30 finding
489 745 45 22 but
555 752 46 15 one
619 744 29 22 of
663 745 74 26 them,
753 745 31 22 he
801 746 123 29 presently

82 777 145 23 recollected
249 778 79 22 where
349 778 30 22 he
400 778 48 22 had
467 778 44 22 left
531 778 40 22 the
592 778 77 22 other.
704 778 51 22 The
775 779 82 29 gloves
877 779 47 22 had

82 810 62 23 been
158 818 14 15 a
184 814 98 27 present
294 811 61 23 from
369 812 35 21 his
417 812 134 29 sovereign.
588 810 41 23 He
642 811 149 23 determined
806 815 23 19 to
842 815 81 19 return

82 843 37 23 for
132 844 51 22 that
197 845 78 22 which
290 845 29 22 he
332 845 48 22 had
393 844 43 23 left
448 845 100 22 behind.
586 843 80 24 When
684 845 29 22 he
726 852 48 15 was
787 852 68 16 come
868 852 56 16 near

83 880 24 20 to
122 877 40 23 the
175 878 44 22 site
232 877 28 23 of
269 878 41 22 the
328 881 73 23 town,
420 878 30 22 he
464 877 117 23 observed
596 878 55 22 with
669 879 105 28 surprise
794 878 51 23 that
863 886 61 15 none

83 910 29 23 of
122 911 41 22 the
177 911 123 30 buildings
319 911 127 30 presented
466 912 145 22 themselves
623 914 25 20 to
662 912 35 22 his
710 912 68 27 view,
791 919 26 15 as
835 919 30 15 on
884 912 40 23 the

83 944 134 31 preceding
242 944 54 31 day.
343 944 39 23 He
406 945 136 29 proceeded
569 953 13 15 a
604 945 44 23 few
673 948 64 27 steps
748 955 5 18 ;
783 945 41 23 the
849 946 75 22 whole

83 978 64 30 plain
162 985 48 15 was
227 978 102 23 covered
343 979 57 22 with
414 986 13 15 a
440 978 61 23 lake.
538 978 89 23 Whilst
641 979 28 22 he
683 986 46 15 was
742 979 87 30 gazing
841 983 26 18 at
878 979 46 22 this

82 1012 72 22 novel
172 1012 46 22 and
237 1012 89 22 terrific
344 1019 80 20 scene,
443 1012 31 22 he
494 1012 125 23 remarked
639 1019 14 15 a
671 1012 60 22 little
751 1012 73 30 speck
841 1013 24 22 in
885 1013 39 22 the

82 1045 90 22 middle
185 1044 28 23 of
224 1045 41 22 the
278 1049 75 18 water
363 1055 5 17 ;
387 1045 40 22 the
442 1045 61 22 wind
522 1046 84 31 gently
620 1045 87 23 wasted
726 1045 18 23 it
762 1046 104 22 towards
884 1046 40 22 the

82 1078 65 23 bank
172 1078 80 23 where
277 1078 29 23 he
332 1078 77 23 stood.
446 1079 35 21 As
509 1079 18 22 it
551 1079 64 22 drew
640 1087 66 19 near,
729 1079 29 23 he
782 1079 142 32 recognised

82 1112 40 23 the
143 1112 113 23 identical
282 1112 80 23 cradle
383 1113 24 21 in
426 1112 78 23 wliich
527 1113 30 22 he
579 1113 47 22 had
647 1112 42 23 left
707 1113 37 22 his
763 1112 77 32 glove.
878 1112 46 24 His

77 1145 45 32 joy
141 1154 31 15 on
197 1147 141 30 recovering
357 1146 47 23 this
423 1145 87 32 pledge
536 1146 29 23 of
586 1146 66 32 royal
677 1146 93 26 favour,
796 1155 48 14 was
868 1147 56 31 only

82 1180 146 31 heightened
254 1180 32 31 by
310 1180 41 23 the
376 1188 127 15 assurance
529 1180 51 23 that
604 1180 42 23 the
664 1180 60 22 little
745 1179 81 32 object
847 1180 27 23 of
889 1180 35 23 his

83 1214 150 30 compassion
260 1214 44 22 had
326 1214 103 23 reached
453 1214 41 23 the
513 1214 71 23 shore
602 1213 63 23 alive
684 1213 47 23 and
750 1214 98 23 unhurt.
884 1214 40 23 He

82 1247 91 23 carried
194 1248 41 22 the
257 1247 77 23 infant
358 1250 25 21 to
404 1248 42 22 the
464 1248 67 30 king,
550 1248 47 22 and
616 1247 52 23 told
692 1247 37 22 his
747 1247 102 31 majesty
873 1247 51 23 that

81 1281 48 23 this
144 1288 46 15 was
209 1281 30 22 all
258 1282 30 22 he
306 1281 47 23 had
374 1282 59 22 been
451 1282 53 23 able
524 1285 24 20 to
567 1288 56 16 save
640 1284 43 20 out
697 1280 28 23 of
739 1281 51 22 that
804 1281 119 23 wretched

133 1348 53 23 The
199 1348 101 23 renewal
319 1348 28 23 of
356 1349 40 22 the
410 1348 52 23 face
475 1348 27 23 of
512 1349 41 22 the
566 1349 68 22 earth
647 1348 60 23 after
724 1348 40 22 the
781 1348 142 23 subsidence

80 1382 30 23 of
125 1382 40 22 the
184 1386 85 18 waters
288 1382 26 22 of
328 1382 40 22 the
387 1382 88 31 deluge
495 1390 47 14 was
558 1382 118 31 regarded
695 1389 25 15 as
738 1382 141 29 symbolical
900 1381 24 24 of

80 1416 54 23 that
156 1416 76 22 moral
253 1416 140 22 renovation
415 1416 45 22 and
483 1424 112 23 progress
616 1415 104 23 towards
739 1422 13 15 a
770 1415 86 31 higher
877 1416 47 23 and

80 1458 74 21 purer
166 1450 132 27 condition,
310 1450 77 23 which
398 1457 62 16 were
473 1450 41 22 the
524 1449 134 30 prevailing
671 1449 64 23 ideas
749 1448 74 24 ofthe
835 1449 88 25 Bardic

329 1521 12 13 *
358 1521 81 20 Davies'
451 1521 130 25 Mythology,
593 1528 20 18 p.
627 1521 43 21 146.

774 1557 12 15 C
