1023 1619
99 114 47 24 142

345 125 133 16 MONASTIC
494 125 197 16 INSTITUTIONS.

97 182 47 22 and
158 181 46 32 gift
217 182 23 22 in
254 182 63 23 their
329 182 117 29 faculties,
460 184 79 23 where
557 188 69 27 great
638 182 105 24 rewards
755 181 48 23 and
817 180 52 24 rich
883 177 59 33 gifts

97 222 63 15 were
180 215 132 31 appointed
329 215 38 24 for
383 217 40 23 the
442 225 159 19 overcomers,
621 219 112 28 amongst
747 215 79 22 whom
846 214 57 30 they
917 211 27 24 of

98 248 80 23 North
190 243 82 28 Wales
279 258 54 14 won
344 250 40 23 the
395 251 77 30 prize;
491 251 46 22 and
548 259 89 22 among
649 251 42 21 the
701 249 137 26 musicians,
852 245 90 31 Rhys's

98 289 54 15 own
174 282 134 23 household
331 291 53 15 men
404 292 62 15 were
485 284 106 22 counted
610 284 78 22 best.*
735 282 12 22 I
768 282 61 22 have
848 281 94 22 broken

97 315 96 23 bounds
213 324 61 15 once
292 316 97 32 already
403 320 25 20 to
446 316 80 24 follow
539 316 128 32 Llywelyn
686 316 41 23 the
745 315 77 23 Great
837 315 51 22 into
901 314 41 23 the

97 349 132 23 thirteenth
243 353 109 28 century,
366 350 47 23 and
426 353 64 20 must
503 350 30 23 do
547 358 26 14 so
587 351 79 29 again.

148 383 29 23 In
195 383 62 23 1138
272 384 46 22 this
337 383 64 31 truly
414 384 132 22 illustrious
564 384 93 30 prince,
674 382 36 23 his
727 381 66 32 body
807 381 135 31 paralysed,

98 417 37 23 his
152 417 66 23 mind
238 420 85 28 strong
340 417 47 23 and
407 418 87 27 active,
513 425 26 15 as
558 412 67 28 Lord
645 416 150 23 Paramount
814 415 28 23 of
852 415 90 27 Wales,

97 451 143 23 summoned
253 451 32 23 all
301 452 41 22 the
359 451 65 23 lords
443 451 47 23 and
504 451 87 23 barons
610 450 28 24 of
648 451 40 22 the
703 449 79 24 North
802 449 46 24 and
864 448 78 24 South

97 488 25 20 to
136 484 154 28 Ystradfflur,
306 486 78 22 where
398 485 58 23 each
475 484 28 24 of
512 485 66 23 them
591 491 76 17 swore
682 488 23 20 to
719 484 90 23 remain
824 486 53 21 true
894 483 48 23 and

97 518 95 23 faithful
212 519 114 31 subjects,
340 519 48 22 and
405 519 40 22 did
465 519 102 30 homage
586 522 25 19 to
626 518 82 23 David
727 518 37 23 his
782 520 68 23 son.f
887 517 54 24 The

97 552 148 30 possessions
263 552 28 22 of
301 552 47 23 this
367 556 138 27 monastery
518 560 64 15 were
599 560 59 23 very
676 552 72 30 large,
768 559 26 15 so
814 551 127 30 copiously

97 586 90 30 poured
202 585 40 23 the
255 590 88 19 stream
356 585 28 24 of
394 586 68 30 royal
476 587 75 30 piety.
588 585 53 23 The
654 589 88 19 estates
754 585 29 22 of
794 584 148 23 Ystradfflur

123 619 102 23 reached
247 619 137 23 two-thirds
408 619 29 22 of
451 619 41 23 the
511 627 52 23 way
583 622 26 19 to
627 618 163 32 Llandovery,
813 619 40 22 the
875 626 65 15 same

97 652 107 23 distance
224 657 24 18 to
268 652 139 32 Llancurig,
428 653 46 22 and
494 652 86 23 almost
597 652 123 23 one-third
737 652 29 23 of
782 653 39 22 the
842 660 51 22 way
914 656 25 18 to

253 686 54 23 The
329 686 84 23 monks
430 685 28 24 of
469 685 147 24 Ystradfflur
633 686 174 26 remembered,
852 685 87 32 Freely

96 728 29 23 ye
138 720 61 23 have
217 720 117 27 received,
349 719 75 31 freely
538 720 47 22 and
603 728 26 14 so
642 720 57 31 they
713 719 62 23 built
787 719 152 31 throughout

96 754 40 23 the
156 757 111 27 country,
281 754 56 22 then
357 753 104 23 covered
474 753 58 23 with
549 753 94 28 forests,
660 753 58 23 with
737 753 45 23 few
798 753 72 22 roads
889 752 48 23 and

97 787 37 23 far
148 788 118 27 between,
280 787 126 30 Yspyttys,
423 795 28 15 or
465 787 129 30 Hospices,
611 787 80 23 where
710 787 40 23 the
770 787 60 23 tired
851 795 27 14 or
894 787 42 22 be-

97 821 99 30 nighted
215 821 112 23 traveller
345 821 79 30 might
443 820 50 23 find
514 824 47 19 rest
579 821 48 22 and
644 820 160 23 refreshment
822 820 59 23 both
899 819 38 24 for

96 855 67 30 body
176 856 46 22 and
235 855 61 23 soul.
332 854 24 23 It
368 861 48 16 was
428 861 29 16 an
472 854 95 23 honour
580 858 25 19 to
619 854 112 24 Catholic
745 854 81 23 Wales
839 857 25 20 to
876 854 61 22 have

97 889 132 22 welcomed
246 889 40 22 the
301 888 145 23 Cistercians
456 896 5 15 :
487 888 57 30 they
559 895 69 20 were,
643 888 47 23 and
707 895 48 20 are,
769 895 14 15 a
795 888 93 30 simple,
902 894 34 16 se-

96 929 56 15 vere
166 922 39 30 (to
218 922 161 28 themselves),
393 922 78 30 pious,
484 922 133 22 charitable
631 929 64 15 race.

147 955 28 23 In
191 956 39 22 the
244 955 179 22 northernmost
435 958 54 28 part
507 955 29 23 of
545 955 224 27 Monmouthshire,
772 954 13 33 ยง
799 955 22 22 in
841 955 41 22 the
902 962 35 15 se-

97 989 128 31 questered
240 989 50 22 vale
306 988 28 23 of
346 988 93 32 Ewyas,
459 988 155 23 embosomed
631 989 24 22 in
675 989 40 22 the
729 988 121 23 Hatterell
865 988 73 28 Hills,

97 1026 54 26 part
169 1022 27 23 of
205 1022 40 23 the
263 1030 76 23 range
356 1022 28 23 of
393 1022 40 23 the
447 1022 75 23 Black
536 1022 151 27 Mountains,
705 1023 82 22 stands
801 1030 14 15 a
828 1022 110 32 magnifi-

97 1060 55 18 cent
164 1056 62 24 ruin,
240 1063 45 15 one
299 1056 27 22 of
335 1055 40 23 the
389 1059 62 19 most
463 1055 110 31 splendid
587 1056 27 22 of
622 1056 42 23 the
677 1056 145 23 conventual
837 1056 101 23 remains

97 1088 82 23 ofthe
198 1088 166 32 Principality,
380 1088 140 32 Llanthony
539 1089 94 31 Priory.
671 1089 117 23 Founded
805 1090 72 26 1110,
892 1090 46 23 this

97 1122 81 31 priory
199 1122 130 23 continued
349 1126 24 19 to
395 1123 52 22 that
467 1122 57 23 fatal
545 1123 78 31 epoch
646 1123 79 23 which
744 1124 130 23 witnessed
898 1124 40 23 the

97 1155 105 23 downfal
218 1155 28 23 of
256 1155 161 23 monasticism
435 1156 23 22 in
478 1155 112 32 England
610 1157 45 23 and
671 1156 91 28 Wales,
776 1158 46 22 and
841 1165 97 23 perver-

97 1189 52 23 sion
163 1189 28 23 of
200 1189 31 23 all
243 1189 69 23 those
324 1189 56 23 wise
397 1189 47 23 and
457 1198 120 22 generous
588 1191 137 29 provisions
737 1191 79 24 which
834 1199 45 16 our
893 1192 45 23 Ca-

141 1265 9 10 *
166 1262 112 25 Meyrick's
289 1262 161 25 Cardiganshire,
460 1270 21 18 p.
494 1263 32 20 97.

138 1289 14 24 t
168 1289 99 25 Gryffydh
284 1296 39 13 was
341 1290 123 25 Llywelyn's
480 1291 64 18 eldest
561 1297 44 17 son,
626 1291 39 19 but
681 1292 25 18 he
723 1292 41 19 had
780 1292 51 20 been
848 1292 22 20 in
886 1299 55 13 arms

98 1316 79 25 against
187 1316 31 19 his
229 1316 72 23 father,
314 1317 39 19 and
363 1324 39 12 was
416 1318 48 18 then
478 1318 92 18 confined
580 1319 21 17 in
611 1325 12 11 a
632 1319 91 19 fortress.
752 1320 50 18 This
812 1326 52 19 poor
872 1320 69 25 prince

97 1349 61 13 never
174 1343 66 19 tasted
256 1343 88 20 freedom
360 1350 63 14 more.
458 1344 58 25 Long
533 1345 124 25 imprisoned
671 1346 28 25 by
714 1346 34 19 the
764 1347 92 25 jealousy
872 1347 24 19 of
908 1347 33 20 the

97 1370 93 25 reigning
200 1370 111 25 sovereign,
322 1371 31 19 his
367 1377 90 20 younger
471 1371 90 25 brother,
572 1372 25 19 he
607 1379 41 12 was
663 1375 20 16 at
698 1374 71 24 length
784 1375 122 18 transferred
920 1377 21 16 to

99 1397 56 25 King
166 1397 70 25 Henry
248 1397 51 24 III.,
311 1397 45 20 who
367 1398 47 19 shut
423 1399 43 18 him
475 1405 28 19 up
513 1399 21 19 in
544 1399 35 19 the
588 1399 72 20 Tower
670 1400 23 19 of
702 1400 93 20 London.
824 1401 82 20 Thence
920 1408 21 13 as

97 1423 27 19 he
133 1430 40 12 was
187 1424 121 25 attempting
318 1427 22 16 to
350 1431 76 20 escape,
437 1425 27 26 by
473 1426 73 26 letting
561 1427 82 19 himself
651 1427 59 20 down
720 1428 52 19 from
783 1435 11 12 a
804 1429 93 23 window,
908 1429 33 19 the

97 1450 41 19 line
151 1451 62 19 broke
224 1452 57 18 when
291 1452 26 18 he
326 1458 40 13 was
381 1452 94 24 halfway
484 1453 53 19 from
552 1453 34 20 the
596 1454 86 22 bottom,
694 1455 40 19 and
748 1455 26 19 he
783 1462 41 13 was
839 1456 62 19 killed
915 1456 26 20 bv

97 1477 35 18 the
141 1477 41 18 fall.
439 1474 6 2 ~
931 1469 9 12 '

140 1504 11 24 X
168 1504 106 20 Roberts's
285 1505 147 24 Strataflorida,
443 1513 22 18 p.
478 1507 32 18 15.

141 1532 10 21 ยง
167 1530 117 27 Llanthony
294 1532 75 25 Priory,
380 1533 26 24 by
417 1533 35 18 the
462 1533 50 20 Rev.
525 1533 25 20 G.
563 1534 93 19 Roberts.
