1023 1619
90 103 47 22 138

337 110 136 16 MONASTIC
488 110 196 16 INSTITUTIONS.

90 168 97 30 Cattwg
200 175 61 23 gave
275 171 25 19 to
311 168 37 23 his
358 169 95 23 scholar
466 169 115 27 Taliesin,
592 169 41 23 the
647 166 67 25 chief
721 166 27 23 of
758 165 86 23 Bards.
870 162 65 25 Con-

89 202 63 23 sider
171 201 84 23 before
275 201 58 24 thou
353 203 112 29 speakest
474 212 6 18 ;
504 203 60 28 first,
583 203 65 22 what
666 202 60 22 thou
746 199 113 31 speakest
868 207 6 17 ;
898 204 38 16 se-

90 235 99 30 condly,
202 235 55 30 why
270 235 60 23 thou
347 236 124 30 speakest;
491 236 97 31 thirdly,
603 239 24 19 to
642 234 78 24 whom
735 233 58 23 thou
808 231 112 31 speakest
931 240 5 17 ;

90 269 116 29 fourthly,
220 269 148 31 concerning
381 270 80 23 whom
480 270 59 22 thou
558 269 113 30 speakest
682 277 5 17 ;
707 266 90 32 fifthly,
811 265 65 23 what
890 264 47 23 will

90 310 70 16 come
178 302 27 24 of
212 302 64 23 what
285 303 58 22 thou
357 303 126 30 speakest;
504 303 98 30 sixthly,
614 303 64 21 what
686 301 49 23 will
749 301 29 22 be
791 300 42 22 the
846 298 92 23 benefit

91 336 28 23 of
129 336 64 23 what
211 336 59 23 thou
289 336 111 30 speakest
411 346 5 18 ;
435 336 135 30 seventhly,
584 336 54 22 who
654 342 55 23 may
729 335 30 24 be
778 333 115 31 listening
912 335 24 20 to

92 370 64 23 what
177 370 59 22 thou
257 370 119 30 speakest.
421 369 73 23 Place
515 370 43 30 thy
580 369 67 23 word
667 376 30 16 on
720 368 42 23 the
781 367 49 23 end
851 366 28 24 of
894 366 43 31 thy

91 404 80 31 finger
184 403 81 23 before
284 403 60 22 thou
362 403 111 30 speakest
492 403 25 28 it,
531 403 47 22 and
597 406 56 19 turn
674 403 18 22 it
710 402 66 23 these
790 409 72 15 seven
874 408 63 23 ways

91 437 85 24 before
195 438 60 22 thou
273 436 112 32 speakest
405 437 24 27 it,
448 436 47 23 and
515 444 30 14 no
565 436 67 23 harm
646 436 48 22 will
713 443 57 15 ever
782 435 75 23 result
876 433 60 24 from

91 472 66 23 what
180 472 60 22 thou
264 470 118 32 speakest.
433 470 80 23 These
534 478 63 15 were
625 469 129 24 addressed
782 469 33 31 by
841 468 96 31 Cattwg

93 505 100 23 Ddoeth
211 508 23 20 to
255 504 115 28 Taliesin,
384 504 40 23 the
438 503 67 24 chief
519 503 29 24 of
558 504 84 26 Bards,
657 504 69 23 when
744 503 31 23 he
788 511 47 14 was
853 502 85 31 giving

93 540 50 22 him
156 539 37 22 his
393 537 50 24 Not
461 538 45 23 less
523 538 134 23 charitable
670 537 88 23 indeed
771 537 58 23 than
844 537 55 22 wise
913 536 23 22 in

93 573 103 29 thought
217 572 46 23 and
278 572 72 27 word,
366 571 96 31 Cattwg
509 571 139 32 hospitably
661 571 152 23 entertained
830 570 30 23 all
877 569 60 24 such

93 614 25 15 as
138 606 106 23 resorted
263 609 25 19 to
310 606 57 25 him,
389 605 49 23 and
458 606 32 30 by
504 606 40 23 the
567 613 81 15 means
666 604 29 24 of
704 613 67 15 some
790 607 53 28 part
862 603 28 24 of
901 604 36 22 his

94 643 83 23 estate,
188 639 79 23 which
280 639 30 23 he
324 639 45 23 had
383 639 111 23 reserved
508 639 36 23 for
554 639 51 23 that
620 646 48 21 use,
678 639 30 23 he
721 638 111 31 supplied
846 646 32 14 no
891 637 45 23 less

94 674 57 22 than
173 681 15 15 a
207 673 110 23 hundred
331 672 93 27 clerics,
438 680 14 15 a
471 673 110 22 hundred
600 673 70 23 other
685 680 61 22 poor
762 680 62 19 men,
845 671 47 24 and
911 679 25 15 as

95 715 72 21 many
186 714 60 23 poor
265 707 103 25 widows,
388 706 57 23 with
465 706 63 23 their
546 706 64 31 daily
774 706 96 29 Cattwg
889 705 47 23 had

95 740 50 23 also
158 748 25 14 as
196 748 14 14 a
222 740 74 30 pupil,
312 740 36 23 St.
361 740 97 27 Iltutus,
472 740 54 22 who
546 740 60 22 later
625 740 23 22 in
668 739 40 23 life
728 739 99 23 himself
836 740 101 22 became

95 774 41 23 the
155 773 60 23 head
235 773 27 23 of
271 781 13 15 a
303 773 138 23 celebrated
460 773 99 31 college,
578 777 25 19 to
617 773 79 23 which
714 773 108 23 scholars
841 772 96 23 flocked

95 807 63 23 from
173 807 29 23 all
216 810 73 27 parts.
325 806 96 31 Cattwg
439 806 24 22 in
481 806 36 23 his
530 807 75 31 youth
622 807 48 22 had
683 806 112 23 followed
808 806 41 23 the
868 808 71 21 court

95 841 29 23 of
134 841 67 30 King
215 840 102 27 Arthur,
335 848 88 23 among
437 839 79 24 whose
535 840 62 23 train
616 839 28 24 of
654 840 91 32 gallant
764 840 99 31 knights
876 840 30 22 he
919 839 19 23 is

96 874 205 24 commemorated
314 874 23 22 in
351 882 15 14 a
379 873 86 27 Triad,
476 882 31 14 on
521 878 104 19 account
638 874 28 23 of
675 874 36 22 his
752 874 126 31 righteous
891 873 47 23 dis-

261 908 28 22 In
315 907 102 23 another
441 906 75 24 Triad
541 907 30 23 he
596 908 19 22 is
640 907 135 27 honoured,
801 908 78 22 under
902 907 37 22 his

97 942 89 23 second
205 942 45 22 but
267 944 42 20 not
326 940 45 23 less
389 941 154 23 meritorious
561 941 136 28 character,
715 950 26 14 as
786 949 46 15 one
852 940 27 24 of
897 940 40 23 the

98 976 67 23 three
181 975 95 23 blessed
294 975 193 30 youth-trainers
505 975 27 22 of
541 974 40 24 the
595 975 47 23 Isle
655 975 28 23 of
819 977 11 26 J
856 974 85 24 Gildas

98 1010 41 22 the
155 1010 115 21 historian
281 1016 47 15 was
341 1016 14 15 a
368 1008 108 23 member
491 1008 77 23 ofthe
581 1009 92 30 college
686 1008 28 24 of
720 1008 160 27 Llancarvan,
892 1008 47 23 and

97 1044 24 22 in
133 1043 40 22 the
186 1043 103 22 absence
302 1041 26 23 of
339 1041 98 31 Cattwg
448 1042 87 29 taught
545 1041 37 23 for
592 1049 44 16 one
646 1050 57 22 year
714 1043 56 23 with
781 1042 59 30 high
854 1042 86 23 credit.

98 1076 81 23 While
197 1076 68 22 there
283 1075 30 23 he
329 1075 87 30 copied
430 1082 14 15 a
457 1075 65 23 book
539 1075 78 23 ofthe
634 1076 104 30 Gospels
784 1076 13 23 I
811 1076 58 23 wish
888 1076 52 22 that

98 1110 30 22 he
151 1109 47 23 had
220 1116 73 15 never
309 1109 95 22 written
428 1109 120 30 anything
566 1109 48 23 else
655 1109 78 23 which
753 1117 48 15 was
822 1109 118 31 regarded

99 1151 25 14 as
139 1150 45 15 one
199 1142 28 23 of
241 1143 41 22 the
297 1144 69 28 great
383 1142 198 23 show-treasures
603 1142 78 23 ofthe
697 1146 149 28 monastery.
879 1142 61 23 This

99 1177 174 22 circumstance
286 1176 19 22 is
318 1175 139 23 mentioned
471 1176 22 22 in
507 1176 41 22 the
588 1176 61 23 Sure
663 1176 73 31 Hope
750 1176 28 22 of
786 1176 154 24 Reconcilia-

187 1209 40 23 the
244 1209 89 22 second
346 1216 68 23 essay
428 1209 28 22 of
466 1217 40 23 my
519 1209 87 23 former
619 1210 80 23 series.
730 1209 154 24 Llancarvan
896 1209 44 23 lies

99 1244 24 22 in
136 1251 15 15 a
162 1242 69 23 small
241 1242 48 23 and
301 1242 117 23 beautiful
429 1242 85 32 valley,
523 1243 152 23 surrounded
688 1244 33 31 by
732 1244 86 31 woody
829 1243 96 32 heights
935 1253 5 18 ;

99 1277 20 23 it
136 1277 20 22 is
174 1275 176 33 distinguished
370 1284 25 14 as
413 1276 41 23 the
472 1276 137 31 birthplace
627 1276 28 24 of
666 1277 121 28 Caradoc,
801 1278 41 23 the
857 1277 83 23 Welsh

99 1310 124 23 historian.
260 1309 109 31 Nothing
383 1309 18 23 is
415 1309 86 23 known
519 1306 28 27 of
557 1310 36 23 his
605 1310 57 28 life;
681 1311 36 23 his
730 1312 109 31 writings
852 1311 89 24 consist

100 1343 27 24 of
135 1352 15 15 a
162 1344 90 31 history
267 1343 27 23 of
302 1343 81 23 Wales
402 1342 62 24 from
482 1344 41 23 the
543 1344 90 23 middle
652 1343 28 24 of
690 1345 40 23 the
747 1346 101 22 seventh
863 1349 24 19 to
902 1345 39 23 the

100 1378 89 22 middle
208 1376 28 24 of
246 1377 40 23 the
305 1376 92 24 twelfth
411 1381 102 27 century
523 1386 5 15 :
548 1379 37 22 his
598 1378 65 23 book
677 1386 48 16 was
738 1379 23 23 in
775 1379 59 31 high
848 1381 92 28 repute,

100 1412 80 29 copies
193 1411 73 30 being
278 1411 129 30 preserved
419 1414 24 20 at
457 1412 41 23 the
512 1414 47 21 two
574 1415 69 26 great
661 1413 166 28 monasteries,
841 1413 100 23 Ystrad-

128 1492 12 14 *
151 1492 120 20 Williams's
281 1492 83 26 Cymry,
375 1499 19 19 p.
405 1493 48 20 221.
535 1494 15 24 f
564 1494 106 19 Britannia
681 1495 81 23 Sancta,
772 1495 41 20 vol.
824 1495 14 19 i.
850 1502 20 19 p.
883 1494 31 21 73.

354 1520 12 24 %
382 1519 120 21 Williams's
513 1520 84 26 Cymry,
608 1528 20 18 p.
642 1522 45 20 131.
