1023 1619
880 107 32 23 23

429 115 124 15 BARDISM.

70 175 89 22 tection
176 173 28 24 of
217 174 101 29 society,
334 173 38 24 for
388 174 74 23 social
475 175 73 22 order
560 177 89 20 cannot
661 174 30 23 be
704 175 128 29 preserved
846 175 68 22 when

70 208 40 22 the
135 208 118 22 tribunals
278 207 28 23 of
318 208 89 31 justice
429 208 60 22 have
512 208 85 23 ceased
622 212 25 19 to
667 208 30 23 be
721 208 133 30 respected,
874 208 40 22 the

69 241 156 30 prominence
241 241 72 31 given
331 246 25 18 to
375 241 66 23 them
461 249 86 23 proves
567 241 67 24 these
654 245 81 20 courts
755 247 42 18 not
816 246 24 18 to
854 242 60 23 have

70 275 61 23 been
144 275 159 32 sanguinary:
318 276 234 22 excommunication
567 276 18 22 is
599 275 36 24 for
649 276 39 23 the
701 275 83 33 living,
798 275 18 24 it
828 275 42 24 has
884 284 30 15 no

70 313 88 18 terrors
172 308 37 23 for
222 309 41 22 the
275 309 69 22 dead.

122 342 55 24 Our
197 346 98 28 present
317 347 56 19 tone
394 342 28 24 of
437 342 90 32 feeling
548 351 30 15 on
601 343 41 23 the
663 342 95 32 subject
778 343 28 23 of
826 343 88 30 capital

70 377 157 30 punishment
245 377 65 23 leads
330 385 27 14 us
374 380 24 20 to
419 377 47 23 aim
488 381 24 19 at
532 380 46 20 two
596 378 72 22 ends:
686 377 57 26 first,
764 378 51 22 that
833 377 81 30 public

70 411 143 23 executions
226 411 31 23 be
270 418 26 16 as
306 411 51 28 few,
368 411 54 25 and,
434 411 122 29 secondly,
568 411 52 23 that
630 411 56 30 they
698 411 29 23 be
738 418 24 15 as
776 412 138 29 impressive

70 452 27 15 as
110 445 114 29 possible.
258 445 116 23 Towards
387 445 41 22 the
439 445 50 22 first
503 445 80 30 object
595 452 35 15 we
640 445 60 22 have
714 445 69 22 made
794 445 120 23 consider-

70 478 55 23 able
144 479 119 22 advances
275 488 6 17 ;
307 479 103 22 towards
429 479 41 22 the
489 479 96 26 second,
605 479 18 22 it
641 481 89 20 cannot
749 479 29 22 be
795 479 50 22 said
863 479 51 22 that

71 520 46 14 our
130 520 111 22 progress
255 512 41 22 has
313 512 60 22 been
387 512 97 31 equally
497 512 160 30 satisfactory.
694 511 26 23 If
735 512 67 22 there
821 512 29 22 be
869 519 45 15 one

71 545 65 31 sight
151 553 66 15 more
230 545 40 23 sad
290 545 46 23 and
356 545 126 31 sickening
501 545 56 22 than
574 545 108 26 another,
696 545 18 22 it
727 545 18 22 is
760 548 42 19 not
813 552 15 15 a
840 545 73 22 male-

72 579 79 23 factor
163 587 29 15 on
208 579 40 22 the
261 579 107 27 scaffold,
382 579 44 22 but
439 579 39 22 the
493 579 79 22 crowd
586 578 103 23 beneath
703 579 25 21 it.
760 578 52 23 The
826 578 88 23 Bardic

71 617 87 27 system
173 612 115 23 breathed
308 613 102 31 nothing
426 612 44 23 but
507 620 73 23 peace
594 620 29 14 on
638 612 67 22 earth
724 612 46 22 and
790 612 124 31 good-will

72 647 103 22 towards
309 645 60 27 Nor,
384 645 87 32 calmly
485 646 46 23 and
552 645 68 31 fairly
639 645 149 27 considered,
809 646 39 22 did
874 646 40 23 the

71 681 98 30 dealing
182 681 55 22 with
258 680 88 23 human
366 680 41 23 life
420 680 110 22 manifest
543 680 51 22 that
608 678 111 32 frightful
737 680 177 31 inconsistency

71 714 78 23 which
164 722 42 19 we,
226 714 125 30 following
363 722 44 14 our
425 713 108 23 classical
550 713 150 28 instructors,
715 713 60 22 have
793 714 61 22 been
873 717 41 20 too

72 748 73 30 ready
165 751 24 20 to
202 748 94 23 ascribe
316 751 24 20 to
357 748 26 22 it.
419 747 54 23 The
493 747 91 23 Druids
604 747 46 23 had
669 747 23 22 in
711 748 60 22 view
792 747 39 22 the
849 755 65 15 same

71 782 93 29 objects
177 789 25 16 as
216 782 129 27 ourselves,
359 782 41 22 the
418 781 55 30 only
488 781 129 23 difference
631 781 73 30 being
717 781 52 22 that
783 781 54 30 they
853 789 61 15 were

71 823 66 15 more
157 815 134 23 successful
310 816 23 22 in
352 816 64 22 their
434 816 151 22 attainment.
623 814 38 23 To
678 815 120 22 surround
812 815 40 22 the
865 815 49 22 for-

71 849 86 22 feiture
175 849 29 23 of
214 849 41 22 life
269 853 25 18 to
307 849 117 30 outraged
442 848 86 29 justice
547 848 56 23 with
622 848 105 30 salutary
740 851 97 25 terrors,
856 849 57 30 they

72 884 70 21 made
161 883 41 22 the
215 883 128 22 execution
363 890 14 14 a
396 882 113 30 religious
523 886 54 22 act;
594 882 40 22 the
648 882 82 22 victim
749 882 55 22 bled
824 889 30 15 on
873 882 41 22 the

72 917 68 26 altar,
154 921 43 18 not
216 916 40 22 the
274 915 110 23 criminal
403 924 31 13 on
451 915 40 23 the
510 915 107 23 scaffold.
655 915 52 22 The
727 915 187 23 circumstances

71 951 127 29 attending
207 950 40 22 the
258 949 116 23 infliction
385 949 73 22 ofthe
470 948 56 23 fatal
537 948 80 23 stroke
623 948 60 23 have
690 949 59 22 been
761 950 153 22 commented

71 992 31 15 on
116 992 26 15 as
155 984 41 23 the
210 984 142 22 refinement
370 983 27 23 of
412 983 132 31 barbarity.
581 982 53 23 The
647 982 87 23 author
746 982 77 23 ofthe
865 982 48 24 Re-

71 1018 74 30 ligion
160 1017 28 23 of
199 1018 108 22 Ancient
470 1016 62 23 after
541 1016 116 31 speaking
667 1016 28 22 of
703 1016 39 23 the
750 1017 161 23 examination

71 1052 28 23 of
117 1052 41 22 the
180 1051 97 23 entrails
303 1050 28 24 of
352 1050 109 27 animals,
486 1051 123 30 proceeds,
729 1050 48 22 this
798 1051 113 30 ordinary

70 1086 106 30 practice
186 1086 58 30 they
253 1092 40 16 are
302 1085 51 23 said
367 1089 24 19 to
400 1084 61 23 have
471 1084 79 23 added
561 1084 108 26 another,
681 1084 131 30 peculiarly
823 1085 89 22 horrid.

71 1119 39 23 On
142 1124 70 26 great
423 1119 107 29 copying
556 1117 63 24 from
651 1117 125 24 Diodorus
808 1118 102 25 Siculus,

96 1154 57 30 they
178 1153 102 30 practise
302 1161 14 14 a
340 1160 59 23 very
421 1155 97 28 strange
539 1152 48 23 and
610 1152 131 23 incredible
766 1159 100 16 manner
887 1152 27 23 of

70 1187 143 23 divination.
250 1186 69 32 They
339 1186 55 23 take
413 1194 14 14 a
445 1194 55 14 man
520 1186 53 22 who
593 1186 18 22 is
630 1189 25 19 to
674 1186 30 22 be
722 1186 125 22 sacrificed
865 1186 46 22 and

71 1221 41 22 kill
133 1221 47 22 him
197 1221 55 22 with
272 1229 45 14 one
330 1220 82 23 stroke
431 1219 76 23 ofthe
526 1219 78 22 sword
617 1219 78 22 above
708 1219 40 22 the
761 1219 150 30 diaphragm,

70 1255 49 23 and
132 1255 32 30 by
177 1255 130 30 observing
326 1255 40 22 the
385 1257 98 28 posture
496 1254 24 22 in
534 1253 78 22 which
627 1253 29 22 he
669 1252 61 27 falls,
746 1253 35 21 his
799 1253 114 22 different

70 1289 163 25 convulsions,
247 1289 47 22 and
308 1289 40 22 the
362 1288 116 23 direction
499 1287 24 23 in
537 1287 77 23 which
629 1287 40 22 the
688 1286 72 22 blood
774 1286 64 22 flows
851 1287 61 22 from

70 1323 37 23 his
127 1323 74 29 body,
223 1322 56 31 they
297 1323 58 22 (orm
375 1322 64 23 tlieir
457 1321 157 30 predictions,
628 1320 131 31 according
777 1324 25 18 to
821 1322 90 21 certain

70 1357 64 22 rules
148 1357 78 22 which
247 1357 60 22 have
327 1357 59 22 been
406 1355 42 23 left
466 1356 65 22 them
550 1355 32 30 by
595 1355 63 22 their
859 1354 52 24 The

70 1391 132 22 extinction
224 1390 28 22 of
270 1390 45 25 life,
340 1390 18 22 it
383 1397 54 22 may
460 1389 30 23 be
510 1388 126 27 observed,
654 1395 47 15 was
721 1388 189 24 instantaneous.

70 1425 70 26 Now,
156 1429 24 18 to
192 1432 43 22 say
249 1424 102 30 nothing
364 1423 28 23 of
404 1423 39 22 the
456 1422 58 23 rack
528 1423 46 22 and
589 1422 40 23 the
643 1421 83 27 wheel,
738 1421 64 24 cruel
817 1423 93 22 mutila-

69 1460 62 22 tions
145 1458 46 24 and
207 1458 56 23 slow
278 1457 62 27 fires,
354 1457 67 23 there
436 1456 59 23 have
513 1456 59 22 been
587 1456 124 22 occasions
730 1463 30 15 on
774 1456 77 23 wliich
871 1457 40 22 the

440 1528 12 13 *
469 1528 22 18 P.
504 1528 31 18 63.
