1023 1619
71 110 33 22 84

339 119 54 16 THE
408 120 79 16 KINGS
502 120 34 16 OF
549 119 96 16 WALES.

73 176 102 28 articles,
189 177 78 23 which
283 185 54 23 may
351 178 31 22 be
399 177 73 24 found
492 178 23 22 in
535 186 40 23 my
587 176 99 23 learned
704 174 125 30 authority
839 183 5 17 ;
862 173 53 23 first

73 210 47 22 and
139 210 122 27 foremost,
274 211 41 22 the
333 211 67 31 King
419 211 28 23 of
459 211 76 23 North
550 210 81 23 Wales
669 216 77 16 swore
759 212 26 19 to
799 208 116 23 maintain

73 244 125 30 perpetual
220 244 92 32 fidelity
331 249 24 19 to
378 245 67 31 King
466 245 67 23 John
555 245 23 22 in
602 244 41 22 the
667 243 91 23 fulness
783 242 29 23 of
832 242 82 23 feudal

125 311 116 31 Availing
262 311 98 23 himself
377 311 28 24 of
422 320 29 15 an
472 311 102 23 interval
596 310 28 23 of
640 318 74 23 peace
737 313 25 19 to
782 313 76 19 assert
879 310 36 22 his

73 344 83 31 rights,
172 344 134 32 Llywelyn,
321 346 22 22 in
359 346 40 22 the
411 354 59 22 year
485 346 72 25 1202,
571 345 126 22 convened
713 352 31 15 an
757 343 120 31 assembly
890 343 29 23 of

73 378 32 23 all
119 379 42 22 the
179 378 126 24 chieftains
324 379 152 30 throughout
489 379 89 26 Wales,
593 379 53 22 who
665 378 38 23 for
721 378 42 23 the
782 382 62 19 most
862 381 53 27 part

73 413 122 29 appeared
217 413 49 22 and
288 412 59 24 took
371 413 39 22 the
435 413 69 22 oaths
529 412 28 23 of
575 412 133 31 allegiance
732 415 25 20 to
780 411 136 31 Llywelyn.

74 445 82 24 There
171 454 47 15 was
237 454 46 16 one
299 450 85 27 potent
401 449 121 26 recusant,
542 446 200 31 Gwenwynwyn,
761 445 52 23 lord
833 445 27 23 of
874 446 42 22 the

73 480 87 30 higher
173 480 88 28 Powis,
274 488 43 15 son
334 480 48 23 and
395 480 53 23 heir
460 479 28 24 of
498 481 40 22 the
552 481 152 30 poet-prince
722 479 85 24 Owain
826 479 89 30 Cyvei-

73 514 47 22 lioc
131 524 5 17 ;
156 514 30 23 he
203 514 47 22 had
263 522 14 14 a
290 514 120 22 favourite
422 514 55 23 idea
489 514 29 22 of
528 514 36 22 his
577 522 64 20 own,
655 518 24 18 to
692 514 89 22 extend
796 514 82 22 Wales
890 516 26 20 to

73 548 30 22 its
117 548 96 23 ancient
230 548 80 27 limits,
324 548 48 22 and
385 556 48 14 was
447 551 42 19 not
501 548 105 23 inclined
620 552 25 19 to
658 556 46 23 pay
719 547 103 31 homage
835 547 80 22 where

73 581 36 23 his
128 582 116 23 ambition
264 582 46 22 had
330 582 87 31 taught
437 582 49 22 him
504 586 26 18 to
548 587 87 25 expect
653 586 26 18 to
698 582 94 22 receive
812 582 25 22 it.
874 580 42 24 He

73 615 94 23 neither
179 624 68 15 came
260 624 45 14 nor
316 619 61 19 sent.
415 615 52 23 The
485 616 146 22 convention
649 615 58 23 took
725 615 39 23 the
782 619 88 19 matter
882 623 33 22 up

73 649 172 31 immediately,
266 649 47 23 and
335 649 71 23 voted
432 657 14 14 a
470 649 147 23 declaration
642 650 53 22 that
718 649 40 23 the
780 649 88 23 Prince
890 647 28 25 of

75 682 78 24 Powis
166 678 78 35 ought
257 688 24 18 to
294 684 30 22 be
337 683 133 30 compelled
485 687 24 18 to
523 684 40 22 the
575 683 169 30 performance
757 682 28 24 of
796 683 35 22 his
845 683 68 30 duty,

73 724 28 16 or
114 716 81 24 forfeit
209 717 35 22 his
259 717 76 26 lands,
349 724 25 15 as
393 724 14 15 a
425 720 54 26 part
497 717 27 22 of
538 717 41 22 the
597 717 80 23 feudal
696 717 142 30 obligation.
877 716 37 23 To

74 751 48 22 this
135 754 54 19 vote
202 751 69 22 there
284 758 47 15 was
343 757 45 16 one
401 751 148 27 dissentient,
559 751 54 22 who
625 758 46 15 was
685 751 95 29 against
792 757 122 16 measures

75 784 27 23 of
117 784 158 30 compulsion,
294 784 47 23 and
360 784 30 22 he
410 784 122 23 withdrew
553 784 166 31 immediately
737 784 63 23 after
818 784 29 23 he
867 784 48 22 had

74 818 72 30 given
160 818 36 22 his
210 821 63 19 vote.
310 818 22 22 It
345 825 49 15 was
414 821 41 19 not
471 818 59 31 long
547 818 83 22 before
647 818 127 30 Llywelyn
794 818 120 29 appeared

76 851 24 22 in
113 859 63 15 arms
189 851 23 22 in
227 852 40 22 the
283 851 132 22 territories
432 851 28 22 of
470 852 41 21 the
531 851 87 23 Prince
635 851 28 22 of
675 846 77 28 Powis
763 861 5 17 ;
787 851 45 23 but
845 851 70 22 influ-

76 885 73 22 ential
168 885 89 31 parties
276 884 129 24 interfered
426 884 54 31 (the
498 893 83 14 names
602 884 28 23 of
647 885 69 23 those
735 885 55 23 who
808 885 42 22 did
869 885 47 22 this

75 919 65 30 good
161 919 69 22 office
250 919 19 22 is
290 922 43 19 not
353 914 95 36 given),
469 918 48 23 and
538 919 42 22 the
604 918 131 24 difference
757 926 48 15 was
829 918 87 23 settled

75 953 103 22 without
192 952 140 27 bloodshed,
347 952 40 23 the
400 952 135 31 refractory
549 953 82 30 prince
645 952 100 31 making
761 953 35 22 his
813 953 104 22 submis-

75 986 53 23 sion
141 987 24 21 in
178 987 48 22 due
240 985 70 24 form.
348 985 23 23 It
383 986 58 22 does
457 989 42 20 not
515 986 74 30 speak
608 987 73 22 much
700 986 37 23 for
750 987 41 22 the
808 986 110 23 freedom

75 1019 27 23 of
109 1021 96 29 opinion
216 1020 104 30 enjoyed
333 1022 24 20 at
371 1019 50 23 that
432 1020 65 28 time,
509 1027 44 15 nor
562 1019 38 23 for
609 1019 147 31 Llywelyn's
765 1020 150 30 placability,

75 1053 53 23 that
142 1053 72 27 Elise,
227 1048 41 28 the
285 1053 57 30 only
356 1061 54 14 man
426 1054 55 22 who
499 1053 47 23 had
564 1054 40 22 the
621 1061 105 22 courage
744 1057 25 19 to
788 1053 74 30 speak
879 1053 38 22 his

76 1087 74 25 mind,
166 1087 47 22 had
229 1087 37 22 his
283 1089 87 20 estates
387 1087 146 22 confiscated
552 1090 25 19 to
597 1087 40 22 the
656 1094 42 15 use
717 1087 47 22 and
784 1087 91 23 benefit
893 1087 27 23 of

76 1121 41 22 the
131 1120 67 31 King
217 1120 29 22 of
262 1120 79 22 North
357 1120 86 27 Wales,
461 1127 26 16 as
506 1127 14 16 a
539 1120 97 31 penalty
652 1119 38 24 for
708 1120 36 23 his
763 1120 153 32 straightfor-

77 1154 129 27 wardness,
220 1154 93 30 though
331 1153 29 23 he
377 1153 142 23 afterwards
537 1154 111 23 received
666 1161 14 16 a
698 1153 122 32 fragment
839 1154 27 23 of
880 1154 38 23 his

77 1191 114 27 property
205 1187 61 23 back
283 1187 78 30 again.
399 1187 53 23 The
469 1188 82 29 sequel
567 1188 19 22 is
604 1187 98 23 curious
713 1196 5 14 :
738 1188 91 22 several
847 1196 71 23 years

77 1221 67 26 after,
159 1221 23 22 in
200 1221 70 27 1208,
284 1221 40 22 the
343 1221 87 22 Prince
448 1220 28 23 of
493 1221 79 22 Powis
592 1224 64 19 went
674 1226 24 18 to
719 1221 160 32 Shrewsbury
893 1225 25 19 to

78 1254 83 24 confer
187 1254 55 23 with
266 1254 41 23 the
331 1254 65 22 lords
421 1254 27 22 of
470 1254 95 23 council
579 1264 5 17 ;
614 1255 74 31 being
713 1255 75 27 there,
815 1256 30 22 he
872 1263 46 15 was

78 1288 114 31 required
216 1292 24 19 to
265 1287 55 23 take
344 1291 25 19 to
395 1287 67 32 King
480 1287 66 24 John
568 1288 42 23 the
631 1296 66 15 same
721 1289 57 23 oath
797 1288 28 24 of
845 1288 73 32 fealty

78 1322 78 22 which
170 1322 30 22 he
213 1321 47 23 had
272 1330 27 14 so
312 1321 144 31 reluctantly
470 1322 71 22 taken
557 1325 24 19 to
595 1321 135 32 Llywelyn,
744 1323 47 23 and
806 1323 112 23 detained

78 1356 24 22 in
122 1355 102 31 custody
238 1355 36 23 till
290 1355 30 23 he
338 1355 127 31 complied,
480 1356 46 22 and
546 1356 46 22 had
611 1357 73 29 given
704 1357 112 30 hostages
834 1357 37 23 for
883 1357 35 22 his

78 1389 142 23 obedience.
247 1389 150 30 Construing
409 1390 39 22 the
462 1389 54 23 visit
529 1390 27 22 of
565 1389 193 32 Gwenwynwyn
773 1394 24 20 to
812 1391 106 23 Shrews-

78 1423 64 29 bury
162 1430 26 15 as
210 1430 29 15 an
264 1426 39 19 act
327 1422 27 23 of
371 1423 128 30 disloyalty
518 1426 24 20 to
564 1424 103 28 himself,
686 1425 48 22 and
758 1425 114 30 thinking
893 1425 25 27 it,

78 1450 111 36 perhaps,
202 1464 14 15 a
234 1457 53 30 pity
300 1456 53 24 that
371 1456 39 24 the
426 1457 88 23 castles
531 1457 28 23 of
571 1458 42 22 the
631 1458 148 30 imprisoned
796 1458 116 23 chieftain

336 1530 13 13 *
363 1530 140 26 Warrington,
514 1538 36 19 pp.
559 1531 100 21 353-403.
