1023 1619
900 104 44 23 141

351 110 135 17 MONASTIC
501 110 197 17 INSTITUTIONS.

111 167 118 31 Dynevor
248 166 61 24 from
335 167 56 23 Earl
416 168 103 27 Gilbert,
540 169 70 23 made
635 169 99 23 himself
755 172 88 21 master
867 172 23 20 at
909 170 41 22 the

111 201 96 23 sword's
224 201 69 31 point
310 201 28 23 of
348 202 40 22 the
408 202 73 23 castle
500 202 28 23 of
538 202 182 27 Caermarthen,
734 204 45 22 and
795 204 100 22 worsted
909 204 40 22 the

111 235 120 23 Normans
250 235 47 23 and
318 235 121 30 Flemings
459 239 24 19 at
503 235 173 31 Llanstephan.
715 237 91 27 Cadell,
826 244 14 15 a
857 237 91 31 gallant

111 269 94 27 soldier,
227 276 47 15 was
293 269 50 23 also
364 276 13 16 a
399 269 60 23 keen
482 273 135 26 sportsman
630 279 5 14 :
661 270 23 22 in
705 270 40 23 the
763 270 90 23 ardour
871 270 28 23 of
907 270 41 23 the

111 303 70 23 chase
194 303 30 22 he
236 303 57 22 rode
309 310 39 20 on,
363 303 55 23 with
432 310 15 16 a
459 303 66 22 small
543 304 61 22 train
624 303 29 23 of
663 304 145 27 attendants,
827 304 82 30 nearly
923 307 24 19 to

111 336 94 32 Tenby,
220 337 56 22 then
290 336 54 23 held
356 337 33 30 by
403 344 28 15 an
453 337 100 30 English
566 337 116 31 garrison.
719 337 53 22 The
784 345 65 14 news
862 337 85 31 spread

111 370 51 23 that
179 365 82 28 Cadell
275 378 47 15 was
335 370 103 31 hunting
451 370 23 22 in
488 370 41 23 the
542 370 200 31 neighbourhood
754 381 5 16 ;
779 370 30 23 he
823 379 46 14 was
884 379 62 23 way-

111 403 54 28 laid,
178 403 119 28 attacked,
310 404 48 22 and
371 399 82 36 barely
466 404 101 30 escaped
579 404 56 22 with
648 403 42 23 life
699 413 5 13 :
724 404 37 22 his
773 405 101 21 wounds
885 412 61 15 were

111 437 55 32 long
180 438 23 22 in
216 437 104 32 healing.
348 437 35 23 Tn
398 438 39 22 the
451 438 102 22 solitude
566 437 27 23 of
598 438 36 22 his
647 437 50 23 sick
708 438 124 26 chamber,
842 438 36 22 his
890 445 57 24 eyes

111 472 88 30 resting
212 480 30 14 on
255 472 41 22 the
309 479 65 15 cross
391 471 27 23 of
429 471 88 27 Christ,
530 472 48 22 and
592 471 58 23 Him
663 471 116 23 crucified
793 479 63 23 upon
870 471 26 28 it,
911 471 35 23 his

111 505 113 31 thoughts
241 505 58 23 took
319 513 14 15 a
351 513 52 15 new
421 506 126 23 direction.
583 505 83 24 Cadell
683 505 129 22 recovered
832 504 60 23 from
910 505 35 22 his

111 539 111 27 sickness,
242 542 44 27 put
304 547 29 15 on
354 547 98 16 armour
464 547 31 15 no
514 547 66 16 more
589 549 6 17 ;
614 540 23 22 in
651 539 140 30 penitential
805 539 68 30 garb,
888 538 57 23 with

111 573 36 22 his
159 573 89 29 scallop
260 573 48 23 and
321 573 36 22 his
370 573 61 27 staff,
445 574 30 22 he
485 576 63 20 went
561 581 29 15 on
605 580 14 15 a
631 573 142 30 pilgrimage
787 576 24 19 to
823 572 40 23 the
878 571 67 31 Holy

111 605 77 24 Land.
231 606 38 23 On
292 607 35 22 his
352 611 81 18 return
455 607 30 22 he
502 607 83 31 joined
605 607 41 22 the
668 607 112 22 brethren
806 609 24 20 at
851 605 94 24 Strata-

111 640 90 27 florida,
224 640 47 23 and
291 640 53 23 died
365 641 22 22 in
411 640 39 23 the
472 640 67 26 cowl,
563 640 72 23 1175.
681 640 28 23 In
733 640 72 27 1197,
827 639 69 30 Rhys
915 647 30 23 ap

111 674 110 31 Gruffyd,
242 674 40 23 the
303 674 108 27 founder,
430 674 62 27 died,
509 674 48 23 and
575 682 48 15 was
644 674 85 22 buried
740 682 6 14 :
769 674 49 22 Mr.
840 673 105 23 Roberts

111 715 61 24 says,
192 712 24 18 at
237 707 165 24 Strataflorida
412 718 5 16 ;
441 708 39 23 Sir
499 708 30 23 R.
547 708 28 24 C.
597 707 89 27 Hoare,
710 707 48 22 iMr.
776 707 102 27 Fenton,
898 707 47 22 and

112 742 87 26 others,
220 750 40 23 say
275 745 24 19 at
321 741 34 23 St.
369 741 108 27 David's,
492 742 77 23 where
587 742 19 22 is
623 750 13 14 a
654 741 48 23 fine
718 741 68 23 tomb
805 741 50 22 said
875 746 24 17 to
917 741 29 22 be

111 775 44 22 his.
190 774 53 24 The
269 775 82 23 Welsh
375 775 128 24 Chronicle
525 784 59 22 pays
603 779 25 19 to
652 775 36 22 his
707 782 108 24 memory
834 774 47 22 this
895 773 52 32 just

112 809 104 22 tribute:
219 823 33 3 —
280 808 59 23 This
351 817 58 22 year
422 809 53 23 died
489 809 40 23 the
542 809 88 24 valiant
645 808 75 31 Rhys,
734 808 83 31 prince
830 807 27 23 of
869 807 77 24 South

113 842 89 27 Wales,
216 843 40 22 the
266 842 56 31 only
336 845 52 28 stay
401 843 46 22 and
460 843 100 23 defence
573 843 27 22 of
608 843 52 22 that
673 845 53 27 part
743 841 28 24 of
781 842 88 26 Wales,
872 856 28 3 —
900 841 48 24 -for

113 875 31 24 he
163 876 19 22 it
194 883 46 15 was
253 876 51 22 that
316 881 43 25 got
372 877 65 22 them
451 877 62 22 their
525 877 96 30 liberty,
634 877 46 22 and
693 876 99 23 secured
807 876 16 22 it
839 879 23 20 to
874 876 74 23 them.

114 909 41 23 He
173 910 63 22 often
250 917 57 23 very
321 911 90 29 readily
425 911 103 29 exposed
543 911 35 22 his
591 918 52 15 own
657 910 39 23 life
710 910 36 23 for
757 910 41 22 the
812 910 100 23 defence
925 909 28 24 of

113 943 74 23 theirs
210 943 45 23 and
276 944 40 22 the
337 949 116 26 country:
473 944 121 31 generally
608 944 29 22 he
655 947 43 28 got
716 944 41 22 the
777 944 79 22 better
874 943 28 23 of
912 944 36 22 his

113 977 111 27 enemies,
244 977 45 22 and
304 981 23 18 at
341 977 41 23 last
397 978 106 31 brought
519 978 63 22 them
602 978 78 22 either
696 977 101 31 entirely
818 977 77 22 under
912 977 36 23 his

113 1010 134 31 subjection
266 1018 27 15 or
306 1010 82 24 forced
407 1012 63 22 them
486 1015 25 19 to
524 1012 54 31 quit
591 1011 39 23 the
649 1014 112 27 country.
798 1010 40 23 He
852 1019 46 14 was
917 1019 32 14 no

113 1044 44 23 less
168 1044 129 22 illustrious
310 1044 38 23 for
357 1045 35 22 his
402 1046 108 22 virtuous
521 1046 163 22 endowments
697 1045 57 22 than
768 1044 37 22 for
818 1044 36 22 his
865 1044 84 24 valour

115 1078 46 23 and
182 1080 133 21 extraction
327 1088 5 16 ;
354 1087 25 15 so
398 1079 52 23 that
468 1080 18 21 it
503 1088 48 14 was
568 1079 55 22 with
646 1079 63 31 good
731 1087 84 14 reason
836 1078 53 23 that
908 1079 41 22 the

115 1111 87 24 British
218 1112 75 23 Bards
305 1112 47 23 and
365 1113 81 23 others
460 1116 72 20 wrote
545 1121 26 15 so
585 1113 150 30 honourably
746 1112 28 23 of
784 1113 59 27 him,
856 1113 48 22 and
923 1120 26 15 so

115 1146 109 31 mightily
238 1146 113 30 deplored
368 1147 36 22 his
553 1147 70 31 Rhys
635 1154 48 16 was
702 1154 12 16 a
733 1146 142 23 munificent
893 1154 57 22 sup-

115 1183 80 27 porter
205 1179 27 24 of
238 1180 107 23 Bardism
354 1190 5 17 ;
379 1181 30 22 he
423 1181 68 23 knew
501 1181 52 23 that
563 1182 75 26 there,
649 1188 25 15 as
688 1181 24 22 in
725 1187 14 16 a
751 1180 79 22 shrine
841 1179 109 30 guarded

116 1212 59 24 from
189 1221 71 23 every
274 1214 98 30 profane
386 1215 71 27 hand,
471 1222 47 15 was
529 1215 124 22 treasured
666 1215 41 22 the
719 1220 69 24 germ
801 1212 27 23 of
835 1212 115 22 freedom.

116 1247 26 23 In
163 1248 69 26 1176,
250 1248 68 31 Rhys
335 1248 69 22 made
420 1256 15 15 a
451 1256 57 24 very
521 1252 69 27 great
607 1248 60 22 feast
682 1250 25 20 at
720 1247 142 24 Christmas,
879 1251 25 16 at
916 1245 35 23 his

115 1281 71 22 castle
199 1281 28 22 of
234 1281 120 28 Abertivi,
365 1282 77 23 which
458 1282 28 22 he
501 1282 87 22 caused
601 1285 25 19 to
640 1281 30 22 be
683 1279 148 32 proclaimed
845 1279 106 30 through

115 1314 29 22 all
165 1314 99 28 Britain,
278 1314 102 28 Ireland,
395 1316 46 22 and
454 1316 42 22 the
508 1315 89 23 islands
611 1314 118 30 adjacent,
744 1320 66 15 some
829 1312 123 22 consider-

115 1348 52 23 able
180 1349 57 22 time
249 1348 90 24 before.
376 1349 78 31 Many
464 1348 124 24 hundreds
602 1347 28 22 of
637 1346 109 30 English,
762 1345 129 25 Normans,
905 1345 48 22 and

115 1382 87 28 others,
222 1383 97 30 coming
337 1386 25 19 to
381 1383 122 25 Abertivi,
521 1389 63 15 were
601 1388 57 23 very
673 1378 152 30 honourably
843 1378 110 22 received

115 1417 46 22 and
181 1417 155 30 courteously
350 1415 151 24 entertained
519 1415 32 30 by
567 1414 86 22 Prince
674 1413 77 28 Rhys.
789 1411 57 22 And
865 1419 89 22 among

116 1450 72 22 deeds
201 1450 28 23 of
238 1458 72 20 arms,
324 1450 46 22 and
385 1450 69 22 other
467 1448 86 26 shows,
569 1447 69 30 Rhys
651 1446 88 23 caused
752 1444 31 23 all
796 1446 41 21 the
850 1447 68 27 poets
931 1444 26 23 of

116 1482 82 24 Wales
216 1487 25 19 to
260 1491 68 16 come
346 1483 91 22 thither
447 1491 6 17 ;
470 1481 47 23 and
531 1479 115 31 provided
661 1479 79 23 chairs
752 1481 26 19 to
791 1478 29 22 be
834 1481 36 19 set
882 1478 23 22 in
919 1478 37 22 his

116 1517 55 27 hall,
185 1518 79 22 where
276 1518 57 29 they
348 1516 86 23 should
448 1515 95 30 dispute
556 1513 119 30 together,
688 1514 25 20 to
725 1515 37 27 try
773 1512 62 22 their
848 1512 108 29 cunning
