1023 1619
88 119 32 21 76

361 127 55 16 THE
430 128 78 15 KINGS
522 128 33 15 OF
568 127 95 16 WALES.

89 183 137 26 huntsman,
272 183 60 23 from
352 185 40 23 the
411 186 82 30 eighth
513 185 71 30 night
601 184 29 23 of
646 183 133 29 February,
795 183 65 21 must
878 180 56 23 take

89 217 37 22 his
139 217 58 31 dog,
210 217 37 23 his
265 218 81 28 horns,
358 219 47 22 and
425 220 36 21 his
477 218 163 31 greyhounds,
655 220 24 20 to
698 224 31 23 go
748 215 47 23 and
815 215 61 22 hunt
894 215 41 22 the

88 259 84 22 young
185 254 73 27 stags.
295 251 46 23 His
353 252 61 23 horn
428 257 64 18 must
505 253 30 22 be
549 252 97 26 buffalo,
661 251 47 23 and
728 250 30 22 its
772 248 70 23 value
855 248 20 22 is
888 255 47 16 one

88 285 91 29 pound.
218 284 70 23 From
303 285 51 23 that
367 286 57 23 time
437 289 25 20 to
474 286 41 23 the
529 285 90 23 middle
636 284 26 23 of
673 291 114 18 summer,
801 282 74 31 being
894 282 41 23 the

88 312 61 29 feast
162 318 29 23 of
202 317 34 24 St.
250 318 74 28 John,
338 319 30 23 he
381 323 64 19 must
459 320 61 22 hunt
538 319 41 23 the
597 325 83 24 young
694 318 57 22 deer
761 326 5 17 ;
786 316 47 23 and
846 316 89 31 during

89 353 52 22 that
154 353 57 21 time
225 352 29 23 he
268 353 18 22 is
299 356 42 19 not
354 353 82 22 bound
451 357 24 18 to
489 353 31 22 do
530 352 91 30 justice
634 354 26 20 to
679 358 48 22 any
740 358 47 15 one
806 350 55 22 who
880 357 55 23 may

88 386 62 23 have
163 393 14 15 a
190 386 70 22 claim
274 393 63 22 upon
353 386 56 26 him,
424 386 79 22 unless
517 386 18 22 it
547 386 31 22 be
590 392 45 16 one
649 384 28 23 of
687 385 36 22 his
736 383 198 24 fellow-officers.

90 419 72 24 Some
176 427 41 24 say
231 419 51 22 that
296 419 29 22 he
342 419 77 31 ought
437 419 58 30 only
508 423 26 18 to
552 426 76 15 swear
646 419 32 30 by
698 418 36 22 his
752 418 60 23 horn
833 418 46 22 and
899 417 36 23 his

88 453 102 24 leashes.
228 452 41 24 He
286 453 19 22 is
325 453 101 22 entitled
447 457 26 18 to
491 453 42 22 the
552 452 55 22 skin
626 452 29 22 of
671 459 29 15 an
720 459 30 15 ox
770 452 23 22 in
812 452 86 22 winter
910 454 24 20 to

88 487 70 23 make
172 487 98 26 leashes,
286 487 46 22 and
346 491 24 18 to
384 495 13 14 a
411 486 85 24 buck's
509 486 52 22 skin
577 487 23 21 in
613 493 107 15 summer
733 489 24 19 to
771 485 69 22 make
856 485 78 22 boots.

89 521 39 23 On
148 522 41 22 the
206 529 103 15 morrow
324 520 62 24 after
399 521 41 22 the
453 520 62 23 feast
525 519 28 24 of
565 519 35 24 St.
615 519 75 28 John,
706 520 72 31 being
791 520 41 22 the
846 518 88 24 middle

88 555 28 23 of
126 563 112 18 summer,
253 555 29 22 he
296 558 64 19 must
372 563 31 22 go
417 557 24 20 to
455 555 62 22 hunt
535 554 72 26 deer;
625 553 48 23 and
693 553 80 23 unless
792 553 30 23 he
841 561 44 15 can
905 553 29 23 be

88 589 72 23 taken
176 588 83 24 before
270 589 29 22 he
310 589 43 22 has
366 589 62 22 risen
441 588 58 23 from
511 588 36 22 his
557 588 47 23 bed
615 588 47 22 and
674 590 43 28 put
728 596 30 15 on
769 587 37 23 his
817 587 77 26 boots,
905 586 29 24 he

88 623 19 22 is
117 626 43 19 not
169 623 97 31 obliged
278 626 24 19 to
311 623 32 22 do
349 622 90 30 justice
449 625 25 20 to
485 629 47 23 any
543 629 45 16 one
597 622 54 22 who
662 622 42 22 has
713 629 13 15 a
737 621 70 23 claim
817 629 29 15 on

88 656 54 23 The
152 656 124 31 physician
315 659 64 20 must
392 656 55 31 give
458 656 118 23 medicine
587 656 74 29 gratis
675 659 24 19 to
712 656 30 22 all
754 656 40 22 the
805 655 94 23 officers
909 653 27 25 of

88 690 40 23 the
143 690 89 31 palace,
244 690 81 22 unless
339 690 18 22 it
367 690 30 22 be
410 697 46 15 one
469 689 28 23 of
506 690 67 22 three
583 690 137 30 dangerous
731 689 101 23 wounds
841 697 5 14 :
865 689 68 22 these

88 732 47 19 are,
147 732 13 14 a
171 724 62 22 blow
243 732 29 13 on
287 724 41 22 the
339 723 61 23 head
411 723 78 23 which
503 726 138 28 penetrates
651 723 39 22 the
705 723 76 26 brain,
792 730 14 15 a
816 723 80 22 thrust
910 723 23 22 in

87 758 41 22 the
139 758 65 31 body
215 757 76 23 which
303 761 136 27 penetrates
449 757 40 22 the
500 757 96 26 bowels,
607 756 47 23 and
668 756 41 23 the
720 756 119 31 breaking
852 756 29 22 of
888 763 45 15 one

88 791 28 23 of
126 792 41 22 the
180 792 78 22 limbs.
285 790 47 24 For
345 799 73 22 every
427 798 45 15 one
485 790 28 23 of
524 791 66 22 these
602 790 69 23 three
684 790 137 30 dangerous
832 790 101 22 wounds

88 826 40 22 the
141 826 126 29 physician
278 825 20 22 is
310 824 100 23 entitled
425 828 23 19 to
462 832 45 15 one
519 824 110 23 hundred
640 824 47 22 and
701 824 83 31 eighty
796 831 76 22 pence
886 823 48 23 and

88 860 36 22 his
135 863 70 21 meat,
215 867 27 14 or
251 862 25 20 to
287 866 44 15 one
344 859 81 29 pound
434 859 102 22 without
546 858 36 22 his
594 861 70 23 meat,
674 858 48 22 and
733 857 50 23 also
793 858 40 22 the
843 857 90 31 bloody

88 894 100 22 clothes.
218 892 39 23 He
270 892 83 23 claims
366 891 159 32 twenty-four
535 899 77 23 pence
624 891 38 23 for
673 899 15 15 a
701 895 51 19 tent
766 891 36 22 for
812 899 14 14 a
836 891 97 26 wound,

88 934 14 15 a
114 927 98 30 plaister
231 926 28 23 of
269 927 42 22 red
331 927 119 22 ointment
468 926 19 22 is
506 926 170 30 twelvepence,
691 926 48 22 and
756 933 45 15 one
819 924 28 23 of
858 925 75 22 medi-

88 960 63 23 cinal
169 960 71 22 herbs
258 960 18 22 is
496 960 53 22 The
567 960 79 22 butler
690 962 63 20 must
771 959 54 23 take
840 966 55 16 care
909 958 27 24 of

87 994 41 23 the
145 994 69 22 mead
227 993 81 27 cellar,
322 988 47 27 and
384 994 40 21 the
439 993 86 22 bottles
539 993 51 22 that
603 1001 40 14 are
662 991 30 24 irT
705 993 24 22 it.
766 992 54 23 The
833 1000 100 23 propor-

87 1028 62 22 tions
163 1027 28 23 of
201 1026 81 23 lawful
295 1026 80 31 liquor
387 1035 49 19 are,
450 1030 24 19 to
487 1026 34 22 fill
534 1027 41 22 the
589 1026 88 22 vessels
691 1026 21 22 in
728 1026 78 22 which
822 1026 56 31 tliey
893 1033 40 15 are

88 1061 94 31 poured
201 1060 57 22 with
276 1068 45 14 one
340 1064 54 26 part
413 1060 28 23 of
456 1060 45 27 ale,
515 1060 52 22 half
581 1060 28 22 of
625 1060 17 22 it
657 1060 27 22 of
693 1060 102 30 bragget
809 1058 27 32 (a
849 1060 84 29 spiced

87 1094 92 27 drink),
199 1094 48 22 and
267 1101 45 15 one
334 1094 63 22 third
420 1093 28 22 of
592 1093 54 22 The
665 1093 162 30 door-keeper

88 1128 64 23 clear
164 1128 40 22 the
218 1135 52 23 way
284 1126 82 23 before
380 1127 40 22 the
435 1127 58 30 king
507 1126 56 23 with
578 1126 35 23 his
627 1126 43 22 rod
684 1126 27 22 of
720 1126 77 27 office,
809 1127 46 22 and
868 1127 65 22 who-

88 1170 56 14 ever
157 1162 30 22 he
199 1169 56 22 may
268 1160 74 23 strike
359 1168 64 22 upon
442 1160 42 23 the
497 1160 66 27 road,
577 1164 24 18 at
619 1160 41 22 the
679 1159 82 32 length
783 1159 28 24 of
828 1160 35 22 his
882 1169 51 14 arm

88 1196 46 22 and
149 1195 35 22 his
198 1195 52 27 rod,
264 1202 43 15 can
321 1194 82 23 obtain
418 1202 30 14 no
462 1194 100 26 redress,
576 1202 59 14 even
656 1192 20 24 if
692 1194 31 22 he
742 1202 55 23 may
811 1194 77 23 desire
907 1195 26 22 it.

89 1229 40 23 He
148 1232 62 19 must
230 1231 41 20 not
291 1228 29 22 sit
340 1228 24 22 in
381 1228 41 22 the
442 1228 55 25 hall,
518 1228 44 22 but
582 1231 97 27 present
697 1228 99 22 himself
811 1236 65 22 upon
896 1228 37 23 his

88 1263 74 22 knees
178 1264 23 21 in
215 1263 73 29 doing
302 1262 40 22 the
356 1261 77 30 king's
614 1261 54 23 The
682 1261 63 23 cook
791 1265 63 19 must
872 1265 61 20 ta3te

88 1296 28 23 of
124 1304 73 23 every
206 1296 64 30 joint
283 1295 27 23 of
321 1298 64 20 meat
397 1296 51 21 that
463 1296 18 21 is
495 1295 118 30 prepared
626 1294 36 24 for
675 1295 59 28 him,
745 1295 47 23 and
806 1296 31 22 he
850 1296 83 23 claims

88 1330 41 22 the
143 1329 131 31 fragments
287 1330 47 22 and
347 1331 61 21 suet.
447 1328 37 23 He
495 1329 77 30 ought
585 1333 24 19 to
623 1336 68 23 carry
706 1329 39 22 the
759 1329 47 23 last
818 1330 54 22 dish
885 1330 48 22 and

88 1363 69 30 place
171 1364 18 21 it
203 1363 81 22 before
298 1363 40 22 the
352 1363 65 29 king,
431 1363 48 22 and
491 1363 57 22 then
563 1362 40 23 the
618 1362 58 30 king
690 1366 65 19 must
767 1367 98 26 present
882 1363 51 22 him

88 1397 56 22 with
160 1397 36 22 his
209 1400 64 19 meat
286 1396 47 23 and
477 1396 53 22 The
544 1396 168 22 torch-bearer
839 1400 26 19 to
876 1397 57 23 hold

88 1430 41 22 the
143 1430 84 23 candle
248 1429 83 24 before
349 1430 41 22 the
409 1429 65 31 king,
489 1430 46 22 and
555 1434 24 18 to
598 1429 30 23 be
647 1430 76 22 about
741 1430 42 23 the
802 1430 53 23 dish
875 1431 58 22 with

88 1463 50 22 him
153 1464 78 22 whilst
244 1464 30 22 he
288 1464 19 21 is
320 1464 88 30 eating,
422 1463 47 23 and
483 1464 41 22 the
538 1463 91 23 broken
645 1463 74 23 bread
732 1464 47 22 and
799 1463 134 32 fragments

88 1496 79 23 which
182 1496 38 22 fall
233 1505 59 14 over
304 1497 40 22 the
358 1497 52 22 dish
424 1505 40 14 are
576 1497 53 23 The
643 1498 92 22 sixteen
751 1497 94 23 officers
855 1497 28 23 of
891 1498 42 23 the

88 1529 78 29 king's
180 1529 134 23 household
326 1538 40 15 are
381 1534 25 19 to
419 1530 61 23 have
499 1531 63 22 their
574 1530 55 23 land
648 1530 50 23 free
717 1531 47 22 and
781 1530 63 24 their
862 1532 71 23 horse
