1023 1619
89 115 32 23 74

356 124 54 16 THE
424 124 78 16 KINGS
517 124 32 16 OF
562 123 96 16 WALES.

90 181 47 22 and
151 188 25 15 as
189 180 68 24 thick
269 189 25 15 as
307 182 36 23 his
356 182 61 23 little
428 183 86 31 finger,
528 182 49 23 and
590 189 14 15 a
622 180 53 24 dish
694 178 27 24 of
736 179 57 32 gold
812 187 25 15 as
856 179 77 24 broad

90 222 25 15 as
125 214 37 22 his
173 214 59 27 face,
241 215 48 23 and
301 223 26 15 as
340 216 66 22 thick
420 224 25 14 as
458 224 14 15 a
485 213 188 25 husbandman's
687 213 48 23 nail
748 214 54 22 who
815 214 42 22 has
870 214 62 23 been

89 255 15 16 a
117 248 166 23 husbandman
301 248 38 24 for
356 258 71 14 seven
576 249 54 22 The
644 248 183 29 heir-apparent
841 248 41 22 has
897 247 36 22 his

89 282 71 26 table,
173 282 35 22 his
222 282 96 28 bridles,
329 282 36 23 his
377 284 87 26 steeds,
476 283 36 22 his
526 282 69 31 dogs,
605 282 35 23 his
653 282 74 30 rings,
737 277 36 26 his
787 284 145 24 ornaments,

89 316 48 22 and
151 316 35 22 his
200 323 63 15 arms
275 316 63 23 from
351 317 40 22 the
405 317 65 31 king.
506 316 41 22 He
566 320 64 18 must
649 319 42 19 not
710 317 53 27 part
776 315 57 22 with
848 322 46 23 any
909 314 27 24 of

89 349 66 22 them
169 349 102 23 without
284 349 40 23 the
337 349 79 33 king's
428 351 76 25 leave,
516 349 46 23 and
573 353 25 19 at
611 349 37 22 his
659 349 72 22 death
746 349 36 22 his
795 349 79 22 steeds
886 349 47 22 and

89 382 37 23 his
141 382 61 32 dogs
214 387 80 18 revert
312 387 25 19 to
356 384 40 22 the
415 384 68 30 royal
502 383 77 22 donor
589 392 5 14 :
615 383 29 22 he
664 386 64 18 must
746 384 43 20 not
806 382 68 22 leave
893 382 41 23 the

90 416 59 31 king
162 416 38 23 for
213 425 14 14 a
237 417 78 31 single
325 417 77 31 night,
412 425 60 15 even
484 416 20 23 if
515 417 29 22 he
556 416 87 23 should
657 416 78 22 desire
748 416 25 21 it.
800 415 53 23 The
863 416 72 22 order

90 450 23 23 in
127 451 80 23 which
220 451 42 23 the
275 454 70 20 court
362 459 41 15 are
421 454 25 20 to
465 451 30 22 sit
513 451 78 22 round
611 449 41 23 the
671 449 44 22 fire
734 450 20 22 is
772 449 88 32 rigidly
878 457 55 23 pre-

89 485 105 22 scribed.
257 485 53 23 The
323 485 52 23 first
388 486 19 22 is
420 485 41 23 the
478 484 66 30 king,
559 484 53 22 who
632 487 64 19 must
707 484 30 22 sit
751 487 57 19 next
821 484 41 22 the
875 484 58 27 fire;

89 522 58 19 next
159 522 25 19 to
198 518 48 23 him
261 519 40 23 the
315 519 175 25 torch-bearer,
505 512 57 29 then
582 518 40 23 the
641 520 78 28 guest,
734 517 55 23 then
809 518 41 22 the
869 517 64 23 heir-

89 556 126 26 apparent,
229 553 56 22 then
300 553 40 22 the
354 557 89 18 master
455 552 28 23 of
494 552 39 23 the
549 552 89 26 hawks,
652 552 57 22 then
724 551 41 23 the
784 550 150 24 foot-holder

89 589 24 19 to
130 586 29 22 be
177 586 75 22 about
269 586 40 23 the
322 586 52 23 dish
389 586 56 22 with
460 586 56 27 him,
531 586 46 22 and
595 586 57 22 then
672 585 41 22 the
726 585 124 30 physician
865 588 24 20 to
903 585 30 23 be

89 619 75 23 about
177 619 41 23 the
231 619 43 22 fire
288 620 56 22 with
358 620 58 22 him.
453 619 66 22 Next
529 619 42 22 the
583 619 44 22 fire
640 626 30 15 on
685 619 40 22 the
738 619 71 22 other
820 619 51 22 side
890 619 42 22 sits

87 653 42 23 the
142 653 116 23 domestic
272 653 120 31 chaplain,
405 657 25 19 to
444 653 61 22 bless
518 653 42 22 the
572 652 55 23 food
641 652 47 23 and
705 652 74 23 chant
792 652 39 23 the
845 652 86 23 Lord's

89 686 92 32 Prayer
191 697 5 16 ;
215 687 48 22 and
276 687 40 23 the
329 688 62 22 crier
404 691 63 18 must
480 687 75 22 strike
568 687 40 22 the
626 686 68 30 pillar
707 686 77 22 above
804 686 36 22 his
859 686 71 23 head.

89 720 65 23 Next
173 724 24 19 to
217 721 48 22 him
284 722 41 22 sits
345 722 40 22 the
399 721 78 31 judge
495 720 28 23 of
539 720 41 23 the
598 724 79 22 court,
691 719 56 23 then
767 719 41 23 the
826 720 60 22 bard
906 719 28 23 of

87 755 160 30 precedency,
261 755 46 22 and
322 755 40 23 the
374 755 72 22 smith
459 754 29 23 of
496 754 42 23 the
551 757 70 20 court
634 753 43 23 sits
689 761 31 14 on
735 753 41 23 the
787 753 47 23 end
852 753 28 23 of
889 754 42 22 the

88 788 61 24 form
164 787 82 24 before
260 788 40 23 the

140 822 53 23 The
207 825 87 20 master
305 822 76 23 ofthe
396 821 134 24 household
549 821 48 23 had
616 829 14 16 a
648 820 88 31 capital
754 821 176 30 appointment,

86 856 45 23 but
144 863 14 16 a
170 859 69 27 great
251 856 53 23 deal
318 859 25 20 to
356 856 45 23 do:
423 862 88 23 among
524 856 70 22 other
607 855 89 30 things,
708 855 18 21 it
737 854 117 23 devolved
866 862 64 22 upon

87 890 49 22 him
150 894 24 18 to
194 890 69 22 make
284 897 31 23 up
334 890 83 30 family
426 889 60 31 jars,
505 889 48 23 and
572 888 139 31 everybody
732 892 63 19 must
814 887 46 24 feel
880 888 52 23 that

87 923 31 22 he
131 923 77 31 ought
221 927 25 18 to
260 923 61 23 have
334 923 61 23 been
414 923 52 22 well
484 923 56 30 paid
560 922 38 23 for
615 929 26 16 so
660 921 123 24 thankless
802 929 29 15 an
851 921 80 24 office.

113 956 25 23 If
152 957 40 22 the
213 956 59 32 king
289 957 92 22 receive
401 965 46 21 any
465 964 53 14 man
542 956 28 22 of
588 956 40 22 the
648 955 84 31 family
749 956 23 22 in
792 962 81 23 anger,
890 956 41 22 the

87 994 89 18 master
190 989 75 24 ofthe
285 990 133 23 household
437 994 63 18 must
519 990 74 22 invite
613 989 47 22 him
681 989 51 22 into
753 989 35 22 his
808 996 123 23 presence,

86 1024 46 22 and
147 1024 120 22 reconcile
280 1024 49 21 him
342 1028 25 18 to
380 1024 41 22 the
553 1023 150 30 Marauding
715 1023 154 31 expeditions
880 1022 51 23 into

86 1057 41 22 the
141 1057 178 31 neighbouring
333 1058 130 21 territories
477 1065 40 14 are
529 1057 91 30 spoken
634 1056 29 22 of
672 1057 24 21 in
710 1057 39 23 the
767 1056 92 23 coolest
878 1064 53 23 way

86 1091 23 21 in
124 1091 40 21 the
179 1090 72 22 world
263 1099 6 17 ;
290 1091 40 22 the
344 1094 88 19 master
444 1089 28 24 of
483 1091 39 22 the
533 1089 135 23 household
682 1090 44 22 has
739 1090 48 23 laid
806 1090 79 26 down,
906 1090 24 22 in

86 1123 72 23 black
171 1124 47 22 and
232 1123 80 26 white,
327 1124 64 23 what
405 1124 29 22 he
447 1124 20 22 is
479 1127 25 19 to
517 1124 32 22 do
593 1123 67 23 when
675 1123 18 22 it
711 1125 20 21 is
749 1131 131 22 necessary
892 1122 39 24 for

86 1158 40 22 the
140 1157 83 31 family
236 1161 24 19 to
274 1165 30 23 go
324 1160 24 20 to
518 1157 54 22 The
592 1157 118 22 domestic
731 1157 111 31 chaplain
887 1156 44 24 has

86 1191 36 23 his
136 1191 98 30 lodging
248 1191 58 22 with
319 1191 40 23 the
519 1191 47 22 this
578 1191 91 22 sounds
679 1192 82 23 rather
769 1190 68 32 infra
846 1191 50 30 dig.

177 1225 40 22 the
235 1225 106 22 scholars
360 1225 56 22 with
438 1225 62 25 him;
519 1225 36 22 his
575 1224 131 24 allowance
726 1226 20 21 is
766 1232 46 17 one
831 1220 55 27 dish
905 1224 29 24 of

86 1262 64 20 meat
163 1258 47 23 and
224 1265 13 16 a
250 1258 96 23 hornful
360 1258 27 23 of
536 1257 80 24 There
634 1259 20 21 is
672 1265 15 16 a
704 1259 58 30 long
781 1259 39 22 list
838 1258 27 23 of
881 1258 50 23 fees

85 1293 47 22 and
152 1293 66 26 dues,
238 1299 30 15 on
286 1292 78 23 which
384 1292 41 23 the
447 1292 117 23 domestic
585 1292 111 29 chaplain
720 1293 40 22 did
780 1298 43 17 not
842 1296 89 19 starve.

86 1325 53 23 The
159 1326 45 22 last
220 1325 81 23 clause
318 1333 58 15 runs
397 1326 64 27 thus,
522 1325 40 23 No
583 1326 87 29 bishop
689 1332 65 16 must
771 1330 99 27 present
882 1334 49 23 any

85 1365 86 23 person
185 1363 25 18 to
224 1359 40 22 the
279 1359 77 30 king's
368 1359 98 30 chapels
481 1359 102 22 without
596 1359 36 22 his
850 1359 81 24 There

86 1392 19 22 is
118 1400 13 14 a
145 1396 43 18 nut
202 1392 37 23 for
255 1400 41 24 my
309 1392 186 24 Ultramontane
508 1392 91 23 friends
612 1397 25 18 to
650 1394 82 22 crack.
758 1393 53 24 The
828 1393 103 23 steward

86 1425 27 23 of
128 1426 40 22 the
187 1426 134 23 household
340 1427 43 22 has
401 1435 46 14 one
465 1427 81 22 rather
564 1434 103 15 onerous
686 1428 69 30 duty,
818 1427 30 23 he
867 1431 64 20 must

85 1466 77 15 swear
181 1459 38 23 for
237 1460 41 22 the
416 1460 53 23 The
489 1465 88 18 master
596 1460 28 23 of
642 1461 40 22 the
702 1461 83 23 hawks
834 1461 42 22 has
894 1461 37 23 his

86 1492 99 31 lodging
198 1493 24 21 in
236 1493 40 22 the
290 1493 77 31 king's
379 1494 68 25 barn,
461 1494 45 23 lest
519 1495 36 21 his
568 1495 66 22 birds
646 1495 88 22 should
748 1496 29 21 be
788 1495 95 30 injured
897 1496 34 29 by

86 1525 39 22 the
138 1525 90 23 smoke.
264 1526 41 23 He
323 1530 63 20 must
406 1528 71 29 bring
490 1528 35 22 his
539 1528 75 22 vessel
627 1532 24 19 to
663 1528 41 23 the
718 1528 82 29 palace
820 1532 24 19 to
863 1532 41 25 get
917 1536 14 16 a
