1023 1619
899 108 31 24 73

356 115 54 14 THE
425 115 79 14 KINGS
519 115 32 14 OK
564 115 96 14 WALES.

88 172 58 30 they
159 179 62 15 were
235 172 144 30 capricious,
393 171 85 31 placed
491 172 94 23 therein
599 172 63 23 their
680 171 115 25 favorites
814 181 27 15 or
859 181 55 15 sons
925 182 5 15 :

88 214 13 14 a
113 209 61 19 state
187 206 23 22 in
226 205 78 23 which
318 206 41 22 the
373 205 74 32 Papal
463 205 46 24 See
523 207 78 30 might
616 206 60 23 have
690 206 60 23 been
765 208 129 29 compared
909 212 24 18 to

88 248 14 14 a
114 241 95 29 captive
228 240 25 22 in
272 240 91 26 chains,
377 242 25 21 to
415 240 87 27 whom,
516 240 74 30 being
601 240 117 30 deprived
732 240 28 24 of
770 241 113 27 freedom,
898 249 35 15 we

88 281 40 15 are
142 276 42 20 not
197 277 24 19 to
236 274 91 29 impute
346 274 40 23 the
406 274 110 30 disgrace
532 274 78 23 which
630 269 30 28 he
857 275 76 23 How-

88 314 64 20 ever,
166 308 40 22 the
224 308 64 23 vices
307 308 78 23 which
403 307 122 24 deformed
546 308 39 23 the
606 307 97 31 Papacy
717 316 61 15 were
795 309 69 26 little,
878 308 22 23 if
910 312 25 19 at

88 341 41 27 all,
143 342 88 22 known
251 342 22 22 in
293 345 92 19 remote
404 342 92 22 Britain
508 351 5 17 ;
532 342 47 22 and
598 341 21 23 if
632 336 97 28 Howell
743 342 42 22 felt
798 342 135 30 persuaded

89 375 53 23 that
154 375 42 23 the
211 375 86 30 Pope's
309 375 110 23 sanction
434 383 46 15 was
494 383 127 23 necessary
634 379 25 19 to
670 375 55 31 give
739 375 101 32 validity
853 380 24 19 to
898 376 35 22 his

89 408 111 28 reforms,
215 409 46 22 and
281 409 88 23 induce
389 409 36 22 his
443 409 106 31 subjects
568 414 23 17 to
611 412 94 27 respect
723 409 49 23 and
791 410 61 29 obey
867 410 66 22 thera

90 443 87 26 better,
193 443 29 22 he
236 451 47 14 was
296 443 66 30 right
375 444 22 21 in
412 443 100 31 seeking
525 443 41 23 the
585 443 159 31 approbation
764 442 27 24 of
806 444 40 21 the
866 443 67 31 Holy

93 476 53 26 See,
168 477 33 30 by
222 477 122 23 whatever
364 477 129 30 unworthy
516 480 120 27 occupant
657 477 18 22 it
693 477 79 30 might
790 477 61 22 have
871 477 61 23 been

91 511 134 30 possessed.

144 544 54 23 The
211 544 56 23 laws
285 544 27 23 of
322 544 97 23 Howell
431 544 41 23 the
485 544 73 24 Good
578 545 75 22 throw
673 545 72 22 much
763 544 62 28 light
843 552 30 15 on
894 545 39 22 the

91 581 62 20 state
166 578 28 23 of
204 579 92 30 society
309 579 23 21 in
348 579 81 22 Wales
445 579 23 22 in
489 579 39 22 the
546 579 69 22 tenth
632 581 109 27 century.
778 578 53 23 The
845 578 90 27 Codes

92 612 19 22 is
133 612 97 22 divided
250 612 50 22 into
319 612 67 22 three
405 612 92 22 books:
505 627 33 2 —
544 612 53 22 The
617 612 51 22 first
688 612 109 22 contains
818 612 40 22 the
878 612 57 22 laws

92 645 103 31 relating
209 650 23 18 to
247 645 40 23 the
304 650 70 18 court
385 656 5 16 ;
408 645 41 23 the
464 645 98 28 second,
578 646 40 22 the
638 645 56 23 laws
712 645 27 23 of
756 645 40 24 the
815 649 103 27 country
929 655 6 18 ;

92 679 46 22 and
153 679 40 23 the
206 679 72 27 third,
293 679 40 23 the
350 679 78 31 prices
447 679 28 22 of
485 679 56 23 wild
559 679 47 22 and
624 683 64 19 tame
706 679 108 27 animals,
828 679 48 22 and
894 679 41 22 the

93 713 81 31 things
192 713 169 31 appertaining
380 717 24 18 to
424 713 73 22 them.
534 713 11 22 I
565 721 55 23 may
638 713 103 30 premise
760 713 52 22 that
829 713 69 22 there
916 713 19 22 is

93 750 43 19 not
156 755 15 14 a
189 746 76 31 single
288 747 93 22 offence
401 746 86 23 known
509 750 26 20 to
552 747 42 22 the
612 746 45 23 law
675 746 79 23 which
773 746 19 21 is
810 749 42 19 not
872 754 64 15 com-

93 780 109 23 mutable
223 780 38 23 for
281 789 14 14 a
316 780 56 26 fine,
394 781 101 29 varying
515 780 132 31 according
667 783 24 19 to
711 780 40 22 the
773 779 59 22 rank
852 779 26 22 of
894 780 42 22 the

93 818 71 26 party
177 813 104 31 injured.
317 813 52 23 The
387 813 42 23 life
447 813 27 23 of
490 813 40 22 the
549 813 65 31 king,
630 813 52 30 just
701 821 24 14 as
744 812 40 22 the
801 812 40 23 life
860 812 76 24 ofthe

93 850 110 27 peasant,
214 847 42 22 has
270 848 29 22 its
313 847 73 30 price;
423 846 52 23 The
488 847 58 22 laws
556 846 101 31 relating
667 850 23 19 to
701 854 91 14 women
802 854 40 14 are
853 854 83 15 nume-

94 888 57 15 rous
171 880 48 23 and
238 881 92 22 minute
339 889 5 17 ;
365 881 45 22 but
429 879 20 23 if
464 880 57 30 they
536 880 28 22 be
585 880 70 22 taken
671 888 25 14 as
716 888 13 14 a
747 879 91 31 sample
855 880 28 22 of
897 880 40 22 the

94 915 71 29 spirit
186 913 28 23 of
238 914 80 23 feudal
340 914 155 25 institutions,
518 913 66 23 leave
605 922 25 13 us
650 913 102 31 nothing
770 916 25 19 to
814 916 79 27 regret
912 914 23 21 in

93 942 65 28 their
165 948 127 22 abolition.
319 947 52 23 The
382 947 56 22 laws
447 947 77 22 which
534 947 107 30 regulate
650 947 40 22 the
701 949 70 20 court
779 947 32 22 fix
820 947 41 22 the
869 951 69 26 great

95 982 96 22 officers
200 981 76 23 ofthe
286 981 78 30 king's
374 980 133 23 household
517 984 24 19 at
548 981 100 25 sixteen,
657 979 27 23 of
690 980 78 22 whom
778 981 39 22 the
828 980 110 30 chaplain

94 1015 20 22 is
128 1015 40 22 the
178 1015 97 27 second,
286 1015 39 22 the
336 1014 118 23 domestic
468 1014 59 23 bard
539 1014 83 30 eighth
636 1014 22 22 in
673 1014 77 22 order.
778 1014 52 23 The
840 1013 98 31 queen's

94 1049 136 22 household
244 1049 19 22 is
276 1049 93 22 limited
388 1051 25 20 to
428 1048 74 30 eight,
516 1047 28 23 of
553 1048 78 22 whom
651 1048 39 22 the
708 1048 74 29 priest
801 1048 19 22 is
839 1048 98 23 second.

122 1082 81 23 Three
216 1083 71 22 times
300 1082 24 22 in
337 1082 41 22 the
392 1089 57 23 year
462 1081 40 23 the
514 1081 158 30 twenty-four
681 1076 93 28 officers
787 1088 40 16 are
837 1081 101 23 entitled

95 1120 25 19 to
130 1116 94 23 receive
233 1116 63 22 their
304 1115 101 23 woollen
414 1118 122 28 garments
546 1114 61 23 from
615 1115 41 22 the
668 1115 63 30 king,
743 1115 47 22 and
801 1115 62 22 their
873 1115 65 22 linen

94 1153 125 27 garments
244 1149 61 23 from
327 1149 40 22 the
389 1156 79 23 queen
480 1158 5 16 ;
509 1148 45 22 viz.
574 1152 24 18 at
617 1147 139 28 Christmas,
778 1148 92 28 Easter,
890 1148 48 22 and

325 1182 54 23 The
392 1190 77 23 queen
484 1182 42 22 has
539 1189 13 15 a
569 1189 57 23 very
640 1181 83 23 liberal
739 1181 138 28 allowance,
891 1181 46 23 and

96 1218 41 22 the
157 1217 100 30 queen's
276 1220 107 19 servants
402 1224 40 14 are
461 1219 42 19 not
522 1215 73 30 badly
613 1215 35 22 off
662 1215 84 23 either.
807 1215 54 24 The
880 1215 58 31 king

96 1254 64 19 must
174 1254 71 26 grant
259 1251 39 22 the
311 1258 78 22 queen
403 1258 14 14 a
430 1249 64 23 third
508 1248 27 23 of
546 1249 35 22 his
595 1249 94 22 income
703 1248 59 23 from
783 1248 87 24 landed
883 1257 54 22 pro-

95 1288 79 27 perty,
188 1285 48 22 and
250 1284 40 23 the
303 1286 108 20 servants
425 1282 27 23 of
463 1283 39 22 the
517 1283 58 30 king
587 1286 64 19 must
664 1282 50 24 also
728 1283 54 30 give
800 1291 15 18 a
832 1278 64 28 third
915 1281 25 24 of

95 1319 76 22 theirs
193 1321 24 19 to
236 1318 40 22 the
295 1316 99 31 queen's
414 1320 115 19 servants.
567 1316 52 23 The
639 1316 47 22 fine
706 1315 37 24 for
762 1316 116 31 insulting
897 1316 41 23 the

96 1352 69 31 King
178 1351 28 23 of
217 1351 129 23 Aberfraw
359 1349 113 33 (ancient
485 1350 87 30 capital
585 1349 27 23 of
629 1349 78 23 North
721 1348 96 33 Wales)
830 1350 60 23 shall
908 1351 30 22 be

96 1385 57 31 paid
165 1393 26 14 as
204 1385 94 22 follows
308 1393 5 14 :
358 1385 22 22 A
392 1384 111 24 hundred
517 1391 63 16 cows
594 1383 60 24 from
666 1391 72 23 every
748 1379 109 27 hundred
868 1385 22 21 in
902 1384 36 22 his

94 1419 56 30 (the
172 1418 138 30 offender's)
330 1418 115 31 lordship,
464 1426 15 17 a
499 1418 44 25 rod
564 1418 27 23 of
606 1417 56 31 gold
681 1425 25 16 as
724 1418 57 30 long
800 1425 25 16 as
843 1417 97 24 himself

288 1499 11 13 *
315 1500 112 24 Dollinger,
439 1499 39 19 vol.
488 1499 28 19 iii.
527 1505 20 19 p.
559 1499 46 19 136.

287 1527 13 23 t
315 1527 87 19 Ancient
412 1526 71 19 Welsh
494 1526 64 24 Laws,
569 1533 34 18 pp.
615 1525 87 21 87-270.

822 1560 13 16 E
