<?xml version="1.0" encoding="UTF-8"?>
<alto xmlns:xsi="http://www.w3.org/2001/XMLSchema-instance" xsi:noNamespaceSchemaLocation="http://www.bl.uk/schemas/alto/alto-1-4.xsd" xmlns:xlink="http://www.w3.org/1999/xlink">
	<Description>
		<MeasurementUnit>mm10</MeasurementUnit>
		<sourceImageInformation>
			<fileName>//head1/IN/2008-22/A0011651692/008484.jp2</fileName>
		</sourceImageInformation>
		<OCRProcessing ID="OCRPROCESSING_1">
			<preProcessingStep>
				<processingSoftware>
					<softwareCreator>CCS Content Conversion Specialists GmbH, Germany</softwareCreator>
					<softwareName>CCS docWORKS</softwareName>
					<softwareVersion>6.1-0.67</softwareVersion>
				</processingSoftware>
			</preProcessingStep>
			<ocrProcessingStep>
				<processingSoftware>
					<softwareCreator>ABBYY (BIT Software), Russia</softwareCreator>
					<softwareName>Finereader</softwareName>
				</processingSoftware>
			</ocrProcessingStep>
		</OCRProcessing>
	</Description>
	<Styles>
		<TextStyle ID="TXT_0" FONTSIZE="10" FONTFAMILY="Courier New"/>
		<TextStyle ID="TXT_1" FONTSIZE="9" FONTFAMILY="Courier New"/>
		<ParagraphStyle ID="PAR_LEFT" ALIGN="Left"/>
		<ParagraphStyle ID="PAR_CENTER" ALIGN="Center"/>
	</Styles>
	<Layout>
		<Page ID="P96" PHYSICAL_IMG_NR="96" HEIGHT="1619" WIDTH="1023" PRINTED_IMG_NR="82" POSITION="Left" ACCURACY="79.19">
			<TopMargin ID="P96_TM00001" HPOS="0" VPOS="0" WIDTH="1022" HEIGHT="143">
				<TextBlock ID="P96_TB00001" HPOS="72" VPOS="118" WIDTH="32" HEIGHT="23" STYLEREFS="TXT_0 PAR_LEFT">
					<TextLine ID="P96_TL00001" HPOS="72" VPOS="118" WIDTH="32" HEIGHT="23">
						<String ID="P96_ST00001" HPOS="72" VPOS="118" WIDTH="32" HEIGHT="23" CONTENT="82" WC="1.00" CC="00"/>
					</TextLine>
				</TextBlock>
				<TextBlock ID="P96_TB00002" HPOS="343" VPOS="123" WIDTH="307" HEIGHT="17" STYLEREFS="TXT_1 PAR_CENTER">
					<TextLine ID="P96_TL00002" HPOS="343" VPOS="124" WIDTH="307" HEIGHT="16">
						<String ID="P96_ST00002" HPOS="343" VPOS="125" WIDTH="53" HEIGHT="15" CONTENT="THE" WC="0.88" CC="030"/>
						<SP ID="P96_SP00001" HPOS="396" VPOS="140" WIDTH="15"/>
						<String ID="P96_ST00003" HPOS="411" VPOS="125" WIDTH="80" HEIGHT="15" CONTENT="KINGS" WC="0.63" CC="05550"/>
						<SP ID="P96_SP00002" HPOS="491" VPOS="140" WIDTH="15"/>
						<String ID="P96_ST00004" HPOS="506" VPOS="125" WIDTH="32" HEIGHT="15" CONTENT="OF" WC="0.91" CC="01"/>
						<SP ID="P96_SP00003" HPOS="538" VPOS="140" WIDTH="14"/>
						<String ID="P96_ST00005" HPOS="552" VPOS="124" WIDTH="98" HEIGHT="16" CONTENT="WALES." WC="0.55" CC="890413"/>
					</TextLine>
				</TextBlock>
			</TopMargin>
			<LeftMargin ID="P96_LM00001" HPOS="0" VPOS="143" WIDTH="71" HEIGHT="1419"/>
			<RightMargin ID="P96_RM00001" HPOS="920" VPOS="143" WIDTH="102" HEIGHT="1419"/>
			<BottomMargin ID="P96_BM00001" HPOS="0" VPOS="1562" WIDTH="1022" HEIGHT="56"/>
			<PrintSpace ID="P96_PS00001" HPOS="71" VPOS="143" WIDTH="849" HEIGHT="1419">
				<TextBlock ID="P96_TB00003" HPOS="71" VPOS="181" WIDTH="849" HEIGHT="1136" STYLEREFS="TXT_1 PAR_LEFT">
					<TextLine ID="P96_TL00003" HPOS="72" VPOS="181" WIDTH="845" HEIGHT="33">
						<String ID="P96_ST00006" HPOS="72" VPOS="184" WIDTH="58" HEIGHT="24" CONTENT="took" WC="0.83" CC="0060"/>
						<SP ID="P96_SP00004" HPOS="130" VPOS="208" WIDTH="14"/>
						<String ID="P96_ST00007" HPOS="144" VPOS="184" WIDTH="41" HEIGHT="23" CONTENT="the" WC="0.70" CC="170"/>
						<SP ID="P96_SP00005" HPOS="185" VPOS="208" WIDTH="12"/>
						<String ID="P96_ST00008" HPOS="197" VPOS="182" WIDTH="68" HEIGHT="25" CONTENT="lion's" WC="0.60" CC="500872"/>
						<SP ID="P96_SP00006" HPOS="265" VPOS="208" WIDTH="13"/>
						<String ID="P96_ST00009" HPOS="278" VPOS="184" WIDTH="80" HEIGHT="27" CONTENT="share," WC="0.73" CC="570300"/>
						<SP ID="P96_SP00007" HPOS="358" VPOS="211" WIDTH="13"/>
						<String ID="P96_ST00010" HPOS="371" VPOS="184" WIDTH="47" HEIGHT="22" CONTENT="and" WC="0.72" CC="080"/>
						<SP ID="P96_SP00008" HPOS="418" VPOS="211" WIDTH="13"/>
						<String ID="P96_ST00011" HPOS="431" VPOS="192" WIDTH="61" HEIGHT="22" CONTENT="gave" WC="1.00" CC="0000"/>
						<SP ID="P96_SP00009" HPOS="492" VPOS="214" WIDTH="14"/>
						<String ID="P96_ST00012" HPOS="506" VPOS="183" WIDTH="41" HEIGHT="23" CONTENT="the" WC="0.76" CC="070"/>
						<SP ID="P96_SP00010" HPOS="547" VPOS="214" WIDTH="13"/>
						<String ID="P96_ST00013" HPOS="560" VPOS="186" WIDTH="48" HEIGHT="20" CONTENT="rest" WC="0.72" CC="0090"/>
						<SP ID="P96_SP00011" HPOS="608" VPOS="214" WIDTH="14"/>
						<String ID="P96_ST00014" HPOS="622" VPOS="181" WIDTH="28" HEIGHT="24" CONTENT="of" WC="0.88" CC="20"/>
						<SP ID="P96_SP00012" HPOS="650" VPOS="214" WIDTH="8"/>
						<String ID="P96_ST00015" HPOS="658" VPOS="181" WIDTH="224" HEIGHT="31" CONTENT="Glamorganshire," WC="0.68" CC="000604935673000"/>
						<SP ID="P96_SP00013" HPOS="882" VPOS="214" WIDTH="10"/>
						<String ID="P96_ST00016" HPOS="892" VPOS="185" WIDTH="25" HEIGHT="21" CONTENT="to" WC="0.25" CC="77"/>
					</TextLine>
					<TextLine ID="P96_TL00004" HPOS="72" VPOS="216" WIDTH="844" HEIGHT="32">
						<String ID="P96_ST00017" HPOS="72" VPOS="219" WIDTH="31" HEIGHT="22" CONTENT="be" WC="1.00" CC="00"/>
						<SP ID="P96_SP00014" HPOS="103" VPOS="241" WIDTH="18"/>
						<String ID="P96_ST00018" HPOS="121" VPOS="218" WIDTH="55" HEIGHT="23" CONTENT="held" WC="0.85" CC="6000"/>
						<SP ID="P96_SP00015" HPOS="176" VPOS="241" WIDTH="14"/>
						<String ID="P96_ST00019" HPOS="190" VPOS="218" WIDTH="77" HEIGHT="23" CONTENT="under" WC="0.83" CC="08000"/>
						<SP ID="P96_SP00016" HPOS="267" VPOS="241" WIDTH="12"/>
						<String ID="P96_ST00020" HPOS="279" VPOS="218" WIDTH="50" HEIGHT="22" CONTENT="him" WC="0.58" CC="605"/>
						<SP ID="P96_SP00017" HPOS="329" VPOS="241" WIDTH="13"/>
						<String ID="P96_ST00021" HPOS="342" VPOS="218" WIDTH="32" HEIGHT="30" CONTENT="by" WC="0.69" CC="60"/>
						<SP ID="P96_SP00018" HPOS="374" VPOS="248" WIDTH="14"/>
						<String ID="P96_ST00022" HPOS="388" VPOS="218" WIDTH="48" HEIGHT="22" CONTENT="suit" WC="0.62" CC="6602"/>
						<SP ID="P96_SP00019" HPOS="436" VPOS="248" WIDTH="12"/>
						<String ID="P96_ST00023" HPOS="448" VPOS="217" WIDTH="49" HEIGHT="23" CONTENT="and" WC="0.86" CC="040"/>
						<SP ID="P96_SP00020" HPOS="497" VPOS="248" WIDTH="12"/>
						<String ID="P96_ST00024" HPOS="509" VPOS="217" WIDTH="99" HEIGHT="26" CONTENT="service," WC="0.72" CC="10306090"/>
						<SP ID="P96_SP00021" HPOS="608" VPOS="248" WIDTH="15"/>
						<String ID="P96_ST00025" HPOS="623" VPOS="219" WIDTH="25" HEIGHT="20" CONTENT="to" WC="0.56" CC="34"/>
						<SP ID="P96_SP00022" HPOS="648" VPOS="248" WIDTH="14"/>
						<String ID="P96_ST00026" HPOS="662" VPOS="216" WIDTH="34" HEIGHT="22" CONTENT="his" WC="0.54" CC="706"/>
						<SP ID="P96_SP00023" HPOS="696" VPOS="248" WIDTH="14"/>
						<String ID="P96_ST00027" HPOS="710" VPOS="216" WIDTH="86" HEIGHT="23" CONTENT="twelve" WC="0.92" CC="000400"/>
						<SP ID="P96_SP00024" HPOS="796" VPOS="248" WIDTH="15"/>
						<String ID="P96_ST00028" HPOS="811" VPOS="216" WIDTH="105" HEIGHT="29" CONTENT="knights," WC="0.70" CC="02492030"/>
					</TextLine>
					<TextLine ID="P96_TL00005" HPOS="71" VPOS="250" WIDTH="846" HEIGHT="32">
						<String ID="P96_ST00029" HPOS="71" VPOS="252" WIDTH="98" HEIGHT="30" CONTENT="leaving" WC="0.86" CC="0000270"/>
						<SP ID="P96_SP00025" HPOS="169" VPOS="282" WIDTH="19"/>
						<String ID="P96_ST00030" HPOS="188" VPOS="255" WIDTH="24" HEIGHT="19" CONTENT="to" WC="0.57" CC="35"/>
						<SP ID="P96_SP00026" HPOS="212" VPOS="282" WIDTH="20"/>
						<String ID="P96_ST00031" HPOS="232" VPOS="251" WIDTH="94" HEIGHT="23" CONTENT="Eineon" WC="0.76" CC="005026"/>
						<SP ID="P96_SP00027" HPOS="326" VPOS="282" WIDTH="19"/>
						<String ID="P96_ST00032" HPOS="345" VPOS="252" WIDTH="41" HEIGHT="22" CONTENT="the" WC="0.77" CC="060"/>
						<SP ID="P96_SP00028" HPOS="386" VPOS="282" WIDTH="19"/>
						<String ID="P96_ST00033" HPOS="405" VPOS="252" WIDTH="78" HEIGHT="29" CONTENT="rough" WC="0.42" CC="05696"/>
						<SP ID="P96_SP00029" HPOS="483" VPOS="282" WIDTH="20"/>
						<String ID="P96_ST00034" HPOS="503" VPOS="251" WIDTH="46" HEIGHT="23" CONTENT="and" WC="0.78" CC="060"/>
						<SP ID="P96_SP00030" HPOS="549" VPOS="282" WIDTH="21"/>
						<String ID="P96_ST00035" HPOS="570" VPOS="251" WIDTH="86" HEIGHT="23" CONTENT="barren" WC="0.63" CC="249022"/>
						<SP ID="P96_SP00031" HPOS="656" VPOS="282" WIDTH="15"/>
						<String ID="P96_ST00036" HPOS="671" VPOS="250" WIDTH="144" HEIGHT="23" CONTENT="mountains." WC="0.71" CC="7708000500"/>
						<SP ID="P96_SP00032" HPOS="815" VPOS="282" WIDTH="36"/>
						<String ID="P96_ST00037" HPOS="851" VPOS="250" WIDTH="66" HEIGHT="23" CONTENT="Fitz-" WC="0.78" CC="53020"/>
					</TextLine>
					<TextLine ID="P96_TL00006" HPOS="72" VPOS="284" WIDTH="845" HEIGHT="32">
						<String ID="P96_ST00038" HPOS="72" VPOS="285" WIDTH="145" HEIGHT="23" CONTENT="Hammon's" WC="0.84" CC="00002522"/>
						<SP ID="P96_SP00033" HPOS="217" VPOS="308" WIDTH="21"/>
						<String ID="P96_ST00039" HPOS="238" VPOS="285" WIDTH="66" HEIGHT="31" CONTENT="good" WC="0.73" CC="7120"/>
						<SP ID="P96_SP00034" HPOS="304" VPOS="316" WIDTH="19"/>
						<String ID="P96_ST00040" HPOS="323" VPOS="285" WIDTH="97" HEIGHT="23" CONTENT="fortune" WC="0.95" CC="0000030"/>
						<SP ID="P96_SP00035" HPOS="420" VPOS="316" WIDTH="22"/>
						<String ID="P96_ST00041" HPOS="442" VPOS="293" WIDTH="59" HEIGHT="22" CONTENT="very" WC="0.49" CC="9630"/>
						<SP ID="P96_SP00036" HPOS="501" VPOS="316" WIDTH="13"/>
						<String ID="P96_ST00042" HPOS="514" VPOS="292" WIDTH="59" HEIGHT="16" CONTENT="soon" WC="0.74" CC="4140"/>
						<SP ID="P96_SP00037" HPOS="573" VPOS="316" WIDTH="20"/>
						<String ID="P96_ST00043" HPOS="593" VPOS="284" WIDTH="108" HEIGHT="30" CONTENT="brought" WC="0.79" CC="6100060"/>
						<SP ID="P96_SP00038" HPOS="701" VPOS="316" WIDTH="18"/>
						<String ID="P96_ST00044" HPOS="719" VPOS="284" WIDTH="82" HEIGHT="23" CONTENT="others" WC="0.81" CC="001027"/>
						<SP ID="P96_SP00039" HPOS="801" VPOS="316" WIDTH="22"/>
						<String ID="P96_ST00045" HPOS="823" VPOS="291" WIDTH="30" HEIGHT="16" CONTENT="on" WC="0.61" CC="33"/>
						<SP ID="P96_SP00040" HPOS="853" VPOS="316" WIDTH="22"/>
						<String ID="P96_ST00046" HPOS="875" VPOS="285" WIDTH="42" HEIGHT="22" CONTENT="the" WC="1.00" CC="000"/>
					</TextLine>
					<TextLine ID="P96_TL00007" HPOS="72" VPOS="318" WIDTH="845" HEIGHT="32">
						<String ID="P96_ST00047" HPOS="72" VPOS="319" WIDTH="69" HEIGHT="23" CONTENT="track" WC="0.92" CC="00300"/>
						<String ID="P96_ST00048" HPOS="152" VPOS="328" WIDTH="5" HEIGHT="14" CONTENT=":" WC="1.00" CC="0"/>
						<SP ID="P96_SP00041" HPOS="157" VPOS="342" WIDTH="28"/>
						<String ID="P96_ST00049" HPOS="185" VPOS="319" WIDTH="91" HEIGHT="23" CONTENT="several" WC="0.76" CC="5000604"/>
						<SP ID="P96_SP00042" HPOS="276" VPOS="342" WIDTH="23"/>
						<String ID="P96_ST00050" HPOS="299" VPOS="319" WIDTH="88" HEIGHT="22" CONTENT="barons" WC="0.77" CC="006006"/>
						<SP ID="P96_SP00043" HPOS="387" VPOS="342" WIDTH="22"/>
						<String ID="P96_ST00051" HPOS="409" VPOS="319" WIDTH="133" HEIGHT="31" CONTENT="petitioned" WC="0.91" CC="0024010000"/>
						<SP ID="P96_SP00044" HPOS="542" VPOS="350" WIDTH="26"/>
						<String ID="P96_ST00052" HPOS="568" VPOS="319" WIDTH="39" HEIGHT="22" CONTENT="the" WC="0.74" CC="250"/>
						<SP ID="P96_SP00045" HPOS="607" VPOS="350" WIDTH="26"/>
						<String ID="P96_ST00053" HPOS="633" VPOS="325" WIDTH="85" HEIGHT="16" CONTENT="crown-" WC="0.64" CC="000974"/>
						<SP ID="P96_SP00046" HPOS="718" VPOS="350" WIDTH="21"/>
						<String ID="P96_ST00054" HPOS="739" VPOS="318" WIDTH="36" HEIGHT="23" CONTENT="for" WC="0.90" CC="002"/>
						<SP ID="P96_SP00047" HPOS="775" VPOS="350" WIDTH="24"/>
						<String ID="P96_ST00055" HPOS="799" VPOS="318" WIDTH="68" HEIGHT="23" CONTENT="leave" WC="0.96" CC="00020"/>
						<SP ID="P96_SP00048" HPOS="867" VPOS="350" WIDTH="25"/>
						<String ID="P96_ST00056" HPOS="892" VPOS="321" WIDTH="25" HEIGHT="20" CONTENT="to" WC="0.64" CC="07"/>
					</TextLine>
					<TextLine ID="P96_TL00008" HPOS="72" VPOS="352" WIDTH="845" HEIGHT="32">
						<String ID="P96_ST00057" HPOS="72" VPOS="361" WIDTH="101" HEIGHT="23" CONTENT="possess," WC="0.72" CC="00370640"/>
						<SP ID="P96_SP00049" HPOS="173" VPOS="384" WIDTH="23"/>
						<String ID="P96_ST00058" HPOS="196" VPOS="353" WIDTH="78" HEIGHT="23" CONTENT="under" WC="0.60" CC="58005"/>
						<SP ID="P96_SP00050" HPOS="274" VPOS="384" WIDTH="24"/>
						<String ID="P96_ST00059" HPOS="298" VPOS="353" WIDTH="105" HEIGHT="31" CONTENT="homage" WC="0.77" CC="417000"/>
						<SP ID="P96_SP00051" HPOS="403" VPOS="384" WIDTH="24"/>
						<String ID="P96_ST00060" HPOS="427" VPOS="352" WIDTH="48" HEIGHT="23" CONTENT="and" WC="0.74" CC="610"/>
						<SP ID="P96_SP00052" HPOS="475" VPOS="384" WIDTH="26"/>
						<String ID="P96_ST00061" HPOS="501" VPOS="352" WIDTH="81" HEIGHT="32" CONTENT="fealty," WC="0.82" CC="9000200"/>
						<SP ID="P96_SP00053" HPOS="582" VPOS="384" WIDTH="23"/>
						<String ID="P96_ST00062" HPOS="605" VPOS="352" WIDTH="41" HEIGHT="23" CONTENT="the" WC="0.77" CC="060"/>
						<SP ID="P96_SP00054" HPOS="646" VPOS="384" WIDTH="23"/>
						<String ID="P96_ST00063" HPOS="669" VPOS="352" WIDTH="69" HEIGHT="22" CONTENT="lands" WC="0.81" CC="00306"/>
						<SP ID="P96_SP00055" HPOS="738" VPOS="384" WIDTH="24"/>
						<String ID="P96_ST00064" HPOS="762" VPOS="352" WIDTH="58" HEIGHT="31" CONTENT="they" WC="0.83" CC="0600"/>
						<SP ID="P96_SP00056" HPOS="820" VPOS="384" WIDTH="19"/>
						<String ID="P96_ST00065" HPOS="839" VPOS="352" WIDTH="78" HEIGHT="31" CONTENT="might" WC="0.37" CC="60959"/>
					</TextLine>
					<TextLine ID="P96_TL00009" HPOS="72" VPOS="385" WIDTH="848" HEIGHT="33">
						<String ID="P96_ST00066" HPOS="72" VPOS="395" WIDTH="110" HEIGHT="23" CONTENT="conquer" WC="0.60" CC="0347704"/>
						<SP ID="P96_SP00057" HPOS="182" VPOS="418" WIDTH="18"/>
						<String ID="P96_ST00067" HPOS="200" VPOS="387" WIDTH="23" HEIGHT="22" CONTENT="in" WC="0.67" CC="06"/>
						<SP ID="P96_SP00058" HPOS="223" VPOS="418" WIDTH="18"/>
						<String ID="P96_ST00068" HPOS="241" VPOS="386" WIDTH="88" HEIGHT="23" CONTENT="Wales." WC="0.79" CC="006050"/>
						<SP ID="P96_SP00059" HPOS="329" VPOS="418" WIDTH="49"/>
						<String ID="P96_ST00069" HPOS="378" VPOS="386" WIDTH="53" HEIGHT="23" CONTENT="The" WC="0.94" CC="010"/>
						<SP ID="P96_SP00060" HPOS="431" VPOS="418" WIDTH="19"/>
						<String ID="P96_ST00070" HPOS="450" VPOS="386" WIDTH="91" HEIGHT="31" CONTENT="unpaid" WC="0.91" CC="050000"/>
						<SP ID="P96_SP00061" HPOS="541" VPOS="418" WIDTH="20"/>
						<String ID="P96_ST00071" HPOS="561" VPOS="386" WIDTH="90" HEIGHT="23" CONTENT="tribute" WC="0.85" CC="0006300"/>
						<SP ID="P96_SP00062" HPOS="651" VPOS="418" WIDTH="21"/>
						<String ID="P96_ST00072" HPOS="672" VPOS="393" WIDTH="61" HEIGHT="24" CONTENT="gave" WC="1.00" CC="0000"/>
						<SP ID="P96_SP00063" HPOS="733" VPOS="418" WIDTH="22"/>
						<String ID="P96_ST00073" HPOS="755" VPOS="386" WIDTH="40" HEIGHT="22" CONTENT="the" WC="0.61" CC="460"/>
						<SP ID="P96_SP00064" HPOS="795" VPOS="418" WIDTH="21"/>
						<String ID="P96_ST00074" HPOS="816" VPOS="386" WIDTH="57" HEIGHT="31" CONTENT="king" WC="0.83" CC="2030"/>
						<SP ID="P96_SP00065" HPOS="873" VPOS="418" WIDTH="19"/>
						<String ID="P96_ST00075" HPOS="892" VPOS="385" WIDTH="28" HEIGHT="23" CONTENT="of" WC="1.00" CC="00"/>
					</TextLine>
					<TextLine ID="P96_TL00010" HPOS="74" VPOS="419" WIDTH="843" HEIGHT="32">
						<String ID="P96_ST00076" HPOS="74" VPOS="420" WIDTH="114" HEIGHT="31" CONTENT="England" WC="0.81" CC="2107020"/>
						<SP ID="P96_SP00066" HPOS="188" VPOS="451" WIDTH="15"/>
						<String ID="P96_ST00077" HPOS="203" VPOS="429" WIDTH="14" HEIGHT="14" CONTENT="a" WC="1.00" CC="0"/>
						<SP ID="P96_SP00067" HPOS="217" VPOS="451" WIDTH="15"/>
						<String ID="P96_ST00078" HPOS="232" VPOS="420" WIDTH="119" HEIGHT="31" CONTENT="plausible" WC="0.74" CC="050306700"/>
						<SP ID="P96_SP00068" HPOS="351" VPOS="451" WIDTH="19"/>
						<String ID="P96_ST00079" HPOS="370" VPOS="428" WIDTH="85" HEIGHT="15" CONTENT="reason" WC="0.79" CC="060014"/>
						<SP ID="P96_SP00069" HPOS="455" VPOS="451" WIDTH="19"/>
						<String ID="P96_ST00080" HPOS="474" VPOS="424" WIDTH="25" HEIGHT="19" CONTENT="to" WC="0.91" CC="01"/>
						<SP ID="P96_SP00070" HPOS="499" VPOS="451" WIDTH="18"/>
						<String ID="P96_ST00081" HPOS="517" VPOS="424" WIDTH="72" HEIGHT="27" CONTENT="grant" WC="0.84" CC="01060"/>
						<SP ID="P96_SP00071" HPOS="589" VPOS="451" WIDTH="18"/>
						<String ID="P96_ST00082" HPOS="607" VPOS="420" WIDTH="63" HEIGHT="23" CONTENT="their" WC="0.84" CC="07001"/>
						<SP ID="P96_SP00072" HPOS="670" VPOS="451" WIDTH="19"/>
						<String ID="P96_ST00083" HPOS="689" VPOS="424" WIDTH="116" HEIGHT="27" CONTENT="requests." WC="0.79" CC="200005360"/>
						<SP ID="P96_SP00073" HPOS="805" VPOS="451" WIDTH="44"/>
						<String ID="P96_ST00084" HPOS="849" VPOS="419" WIDTH="68" HEIGHT="23" CONTENT="Thus" WC="0.87" CC="0202"/>
					</TextLine>
					<TextLine ID="P96_TL00011" HPOS="73" VPOS="453" WIDTH="844" HEIGHT="31">
						<String ID="P96_ST00085" HPOS="73" VPOS="454" WIDTH="112" HEIGHT="24" CONTENT="Bernard" WC="0.81" CC="5004030"/>
						<SP ID="P96_SP00074" HPOS="185" VPOS="478" WIDTH="17"/>
						<String ID="P96_ST00086" HPOS="202" VPOS="455" WIDTH="30" HEIGHT="23" CONTENT="de" WC="1.00" CC="00"/>
						<SP ID="P96_SP00075" HPOS="232" VPOS="478" WIDTH="17"/>
						<String ID="P96_ST00087" HPOS="249" VPOS="455" WIDTH="160" HEIGHT="23" CONTENT="Newmarche" WC="0.75" CC="009303050"/>
						<SP ID="P96_SP00076" HPOS="409" VPOS="478" WIDTH="17"/>
						<String ID="P96_ST00088" HPOS="426" VPOS="454" WIDTH="58" HEIGHT="23" CONTENT="took" WC="1.00" CC="0000"/>
						<SP ID="P96_SP00077" HPOS="484" VPOS="478" WIDTH="17"/>
						<String ID="P96_ST00089" HPOS="501" VPOS="454" WIDTH="134" HEIGHT="30" CONTENT="possession" WC="0.70" CC="0065026430"/>
						<SP ID="P96_SP00078" HPOS="635" VPOS="484" WIDTH="20"/>
						<String ID="P96_ST00090" HPOS="655" VPOS="453" WIDTH="29" HEIGHT="24" CONTENT="of" WC="0.78" CC="40"/>
						<SP ID="P96_SP00079" HPOS="684" VPOS="484" WIDTH="14"/>
						<String ID="P96_ST00091" HPOS="698" VPOS="453" WIDTH="219" HEIGHT="27" CONTENT="Brecknockshire," WC="0.85" CC="360003000050200"/>
					</TextLine>
					<TextLine ID="P96_TL00012" HPOS="72" VPOS="488" WIDTH="845" HEIGHT="31">
						<String ID="P96_ST00092" HPOS="72" VPOS="489" WIDTH="56" HEIGHT="26" CONTENT="aud," WC="0.84" CC="0600"/>
						<SP ID="P96_SP00080" HPOS="128" VPOS="515" WIDTH="20"/>
						<String ID="P96_ST00093" HPOS="148" VPOS="492" WIDTH="24" HEIGHT="19" CONTENT="to" WC="0.73" CC="05"/>
						<SP ID="P96_SP00081" HPOS="172" VPOS="515" WIDTH="20"/>
						<String ID="P96_ST00094" HPOS="192" VPOS="489" WIDTH="101" HEIGHT="23" CONTENT="confirm" WC="0.85" CC="0051120"/>
						<SP ID="P96_SP00082" HPOS="293" VPOS="515" WIDTH="23"/>
						<String ID="P96_ST00095" HPOS="316" VPOS="489" WIDTH="36" HEIGHT="22" CONTENT="his" WC="0.77" CC="006"/>
						<SP ID="P96_SP00083" HPOS="352" VPOS="515" WIDTH="20"/>
						<String ID="P96_ST00096" HPOS="372" VPOS="488" WIDTH="274" HEIGHT="31" CONTENT="wrongfully-acquired" WC="0.74" CC="9002005640303030560"/>
						<SP ID="P96_SP00084" HPOS="646" VPOS="519" WIDTH="19"/>
						<String ID="P96_ST00097" HPOS="665" VPOS="488" WIDTH="131" HEIGHT="30" CONTENT="authority," WC="0.82" CC="0006240500"/>
						<SP ID="P96_SP00085" HPOS="796" VPOS="519" WIDTH="16"/>
						<String ID="P96_ST00098" HPOS="812" VPOS="488" WIDTH="105" HEIGHT="22" CONTENT="married" WC="0.49" CC="6650349"/>
					</TextLine>
					<TextLine ID="P96_TL00013" HPOS="72" VPOS="521" WIDTH="845" HEIGHT="31">
						<String ID="P96_ST00099" HPOS="72" VPOS="530" WIDTH="16" HEIGHT="15" CONTENT="a" WC="1.00" CC="0"/>
						<SP ID="P96_SP00086" HPOS="88" VPOS="545" WIDTH="24"/>
						<String ID="P96_ST00100" HPOS="112" VPOS="522" WIDTH="82" HEIGHT="23" CONTENT="Welsh" WC="0.86" CC="00240"/>
						<SP ID="P96_SP00087" HPOS="194" VPOS="545" WIDTH="26"/>
						<String ID="P96_ST00101" HPOS="220" VPOS="530" WIDTH="93" HEIGHT="15" CONTENT="woman" WC="0.72" CC="06402"/>
						<SP ID="P96_SP00088" HPOS="313" VPOS="545" WIDTH="31"/>
						<String ID="P96_ST00102" HPOS="344" VPOS="521" WIDTH="28" HEIGHT="24" CONTENT="of" WC="1.00" CC="00"/>
						<SP ID="P96_SP00089" HPOS="372" VPOS="545" WIDTH="21"/>
						<String ID="P96_ST00103" HPOS="393" VPOS="522" WIDTH="72" HEIGHT="23" CONTENT="noble" WC="0.61" CC="82610"/>
						<SP ID="P96_SP00090" HPOS="465" VPOS="545" WIDTH="25"/>
						<String ID="P96_ST00104" HPOS="490" VPOS="522" WIDTH="106" HEIGHT="27" CONTENT="descent," WC="0.73" CC="00500590"/>
						<SP ID="P96_SP00091" HPOS="596" VPOS="549" WIDTH="27"/>
						<String ID="P96_ST00105" HPOS="623" VPOS="521" WIDTH="70" HEIGHT="28" CONTENT="Nest," WC="0.85" CC="00700"/>
						<SP ID="P96_SP00092" HPOS="693" VPOS="549" WIDTH="24"/>
						<String ID="P96_ST00106" HPOS="717" VPOS="522" WIDTH="200" HEIGHT="30" CONTENT="granddaughter" WC="0.80" CC="0024001805400"/>
					</TextLine>
					<TextLine ID="P96_TL00014" HPOS="72" VPOS="555" WIDTH="845" HEIGHT="32">
						<String ID="P96_ST00107" HPOS="72" VPOS="555" WIDTH="28" HEIGHT="23" CONTENT="of" WC="1.00" CC="00"/>
						<SP ID="P96_SP00093" HPOS="100" VPOS="578" WIDTH="21"/>
						<String ID="P96_ST00108" HPOS="121" VPOS="556" WIDTH="122" HEIGHT="31" CONTENT="Gryffydh" WC="0.93" CC="03000002"/>
						<SP ID="P96_SP00094" HPOS="243" VPOS="587" WIDTH="24"/>
						<String ID="P96_ST00109" HPOS="267" VPOS="564" WIDTH="30" HEIGHT="22" CONTENT="ap" WC="0.72" CC="50"/>
						<SP ID="P96_SP00095" HPOS="297" VPOS="587" WIDTH="22"/>
						<String ID="P96_ST00110" HPOS="319" VPOS="556" WIDTH="134" HEIGHT="31" CONTENT="Llywelyn." WC="0.82" CC="460000050"/>
						<SP ID="P96_SP00096" HPOS="453" VPOS="587" WIDTH="44"/>
						<String ID="P96_ST00111" HPOS="497" VPOS="556" WIDTH="84" HEIGHT="30" CONTENT="Roger" WC="0.70" CC="93000"/>
						<SP ID="P96_SP00097" HPOS="581" VPOS="587" WIDTH="23"/>
						<String ID="P96_ST00112" HPOS="604" VPOS="556" WIDTH="30" HEIGHT="22" CONTENT="de" WC="1.00" CC="00"/>
						<SP ID="P96_SP00098" HPOS="634" VPOS="587" WIDTH="25"/>
						<String ID="P96_ST00113" HPOS="659" VPOS="555" WIDTH="186" HEIGHT="31" CONTENT="Montgomery," WC="0.71" CC="03009326500"/>
						<SP ID="P96_SP00099" HPOS="845" VPOS="587" WIDTH="22"/>
						<String ID="P96_ST00114" HPOS="867" VPOS="555" WIDTH="50" HEIGHT="23" CONTENT="earl" WC="0.93" CC="0010"/>
					</TextLine>
					<TextLine ID="P96_TL00015" HPOS="72" VPOS="584" WIDTH="845" HEIGHT="37">
						<String ID="P96_ST00115" HPOS="72" VPOS="589" WIDTH="28" HEIGHT="23" CONTENT="of" WC="0.80" CC="40"/>
						<SP ID="P96_SP00100" HPOS="100" VPOS="612" WIDTH="17"/>
						<String ID="P96_ST00116" HPOS="117" VPOS="589" WIDTH="166" HEIGHT="32" CONTENT="Shrewsbury," WC="0.61" CC="17400926090"/>
						<SP ID="P96_SP00101" HPOS="283" VPOS="621" WIDTH="23"/>
						<String ID="P96_ST00117" HPOS="306" VPOS="589" WIDTH="42" HEIGHT="23" CONTENT="did" WC="1.00" CC="000"/>
						<SP ID="P96_SP00102" HPOS="348" VPOS="621" WIDTH="25"/>
						<String ID="P96_ST00118" HPOS="373" VPOS="590" WIDTH="103" HEIGHT="30" CONTENT="homage" WC="0.83" CC="350000"/>
						<SP ID="P96_SP00103" HPOS="476" VPOS="621" WIDTH="25"/>
						<String ID="P96_ST00119" HPOS="501" VPOS="589" WIDTH="38" HEIGHT="22" CONTENT="for" WC="0.69" CC="422"/>
						<SP ID="P96_SP00104" HPOS="539" VPOS="621" WIDTH="19"/>
						<String ID="P96_ST00120" HPOS="558" VPOS="589" WIDTH="121" HEIGHT="30" CONTENT="Cardigan" WC="0.92" CC="13000001"/>
						<SP ID="P96_SP00105" HPOS="679" VPOS="621" WIDTH="14"/>
						<String ID="P96_ST00121" HPOS="693" VPOS="599" WIDTH="5" HEIGHT="17" CONTENT=";" WC="0.88" CC="1"/>
						<SP ID="P96_SP00106" HPOS="698" VPOS="621" WIDTH="32"/>
						<String ID="P96_ST00122" HPOS="730" VPOS="584" WIDTH="125" HEIGHT="36" CONTENT="Arnulph," WC="0.76" CC="94040000"/>
						<SP ID="P96_SP00107" HPOS="855" VPOS="621" WIDTH="24"/>
						<String ID="P96_ST00123" HPOS="879" VPOS="589" WIDTH="38" HEIGHT="22" CONTENT="his" WC="0.69" CC="045"/>
					</TextLine>
					<TextLine ID="P96_TL00016" HPOS="72" VPOS="622" WIDTH="848" HEIGHT="33">
						<String ID="P96_ST00124" HPOS="72" VPOS="631" WIDTH="110" HEIGHT="24" CONTENT="younger" WC="0.77" CC="0056003"/>
						<SP ID="P96_SP00108" HPOS="182" VPOS="655" WIDTH="22"/>
						<String ID="P96_ST00125" HPOS="204" VPOS="632" WIDTH="51" HEIGHT="18" CONTENT="son," WC="0.70" CC="0560"/>
						<SP ID="P96_SP00109" HPOS="255" VPOS="655" WIDTH="21"/>
						<String ID="P96_ST00126" HPOS="276" VPOS="623" WIDTH="36" HEIGHT="23" CONTENT="for" WC="0.48" CC="355"/>
						<SP ID="P96_SP00110" HPOS="312" VPOS="655" WIDTH="19"/>
						<String ID="P96_ST00127" HPOS="331" VPOS="623" WIDTH="92" HEIGHT="31" CONTENT="Dyvet," WC="0.98" CC="000000"/>
						<SP ID="P96_SP00111" HPOS="423" VPOS="655" WIDTH="19"/>
						<String ID="P96_ST00128" HPOS="442" VPOS="631" WIDTH="27" HEIGHT="14" CONTENT="or" WC="0.78" CC="40"/>
						<SP ID="P96_SP00112" HPOS="469" VPOS="655" WIDTH="20"/>
						<String ID="P96_ST00129" HPOS="489" VPOS="622" WIDTH="210" HEIGHT="24" CONTENT="Pembrokeshire." WC="0.64" CC="10556595530000"/>
						<SP ID="P96_SP00113" HPOS="699" VPOS="655" WIDTH="39"/>
						<String ID="P96_ST00130" HPOS="738" VPOS="622" WIDTH="52" HEIGHT="23" CONTENT="The" WC="0.84" CC="040"/>
						<SP ID="P96_SP00114" HPOS="790" VPOS="655" WIDTH="22"/>
						<String ID="P96_ST00131" HPOS="812" VPOS="622" WIDTH="58" HEIGHT="23" CONTENT="Earl" WC="0.96" CC="0001"/>
						<SP ID="P96_SP00115" HPOS="870" VPOS="655" WIDTH="23"/>
						<String ID="P96_ST00132" HPOS="893" VPOS="622" WIDTH="27" HEIGHT="23" CONTENT="of" WC="0.34" CC="39"/>
					</TextLine>
					<TextLine ID="P96_TL00017" HPOS="74" VPOS="656" WIDTH="841" HEIGHT="33">
						<String ID="P96_ST00133" HPOS="74" VPOS="657" WIDTH="158" HEIGHT="32" CONTENT="Shrewsbury" WC="0.42" CC="1758990850"/>
						<SP ID="P96_SP00116" HPOS="232" VPOS="689" WIDTH="19"/>
						<String ID="P96_ST00134" HPOS="251" VPOS="658" WIDTH="42" HEIGHT="22" CONTENT="did" WC="0.85" CC="040"/>
						<SP ID="P96_SP00117" HPOS="293" VPOS="689" WIDTH="22"/>
						<String ID="P96_ST00135" HPOS="315" VPOS="657" WIDTH="102" HEIGHT="30" CONTENT="homage" WC="0.85" CC="017000"/>
						<SP ID="P96_SP00118" HPOS="417" VPOS="689" WIDTH="19"/>
						<String ID="P96_ST00136" HPOS="436" VPOS="657" WIDTH="50" HEIGHT="22" CONTENT="also" WC="0.59" CC="0636"/>
						<SP ID="P96_SP00119" HPOS="486" VPOS="689" WIDTH="19"/>
						<String ID="P96_ST00137" HPOS="505" VPOS="656" WIDTH="36" HEIGHT="23" CONTENT="for" WC="0.86" CC="004"/>
						<SP ID="P96_SP00120" HPOS="541" VPOS="689" WIDTH="18"/>
						<String ID="P96_ST00138" HPOS="559" VPOS="656" WIDTH="32" HEIGHT="23" CONTENT="all" WC="1.00" CC="000"/>
						<SP ID="P96_SP00121" HPOS="591" VPOS="689" WIDTH="19"/>
						<String ID="P96_ST00139" HPOS="610" VPOS="656" WIDTH="80" HEIGHT="23" CONTENT="Powis" WC="0.61" CC="44063"/>
						<String ID="P96_ST00140" HPOS="698" VPOS="666" WIDTH="6" HEIGHT="17" CONTENT=";" WC="1.00" CC="0"/>
						<SP ID="P96_SP00122" HPOS="704" VPOS="689" WIDTH="21"/>
						<String ID="P96_ST00141" HPOS="725" VPOS="656" WIDTH="76" HEIGHT="31" CONTENT="Hugh" WC="0.64" CC="7006"/>
						<SP ID="P96_SP00123" HPOS="801" VPOS="689" WIDTH="20"/>
						<String ID="P96_ST00142" HPOS="821" VPOS="656" WIDTH="94" HEIGHT="31" CONTENT="Lupus," WC="0.74" CC="070060"/>
					</TextLine>
					<TextLine ID="P96_TL00018" HPOS="73" VPOS="690" WIDTH="843" HEIGHT="32">
						<String ID="P96_ST00143" HPOS="73" VPOS="690" WIDTH="49" HEIGHT="23" CONTENT="earl" WC="0.75" CC="6003"/>
						<SP ID="P96_SP00124" HPOS="122" VPOS="713" WIDTH="14"/>
						<String ID="P96_ST00144" HPOS="136" VPOS="691" WIDTH="27" HEIGHT="22" CONTENT="of" WC="0.63" CC="70"/>
						<SP ID="P96_SP00125" HPOS="163" VPOS="713" WIDTH="11"/>
						<String ID="P96_ST00145" HPOS="174" VPOS="690" WIDTH="108" HEIGHT="28" CONTENT="Chester," WC="0.87" CC="07020000"/>
						<SP ID="P96_SP00126" HPOS="282" VPOS="718" WIDTH="15"/>
						<String ID="P96_ST00146" HPOS="297" VPOS="691" WIDTH="40" HEIGHT="22" CONTENT="did" WC="1.00" CC="000"/>
						<SP ID="P96_SP00127" HPOS="337" VPOS="718" WIDTH="15"/>
						<String ID="P96_ST00147" HPOS="352" VPOS="691" WIDTH="101" HEIGHT="31" CONTENT="homage" WC="0.85" CC="035000"/>
						<SP ID="P96_SP00128" HPOS="453" VPOS="722" WIDTH="19"/>
						<String ID="P96_ST00148" HPOS="472" VPOS="690" WIDTH="37" HEIGHT="23" CONTENT="for" WC="0.65" CC="045"/>
						<SP ID="P96_SP00129" HPOS="509" VPOS="722" WIDTH="13"/>
						<String ID="P96_ST00149" HPOS="522" VPOS="691" WIDTH="41" HEIGHT="22" CONTENT="the" WC="0.90" CC="200"/>
						<SP ID="P96_SP00130" HPOS="563" VPOS="722" WIDTH="18"/>
						<String ID="P96_ST00150" HPOS="581" VPOS="694" WIDTH="104" HEIGHT="27" CONTENT="country" WC="0.67" CC="2445500"/>
						<SP ID="P96_SP00131" HPOS="685" VPOS="722" WIDTH="13"/>
						<String ID="P96_ST00151" HPOS="698" VPOS="690" WIDTH="131" HEIGHT="31" CONTENT="extending" WC="0.93" CC="000000150"/>
						<SP ID="P96_SP00132" HPOS="829" VPOS="722" WIDTH="13"/>
						<String ID="P96_ST00152" HPOS="842" VPOS="690" WIDTH="74" HEIGHT="32" CONTENT="along" WC="0.98" CC="00000"/>
					</TextLine>
					<TextLine ID="P96_TL00019" HPOS="72" VPOS="724" WIDTH="844" HEIGHT="31">
						<String ID="P96_ST00153" HPOS="72" VPOS="724" WIDTH="42" HEIGHT="23" CONTENT="the" WC="0.81" CC="050"/>
						<SP ID="P96_SP00133" HPOS="114" VPOS="747" WIDTH="19"/>
						<String ID="P96_ST00154" HPOS="133" VPOS="724" WIDTH="121" HEIGHT="23" CONTENT="sea-shore" WC="0.92" CC="600000000"/>
						<SP ID="P96_SP00134" HPOS="254" VPOS="747" WIDTH="19"/>
						<String ID="P96_ST00155" HPOS="273" VPOS="724" WIDTH="63" HEIGHT="23" CONTENT="from" WC="0.68" CC="0425"/>
						<SP ID="P96_SP00135" HPOS="336" VPOS="747" WIDTH="17"/>
						<String ID="P96_ST00156" HPOS="353" VPOS="724" WIDTH="103" HEIGHT="23" CONTENT="Chester" WC="0.71" CC="0009603"/>
						<SP ID="P96_SP00136" HPOS="456" VPOS="747" WIDTH="13"/>
						<String ID="P96_ST00157" HPOS="469" VPOS="727" WIDTH="24" HEIGHT="20" CONTENT="to" WC="0.82" CC="03"/>
						<SP ID="P96_SP00137" HPOS="493" VPOS="747" WIDTH="18"/>
						<String ID="P96_ST00158" HPOS="511" VPOS="724" WIDTH="41" HEIGHT="23" CONTENT="the" WC="0.88" CC="030"/>
						<SP ID="P96_SP00138" HPOS="552" VPOS="747" WIDTH="13"/>
						<String ID="P96_ST00159" HPOS="565" VPOS="728" WIDTH="74" HEIGHT="19" CONTENT="water" WC="0.86" CC="00600"/>
						<SP ID="P96_SP00139" HPOS="639" VPOS="747" WIDTH="13"/>
						<String ID="P96_ST00160" HPOS="652" VPOS="724" WIDTH="27" HEIGHT="22" CONTENT="of" WC="0.91" CC="10"/>
						<SP ID="P96_SP00140" HPOS="679" VPOS="747" WIDTH="9"/>
						<String ID="P96_ST00161" HPOS="688" VPOS="724" WIDTH="108" HEIGHT="31" CONTENT="Conway" WC="0.94" CC="002000"/>
						<SP ID="P96_SP00141" HPOS="796" VPOS="755" WIDTH="11"/>
						<String ID="P96_ST00162" HPOS="807" VPOS="734" WIDTH="5" HEIGHT="16" CONTENT=";" WC="1.00" CC="0"/>
						<SP ID="P96_SP00142" HPOS="812" VPOS="755" WIDTH="22"/>
						<String ID="P96_ST00163" HPOS="834" VPOS="724" WIDTH="82" HEIGHT="31" CONTENT="Ralph" WC="0.64" CC="46007"/>
					</TextLine>
					<TextLine ID="P96_TL00020" HPOS="74" VPOS="757" WIDTH="841" HEIGHT="31">
						<String ID="P96_ST00164" HPOS="74" VPOS="757" WIDTH="130" HEIGHT="24" CONTENT="Mortimer" WC="0.74" CC="05570002"/>
						<SP ID="P96_SP00143" HPOS="204" VPOS="781" WIDTH="14"/>
						<String ID="P96_ST00165" HPOS="218" VPOS="758" WIDTH="42" HEIGHT="23" CONTENT="did" WC="1.00" CC="000"/>
						<SP ID="P96_SP00144" HPOS="260" VPOS="781" WIDTH="17"/>
						<String ID="P96_ST00166" HPOS="277" VPOS="759" WIDTH="42" HEIGHT="22" CONTENT="the" WC="0.49" CC="860"/>
						<SP ID="P96_SP00145" HPOS="319" VPOS="781" WIDTH="18"/>
						<String ID="P96_ST00167" HPOS="337" VPOS="766" WIDTH="66" HEIGHT="15" CONTENT="same" WC="1.00" CC="0000"/>
						<SP ID="P96_SP00146" HPOS="403" VPOS="781" WIDTH="17"/>
						<String ID="P96_ST00168" HPOS="420" VPOS="757" WIDTH="37" HEIGHT="24" CONTENT="for" WC="0.71" CC="502"/>
						<SP ID="P96_SP00147" HPOS="457" VPOS="781" WIDTH="12"/>
						<String ID="P96_ST00169" HPOS="469" VPOS="758" WIDTH="40" HEIGHT="23" CONTENT="the" WC="0.84" CC="040"/>
						<SP ID="P96_SP00148" HPOS="509" VPOS="781" WIDTH="14"/>
						<String ID="P96_ST00170" HPOS="523" VPOS="758" WIDTH="113" HEIGHT="30" CONTENT="territory" WC="0.84" CC="000605010"/>
						<SP ID="P96_SP00149" HPOS="636" VPOS="788" WIDTH="14"/>
						<String ID="P96_ST00171" HPOS="650" VPOS="757" WIDTH="27" HEIGHT="23" CONTENT="of" WC="1.00" CC="00"/>
						<SP ID="P96_SP00150" HPOS="677" VPOS="788" WIDTH="11"/>
						<String ID="P96_ST00172" HPOS="688" VPOS="757" WIDTH="83" HEIGHT="27" CONTENT="Eluel;" WC="0.85" CC="010051"/>
						<SP ID="P96_SP00151" HPOS="771" VPOS="788" WIDTH="20"/>
						<String ID="P96_ST00173" HPOS="791" VPOS="758" WIDTH="77" HEIGHT="30" CONTENT="Hugh" WC="0.86" CC="0005"/>
						<SP ID="P96_SP00152" HPOS="868" VPOS="788" WIDTH="17"/>
						<String ID="P96_ST00174" HPOS="885" VPOS="758" WIDTH="30" HEIGHT="22" CONTENT="de" WC="1.00" CC="00"/>
					</TextLine>
					<TextLine ID="P96_TL00021" HPOS="72" VPOS="791" WIDTH="844" HEIGHT="31">
						<String ID="P96_ST00175" HPOS="72" VPOS="791" WIDTH="70" HEIGHT="31" CONTENT="Lacy" WC="0.84" CC="6000"/>
						<SP ID="P96_SP00153" HPOS="142" VPOS="822" WIDTH="13"/>
						<String ID="P96_ST00176" HPOS="155" VPOS="792" WIDTH="38" HEIGHT="23" CONTENT="for" WC="0.90" CC="002"/>
						<SP ID="P96_SP00154" HPOS="193" VPOS="822" WIDTH="14"/>
						<String ID="P96_ST00177" HPOS="207" VPOS="792" WIDTH="41" HEIGHT="22" CONTENT="the" WC="0.68" CC="323"/>
						<SP ID="P96_SP00155" HPOS="248" VPOS="822" WIDTH="18"/>
						<String ID="P96_ST00178" HPOS="266" VPOS="792" WIDTH="69" HEIGHT="23" CONTENT="lands" WC="0.64" CC="30706"/>
						<SP ID="P96_SP00156" HPOS="335" VPOS="822" WIDTH="18"/>
						<String ID="P96_ST00179" HPOS="353" VPOS="791" WIDTH="28" HEIGHT="24" CONTENT="of" WC="1.00" CC="00"/>
						<SP ID="P96_SP00157" HPOS="381" VPOS="822" WIDTH="11"/>
						<String ID="P96_ST00180" HPOS="392" VPOS="791" WIDTH="85" HEIGHT="31" CONTENT="Ewyas" WC="0.93" CC="00003"/>
						<String ID="P96_ST00181" HPOS="486" VPOS="801" WIDTH="5" HEIGHT="17" CONTENT=";" WC="0.92" CC="0"/>
						<SP ID="P96_SP00158" HPOS="491" VPOS="822" WIDTH="22"/>
						<String ID="P96_ST00182" HPOS="513" VPOS="792" WIDTH="46" HEIGHT="22" CONTENT="and" WC="0.89" CC="210"/>
						<SP ID="P96_SP00159" HPOS="559" VPOS="822" WIDTH="15"/>
						<String ID="P96_ST00183" HPOS="574" VPOS="791" WIDTH="105" HEIGHT="23" CONTENT="Eustace" WC="0.95" CC="3000000"/>
						<SP ID="P96_SP00160" HPOS="679" VPOS="822" WIDTH="15"/>
						<String ID="P96_ST00184" HPOS="694" VPOS="791" WIDTH="78" HEIGHT="24" CONTENT="Cruer" WC="0.91" CC="04000"/>
						<SP ID="P96_SP00161" HPOS="772" VPOS="822" WIDTH="18"/>
						<String ID="P96_ST00185" HPOS="790" VPOS="791" WIDTH="36" HEIGHT="24" CONTENT="for" WC="0.71" CC="305"/>
						<SP ID="P96_SP00162" HPOS="826" VPOS="822" WIDTH="17"/>
						<String ID="P96_ST00186" HPOS="843" VPOS="791" WIDTH="73" HEIGHT="24" CONTENT="Mold" WC="0.78" CC="7010"/>
					</TextLine>
					<TextLine ID="P96_TL00022" HPOS="74" VPOS="825" WIDTH="841" HEIGHT="30">
						<String ID="P96_ST00187" HPOS="74" VPOS="826" WIDTH="47" HEIGHT="22" CONTENT="and" WC="0.82" CC="050"/>
						<SP ID="P96_SP00163" HPOS="121" VPOS="848" WIDTH="17"/>
						<String ID="P96_ST00188" HPOS="138" VPOS="825" WIDTH="134" HEIGHT="30" CONTENT="Hopedale." WC="0.86" CC="600300000"/>
						<SP ID="P96_SP00164" HPOS="272" VPOS="855" WIDTH="39"/>
						<String ID="P96_ST00189" HPOS="311" VPOS="825" WIDTH="122" HEIGHT="30" CONTENT="Similarly" WC="0.89" CC="203000400"/>
						<SP ID="P96_SP00165" HPOS="433" VPOS="855" WIDTH="10"/>
						<String ID="P96_ST00190" HPOS="443" VPOS="833" WIDTH="131" HEIGHT="15" CONTENT="numerous" WC="0.87" CC="50000002"/>
						<SP ID="P96_SP00166" HPOS="574" VPOS="855" WIDTH="14"/>
						<String ID="P96_ST00191" HPOS="588" VPOS="825" WIDTH="69" HEIGHT="23" CONTENT="other" WC="0.90" CC="10003"/>
						<SP ID="P96_SP00167" HPOS="657" VPOS="855" WIDTH="13"/>
						<String ID="P96_ST00192" HPOS="670" VPOS="825" WIDTH="52" HEIGHT="23" CONTENT="fiefs" WC="0.74" CC="00542"/>
						<SP ID="P96_SP00168" HPOS="722" VPOS="855" WIDTH="12"/>
						<String ID="P96_ST00193" HPOS="734" VPOS="833" WIDTH="61" HEIGHT="15" CONTENT="were" WC="0.84" CC="0060"/>
						<SP ID="P96_SP00169" HPOS="795" VPOS="855" WIDTH="15"/>
						<String ID="P96_ST00194" HPOS="810" VPOS="825" WIDTH="105" HEIGHT="23" CONTENT="created." WC="0.96" CC="21000000"/>
					</TextLine>
					<TextLine ID="P96_TL00023" HPOS="75" VPOS="854" WIDTH="842" HEIGHT="35">
						<String ID="P96_ST00195" HPOS="75" VPOS="859" WIDTH="35" HEIGHT="23" CONTENT="At" WC="0.87" CC="02"/>
						<SP ID="P96_SP00170" HPOS="110" VPOS="882" WIDTH="14"/>
						<String ID="P96_ST00196" HPOS="124" VPOS="859" WIDTH="39" HEIGHT="23" CONTENT="the" WC="0.95" CC="010"/>
						<SP ID="P96_SP00171" HPOS="163" VPOS="882" WIDTH="14"/>
						<String ID="P96_ST00197" HPOS="177" VPOS="854" WIDTH="132" HEIGHT="35" CONTENT="beginning" WC="0.48" CC="709060489"/>
						<SP ID="P96_SP00172" HPOS="309" VPOS="889" WIDTH="11"/>
						<String ID="P96_ST00198" HPOS="320" VPOS="859" WIDTH="28" HEIGHT="23" CONTENT="of" WC="0.91" CC="01"/>
						<SP ID="P96_SP00173" HPOS="348" VPOS="889" WIDTH="10"/>
						<String ID="P96_ST00199" HPOS="358" VPOS="859" WIDTH="40" HEIGHT="23" CONTENT="the" WC="0.92" CC="200"/>
						<SP ID="P96_SP00174" HPOS="398" VPOS="889" WIDTH="13"/>
						<String ID="P96_ST00200" HPOS="411" VPOS="858" WIDTH="93" HEIGHT="24" CONTENT="twelfth" WC="0.97" CC="0001000"/>
						<SP ID="P96_SP00175" HPOS="504" VPOS="889" WIDTH="14"/>
						<String ID="P96_ST00201" HPOS="518" VPOS="862" WIDTH="102" HEIGHT="26" CONTENT="century" WC="0.84" CC="0030520"/>
						<SP ID="P96_SP00176" HPOS="620" VPOS="889" WIDTH="11"/>
						<String ID="P96_ST00202" HPOS="631" VPOS="866" WIDTH="14" HEIGHT="15" CONTENT="a" WC="1.00" CC="0"/>
						<SP ID="P96_SP00177" HPOS="645" VPOS="889" WIDTH="13"/>
						<String ID="P96_ST00203" HPOS="658" VPOS="858" WIDTH="107" HEIGHT="24" CONTENT="Flemish" WC="0.69" CC="0206471"/>
						<SP ID="P96_SP00178" HPOS="765" VPOS="889" WIDTH="13"/>
						<String ID="P96_ST00204" HPOS="778" VPOS="859" WIDTH="139" HEIGHT="23" CONTENT="settlement" WC="0.71" CC="6413125020"/>
					</TextLine>
					<TextLine ID="P96_TL00024" HPOS="73" VPOS="892" WIDTH="844" HEIGHT="31">
						<String ID="P96_ST00205" HPOS="73" VPOS="900" WIDTH="49" HEIGHT="15" CONTENT="was" WC="0.88" CC="003"/>
						<SP ID="P96_SP00179" HPOS="122" VPOS="915" WIDTH="20"/>
						<String ID="P96_ST00206" HPOS="142" VPOS="893" WIDTH="90" HEIGHT="22" CONTENT="formed" WC="0.73" CC="031730"/>
						<SP ID="P96_SP00180" HPOS="232" VPOS="915" WIDTH="19"/>
						<String ID="P96_ST00207" HPOS="251" VPOS="893" WIDTH="24" HEIGHT="22" CONTENT="in" WC="0.65" CC="15"/>
						<SP ID="P96_SP00181" HPOS="275" VPOS="915" WIDTH="20"/>
						<String ID="P96_ST00208" HPOS="295" VPOS="893" WIDTH="208" HEIGHT="22" CONTENT="Pembrokeshire." WC="0.71" CC="46572700001400"/>
						<SP ID="P96_SP00182" HPOS="503" VPOS="915" WIDTH="38"/>
						<String ID="P96_ST00209" HPOS="541" VPOS="893" WIDTH="52" HEIGHT="22" CONTENT="The" WC="1.00" CC="000"/>
						<SP ID="P96_SP00183" HPOS="593" VPOS="915" WIDTH="18"/>
						<String ID="P96_ST00210" HPOS="611" VPOS="892" WIDTH="130" HEIGHT="31" CONTENT="Flemings," WC="0.84" CC="000205060"/>
						<SP ID="P96_SP00184" HPOS="741" VPOS="923" WIDTH="15"/>
						<String ID="P96_ST00211" HPOS="756" VPOS="893" WIDTH="78" HEIGHT="22" CONTENT="under" WC="0.79" CC="35010"/>
						<SP ID="P96_SP00185" HPOS="834" VPOS="923" WIDTH="14"/>
						<String ID="P96_ST00212" HPOS="848" VPOS="893" WIDTH="69" HEIGHT="30" CONTENT="royal" WC="0.80" CC="25001"/>
					</TextLine>
					<TextLine ID="P96_TL00025" HPOS="74" VPOS="926" WIDTH="842" HEIGHT="31">
						<String ID="P96_ST00213" HPOS="74" VPOS="930" WIDTH="140" HEIGHT="27" CONTENT="patronage," WC="0.84" CC="0060260000"/>
						<SP ID="P96_SP00186" HPOS="214" VPOS="957" WIDTH="20"/>
						<String ID="P96_ST00214" HPOS="234" VPOS="926" WIDTH="48" HEIGHT="23" CONTENT="had" WC="0.77" CC="600"/>
						<SP ID="P96_SP00187" HPOS="282" VPOS="957" WIDTH="20"/>
						<String ID="P96_ST00215" HPOS="302" VPOS="926" WIDTH="133" HEIGHT="31" CONTENT="emigrated" WC="0.76" CC="060810500"/>
						<SP ID="P96_SP00188" HPOS="435" VPOS="957" WIDTH="22"/>
						<String ID="P96_ST00216" HPOS="457" VPOS="926" WIDTH="51" HEIGHT="22" CONTENT="first" WC="0.64" CC="00664"/>
						<SP ID="P96_SP00189" HPOS="508" VPOS="957" WIDTH="26"/>
						<String ID="P96_ST00217" HPOS="534" VPOS="930" WIDTH="23" HEIGHT="19" CONTENT="to" WC="0.39" CC="92"/>
						<SP ID="P96_SP00190" HPOS="557" VPOS="957" WIDTH="26"/>
						<String ID="P96_ST00218" HPOS="583" VPOS="926" WIDTH="40" HEIGHT="23" CONTENT="the" WC="1.00" CC="000"/>
						<SP ID="P96_SP00191" HPOS="623" VPOS="957" WIDTH="25"/>
						<String ID="P96_ST00219" HPOS="648" VPOS="926" WIDTH="72" HEIGHT="22" CONTENT="north" WC="0.60" CC="80270"/>
						<SP ID="P96_SP00192" HPOS="720" VPOS="957" WIDTH="22"/>
						<String ID="P96_ST00220" HPOS="742" VPOS="926" WIDTH="28" HEIGHT="22" CONTENT="of" WC="1.00" CC="00"/>
						<SP ID="P96_SP00193" HPOS="770" VPOS="957" WIDTH="18"/>
						<String ID="P96_ST00221" HPOS="788" VPOS="926" WIDTH="112" HEIGHT="30" CONTENT="England" WC="0.79" CC="0502060"/>
						<String ID="P96_ST00222" HPOS="911" VPOS="935" WIDTH="5" HEIGHT="18" CONTENT=";" WC="1.00" CC="0"/>
					</TextLine>
					<TextLine ID="P96_TL00026" HPOS="75" VPOS="959" WIDTH="841" HEIGHT="32">
						<String ID="P96_ST00223" HPOS="75" VPOS="960" WIDTH="51" HEIGHT="26" CONTENT="but," WC="0.98" CC="0000"/>
						<SP ID="P96_SP00194" HPOS="126" VPOS="986" WIDTH="15"/>
						<String ID="P96_ST00224" HPOS="141" VPOS="960" WIDTH="108" HEIGHT="31" CONTENT="growing" WC="0.69" CC="0509060"/>
						<SP ID="P96_SP00195" HPOS="249" VPOS="991" WIDTH="14"/>
						<String ID="P96_ST00225" HPOS="263" VPOS="964" WIDTH="40" HEIGHT="19" CONTENT="too" WC="1.00" CC="000"/>
						<SP ID="P96_SP00196" HPOS="303" VPOS="991" WIDTH="14"/>
						<String ID="P96_ST00226" HPOS="317" VPOS="968" WIDTH="130" HEIGHT="15" CONTENT="numerous" WC="0.67" CC="66010505"/>
						<SP ID="P96_SP00197" HPOS="447" VPOS="991" WIDTH="17"/>
						<String ID="P96_ST00227" HPOS="464" VPOS="960" WIDTH="75" HEIGHT="27" CONTENT="there," WC="0.96" CC="010001"/>
						<SP ID="P96_SP00198" HPOS="539" VPOS="991" WIDTH="14"/>
						<String ID="P96_ST00228" HPOS="553" VPOS="959" WIDTH="58" HEIGHT="32" CONTENT="they" WC="0.87" CC="0500"/>
						<SP ID="P96_SP00199" HPOS="611" VPOS="991" WIDTH="14"/>
						<String ID="P96_ST00229" HPOS="625" VPOS="968" WIDTH="63" HEIGHT="14" CONTENT="were" WC="0.92" CC="0030"/>
						<SP ID="P96_SP00200" HPOS="688" VPOS="991" WIDTH="19"/>
						<String ID="P96_ST00230" HPOS="707" VPOS="959" WIDTH="116" HEIGHT="31" CONTENT="deported" WC="0.88" CC="00009000"/>
						<SP ID="P96_SP00201" HPOS="823" VPOS="991" WIDTH="15"/>
						<String ID="P96_ST00231" HPOS="838" VPOS="965" WIDTH="24" HEIGHT="17" CONTENT="to" WC="0.51" CC="53"/>
						<SP ID="P96_SP00202" HPOS="862" VPOS="991" WIDTH="14"/>
						<String ID="P96_ST00232" HPOS="876" VPOS="959" WIDTH="40" HEIGHT="23" CONTENT="the" WC="0.75" CC="520"/>
					</TextLine>
					<TextLine ID="P96_TL00027" HPOS="74" VPOS="993" WIDTH="843" HEIGHT="32">
						<String ID="P96_ST00233" HPOS="74" VPOS="993" WIDTH="68" HEIGHT="22" CONTENT="wilds" WC="0.81" CC="06002"/>
						<SP ID="P96_SP00203" HPOS="142" VPOS="1015" WIDTH="18"/>
						<String ID="P96_ST00234" HPOS="160" VPOS="993" WIDTH="28" HEIGHT="23" CONTENT="of" WC="0.95" CC="10"/>
						<SP ID="P96_SP00204" HPOS="188" VPOS="1016" WIDTH="11"/>
						<String ID="P96_ST00235" HPOS="199" VPOS="993" WIDTH="88" HEIGHT="27" CONTENT="Wales," WC="0.97" CC="000001"/>
						<SP ID="P96_SP00205" HPOS="287" VPOS="1020" WIDTH="16"/>
						<String ID="P96_ST00236" HPOS="303" VPOS="994" WIDTH="100" HEIGHT="22" CONTENT="whither" WC="0.72" CC="0300564"/>
						<SP ID="P96_SP00206" HPOS="403" VPOS="1020" WIDTH="18"/>
						<String ID="P96_ST00237" HPOS="421" VPOS="993" WIDTH="58" HEIGHT="32" CONTENT="they" WC="1.00" CC="0000"/>
						<SP ID="P96_SP00207" HPOS="479" VPOS="1025" WIDTH="13"/>
						<String ID="P96_ST00238" HPOS="492" VPOS="994" WIDTH="92" HEIGHT="22" CONTENT="carried" WC="0.67" CC="0029009"/>
						<SP ID="P96_SP00208" HPOS="584" VPOS="1025" WIDTH="18"/>
						<String ID="P96_ST00239" HPOS="602" VPOS="994" WIDTH="62" HEIGHT="22" CONTENT="their" WC="0.73" CC="07600"/>
						<SP ID="P96_SP00209" HPOS="664" VPOS="1025" WIDTH="17"/>
						<String ID="P96_ST00240" HPOS="681" VPOS="994" WIDTH="68" HEIGHT="30" CONTENT="quiet" WC="0.77" CC="00605"/>
						<SP ID="P96_SP00210" HPOS="749" VPOS="1025" WIDTH="19"/>
						<String ID="P96_ST00241" HPOS="768" VPOS="993" WIDTH="149" HEIGHT="23" CONTENT="industrious" WC="0.62" CC="34717240045"/>
					</TextLine>
					<TextLine ID="P96_TL00028" HPOS="75" VPOS="1026" WIDTH="842" HEIGHT="32">
						<String ID="P96_ST00242" HPOS="75" VPOS="1026" WIDTH="86" HEIGHT="23" CONTENT="habits." WC="0.72" CC="2070260"/>
						<SP ID="P96_SP00211" HPOS="161" VPOS="1049" WIDTH="49"/>
						<String ID="P96_ST00243" HPOS="210" VPOS="1026" WIDTH="59" HEIGHT="28" CONTENT="Ros," WC="0.61" CC="8610"/>
						<SP ID="P96_SP00212" HPOS="269" VPOS="1054" WIDTH="21"/>
						<String ID="P96_ST00244" HPOS="290" VPOS="1027" WIDTH="40" HEIGHT="23" CONTENT="the" WC="0.66" CC="360"/>
						<SP ID="P96_SP00213" HPOS="330" VPOS="1054" WIDTH="22"/>
						<String ID="P96_ST00245" HPOS="352" VPOS="1027" WIDTH="93" HEIGHT="23" CONTENT="district" WC="0.68" CC="00904406"/>
						<SP ID="P96_SP00214" HPOS="445" VPOS="1054" WIDTH="22"/>
						<String ID="P96_ST00246" HPOS="467" VPOS="1027" WIDTH="144" HEIGHT="31" CONTENT="principally" WC="0.86" CC="03070000030"/>
						<SP ID="P96_SP00215" HPOS="611" VPOS="1058" WIDTH="19"/>
						<String ID="P96_ST00247" HPOS="630" VPOS="1027" WIDTH="100" HEIGHT="22" CONTENT="allotted" WC="0.87" CC="02106000"/>
						<SP ID="P96_SP00216" HPOS="730" VPOS="1058" WIDTH="21"/>
						<String ID="P96_ST00248" HPOS="751" VPOS="1031" WIDTH="25" HEIGHT="18" CONTENT="to" WC="0.86" CC="02"/>
						<SP ID="P96_SP00217" HPOS="776" VPOS="1058" WIDTH="22"/>
						<String ID="P96_ST00249" HPOS="798" VPOS="1027" WIDTH="75" HEIGHT="27" CONTENT="them," WC="0.74" CC="63030"/>
						<SP ID="P96_SP00218" HPOS="873" VPOS="1058" WIDTH="23"/>
						<String ID="P96_ST00250" HPOS="896" VPOS="1028" WIDTH="21" HEIGHT="22" CONTENT="is" WC="0.51" CC="26"/>
					</TextLine>
					<TextLine ID="P96_TL00029" HPOS="74" VPOS="1060" WIDTH="842" HEIGHT="32">
						<String ID="P96_ST00251" HPOS="74" VPOS="1060" WIDTH="56" HEIGHT="23" CONTENT="held" WC="0.63" CC="1057"/>
						<SP ID="P96_SP00219" HPOS="130" VPOS="1083" WIDTH="19"/>
						<String ID="P96_ST00252" HPOS="149" VPOS="1064" WIDTH="24" HEIGHT="18" CONTENT="to" WC="0.90" CC="10"/>
						<SP ID="P96_SP00220" HPOS="173" VPOS="1083" WIDTH="20"/>
						<String ID="P96_ST00253" HPOS="193" VPOS="1060" WIDTH="61" HEIGHT="23" CONTENT="have" WC="0.83" CC="6000"/>
						<SP ID="P96_SP00221" HPOS="254" VPOS="1083" WIDTH="17"/>
						<String ID="P96_ST00254" HPOS="271" VPOS="1061" WIDTH="61" HEIGHT="22" CONTENT="been" WC="0.70" CC="5006"/>
						<SP ID="P96_SP00222" HPOS="332" VPOS="1083" WIDTH="21"/>
						<String ID="P96_ST00255" HPOS="353" VPOS="1061" WIDTH="39" HEIGHT="22" CONTENT="the" WC="0.77" CC="060"/>
						<SP ID="P96_SP00223" HPOS="392" VPOS="1083" WIDTH="22"/>
						<String ID="P96_ST00256" HPOS="414" VPOS="1061" WIDTH="81" HEIGHT="22" CONTENT="cradle" WC="0.85" CC="000044"/>
						<SP ID="P96_SP00224" HPOS="495" VPOS="1083" WIDTH="19"/>
						<String ID="P96_ST00257" HPOS="514" VPOS="1060" WIDTH="27" HEIGHT="23" CONTENT="of" WC="0.50" CC="09"/>
						<SP ID="P96_SP00225" HPOS="541" VPOS="1083" WIDTH="15"/>
						<String ID="P96_ST00258" HPOS="556" VPOS="1068" WIDTH="46" HEIGHT="15" CONTENT="our" WC="0.62" CC="333"/>
						<SP ID="P96_SP00226" HPOS="602" VPOS="1083" WIDTH="16"/>
						<String ID="P96_ST00259" HPOS="618" VPOS="1060" WIDTH="101" HEIGHT="23" CONTENT="woollen" WC="0.81" CC="9002000"/>
						<SP ID="P96_SP00227" HPOS="719" VPOS="1083" WIDTH="21"/>
						<String ID="P96_ST00260" HPOS="740" VPOS="1060" WIDTH="176" HEIGHT="32" CONTENT="manufactory." WC="0.79" CC="305150030303"/>
					</TextLine>
					<TextLine ID="P96_TL00030" HPOS="76" VPOS="1093" WIDTH="840" HEIGHT="31">
						<String ID="P96_ST00261" HPOS="76" VPOS="1093" WIDTH="52" HEIGHT="23" CONTENT="The" WC="1.00" CC="000"/>
						<SP ID="P96_SP00228" HPOS="128" VPOS="1116" WIDTH="20"/>
						<String ID="P96_ST00262" HPOS="148" VPOS="1093" WIDTH="115" HEIGHT="31" CONTENT="kingdom" WC="0.84" CC="0030006"/>
						<SP ID="P96_SP00229" HPOS="263" VPOS="1124" WIDTH="19"/>
						<String ID="P96_ST00263" HPOS="282" VPOS="1093" WIDTH="26" HEIGHT="23" CONTENT="of" WC="0.50" CC="09"/>
						<SP ID="P96_SP00230" HPOS="308" VPOS="1124" WIDTH="16"/>
						<String ID="P96_ST00264" HPOS="324" VPOS="1093" WIDTH="79" HEIGHT="23" CONTENT="North" WC="0.86" CC="03300"/>
						<SP ID="P96_SP00231" HPOS="403" VPOS="1124" WIDTH="15"/>
						<String ID="P96_ST00265" HPOS="418" VPOS="1093" WIDTH="81" HEIGHT="23" CONTENT="Wales" WC="0.92" CC="00102"/>
						<SP ID="P96_SP00232" HPOS="499" VPOS="1124" WIDTH="13"/>
						<String ID="P96_ST00266" HPOS="512" VPOS="1102" WIDTH="47" HEIGHT="15" CONTENT="was" WC="0.68" CC="036"/>
						<SP ID="P96_SP00233" HPOS="559" VPOS="1124" WIDTH="17"/>
						<String ID="P96_ST00267" HPOS="576" VPOS="1097" WIDTH="25" HEIGHT="20" CONTENT="at" WC="1.00" CC="00"/>
						<SP ID="P96_SP00234" HPOS="601" VPOS="1124" WIDTH="19"/>
						<String ID="P96_ST00268" HPOS="620" VPOS="1094" WIDTH="51" HEIGHT="23" CONTENT="that" WC="0.39" CC="9707"/>
						<SP ID="P96_SP00235" HPOS="671" VPOS="1124" WIDTH="18"/>
						<String ID="P96_ST00269" HPOS="689" VPOS="1094" WIDTH="58" HEIGHT="23" CONTENT="time" WC="0.82" CC="0700"/>
						<SP ID="P96_SP00236" HPOS="747" VPOS="1124" WIDTH="19"/>
						<String ID="P96_ST00270" HPOS="766" VPOS="1094" WIDTH="106" HEIGHT="23" CONTENT="reduced" WC="0.93" CC="4000000"/>
						<SP ID="P96_SP00237" HPOS="872" VPOS="1124" WIDTH="19"/>
						<String ID="P96_ST00271" HPOS="891" VPOS="1098" WIDTH="25" HEIGHT="19" CONTENT="to" WC="0.44" CC="55"/>
					</TextLine>
					<TextLine ID="P96_TL00031" HPOS="74" VPOS="1127" WIDTH="843" HEIGHT="31">
						<String ID="P96_ST00272" HPOS="74" VPOS="1127" WIDTH="41" HEIGHT="23" CONTENT="the" WC="0.70" CC="107"/>
						<SP ID="P96_SP00238" HPOS="115" VPOS="1150" WIDTH="18"/>
						<String ID="P96_ST00273" HPOS="133" VPOS="1127" WIDTH="74" HEIGHT="22" CONTENT="island" WC="0.68" CC="066060"/>
						<SP ID="P96_SP00239" HPOS="207" VPOS="1150" WIDTH="16"/>
						<String ID="P96_ST00274" HPOS="223" VPOS="1127" WIDTH="28" HEIGHT="23" CONTENT="of" WC="1.00" CC="00"/>
						<SP ID="P96_SP00240" HPOS="251" VPOS="1150" WIDTH="12"/>
						<String ID="P96_ST00275" HPOS="263" VPOS="1127" WIDTH="132" HEIGHT="31" CONTENT="Anglesey," WC="0.81" CC="052006003"/>
						<SP ID="P96_SP00241" HPOS="395" VPOS="1158" WIDTH="14"/>
						<String ID="P96_ST00276" HPOS="409" VPOS="1127" WIDTH="40" HEIGHT="23" CONTENT="the" WC="0.80" CC="050"/>
						<SP ID="P96_SP00242" HPOS="449" VPOS="1158" WIDTH="18"/>
						<String ID="P96_ST00277" HPOS="467" VPOS="1128" WIDTH="110" HEIGHT="22" CONTENT="counties" WC="0.78" CC="02407003"/>
						<SP ID="P96_SP00243" HPOS="577" VPOS="1158" WIDTH="13"/>
						<String ID="P96_ST00278" HPOS="590" VPOS="1127" WIDTH="27" HEIGHT="23" CONTENT="of" WC="1.00" CC="00"/>
						<SP ID="P96_SP00244" HPOS="617" VPOS="1158" WIDTH="9"/>
						<String ID="P96_ST00279" HPOS="626" VPOS="1127" WIDTH="139" HEIGHT="23" CONTENT="Merioneth" WC="0.85" CC="002003006"/>
						<SP ID="P96_SP00245" HPOS="765" VPOS="1158" WIDTH="14"/>
						<String ID="P96_ST00280" HPOS="779" VPOS="1128" WIDTH="48" HEIGHT="23" CONTENT="and" WC="0.88" CC="030"/>
						<SP ID="P96_SP00246" HPOS="827" VPOS="1158" WIDTH="13"/>
						<String ID="P96_ST00281" HPOS="840" VPOS="1128" WIDTH="77" HEIGHT="23" CONTENT="Caer" SUBS_TYPE="HypPart1" SUBS_CONTENT="Caernarvon," WC="0.86" CC="00042"/>
						<HYP CONTENT="-"/>
					</TextLine>
					<TextLine ID="P96_TL00032" HPOS="75" VPOS="1160" WIDTH="841" HEIGHT="31">
						<String ID="P96_ST00282" HPOS="75" VPOS="1169" WIDTH="98" HEIGHT="19" CONTENT="narvon," SUBS_TYPE="HypPart2" SUBS_CONTENT="Caernarvon," WC="0.90" CC="0000050"/>
						<SP ID="P96_SP00247" HPOS="173" VPOS="1188" WIDTH="15"/>
						<String ID="P96_ST00283" HPOS="188" VPOS="1161" WIDTH="45" HEIGHT="22" CONTENT="and" WC="0.83" CC="040"/>
						<SP ID="P96_SP00248" HPOS="233" VPOS="1188" WIDTH="14"/>
						<String ID="P96_ST00284" HPOS="247" VPOS="1169" WIDTH="14" HEIGHT="15" CONTENT="a" WC="1.00" CC="0"/>
						<SP ID="P96_SP00249" HPOS="261" VPOS="1188" WIDTH="11"/>
						<String ID="P96_ST00285" HPOS="272" VPOS="1164" WIDTH="54" HEIGHT="27" CONTENT="part" WC="1.00" CC="0000"/>
						<SP ID="P96_SP00250" HPOS="326" VPOS="1191" WIDTH="13"/>
						<String ID="P96_ST00286" HPOS="339" VPOS="1160" WIDTH="28" HEIGHT="23" CONTENT="of" WC="0.79" CC="04"/>
						<SP ID="P96_SP00251" HPOS="367" VPOS="1191" WIDTH="11"/>
						<String ID="P96_ST00287" HPOS="378" VPOS="1160" WIDTH="181" HEIGHT="31" CONTENT="Denbighshire" WC="0.82" CC="000700250050"/>
						<SP ID="P96_SP00252" HPOS="559" VPOS="1191" WIDTH="14"/>
						<String ID="P96_ST00288" HPOS="573" VPOS="1162" WIDTH="47" HEIGHT="22" CONTENT="and" WC="0.78" CC="060"/>
						<SP ID="P96_SP00253" HPOS="620" VPOS="1191" WIDTH="12"/>
						<String ID="P96_ST00289" HPOS="632" VPOS="1161" WIDTH="198" HEIGHT="30" CONTENT="Cardiganshire." WC="0.85" CC="00000003240900"/>
						<SP ID="P96_SP00254" HPOS="830" VPOS="1191" WIDTH="26"/>
						<String ID="P96_ST00290" HPOS="856" VPOS="1162" WIDTH="60" HEIGHT="23" CONTENT="This" WC="0.82" CC="0025"/>
					</TextLine>
					<TextLine ID="P96_TL00033" HPOS="74" VPOS="1195" WIDTH="843" HEIGHT="31">
						<String ID="P96_ST00291" HPOS="74" VPOS="1202" WIDTH="122" HEIGHT="23" CONTENT="summary" WC="0.78" CC="0260060"/>
						<SP ID="P96_SP00255" HPOS="196" VPOS="1225" WIDTH="14"/>
						<String ID="P96_ST00292" HPOS="210" VPOS="1195" WIDTH="54" HEIGHT="26" CONTENT="will," WC="0.94" CC="00020"/>
						<SP ID="P96_SP00256" HPOS="264" VPOS="1225" WIDTH="13"/>
						<String ID="P96_ST00293" HPOS="277" VPOS="1195" WIDTH="11" HEIGHT="22" CONTENT="I" WC="0.66" CC="3"/>
						<SP ID="P96_SP00257" HPOS="288" VPOS="1225" WIDTH="16"/>
						<String ID="P96_ST00294" HPOS="304" VPOS="1195" WIDTH="70" HEIGHT="29" CONTENT="hope," WC="0.93" CC="30000"/>
						<SP ID="P96_SP00258" HPOS="374" VPOS="1225" WIDTH="13"/>
						<String ID="P96_ST00295" HPOS="387" VPOS="1196" WIDTH="57" HEIGHT="21" CONTENT="tend" WC="0.84" CC="0060"/>
						<SP ID="P96_SP00259" HPOS="444" VPOS="1225" WIDTH="14"/>
						<String ID="P96_ST00296" HPOS="458" VPOS="1199" WIDTH="24" HEIGHT="19" CONTENT="to" WC="1.00" CC="00"/>
						<SP ID="P96_SP00260" HPOS="482" VPOS="1225" WIDTH="13"/>
						<String ID="P96_ST00297" HPOS="495" VPOS="1198" WIDTH="44" HEIGHT="27" CONTENT="put" WC="0.49" CC="960"/>
						<SP ID="P96_SP00261" HPOS="539" VPOS="1225" WIDTH="17"/>
						<String ID="P96_ST00298" HPOS="556" VPOS="1195" WIDTH="40" HEIGHT="22" CONTENT="the" WC="0.75" CC="070"/>
						<SP ID="P96_SP00262" HPOS="596" VPOS="1225" WIDTH="15"/>
						<String ID="P96_ST00299" HPOS="611" VPOS="1195" WIDTH="126" HEIGHT="23" CONTENT="character" WC="0.93" CC="020010001"/>
						<SP ID="P96_SP00263" HPOS="737" VPOS="1225" WIDTH="12"/>
						<String ID="P96_ST00300" HPOS="749" VPOS="1195" WIDTH="29" HEIGHT="23" CONTENT="of" WC="0.79" CC="40"/>
						<SP ID="P96_SP00264" HPOS="778" VPOS="1225" WIDTH="11"/>
						<String ID="P96_ST00301" HPOS="789" VPOS="1195" WIDTH="128" HEIGHT="31" CONTENT="Llywelyn" WC="0.88" CC="40000004"/>
					</TextLine>
					<TextLine ID="P96_TL00034" HPOS="74" VPOS="1228" WIDTH="843" HEIGHT="32">
						<String ID="P96_ST00302" HPOS="74" VPOS="1228" WIDTH="24" HEIGHT="23" CONTENT="in" WC="0.84" CC="20"/>
						<SP ID="P96_SP00265" HPOS="98" VPOS="1251" WIDTH="13"/>
						<String ID="P96_ST00303" HPOS="111" VPOS="1235" WIDTH="14" HEIGHT="15" CONTENT="a" WC="0.27" CC="7"/>
						<SP ID="P96_SP00266" HPOS="125" VPOS="1251" WIDTH="13"/>
						<String ID="P96_ST00304" HPOS="138" VPOS="1228" WIDTH="72" HEIGHT="23" CONTENT="fairer" WC="0.89" CC="006000"/>
						<SP ID="P96_SP00267" HPOS="210" VPOS="1251" WIDTH="13"/>
						<String ID="P96_ST00305" HPOS="223" VPOS="1229" WIDTH="67" HEIGHT="30" CONTENT="light," WC="0.76" CC="009300"/>
						<SP ID="P96_SP00268" HPOS="290" VPOS="1259" WIDTH="14"/>
						<String ID="P96_ST00306" HPOS="304" VPOS="1229" WIDTH="47" HEIGHT="22" CONTENT="and" WC="0.76" CC="150"/>
						<SP ID="P96_SP00269" HPOS="351" VPOS="1259" WIDTH="14"/>
						<String ID="P96_ST00307" HPOS="365" VPOS="1228" WIDTH="85" HEIGHT="23" CONTENT="enable" WC="0.74" CC="050450"/>
						<SP ID="P96_SP00270" HPOS="450" VPOS="1259" WIDTH="15"/>
						<String ID="P96_ST00308" HPOS="465" VPOS="1236" WIDTH="26" HEIGHT="15" CONTENT="us" WC="0.85" CC="02"/>
						<SP ID="P96_SP00271" HPOS="491" VPOS="1259" WIDTH="14"/>
						<String ID="P96_ST00309" HPOS="505" VPOS="1233" WIDTH="24" HEIGHT="18" CONTENT="to" WC="0.81" CC="30"/>
						<SP ID="P96_SP00272" HPOS="529" VPOS="1259" WIDTH="13"/>
						<String ID="P96_ST00310" HPOS="542" VPOS="1229" WIDTH="137" HEIGHT="29" CONTENT="appreciate" WC="0.90" CC="0003001030"/>
						<SP ID="P96_SP00273" HPOS="679" VPOS="1259" WIDTH="15"/>
						<String ID="P96_ST00311" HPOS="694" VPOS="1229" WIDTH="79" HEIGHT="23" CONTENT="better" WC="0.93" CC="000400"/>
						<SP ID="P96_SP00274" HPOS="773" VPOS="1259" WIDTH="12"/>
						<String ID="P96_ST00312" HPOS="785" VPOS="1230" WIDTH="42" HEIGHT="22" CONTENT="the" WC="1.00" CC="000"/>
						<SP ID="P96_SP00275" HPOS="827" VPOS="1259" WIDTH="13"/>
						<String ID="P96_ST00313" HPOS="840" VPOS="1230" WIDTH="77" HEIGHT="30" CONTENT="really" WC="0.95" CC="300000"/>
					</TextLine>
					<TextLine ID="P96_TL00035" HPOS="75" VPOS="1262" WIDTH="842" HEIGHT="31">
						<String ID="P96_ST00314" HPOS="75" VPOS="1262" WIDTH="70" HEIGHT="23" CONTENT="noble" WC="0.76" CC="50600"/>
						<SP ID="P96_SP00276" HPOS="145" VPOS="1285" WIDTH="14"/>
						<String ID="P96_ST00315" HPOS="159" VPOS="1265" WIDTH="54" HEIGHT="27" CONTENT="part" WC="0.64" CC="0049"/>
						<SP ID="P96_SP00277" HPOS="213" VPOS="1292" WIDTH="12"/>
						<String ID="P96_ST00316" HPOS="225" VPOS="1262" WIDTH="29" HEIGHT="23" CONTENT="he" WC="0.28" CC="77"/>
						<SP ID="P96_SP00278" HPOS="254" VPOS="1292" WIDTH="12"/>
						<String ID="P96_ST00317" HPOS="266" VPOS="1263" WIDTH="88" HEIGHT="30" CONTENT="played" WC="0.89" CC="060000"/>
						<SP ID="P96_SP00279" HPOS="354" VPOS="1293" WIDTH="13"/>
						<String ID="P96_ST00318" HPOS="367" VPOS="1262" WIDTH="24" HEIGHT="22" CONTENT="in" WC="0.57" CC="08"/>
						<SP ID="P96_SP00280" HPOS="391" VPOS="1293" WIDTH="14"/>
						<String ID="P96_ST00319" HPOS="405" VPOS="1262" WIDTH="39" HEIGHT="23" CONTENT="the" WC="0.74" CC="520"/>
						<SP ID="P96_SP00281" HPOS="444" VPOS="1293" WIDTH="14"/>
						<String ID="P96_ST00320" HPOS="458" VPOS="1263" WIDTH="139" HEIGHT="22" CONTENT="disordered" WC="0.77" CC="0065500400"/>
						<SP ID="P96_SP00282" HPOS="597" VPOS="1293" WIDTH="17"/>
						<String ID="P96_ST00321" HPOS="614" VPOS="1263" WIDTH="71" HEIGHT="22" CONTENT="times" WC="0.71" CC="34600"/>
						<SP ID="P96_SP00283" HPOS="685" VPOS="1293" WIDTH="13"/>
						<String ID="P96_ST00322" HPOS="698" VPOS="1263" WIDTH="23" HEIGHT="22" CONTENT="in" WC="0.68" CC="14"/>
						<SP ID="P96_SP00284" HPOS="721" VPOS="1293" WIDTH="15"/>
						<String ID="P96_ST00323" HPOS="736" VPOS="1263" WIDTH="80" HEIGHT="23" CONTENT="which" WC="0.67" CC="80007"/>
						<SP ID="P96_SP00285" HPOS="816" VPOS="1293" WIDTH="18"/>
						<String ID="P96_ST00324" HPOS="834" VPOS="1263" WIDTH="35" HEIGHT="23" CONTENT="his" WC="0.63" CC="046"/>
						<SP ID="P96_SP00286" HPOS="869" VPOS="1293" WIDTH="13"/>
						<String ID="P96_ST00325" HPOS="882" VPOS="1263" WIDTH="35" HEIGHT="23" CONTENT="lot" WC="0.87" CC="030"/>
					</TextLine>
					<TextLine ID="P96_TL00036" HPOS="75" VPOS="1298" WIDTH="119" HEIGHT="19">
						<String ID="P96_ST00326" HPOS="75" VPOS="1303" WIDTH="47" HEIGHT="14" CONTENT="was" WC="0.78" CC="006"/>
						<SP ID="P96_SP00287" HPOS="122" VPOS="1317" WIDTH="14"/>
						<String ID="P96_ST00327" HPOS="136" VPOS="1298" WIDTH="58" HEIGHT="19" CONTENT="cast." WC="0.80" CC="00900"/>
					</TextLine>
				</TextBlock>
				<TextBlock ID="P96_TB00004" HPOS="72" VPOS="1328" WIDTH="844" HEIGHT="234" STYLEREFS="TXT_1 PAR_LEFT">
					<TextLine ID="P96_TL00037" HPOS="124" VPOS="1329" WIDTH="792" HEIGHT="32">
						<String ID="P96_ST00328" HPOS="124" VPOS="1329" WIDTH="125" HEIGHT="31" CONTENT="Llywelyn" WC="0.59" CC="06004695"/>
						<SP ID="P96_SP00288" HPOS="249" VPOS="1360" WIDTH="14"/>
						<String ID="P96_ST00329" HPOS="263" VPOS="1336" WIDTH="30" HEIGHT="23" CONTENT="ap" WC="1.00" CC="00"/>
						<SP ID="P96_SP00289" HPOS="293" VPOS="1360" WIDTH="12"/>
						<String ID="P96_ST00330" HPOS="305" VPOS="1329" WIDTH="122" HEIGHT="23" CONTENT="Jorwerth" WC="0.69" CC="00090435"/>
						<SP ID="P96_SP00290" HPOS="427" VPOS="1360" WIDTH="17"/>
						<String ID="P96_ST00331" HPOS="444" VPOS="1337" WIDTH="47" HEIGHT="15" CONTENT="was" WC="0.81" CC="005"/>
						<SP ID="P96_SP00291" HPOS="491" VPOS="1360" WIDTH="17"/>
						<String ID="P96_ST00332" HPOS="508" VPOS="1329" WIDTH="41" HEIGHT="23" CONTENT="the" WC="1.00" CC="000"/>
						<SP ID="P96_SP00292" HPOS="549" VPOS="1360" WIDTH="13"/>
						<String ID="P96_ST00333" HPOS="562" VPOS="1329" WIDTH="122" HEIGHT="32" CONTENT="grandson" WC="0.76" CC="90040110"/>
						<SP ID="P96_SP00293" HPOS="684" VPOS="1361" WIDTH="17"/>
						<String ID="P96_ST00334" HPOS="701" VPOS="1329" WIDTH="28" HEIGHT="23" CONTENT="of" WC="1.00" CC="00"/>
						<SP ID="P96_SP00294" HPOS="729" VPOS="1361" WIDTH="11"/>
						<String ID="P96_ST00335" HPOS="740" VPOS="1329" WIDTH="86" HEIGHT="24" CONTENT="Owain" WC="0.88" CC="20030"/>
						<SP ID="P96_SP00295" HPOS="826" VPOS="1361" WIDTH="14"/>
						<String ID="P96_ST00336" HPOS="840" VPOS="1329" WIDTH="76" HEIGHT="32" CONTENT="Gwy" SUBS_TYPE="HypPart1" SUBS_CONTENT="Gwynedd," WC="0.97" CC="0001"/>
						<HYP CONTENT="-"/>
					</TextLine>
					<TextLine ID="P96_TL00038" HPOS="73" VPOS="1362" WIDTH="843" HEIGHT="31">
						<String ID="P96_ST00337" HPOS="73" VPOS="1362" WIDTH="71" HEIGHT="27" CONTENT="nedd," SUBS_TYPE="HypPart2" SUBS_CONTENT="Gwynedd," WC="0.88" CC="60000"/>
						<SP ID="P96_SP00296" HPOS="144" VPOS="1389" WIDTH="16"/>
						<String ID="P96_ST00338" HPOS="160" VPOS="1362" WIDTH="57" HEIGHT="31" CONTENT="king" WC="0.82" CC="0070"/>
						<SP ID="P96_SP00297" HPOS="217" VPOS="1393" WIDTH="19"/>
						<String ID="P96_ST00339" HPOS="236" VPOS="1362" WIDTH="29" HEIGHT="22" CONTENT="of" WC="0.83" CC="30"/>
						<SP ID="P96_SP00298" HPOS="265" VPOS="1393" WIDTH="11"/>
						<String ID="P96_ST00340" HPOS="276" VPOS="1362" WIDTH="80" HEIGHT="24" CONTENT="North" WC="0.80" CC="00215"/>
						<SP ID="P96_SP00299" HPOS="356" VPOS="1393" WIDTH="12"/>
						<String ID="P96_ST00341" HPOS="368" VPOS="1362" WIDTH="95" HEIGHT="28" CONTENT="Wales;" WC="0.77" CC="070050"/>
						<SP ID="P96_SP00300" HPOS="463" VPOS="1393" WIDTH="18"/>
						<String ID="P96_ST00342" HPOS="481" VPOS="1363" WIDTH="36" HEIGHT="23" CONTENT="his" WC="0.80" CC="302"/>
						<SP ID="P96_SP00301" HPOS="517" VPOS="1393" WIDTH="19"/>
						<String ID="P96_ST00343" HPOS="536" VPOS="1363" WIDTH="86" HEIGHT="27" CONTENT="father," WC="0.73" CC="9004040"/>
						<SP ID="P96_SP00302" HPOS="622" VPOS="1393" WIDTH="13"/>
						<String ID="P96_ST00344" HPOS="635" VPOS="1363" WIDTH="131" HEIGHT="27" CONTENT="Jorwerth," WC="0.85" CC="044003000"/>
						<SP ID="P96_SP00303" HPOS="766" VPOS="1393" WIDTH="14"/>
						<String ID="P96_ST00345" HPOS="780" VPOS="1364" WIDTH="42" HEIGHT="23" CONTENT="the" WC="0.88" CC="030"/>
						<SP ID="P96_SP00304" HPOS="822" VPOS="1393" WIDTH="18"/>
						<String ID="P96_ST00346" HPOS="840" VPOS="1364" WIDTH="76" HEIGHT="23" CONTENT="eldest" WC="0.89" CC="000060"/>
					</TextLine>
					<TextLine ID="P96_TL00039" HPOS="72" VPOS="1395" WIDTH="844" HEIGHT="34">
						<String ID="P96_ST00347" HPOS="72" VPOS="1404" WIDTH="43" HEIGHT="14" CONTENT="son" WC="0.60" CC="442"/>
						<SP ID="P96_SP00305" HPOS="115" VPOS="1418" WIDTH="14"/>
						<String ID="P96_ST00348" HPOS="129" VPOS="1395" WIDTH="27" HEIGHT="24" CONTENT="of" WC="0.89" CC="02"/>
						<SP ID="P96_SP00306" HPOS="156" VPOS="1419" WIDTH="12"/>
						<String ID="P96_ST00349" HPOS="168" VPOS="1395" WIDTH="94" HEIGHT="28" CONTENT="Owain," WC="0.55" CC="092661"/>
						<SP ID="P96_SP00307" HPOS="262" VPOS="1423" WIDTH="12"/>
						<String ID="P96_ST00350" HPOS="274" VPOS="1396" WIDTH="46" HEIGHT="23" CONTENT="had" WC="1.00" CC="000"/>
						<SP ID="P96_SP00308" HPOS="320" VPOS="1423" WIDTH="14"/>
						<String ID="P96_ST00351" HPOS="334" VPOS="1405" WIDTH="30" HEIGHT="15" CONTENT="on" WC="0.45" CC="37"/>
						<SP ID="P96_SP00309" HPOS="364" VPOS="1423" WIDTH="16"/>
						<String ID="P96_ST00352" HPOS="380" VPOS="1397" WIDTH="34" HEIGHT="22" CONTENT="his" WC="0.86" CC="004"/>
						<SP ID="P96_SP00310" HPOS="414" VPOS="1423" WIDTH="15"/>
						<String ID="P96_ST00353" HPOS="429" VPOS="1396" WIDTH="97" HEIGHT="24" CONTENT="father's" WC="0.79" CC="50010306"/>
						<SP ID="P96_SP00311" HPOS="526" VPOS="1423" WIDTH="13"/>
						<String ID="P96_ST00354" HPOS="539" VPOS="1397" WIDTH="71" HEIGHT="23" CONTENT="death" WC="0.90" CC="00004"/>
						<SP ID="P96_SP00312" HPOS="610" VPOS="1423" WIDTH="14"/>
						<String ID="P96_ST00355" HPOS="624" VPOS="1398" WIDTH="61" HEIGHT="22" CONTENT="been" WC="0.84" CC="0006"/>
						<SP ID="P96_SP00313" HPOS="685" VPOS="1423" WIDTH="14"/>
						<String ID="P96_ST00356" HPOS="699" VPOS="1398" WIDTH="171" HEIGHT="31" CONTENT="unanimously" WC="0.74" CC="23500205700"/>
						<SP ID="P96_SP00314" HPOS="870" VPOS="1429" WIDTH="10"/>
						<String ID="P96_ST00357" HPOS="880" VPOS="1401" WIDTH="36" HEIGHT="20" CONTENT="set" WC="0.78" CC="600"/>
					</TextLine>
					<TextLine ID="P96_TL00040" HPOS="73" VPOS="1430" WIDTH="843" HEIGHT="32">
						<String ID="P96_ST00358" HPOS="73" VPOS="1430" WIDTH="73" HEIGHT="26" CONTENT="aside," WC="0.83" CC="360000"/>
						<SP ID="P96_SP00315" HPOS="146" VPOS="1456" WIDTH="14"/>
						<String ID="P96_ST00359" HPOS="160" VPOS="1438" WIDTH="30" HEIGHT="14" CONTENT="on" WC="0.62" CC="33"/>
						<SP ID="P96_SP00316" HPOS="190" VPOS="1456" WIDTH="20"/>
						<String ID="P96_ST00360" HPOS="210" VPOS="1434" WIDTH="104" HEIGHT="19" CONTENT="account" WC="0.74" CC="0040526"/>
						<SP ID="P96_SP00317" HPOS="314" VPOS="1456" WIDTH="18"/>
						<String ID="P96_ST00361" HPOS="332" VPOS="1430" WIDTH="27" HEIGHT="24" CONTENT="of" WC="0.98" CC="00"/>
						<SP ID="P96_SP00318" HPOS="359" VPOS="1456" WIDTH="15"/>
						<String ID="P96_ST00362" HPOS="374" VPOS="1439" WIDTH="13" HEIGHT="14" CONTENT="a" WC="1.00" CC="0"/>
						<SP ID="P96_SP00319" HPOS="387" VPOS="1456" WIDTH="19"/>
						<String ID="P96_ST00363" HPOS="406" VPOS="1430" WIDTH="102" HEIGHT="23" CONTENT="blemish" WC="0.66" CC="4200266"/>
						<SP ID="P96_SP00320" HPOS="508" VPOS="1456" WIDTH="17"/>
						<String ID="P96_ST00364" HPOS="525" VPOS="1431" WIDTH="25" HEIGHT="22" CONTENT="in" WC="0.51" CC="26"/>
						<SP ID="P96_SP00321" HPOS="550" VPOS="1456" WIDTH="19"/>
						<String ID="P96_ST00365" HPOS="569" VPOS="1431" WIDTH="36" HEIGHT="22" CONTENT="his" WC="0.60" CC="506"/>
						<SP ID="P96_SP00322" HPOS="605" VPOS="1456" WIDTH="19"/>
						<String ID="P96_ST00366" HPOS="624" VPOS="1431" WIDTH="60" HEIGHT="27" CONTENT="face," WC="0.81" CC="14030"/>
						<SP ID="P96_SP00323" HPOS="684" VPOS="1458" WIDTH="16"/>
						<String ID="P96_ST00367" HPOS="700" VPOS="1432" WIDTH="78" HEIGHT="23" CONTENT="which" WC="0.79" CC="00405"/>
						<SP ID="P96_SP00324" HPOS="778" VPOS="1458" WIDTH="19"/>
						<String ID="P96_ST00368" HPOS="797" VPOS="1432" WIDTH="119" HEIGHT="30" CONTENT="procured" WC="0.91" CC="00300300"/>
					</TextLine>
					<TextLine ID="P96_TL00041" HPOS="74" VPOS="1460" WIDTH="842" HEIGHT="36">
						<String ID="P96_ST00369" HPOS="74" VPOS="1462" WIDTH="49" HEIGHT="23" CONTENT="him" WC="0.67" CC="306"/>
						<SP ID="P96_SP00325" HPOS="123" VPOS="1485" WIDTH="19"/>
						<String ID="P96_ST00370" HPOS="142" VPOS="1464" WIDTH="40" HEIGHT="22" CONTENT="the" WC="0.87" CC="300"/>
						<SP ID="P96_SP00326" HPOS="182" VPOS="1486" WIDTH="19"/>
						<String ID="P96_ST00371" HPOS="201" VPOS="1464" WIDTH="127" HEIGHT="23" CONTENT="nickname" WC="0.65" CC="41375040"/>
						<SP ID="P96_SP00327" HPOS="328" VPOS="1487" WIDTH="18"/>
						<String ID="P96_ST00372" HPOS="346" VPOS="1464" WIDTH="160" HEIGHT="31" CONTENT="Drwyndwn," WC="0.95" CC="040000000"/>
						<SP ID="P96_SP00328" HPOS="506" VPOS="1495" WIDTH="13"/>
						<String ID="P96_ST00373" HPOS="519" VPOS="1473" WIDTH="28" HEIGHT="14" CONTENT="or" WC="0.75" CC="04"/>
						<SP ID="P96_SP00329" HPOS="547" VPOS="1495" WIDTH="12"/>
						<String ID="P96_ST00374" HPOS="559" VPOS="1465" WIDTH="188" HEIGHT="24" CONTENT="broken-nosed." WC="0.77" CC="0070080307003"/>
						<SP ID="P96_SP00330" HPOS="747" VPOS="1495" WIDTH="37"/>
						<String ID="P96_ST00375" HPOS="784" VPOS="1460" WIDTH="60" HEIGHT="28" CONTENT="This" WC="0.69" CC="0416"/>
						<SP ID="P96_SP00331" HPOS="844" VPOS="1495" WIDTH="12"/>
						<String ID="P96_ST00376" HPOS="856" VPOS="1473" WIDTH="60" HEIGHT="23" CONTENT="poor" WC="0.89" CC="0120"/>
					</TextLine>
					<TextLine ID="P96_TL00042" HPOS="73" VPOS="1497" WIDTH="843" HEIGHT="33">
						<String ID="P96_ST00377" HPOS="73" VPOS="1497" WIDTH="83" HEIGHT="29" CONTENT="prince" WC="0.73" CC="056400"/>
						<SP ID="P96_SP00332" HPOS="156" VPOS="1526" WIDTH="19"/>
						<String ID="P96_ST00378" HPOS="175" VPOS="1505" WIDTH="47" HEIGHT="14" CONTENT="was" WC="0.93" CC="002"/>
						<SP ID="P96_SP00333" HPOS="222" VPOS="1526" WIDTH="22"/>
						<String ID="P96_ST00379" HPOS="244" VPOS="1497" WIDTH="82" HEIGHT="24" CONTENT="forced" WC="0.87" CC="042000"/>
						<SP ID="P96_SP00334" HPOS="326" VPOS="1526" WIDTH="21"/>
						<String ID="P96_ST00380" HPOS="347" VPOS="1501" WIDTH="24" HEIGHT="20" CONTENT="at" WC="0.79" CC="04"/>
						<SP ID="P96_SP00335" HPOS="371" VPOS="1526" WIDTH="20"/>
						<String ID="P96_ST00381" HPOS="391" VPOS="1498" WIDTH="51" HEIGHT="27" CONTENT="last," WC="0.55" CC="39440"/>
						<SP ID="P96_SP00336" HPOS="442" VPOS="1526" WIDTH="21"/>
						<String ID="P96_ST00382" HPOS="463" VPOS="1499" WIDTH="33" HEIGHT="30" CONTENT="by" WC="1.00" CC="00"/>
						<SP ID="P96_SP00337" HPOS="496" VPOS="1529" WIDTH="18"/>
						<String ID="P96_ST00383" HPOS="514" VPOS="1499" WIDTH="40" HEIGHT="23" CONTENT="the" WC="0.84" CC="040"/>
						<SP ID="P96_SP00338" HPOS="554" VPOS="1529" WIDTH="15"/>
						<String ID="P96_ST00384" HPOS="569" VPOS="1499" WIDTH="111" HEIGHT="30" CONTENT="jealousy" WC="0.87" CC="00300060"/>
						<SP ID="P96_SP00339" HPOS="680" VPOS="1529" WIDTH="20"/>
						<String ID="P96_ST00385" HPOS="700" VPOS="1499" WIDTH="27" HEIGHT="23" CONTENT="of" WC="0.66" CC="33"/>
						<SP ID="P96_SP00340" HPOS="727" VPOS="1529" WIDTH="16"/>
						<String ID="P96_ST00386" HPOS="743" VPOS="1499" WIDTH="41" HEIGHT="23" CONTENT="the" WC="0.77" CC="060"/>
						<SP ID="P96_SP00341" HPOS="784" VPOS="1529" WIDTH="20"/>
						<String ID="P96_ST00387" HPOS="804" VPOS="1500" WIDTH="112" HEIGHT="30" CONTENT="reigning" WC="0.67" CC="10195008"/>
					</TextLine>
					<TextLine ID="P96_TL00043" HPOS="73" VPOS="1530" WIDTH="842" HEIGHT="32">
						<String ID="P96_ST00388" HPOS="73" VPOS="1530" WIDTH="133" HEIGHT="31" CONTENT="sovereign," WC="0.76" CC="5705000023"/>
						<SP ID="P96_SP00342" HPOS="206" VPOS="1561" WIDTH="15"/>
						<String ID="P96_ST00389" HPOS="221" VPOS="1533" WIDTH="23" HEIGHT="20" CONTENT="to" WC="0.89" CC="20"/>
						<SP ID="P96_SP00343" HPOS="244" VPOS="1561" WIDTH="19"/>
						<String ID="P96_ST00390" HPOS="263" VPOS="1531" WIDTH="56" HEIGHT="23" CONTENT="take" WC="1.00" CC="0000"/>
						<SP ID="P96_SP00344" HPOS="319" VPOS="1561" WIDTH="18"/>
						<String ID="P96_ST00391" HPOS="337" VPOS="1536" WIDTH="130" HEIGHT="26" CONTENT="sanctuary" WC="0.89" CC="502010000"/>
						<SP ID="P96_SP00345" HPOS="467" VPOS="1562" WIDTH="13"/>
						<String ID="P96_ST00392" HPOS="480" VPOS="1535" WIDTH="25" HEIGHT="20" CONTENT="at" WC="0.63" CC="25"/>
						<SP ID="P96_SP00346" HPOS="505" VPOS="1562" WIDTH="14"/>
						<String ID="P96_ST00393" HPOS="519" VPOS="1532" WIDTH="111" HEIGHT="23" CONTENT="Pennant" WC="0.71" CC="2126015"/>
						<SP ID="P96_SP00347" HPOS="630" VPOS="1562" WIDTH="15"/>
						<String ID="P96_ST00394" HPOS="645" VPOS="1533" WIDTH="132" HEIGHT="29" CONTENT="Melangell" WC="0.63" CC="006087055"/>
						<SP ID="P96_SP00348" HPOS="777" VPOS="1562" WIDTH="13"/>
						<String ID="P96_ST00395" HPOS="790" VPOS="1533" WIDTH="24" HEIGHT="22" CONTENT="in" WC="0.86" CC="20"/>
						<SP ID="P96_SP00349" HPOS="814" VPOS="1562" WIDTH="14"/>
						<String ID="P96_ST00396" HPOS="828" VPOS="1533" WIDTH="87" HEIGHT="23" CONTENT="Mont-" WC="0.80" CC="02250"/>
					</TextLine>
				</TextBlock>
			</PrintSpace>
		</Page>
	</Layout>
</alto>
