1023 1619
351 127 55 16 THE
419 127 81 16 KINGS
514 128 33 15 OF
562 128 94 15 WALES.

889 120 32 23 61

76 186 188 31 ignominiously
286 188 45 28 put
350 186 51 23 him
422 186 51 24 into
493 187 84 23 chains
598 188 48 22 and
666 188 123 23 delivered
810 188 50 22 him
882 194 40 24 up.

76 220 78 23 Great
166 227 26 16 as
205 227 15 16 a
232 220 100 23 warrior
341 220 49 23 and
402 219 57 29 free,
472 221 149 23 Caractacus
629 229 48 15 was
687 225 96 28 greater
792 221 48 23 still
853 221 70 23 when

76 254 37 22 his
133 254 80 22 sword
235 262 47 15 was
302 254 94 23 broken
421 254 48 23 and
494 254 36 23 his
555 254 77 24 hands
651 263 62 16 were
733 255 93 23 bound.
869 254 54 24 The

75 287 78 23 whole
166 287 143 32 population
323 287 27 23 of
361 288 85 26 Rome,
460 287 105 24 familiar
578 289 57 23 with
648 289 36 23 his
698 297 70 15 name
781 289 48 23 and
841 289 81 28 deeds,

76 316 104 28 awaited
204 321 37 23 his
265 322 87 22 arrival
378 322 57 23 with
464 323 92 23 intense
585 323 108 23 interest.
739 322 112 32 Nothing
875 330 48 16 was

75 356 109 30 wanting
197 359 25 19 to
241 355 56 32 give
315 356 72 23 effect
404 359 25 21 to
449 357 41 22 the
508 357 131 30 triumphal
658 357 148 30 procession.
870 356 53 23 The

76 389 138 24 Prætorian
232 390 98 23 cohorts
344 398 62 15 were
424 390 78 23 under
520 398 64 16 arms
602 391 24 22 in
645 391 41 23 the
704 391 57 23 field
780 390 83 24 before
882 390 41 23 the

76 431 79 22 camp.
192 423 65 23 First
275 431 67 16 came
363 424 39 23 the
421 423 80 31 king's
518 424 151 31 dependants
685 425 48 23 and
750 425 100 26 retinue,
864 423 58 24 with

76 458 43 22 the
141 458 134 30 trappings,
297 458 94 27 collars,
413 458 49 23 and
482 459 69 22 other
575 459 107 29 trophies
703 459 30 22 he
755 459 48 22 had
822 465 54 16 won
897 458 25 22 in

76 491 97 31 foreign
186 499 60 15 wars
256 501 5 18 ;
275 494 58 20 next
345 499 68 15 came
427 492 35 22 his
475 492 120 28 brothers,
608 492 37 22 his
658 492 52 22 wife
723 492 48 22 and
788 491 134 31 daughter;

76 525 49 22 and
144 525 45 22 last
208 525 99 22 himself
322 525 122 31 appeared
462 525 82 23 before
564 525 41 23 the
626 525 135 23 assembled
785 524 136 23 multitude.

77 558 54 23 The
144 562 49 19 rest
205 566 62 24 gave
280 566 52 24 way
345 562 25 19 to
385 558 61 23 their
459 562 97 20 terrors.
586 558 156 28 Caractacus,
755 558 95 23 neither
862 558 34 30 by
909 565 14 15 a

76 593 126 22 downcast
220 593 139 30 expression
379 600 45 15 nor
441 592 116 31 plaintive
576 592 85 27 words,
681 592 117 30 appealed
816 594 25 20 to
854 599 68 15 com-

76 626 95 31 passion
181 635 5 18 ;
214 625 67 24 when
301 626 30 23 he
350 634 68 15 came
437 626 25 22 in
479 625 66 24 front
565 625 28 23 of
611 626 40 22 the
672 626 87 22 throne
777 624 45 33 (on
842 624 80 24 which

76 660 41 23 the
136 667 111 24 emperor
265 667 48 15 was
331 658 97 33 seated)
447 660 30 23 he
495 660 76 30 spoke
589 663 26 19 to
634 659 46 23 this
699 660 72 22 effect
781 668 5 14 :
788 673 34 3 —

153 693 27 23 If
197 696 24 20 to
241 693 41 23 the
299 693 103 31 nobility
421 692 29 24 of
469 701 41 23 my
529 693 72 28 birth,
622 693 47 23 and
688 693 40 23 the
747 693 132 31 splendour
897 692 29 24 of

76 727 96 24 exalted
197 728 96 27 station,
319 727 12 23 I
357 727 47 23 had
429 727 83 23 united
538 728 40 22 the
606 727 92 23 virtues
722 726 28 24 of
772 727 150 23 moderation

76 760 95 33 (policy
185 762 48 22 and
247 760 72 33 tact),
334 761 79 23 Rome
426 761 48 23 had
487 761 87 23 beheld
588 768 38 16 me
642 763 41 21 not
701 761 22 22 in
738 761 126 30 captivity,
877 761 46 23 but

76 802 15 16 a
103 795 67 31 royal
184 795 83 23 visitor
276 795 48 23 and
334 795 84 23 friend.
455 795 54 23 The
518 795 102 23 alliance
629 794 28 24 of
667 802 14 16 a
689 795 83 30 prince
786 794 137 24 descended

77 828 64 24 from
160 836 30 15 an
211 829 133 22 illustrious
362 829 48 22 line
429 828 28 23 of
470 831 130 25 ancestors,
620 836 14 15 a
655 829 83 30 prince
756 829 81 22 whose
855 835 68 23 sway

79 862 120 24 extended
213 870 57 15 over
283 870 73 23 many
368 862 102 27 nations,
485 862 80 23 would
582 866 43 19 not
641 862 62 23 have
718 862 60 23 been
794 862 128 30 unworthy

79 896 29 23 of
126 904 63 23 your
209 896 93 23 choice.
348 896 23 22 A
393 904 95 15 reverse
507 895 29 24 of
552 895 98 24 fortune
669 896 19 22 is
709 903 55 16 now
786 895 41 23 the
845 895 36 23 lot
899 895 28 23 of

81 930 155 23 Caractacus.
283 929 53 24 The
361 934 72 18 event
457 934 24 18 to
506 938 49 23 you
580 930 19 22 is
623 930 115 31 glorious,
763 929 48 23 and
835 932 25 20 to
884 936 39 16 me

79 964 162 30 humiliating.
278 963 10 23 I
302 963 47 23 had
363 971 71 19 arms,
447 964 48 22 and
507 971 62 19 men,
583 964 46 23 and
639 964 82 22 horses
731 973 6 17 ;
750 963 11 23 I
776 963 46 23 had
836 962 87 24 wealth

80 998 23 22 in
122 998 144 22 abundance
277 1007 5 17 ;
303 1005 44 15 can
367 1005 51 22 you
431 997 98 23 wonder
542 998 52 23 that
606 998 11 22 I
631 1005 47 16 was
698 997 124 30 unwilling
835 1000 25 20 to
872 996 51 24 lose

79 1032 65 23 them
153 1032 11 23 ?
203 1031 54 23 The
275 1032 117 22 ambition
412 1031 28 23 of
456 1031 78 23 Rome
552 1032 90 30 aspires
661 1034 25 21 to
705 1031 120 23 universal
847 1030 76 23 domi-

79 1066 64 27 nion,
158 1065 47 23 and
223 1068 65 20 must
304 1065 124 27 mankind,
442 1066 25 22 in
480 1072 176 24 consequence,
670 1065 90 23 stretch
774 1065 63 23 their
849 1064 74 24 necks

78 1103 26 19 to
117 1099 41 23 the
170 1099 64 31 yoke
242 1099 11 23 ?
291 1099 11 23 I
321 1099 70 23 stood
407 1102 25 20 at
448 1099 48 31 bay
509 1099 38 22 for
560 1107 68 24 years
639 1109 6 18 ;
666 1099 48 23 had
727 1099 11 22 I
758 1099 70 23 acted
841 1099 83 22 other-

78 1133 65 27 wise,
157 1133 89 28 where,
258 1141 32 15 on
308 1141 63 23 your
389 1136 62 27 part,
464 1133 48 22 had
532 1133 60 23 been
611 1133 42 22 the
672 1132 69 31 glory
755 1132 27 23 of
796 1135 127 27 conquest,

79 1166 47 23 and
149 1167 87 26 where,
258 1175 31 14 on
311 1166 74 28 mine,
408 1166 41 23 the
471 1167 95 22 honour
589 1166 28 23 of
634 1174 14 15 a
672 1167 75 22 brave
772 1166 129 22 resistance
910 1165 11 23 ?

79 1200 12 23 I
111 1208 39 15 am
172 1208 54 15 now
251 1200 24 22 in
295 1208 62 24 your
378 1208 94 23 power;
493 1200 22 23 if
530 1208 48 24 you
592 1208 40 14 are
650 1200 59 22 bent
727 1207 31 14 on
776 1206 147 23 vengeance,

80 1237 102 20 execute
201 1242 62 23 your
280 1242 105 23 purpose
396 1243 6 14 :
428 1234 40 23 the.
487 1234 89 31 bloody
589 1241 72 16 scene
679 1233 48 22 will
741 1241 58 15 soon
815 1232 28 23 be
856 1239 68 20 over,

80 1268 48 23 and
142 1268 40 22 the
195 1275 70 15 name
278 1267 27 23 of
314 1268 148 23 Caractacus
473 1267 47 23 will
534 1267 54 23 sink
600 1268 51 22 into
661 1267 116 23 oblivion.
809 1265 117 24 Preserve

80 1309 41 23 my
135 1301 49 28 life,
197 1301 47 23 and
259 1301 10 23 I
282 1301 60 23 shall
357 1302 29 23 be
400 1305 24 20 to
440 1301 40 23 the
494 1301 71 23 latest
577 1301 117 30 posterity
707 1308 15 15 a
739 1302 143 21 monument
899 1298 28 24 of

81 1336 96 23 Roman

132 1368 126 27 Claudius,
284 1369 57 22 with
363 1376 15 16 a
401 1368 176 31 magnanimity
602 1368 54 22 that
681 1367 42 23 did
747 1367 50 23 him
821 1367 103 28 honour,

80 1403 117 31 instantly
217 1402 162 23 commanded
400 1402 149 23 Caractacus
567 1402 49 22 and
634 1401 37 23 his
689 1400 84 32 family
788 1404 25 20 to
832 1401 30 23 be
880 1408 45 16 un-

79 1436 91 27 bound,
182 1436 48 23 and
243 1439 37 19 set
292 1435 59 23 free.
388 1435 23 23 It
424 1436 19 22 is
456 1436 50 22 told
519 1435 27 23 of
556 1435 42 23 the
616 1435 117 23 liberated
751 1434 70 28 chief,
835 1435 53 23 that
899 1442 27 16 as

79 1472 31 23 he
125 1470 94 24 walked
233 1469 107 30 through
353 1469 42 23 the
407 1472 85 19 streets
507 1468 27 23 of
544 1469 40 22 the
597 1469 109 30 imperial
719 1469 56 30 city,
789 1469 46 22 and
849 1469 76 30 gazed

353 1542 14 15 *
383 1542 87 21 Hoare's
481 1541 103 27 Giraldus,
594 1548 20 20 p.
625 1547 29 16 cv.
