1023 1619
63 78 28 21 16

420 91 123 15 BARDISM.

61 147 100 19 venture
182 152 29 15 on
233 145 47 23 this
299 146 60 23 little
379 155 76 23 essay,
473 148 46 23 will
539 148 70 24 think
628 156 38 15 me
685 147 160 32 exceedingly
859 154 45 15 un-

60 176 92 29 gallant
165 181 24 19 to
203 179 61 22 have
276 179 85 30 placed
374 181 79 24 where
468 182 11 22 I
493 183 60 22 have
563 192 5 15 ;
588 183 44 22 but
646 182 47 22 this
706 190 80 14 comes
800 181 28 23 of
838 189 68 15 com-

61 210 76 30 piling
149 219 5 14 :
174 211 119 27 however,
307 212 11 23 I
331 214 61 23 have
406 215 40 23 the
459 215 147 23 satisfaction
621 215 27 23 of
664 216 83 30 laying
765 216 41 22 the
825 215 80 22 blame

61 252 31 15 on
116 245 42 22 the
182 245 141 24 authorities
348 248 77 23 whom
451 249 11 22 I
487 249 61 22 have
573 249 121 22 followed.
740 248 80 24 There
844 257 61 15 were

61 278 153 27 Druidesses,
228 287 26 14 as
272 280 53 23 well
342 289 26 15 as
388 281 100 26 Druids,
501 282 106 26 divided,
621 283 18 22 it
657 283 19 22 is
694 282 61 26 said,
770 284 50 21 into
837 283 69 22 three

61 312 95 22 classes.
194 312 53 23 The
269 313 51 23 first
341 315 61 22 class
421 323 74 15 never
514 316 111 24 married,
646 317 44 21 but
711 316 62 22 lived
794 317 112 30 together

61 346 178 31 conventually,
260 347 22 22 in
303 348 120 30 complete
444 349 141 22 retirement
606 348 62 23 from
690 349 40 22 the
750 350 81 22 world.
868 349 38 23 To

61 380 41 22 the
120 380 90 22 second
230 379 60 24 class
309 382 119 30 marriage
447 389 48 16 was
514 382 137 29 permitted,
665 382 93 30 though
773 383 56 30 they
844 387 63 19 must

61 414 61 23 have
142 414 69 22 made
231 414 45 23 but
289 413 138 25 indifferent
441 415 79 27 wives,
534 423 25 15 as
573 416 57 29 they
644 423 62 15 were
719 416 150 31 continually
883 421 24 18 at

61 448 63 22 their
144 455 99 23 prayers
267 448 48 23 and
337 448 115 31 religious
473 450 112 26 services,
606 450 46 22 and
678 450 107 30 scarcely
806 457 56 15 ever
884 454 23 19 at

61 482 77 22 home.
177 481 52 24 The
249 482 63 23 third
331 482 61 23 class
406 490 62 15 were
480 490 15 15 a
508 483 58 22 kind
580 482 27 23 of
616 483 141 31 lay-sisters,
771 484 136 31 answering

61 519 25 19 to
99 523 45 15 our
157 515 139 23 Protestant
309 516 214 23 church-cleaners
536 517 46 22 and
604 525 175 23 pew-openers,
793 517 53 23 who
865 518 41 22 did

60 549 31 22 all
112 550 41 21 the
173 549 59 23 hard
255 549 65 23 work
342 558 14 15 a
377 558 94 15 woman
493 550 73 23 could
588 551 37 27 do,
644 551 24 22 in
688 551 41 23 the
747 559 56 16 care
822 551 28 23 of
866 552 40 23 the

61 583 102 30 temples
191 583 47 23 and
260 585 152 29 preparation
435 584 38 23 for
493 585 42 22 the
557 585 56 23 rites
633 588 24 20 to
677 585 30 23 be
725 585 137 30 performed
881 586 25 23 in

61 617 73 22 them.
180 616 11 23 I
213 617 60 23 have
298 618 132 23 exhausted
455 626 41 22 my
518 626 80 23 pages,
619 622 44 20 not
686 626 40 24 my
746 619 104 31 subject,
873 627 31 16 on

61 650 77 23 which
157 659 14 15 a
189 655 68 27 great
276 651 52 23 deal
348 660 65 15 more
432 652 78 30 might
529 653 29 23 be
575 653 60 23 said.
