1023 1619
896 115 44 23 101

378 121 55 16 THE
447 121 91 17 WELSH
551 122 117 16 CHURCH.

102 178 55 24 trial
182 187 47 15 was
253 179 119 32 thronged
383 189 5 18 ;
413 181 40 22 the
478 180 130 32 Pelagians
631 189 13 16 c
660 189 38 15 me
724 181 23 23 in
772 184 70 28 great
862 189 80 22 pomp,

101 213 96 30 parade,
212 214 46 22 and
272 214 103 31 bravery
389 214 27 23 of
423 215 107 29 apparel.
567 215 76 23 Their
654 218 71 28 party
737 215 75 30 spoke
825 215 58 28 first,
897 215 48 23 and

102 254 61 15 were
174 248 111 22 received
295 248 88 29 coldly,
397 249 47 22 and
455 249 73 22 heard
541 249 57 22 with
611 249 45 22 but
665 249 60 22 little
733 249 28 22 of
770 249 39 22 the
819 249 127 22 deference

102 283 26 20 to
146 281 78 23 which
242 282 58 30 they
317 289 62 15 were
396 282 156 23 accustomed
563 292 5 17 ;
592 290 45 15 nor
648 290 49 15 was
710 282 63 23 their
785 282 84 23 visible
882 290 63 15 mor-

103 314 119 23 tification
240 315 108 23 lessened
362 316 32 30 by
407 316 42 22 the
461 316 83 22 cheers
558 316 46 22 and
622 316 85 23 shouts
723 316 28 22 of
763 316 115 30 applause
895 316 51 22 that

104 348 153 31 interrupted
272 349 40 22 the
326 349 85 30 replies
424 349 28 23 of
465 349 63 23 their
542 349 155 23 adversaries.
735 349 73 23 From
828 349 118 23 wounded

103 382 76 29 pride,
193 390 28 14 or
233 382 70 23 sheer
315 382 190 32 incompetence,
516 383 41 23 the
567 382 129 32 Pelagians
709 382 95 24 refused
815 387 24 19 to
849 383 97 23 address

103 415 42 22 the
164 415 120 32 assembly
297 424 14 14 a
323 417 88 22 second
425 417 65 26 time,
506 417 47 22 and
568 418 94 30 victory
676 425 47 14 was
737 417 32 30 by
782 417 41 22 the
844 417 102 31 popular

103 448 70 24 voice
186 450 109 22 awarded
310 453 25 19 to
349 450 62 22 their
423 454 143 27 opponents.
609 450 52 24 The
675 450 130 23 successful
820 451 61 22 issue
896 450 26 22 of
933 458 13 15 a

103 482 76 23 battle
205 482 88 32 fought
315 483 92 31 shortly
431 484 68 27 after,
524 484 23 22 in
572 484 79 23 which
676 484 41 23 the
742 483 97 23 Britons
869 484 77 22 under

104 516 40 22 the
157 516 118 23 direction
290 516 27 23 of
324 516 137 24 Germanus
472 518 46 22 and
529 517 85 31 Lupus
626 517 111 31 repulsed
746 525 65 15 some
825 517 121 23 unknown

104 549 120 28 invaders,
247 550 133 23 confirmed
401 551 40 22 the
455 551 136 30 judgment.
628 551 54 22 The
699 551 58 22 time
775 550 127 30 happened
921 553 25 20 to

104 583 31 23 be
159 584 104 22 towards
285 584 41 22 the
345 584 65 23 close
428 584 28 23 of
474 585 41 22 the
536 592 84 15 season
637 584 28 23 of
683 583 78 26 Lent;
784 584 41 22 the
849 584 97 30 bishops

102 624 65 15 were
190 618 142 29 preaching,
360 620 156 28 preparatory
536 621 24 19 to
582 617 40 23 the
644 618 44 22 rite
710 616 27 24 of
754 617 110 30 baptism,
888 617 24 22 in
932 625 14 15 a

102 652 139 28 temporary
262 650 93 23 church
379 650 30 23 of
429 652 147 21 interwoven
599 651 118 23 branches
737 649 28 24 of
785 653 70 20 trees.
892 650 54 23 The

102 683 90 23 British
204 684 108 27 soldiers,
324 684 23 22 in
359 691 13 15 a
383 684 56 31 holy
450 683 148 25 confidence,
609 684 113 22 attended
733 684 124 23 unarmed.
893 683 53 24 The

102 717 128 29 baptismal
243 718 58 22 rites
313 717 47 23 and
379 718 97 29 paschal
494 718 147 23 solemnities
662 724 62 16 were
742 717 52 31 just
811 717 135 24 concluded

101 751 68 23 when
194 752 40 22 the
256 758 87 22 enemy
363 752 131 26 advanced,
518 751 160 23 emboldened
699 751 33 30 by
752 751 41 23 the
814 751 132 23 unwarlike

101 785 158 29 occupations
272 785 27 22 of
312 785 39 22 the
365 788 168 27 countrymen.
570 785 137 22 Germanus
720 785 84 29 placed
814 784 100 23 himself
922 789 24 18 at

102 818 40 22 the
156 818 61 22 head
234 818 28 22 of
279 818 40 22 the
337 818 91 22 British
448 826 75 23 army,
544 818 46 22 and
612 818 57 23 took
683 826 32 22 up
730 818 35 22 his
777 818 103 30 position
896 818 22 22 in
933 825 13 15 a

101 859 93 15 narrow
205 852 123 22 mountain
339 851 78 22 defile.
436 851 32 23 So
477 860 58 14 soon
542 859 25 15 as
577 851 39 23 the
626 851 110 23 invaders
744 851 47 22 had
800 851 96 23 entered
906 851 40 22 the

101 893 62 23 pass,
175 885 41 23 the
226 885 98 30 bishops
334 885 102 23 shouted
447 889 43 19 out
526 885 122 23 Alleluiah
720 884 52 23 The
781 885 99 22 soldiers
888 884 58 23 took

102 927 33 22 up
146 918 39 23 the
196 927 50 22 cry,
257 919 79 22 which
346 919 91 23 echoed
448 919 47 22 and
505 919 131 23 re-echoed
645 918 61 23 from
715 918 58 23 rock
784 922 25 19 to
821 918 67 27 rock,
899 918 47 22 and

102 952 76 23 threw
191 953 40 22 the
245 960 86 23 enemy
345 953 49 22 into
408 960 14 15 a
430 952 119 31 complete
561 952 70 31 panic
640 961 5 14 :
655 952 59 30 they
726 951 68 31 flung
804 952 70 23 down
885 951 61 23 their

102 994 71 18 arms,
187 986 55 28 fled,
256 986 47 23 and
316 985 41 24 left
370 987 41 22 the
425 986 96 23 Britons
536 989 99 20 masters
648 985 26 24 of
684 986 40 22 the
737 985 64 23 field.
838 985 53 23 The
901 986 45 22 site

102 1019 27 24 of
146 1020 40 22 the
200 1020 74 23 battle
289 1020 17 22 is
326 1028 57 14 near
399 1019 80 27 Mold,
494 1019 137 28 Flintshire,
645 1022 25 20 at
682 1019 71 23 Maes
774 1018 121 26 Garmon;
914 1027 31 14 on

101 1054 89 27 which,
215 1054 23 22 in
267 1054 72 26 1736,
365 1053 50 23 Mr.
440 1053 99 24 Griffith
561 1053 27 23 of
614 1053 82 23 Rhual
720 1053 98 23 erected
842 1061 14 14 a
880 1060 65 15 com-

101 1088 157 22 memorative
278 1087 101 23 obelisk.
417 1087 54 23 The
488 1087 90 23 church
593 1087 28 23 of
635 1087 146 23 Llanarmon
795 1087 19 22 is
824 1086 120 30 supposed

102 1124 25 20 to
140 1121 70 22 stand
224 1128 30 16 on
269 1121 40 23 the
322 1129 58 22 very
393 1124 54 27 spot
461 1122 78 22 where
553 1121 40 23 the
610 1121 98 22 wattled
726 1120 77 23 fabric
820 1127 48 16 was
888 1127 57 15 con-

101 1155 133 22 structed.*
269 1154 53 23 The
339 1155 105 30 changes
457 1155 144 22 introduced
615 1155 32 30 by
660 1154 69 30 King
742 1153 52 23 Beli
810 1161 62 15 were
890 1154 24 21 in
931 1160 15 16 a

102 1188 90 22 former
205 1188 100 30 chapter
317 1188 153 30 represented
483 1196 25 14 as
522 1191 149 27 consequent
684 1195 30 15 on
728 1187 40 23 the
781 1186 81 24 defeat
869 1186 28 23 of
905 1187 41 22 the

102 1221 116 31 Pelagian
244 1225 79 26 party.
368 1221 71 31 They
458 1229 55 23 may
536 1221 60 22 have
621 1221 61 22 been
700 1221 131 30 suggested
853 1221 31 29 by
904 1220 41 23 the

102 1254 133 32 encyclical
256 1255 71 23 letter
345 1254 27 24 of
389 1254 67 32 Pope
478 1254 122 23 Zozimus.
646 1254 53 22 The
726 1254 72 22 effect
823 1253 27 23 of
873 1253 73 23 Beli's

102 1288 72 27 edict,
189 1296 48 24 you
251 1296 55 23 may
319 1289 142 26 remember,
474 1296 48 15 was
531 1292 24 19 to
565 1288 76 22 throw
651 1288 41 22 the
704 1287 120 23 Christian
835 1287 110 31 ministry

102 1330 72 23 open,
188 1322 46 22 and
248 1322 91 31 impose
352 1330 65 15 some
432 1322 76 23 check
521 1330 31 14 on
566 1322 40 22 the
620 1326 177 25 extravagance
812 1320 28 23 of
858 1320 88 23 Bardic

101 1355 172 32 speculations.
310 1355 162 32 Pelagianism
485 1363 47 15 was
544 1354 130 23 weakened
687 1354 142 31 materially,
843 1354 43 22 but
904 1358 42 18 not

102 1389 183 31 extinguished;
307 1389 41 23 the
370 1392 69 28 party
462 1388 98 24 revived
582 1388 23 22 in
627 1389 58 25 447,
707 1387 48 23 and
775 1387 137 24 Germanus
931 1396 15 15 a

101 1424 89 23 second
212 1423 57 23 time
290 1423 119 30 appeared
429 1423 22 22 in
471 1422 83 22 Wales
571 1430 25 14 as
612 1422 30 22 its
655 1422 146 31 antagonist.
839 1421 40 22 He
891 1429 55 23 pre-

101 1458 88 27 vailed,
209 1457 55 28 and,
284 1457 33 30 by
336 1457 41 22 the
396 1459 100 20 consent
512 1455 28 23 of
557 1455 41 23 the
616 1455 94 31 people,
732 1455 40 23 the
792 1454 153 24 Valentinian

383 1526 12 15 *
410 1526 72 21 Rees's
493 1526 72 25 Essay,
576 1532 21 19 p.
610 1526 43 20 125.
