1023 1619
116 104 32 23 68

384 114 53 16 THE
451 115 80 15 KINGS
545 115 33 15 OF
591 114 99 16 WALES.

116 171 143 30 recognised
276 171 47 23 and
336 172 121 23 rewarded
474 172 71 23 merit
563 172 25 23 in
601 172 123 23 whatever
743 170 125 24 condition
883 169 19 23 it
915 176 48 16 was

116 204 85 23 found.
237 204 40 23 He
291 212 46 15 was
351 209 41 19 not
405 213 59 24 pure
477 205 63 24 from
556 206 41 23 the
616 205 96 24 sensual
726 205 65 22 vices
810 203 27 24 of
847 204 36 22 his
901 211 62 23 age;

115 242 43 27 yet
171 246 47 14 \va3
237 238 125 23 amenable
381 243 25 19 to
424 243 188 23 remonstrance,
627 243 26 19 to
672 247 15 14 a
705 239 89 31 degree
814 237 106 23 unusual
939 237 24 23 in

115 272 42 23 the
169 271 109 24 wielders
291 271 26 24 of
325 281 112 22 supreme
450 282 81 22 power
545 274 23 22 in
582 274 69 22 those
664 273 61 22 rude
738 272 79 23 times.
882 271 81 23 Meet-

115 305 43 32 ing
179 313 13 15 a
209 306 84 31 prince
313 307 23 21 in
359 306 217 32 Glamorganshire
597 307 55 23 who
673 314 50 15 was
744 305 78 30 flying
844 305 61 23 from
927 305 36 22 his

115 339 114 28 enemies,
244 340 95 23 Arthur
351 349 48 14 was
417 344 25 19 at
458 341 53 22 first
524 341 109 22 desirous
651 339 28 23 of
688 339 86 31 taking
793 339 32 31 by
838 338 65 23 force
920 339 42 23 the

115 373 54 24 wife
186 373 27 23 of
221 373 41 24 the
280 373 107 31 fugitive.
424 374 48 23 His
491 374 105 31 military
609 373 100 28 friends,
723 372 45 24 Cei
783 372 49 23 and
846 372 116 32 Bedguir,

114 408 136 29 persuaded
263 407 50 23 him
326 410 24 20 to
363 407 89 23 refrain
470 407 62 23 from
549 408 41 23 the
607 407 121 30 injustice,
742 407 47 22 and
804 410 24 19 to
839 407 70 22 assist
921 406 42 24 the

114 442 83 30 prince
219 445 24 20 to
263 442 84 30 regain
369 441 36 23 his
426 441 76 23 lands.
539 441 24 23 A
584 441 91 23 British
698 440 67 24 chief
780 440 90 30 having
890 440 73 24 killed

114 483 67 15 some
195 475 26 23 of
231 476 37 22 his
281 476 117 27 warriors,
413 476 93 22 Arthur
519 482 102 23 pursues
635 475 49 22 him
698 475 57 22 with
769 474 32 24 all
814 475 40 23 the
868 474 95 30 avidity

114 509 28 22 of
156 517 112 23 revenge.
306 510 35 21 At
353 509 41 23 the
407 512 98 27 request
517 508 28 23 of
550 509 37 23 St.
597 509 92 25 Cadoc,
702 509 97 22 Arthur
810 509 103 22 submits
926 508 37 23 his

114 543 133 31 complaint
269 546 25 20 to
316 542 41 24 the
379 542 77 24 chiefs
477 542 46 23 and
544 542 82 32 clergy
644 542 28 23 of
687 542 101 28 Britain,
810 542 53 23 who
881 542 82 23 award

114 577 96 23 Arthur
228 585 14 14 a
521 577 95 22 Arthur
637 576 57 27 also,
714 584 35 15 we
768 584 41 15 are
828 576 59 27 told,
907 584 56 23 pos-

114 611 79 23 sessed
206 619 14 14 a
232 614 69 27 great
313 610 49 24 zeal
377 610 38 23 for
431 610 42 23 the
487 610 122 24 Christian
623 610 110 31 religion,
748 610 47 23 and
813 610 93 23 several
920 610 42 23 de-

114 644 72 24 voted
203 652 55 16 men
271 644 75 23 found
359 645 23 22 in
397 645 37 22 his
446 644 137 23 dominions
595 652 16 14 a
622 643 50 24 safe
689 644 94 31 asylum
801 643 61 24 from
881 652 79 23 pagan

114 679 160 30 persecution.
305 678 53 23 Nor
368 678 48 23 will
429 686 13 15 a
456 677 49 24 fact
517 678 110 23 candour
640 678 107 30 compels
760 686 39 15 me
812 680 25 21 to
852 678 107 23 mention

114 712 110 30 damage,
239 712 23 22 in
279 712 41 23 the
333 712 132 31 judgment
483 711 28 23 of
520 719 40 23 my
575 712 139 22 Protestant
732 711 97 27 friends,
844 712 41 23 the
903 712 57 22 reli-

114 746 70 29 gious
201 746 126 22 character
345 745 27 23 of
382 746 103 28 Arthur,
503 746 45 22 but
566 746 82 22 rather
664 745 48 23 will
731 745 170 31 considerably
915 746 45 22 im-

114 786 74 23 prove
202 779 24 27 it,
230 794 33 2 —
264 779 52 23 that
329 786 60 16 once
398 787 65 23 upon
474 786 15 16 a
498 779 58 23 time
569 779 30 24 he
638 779 138 31 plundered
787 778 34 24 St.
832 779 128 28 Paternus,

114 813 47 22 and
180 813 130 30 destroyed
328 820 14 15 a
558 812 53 23 The
633 813 135 28 caliburno,
787 820 28 15 or
834 813 80 23 sword
936 812 27 23 of

115 846 102 27 Arthur,
230 854 48 15 was
295 846 126 31 presented
440 847 33 29 by
489 846 108 23 Richard
610 846 20 22 I.
644 846 67 31 (how
727 847 17 22 it
766 853 68 16 came
854 847 51 22 into
925 846 36 23 his

114 881 135 30 possession
260 888 36 15 we
306 888 40 15 are
356 883 42 20 not
408 879 142 33 informed),
561 888 25 15 as
596 888 14 14 a
620 879 112 24 valuable
742 879 53 32 gift,
807 884 25 19 to
843 880 40 23 the
893 880 68 31 King

114 913 28 24 of
152 914 82 31 Sicily.

167 948 42 23 Six
226 947 111 24 hundred
350 956 70 22 years
439 948 47 23 and
507 955 66 16 more
589 947 60 24 after
669 948 41 22 the
727 947 73 24 death
818 947 28 24 of
858 948 101 27 Arthur,

114 982 24 22 in
154 982 72 27 1189,
241 982 36 22 his
294 989 73 23 grave
381 989 48 15 was
444 981 142 24 discovered
602 985 25 19 at
641 981 167 31 Glastonbury^
817 990 5 15 :
843 981 117 24 Giraldus

115 1015 156 23 Cambrensis
287 1022 48 16 saw
346 1016 47 22 and
406 1016 43 22 has
459 1015 127 23 described
599 1015 25 23 it.
662 1015 68 30 King
744 1015 88 30 Henry
847 1015 40 27 H.,
902 1023 30 15 on
946 1023 15 16 a

114 1050 55 22 visit
186 1052 23 20 at
223 1049 117 30 Kilgeran
360 1049 88 27 Castle,
467 1048 210 27 Pembrokeshire,
697 1049 74 22 heard
787 1056 15 16 a
821 1049 66 23 Bard
905 1050 55 29 sing

114 1083 40 22 the
166 1083 94 30 mighty
271 1083 74 22 deeds
357 1082 27 23 of
394 1082 100 27 Arthur,
506 1083 35 22 his
551 1083 73 22 death
638 1083 24 22 in
677 1082 82 28 battle,
772 1083 49 22 and
832 1083 37 22 his
880 1083 79 22 burial

113 1119 25 19 at
151 1116 175 30 Glastonbury,
340 1116 80 22 where
437 1116 91 22 certain
540 1116 124 30 pyramids
681 1115 26 23 of
716 1118 69 20 stone
802 1116 101 23 marked
916 1116 43 23 the

113 1153 62 27 spot.
211 1149 52 23 The
278 1149 78 31 king's
368 1150 99 22 interest
478 1157 48 15 was
539 1149 109 31 strongly
658 1149 107 28 excited,
778 1150 48 22 and
840 1150 30 23 he
884 1154 75 19 wrote

113 1187 25 19 to
152 1184 39 22 the
208 1183 75 23 abbot
299 1183 47 22 and
359 1183 85 22 monks
457 1183 28 23 of
496 1183 40 22 the
556 1186 146 27 monastery,
716 1183 98 32 adding,
853 1184 52 23 that
917 1183 42 24 the

113 1217 66 32 body
191 1216 49 23 had
252 1217 61 23 been
328 1217 85 23 buried
426 1224 57 24 very
497 1216 69 31 deep,
579 1220 26 20 to
618 1216 60 32 keep
693 1217 17 23 it
723 1216 63 24 from
799 1218 40 22 the
854 1217 104 29 Saxons,

113 1251 49 23 and
180 1250 52 23 that
251 1251 18 22 it
285 1250 81 24 would
385 1251 30 22 be
431 1250 84 28 found,
533 1254 41 19 not
593 1251 23 22 in
630 1258 14 15 a
657 1254 70 20 stone
745 1252 77 26 tomb,
840 1252 45 23 but
903 1252 25 23 in
945 1260 14 15 a

113 1284 119 24 hollowed
251 1284 54 24 oak.
342 1284 81 23 There
441 1292 62 15 were
517 1287 46 19 two
577 1285 131 30 pyramids,
722 1291 27 16 or
767 1285 91 30 pillars,
872 1288 25 20 at
907 1285 52 24 that

113 1319 58 22 time
184 1319 113 30 standing
310 1318 24 23 in
347 1318 41 23 the
405 1321 122 27 cemetery
539 1317 28 23 of
578 1314 39 27 the
637 1318 87 31 abbey.
761 1314 71 36 They
847 1319 50 31 dug
915 1320 44 23 be-

113 1355 78 20 tween
209 1353 68 22 these
295 1352 37 23 till
348 1352 56 31 they
419 1359 67 16 came
503 1355 25 20 to
540 1359 15 16 a
567 1352 85 23 leaden
669 1359 74 20 cross,
763 1352 70 32 lying
853 1353 78 23 under
944 1360 15 16 a

113 1388 77 26 stone,
203 1386 79 23 which
302 1386 47 23 had
368 1386 48 23 this
435 1386 151 30 inscription,
605 1386 48 23 and
670 1387 80 22 which
769 1380 117 29 Giraldus
904 1394 55 24 says

113 1419 29 23 he
155 1426 48 16 saw
216 1420 47 22 and
277 1420 119 22 handled:
508 1426 82 16 jacet
606 1426 134 16 sepultus
754 1427 133 15 inclytus
898 1420 61 22 Rex

297 1493 13 14 *
324 1493 99 21 Turner's
433 1494 168 25 Anglo-Saxons,
612 1494 42 20 vol.
665 1494 13 20 i.
688 1501 21 18 p.
721 1494 46 20 285.
