1023 1619
494 88 124 15 BARDISM.

947 84 28 21 15

181 144 54 24 The
249 153 63 16 wear
326 146 47 23 and
388 149 51 20 tear
451 146 27 23 of
489 146 61 23 from
565 151 89 27 twenty
669 151 25 19 to
706 147 74 32 thirty
791 149 127 25 centuries,
930 150 46 22 and

129 178 41 24 the
181 179 91 31 decays
282 180 29 22 of
318 187 116 25 memory,
446 180 61 23 have
522 181 100 23 thinned
633 181 34 23 off
677 182 41 22 the
731 186 67 27 great
813 191 81 15 names
903 183 28 22 of
941 188 37 18 art

130 213 47 22 and
190 213 103 28 science,
307 221 27 15 so
346 213 54 23 that
412 218 43 19 not
467 215 78 23 above
562 215 166 23 half-a-dozen
748 217 103 22 survive.
897 217 23 22 If
931 217 45 23 this

130 251 112 19 remnant
258 255 65 15 seem
343 248 170 31 marvellously
527 249 76 27 small,
622 257 72 23 guess
708 250 63 23 what
784 250 81 23 would
883 252 30 22 be
932 258 45 16 our

130 281 124 23 residuum
268 282 63 22 after
344 290 14 15 a
371 282 91 23 similar
475 283 110 23 interval.
623 283 53 23 The
689 284 66 23 three
775 288 68 26 great
856 285 77 22 works
952 285 27 22 of

129 315 42 22 the
191 315 48 23 Isle
258 315 28 23 of
302 315 95 24 Britain
416 316 81 24 would
516 317 57 23 then
593 318 107 30 possibly
719 318 69 22 stand
809 318 55 22 thus
874 326 6 14 :
924 318 52 23 The

131 348 113 24 Tubular
264 349 91 31 Bridge
376 354 25 19 at
423 349 93 29 Menai,
538 351 40 22 the
605 351 105 22 Thames
735 351 104 28 Tunnel,
865 352 47 22 and
937 352 39 22 the

131 382 98 32 Crystal
402 384 53 22 The
476 384 46 23 few
544 384 102 23 rescued
671 384 91 24 Ovates
787 393 62 15 were
873 394 54 15 men
952 385 27 23 of

131 417 103 22 science.
296 417 54 22 The
368 417 68 23 three
456 418 177 31 distinguished
652 422 161 20 astronomers
831 419 28 23 of
873 420 41 22 the
931 419 46 23 Isle

131 450 29 23 of
185 450 103 29 Britain,
290 466 34 3 —
325 451 63 23 Idris
412 451 41 23 the
478 452 85 26 Giant,
588 452 105 24 Gwdion
721 453 41 23 the
786 461 43 14 son
854 452 28 24 of
909 453 67 27 Don,

131 485 48 22 and
199 485 81 30 Gwyn
299 493 30 23 ap
350 484 88 28 Nudd;
458 486 47 22 and
518 486 32 31 by
564 486 40 23 the
617 489 84 20 extent
713 486 28 24 of
754 487 63 22 their
837 487 141 30 knowledge

132 519 150 31 concerning
301 520 41 22 the
361 522 67 24 stars,
444 520 63 22 their
526 523 105 24 natures,
644 520 48 22 and
705 520 63 22 their
781 520 118 30 qualities,
920 521 57 30 they

133 553 72 22 could
218 553 181 30 prognosticate
412 553 122 23 whatever
548 561 47 15 was
609 554 89 22 wished
716 557 25 19 to
760 554 30 22 be
811 554 86 23 known
917 559 59 18 unto

131 587 42 22 the
199 587 47 30 day
268 586 27 23 of
452 586 53 24 The
523 587 46 23 last
587 590 47 20 two
653 595 40 15 are
712 588 141 22 considered
872 591 25 20 to
917 588 59 23 have

132 620 64 23 lived
206 620 62 23 after
278 621 41 22 the
331 620 122 24 Christian
464 628 40 16 era
513 630 5 17 ;
532 621 40 23 the
583 622 58 26 first,
655 621 57 30 long
722 621 91 23 before.
843 621 53 23 The
909 622 68 30 giant

132 654 72 27 Idris,
218 662 36 15 we
267 662 40 15 are
321 654 57 27 told,
393 655 96 22 studied
508 655 41 22 the
567 655 120 30 heavenly
701 655 83 22 bodies
797 655 62 22 from
879 656 40 21 the
935 660 41 26 top

133 688 27 22 of
178 695 46 15 one
243 688 28 23 of
287 688 41 22 the
347 688 91 22 loftiest
451 688 137 23 mountains
602 689 24 21 in
640 688 78 23 North
737 688 81 23 Wales
828 699 5 17 ;
852 689 85 26 which,
953 690 22 21 in

133 729 176 24 consequence,
329 722 112 22 received
460 722 41 23 the
521 730 69 14 name
603 722 79 23 whieh
701 722 19 22 it
732 722 48 23 still
798 722 78 27 bears,
897 722 80 24 Cader

133 755 71 27 Idris,
224 756 41 22 the
279 755 76 24 Chair
373 755 27 23 of
414 755 72 23 Idris.
517 755 40 24 On
571 755 41 23 the
626 763 57 24 very
696 756 97 22 summit
808 756 67 23 there
893 757 19 21 is
925 757 51 22 said

133 793 25 19 to
177 790 30 22 be
226 797 31 15 an
276 791 143 22 excavation
439 790 24 22 in
482 790 40 22 the
540 789 60 23 solid
620 790 67 27 rock,
706 789 145 31 resembling
864 798 14 14 a
891 791 85 26 couch,

134 831 31 15 on
179 824 79 22 which
272 824 112 22 whoever
398 828 58 18 rests
470 831 13 15 a
496 823 70 31 night
579 823 47 22 will
645 824 29 22 be
688 823 72 23 found
775 823 22 22 in
811 823 41 23 the
866 824 110 30 morning

134 857 78 23 either
224 857 70 27 dead,
314 857 86 30 raving
418 857 65 27 mad,
502 865 27 14 or
547 857 113 30 inspired.
699 857 61 22 Idris
773 857 47 22 had
838 857 96 22 notions
953 858 26 22 of

135 890 111 28 comfort,
268 898 28 15 or
314 898 54 22 may
389 891 61 22 have
469 890 159 30 experienced
648 890 62 23 what
728 890 42 23 sad
794 891 97 22 inroads
909 894 68 27 petty

135 931 155 24 annoyances
308 925 70 22 make
398 931 30 15 on
447 924 103 23 sublime
569 924 162 29 speculations
742 933 5 17 ;
765 931 33 20 so,
821 924 48 23 like
889 931 14 16 a
925 928 52 19 true

134 959 157 30 philosopher
310 965 25 16 as
355 958 29 23 he
399 965 56 21 was,
474 957 81 24 before
575 958 29 23 he
622 958 120 22 ascended
760 960 26 20 to
804 957 37 23 his
859 958 67 23 chair
947 958 30 23 he

134 992 79 22 shook
231 992 68 22 three
318 992 82 30 grains
418 992 27 22 of
460 992 57 22 sand
533 994 42 20 out
593 991 28 23 of
637 991 35 22 his
690 992 65 25 shoe,
769 991 46 23 and
836 992 67 22 there
921 992 55 30 they

134 1033 40 15 are
185 1033 60 20 now,
256 1034 25 14 as
290 1025 66 31 large
365 1033 25 14 as
401 1025 48 27 life,
452 1039 32 3 —
486 1025 106 31 possibly
603 1032 13 15 a
627 1025 60 22 little
696 1025 86 29 larger,
793 1032 25 15 as
829 1025 58 22 each
898 1025 80 22 would

134 1059 31 23 do
179 1059 59 32 duty
253 1059 60 23 fora
323 1058 149 31 respectable
483 1059 124 22 mountain
618 1062 42 19 out
670 1058 28 23 of
705 1058 88 22 Wales.
848 1058 52 23 The
911 1059 67 21 three

134 1094 138 22 beneficent
285 1094 102 22 artisans
401 1092 27 24 of
438 1093 40 22 the
489 1092 47 23 Isle
550 1091 26 24 of
588 1092 98 27 Britain,
692 1105 28 3 —
724 1091 175 24 Corvinwrthe
914 1091 64 23 Bard

135 1126 28 23 of
180 1127 65 28 Ceri,
259 1126 28 24 of
302 1127 41 23 the
356 1127 58 31 long
428 1127 72 22 white
520 1126 75 26 Lake,
616 1126 53 22 who
681 1125 53 23 first
747 1125 68 23 made
829 1133 14 15 a
854 1126 54 30 ship
920 1127 57 21 with

135 1161 43 22 sail
196 1161 47 23 and
263 1161 90 23 rudder
367 1160 37 24 for
417 1161 41 22 the
477 1160 83 23 nation
573 1159 28 23 of
616 1160 41 22 the
675 1159 91 31 Cymry
776 1169 6 16 ;
802 1158 121 27 Morddal,
937 1159 41 23 the

135 1202 56 16 man
211 1195 28 23 of
254 1195 41 23 the
307 1197 101 25 torrent,
424 1195 40 22 the
478 1195 88 22 artisan
579 1193 28 23 of
616 1193 99 24 Ceraint
727 1193 31 22 ab
771 1192 138 27 Greidiawl,
925 1193 52 22 who

135 1229 53 23 first
200 1228 87 30 taught
300 1229 40 22 the
353 1228 68 23 work
434 1227 27 23 of
475 1231 69 19 stone
562 1227 48 23 and
628 1227 56 22 lime
703 1229 25 20 to
746 1226 41 22 the
804 1226 82 22 nation
901 1225 27 23 of
938 1227 40 22 the

135 1263 103 31 Cymry,
248 1262 23 22 in
285 1263 41 23 the
340 1263 57 22 time
411 1262 52 22 that
475 1262 41 22 the
530 1261 119 30 Emperor
660 1259 137 23 Alexander
804 1267 48 14 was
865 1260 114 30 bringing

135 1297 42 22 the
191 1296 76 22 world
285 1296 78 22 under
382 1296 61 24 him;
461 1295 48 23 and
529 1294 59 24 Coel
609 1302 29 22 ap
659 1293 79 31 Cyllin
758 1301 29 22 ap
802 1293 133 30 Caradawg
948 1301 30 22 ap

136 1330 73 27 Bran,
233 1329 54 22 who
307 1329 52 22 first
378 1329 70 22 made
472 1336 15 15 a
506 1328 50 22 mill
578 1328 27 22 of
621 1327 78 23 sound
722 1327 48 22 and
789 1327 74 23 wheel
883 1327 37 23 for
937 1327 41 22 the

135 1364 83 23 nation
238 1362 27 24 of
279 1362 41 23 the
340 1362 107 31 Cymry:
469 1362 47 22 and
536 1362 57 30 they
611 1368 63 15 were
689 1361 68 22 three
925 1360 54 23 The

135 1398 45 23 last
199 1398 19 21 is
236 1395 122 32 supposed
378 1400 24 18 to
421 1395 61 22 have
501 1395 60 22 been
576 1395 40 22 the
629 1394 120 30 grandson
769 1393 27 24 of
807 1394 154 23 Caractacus.

187 1431 81 24 There
279 1438 47 15 was
340 1429 49 23 also
402 1429 101 22 another
513 1428 77 27 order,
599 1428 79 22 which
690 1434 39 23 my
738 1427 45 23 fair
792 1428 102 27 readers,
904 1428 21 22 if
931 1436 47 21 any

417 1497 12 13 *
445 1496 57 20 Cam.
515 1496 50 19 Brit.
577 1495 50 24 May
639 1496 55 20 1821,
