1023 1619
98 99 47 23 110

373 107 53 17 THE
441 108 89 16 WELSH
543 109 116 15 CHURCH.

97 165 113 31 Merthyr
223 165 88 31 Dyvan
326 165 99 24 Church
443 167 82 22 stands
538 167 80 22 where
635 167 31 22 he
683 165 112 24 suffered.
832 164 38 24 To
888 164 48 23 him

94 199 136 23 succeeded
255 199 90 31 Fagan,
368 200 79 22 whom
470 200 66 31 Pope
560 200 163 27 Eleutherius,
745 203 26 19 at
791 200 41 22 the
857 198 79 31 king's

94 236 105 27 request,
220 236 53 19 sent
293 237 25 18 to
340 233 102 24 instruct
463 234 46 22 this
535 233 209 23 humble-minded
764 233 84 30 prince
870 239 66 16 more

94 266 118 31 perfectly
226 266 23 23 in
268 266 41 23 the
326 275 54 22 way
394 267 28 22 of
438 267 187 30 righteousness.
664 268 23 21 A
707 266 73 24 blank
800 266 93 23 follows
912 269 24 20 to

94 300 41 22 the
155 300 54 22 fifth
227 304 110 27 century,
356 301 47 22 and
421 301 90 30 having
529 301 103 30 nothing
649 301 24 21 in
691 301 41 22 the
751 300 141 23 meanwhile
912 303 24 19 to

93 341 44 23 say
150 333 27 23 of
188 333 118 27 Llandaff,
321 342 34 14 we
369 334 46 23 will
428 338 55 19 turn
497 338 25 19 to
536 334 127 23 Caerleon.

145 367 61 22 This
219 367 51 31 city
282 375 48 15 was
347 368 40 22 the
402 371 51 19 seat
468 367 79 23 ofthe
566 367 95 23 Roman
680 366 116 32 province
809 366 127 23 Britannia

95 400 121 27 Secunda,
233 401 49 23 and
293 401 42 23 the
351 409 39 15 see
409 401 27 22 of
446 409 29 14 an
493 401 154 30 archbishop,
661 401 53 22 who
728 400 47 22 had
789 399 78 23 under
879 399 57 28 him,

94 442 24 15 as
135 435 141 30 suffragans,
289 434 92 23 several
398 434 177 31 chorepiscopi,
589 435 102 22 without
708 442 47 23 any
768 433 87 23 settled
867 433 69 31 place

93 467 28 24 of
133 469 133 23 residence.
310 468 54 23 The
382 476 82 15 names
481 476 75 15 occur
572 467 28 23 of
610 467 101 23 Tudwal
729 468 24 22 in
768 467 168 24 Caernarvon-

93 502 72 26 shire,
179 502 81 30 Cynin
277 504 24 21 at
319 501 146 32 Llangynin,
486 501 135 24 Gistlianus
639 504 24 20 at
681 501 124 26 Menevia,
820 500 116 23 Paulinus

92 540 25 18 at
136 536 119 30 Tygwyn,
275 535 30 23 all
324 535 28 23 of
368 537 79 22 whom
464 543 41 15 are
525 535 77 23 called
621 535 123 30 bishops.*
783 535 85 22 About
888 536 47 21 447

93 569 137 23 Germanus
248 569 47 23 and
314 569 80 31 Lupus
412 570 120 30 procured
549 569 42 23 the
609 570 168 29 appointment
795 567 27 24 of
836 576 15 15 a
867 571 69 28 great

91 602 104 28 scholar,
212 603 48 22 and
277 610 57 23 very
349 603 103 31 popular
470 603 105 26 teacher,
593 598 98 35 Dyfrig,
709 609 28 16 or
754 601 139 28 Dubritius,
910 605 26 20 to

91 636 42 23 the
150 644 38 15 see
206 636 28 23 of
247 636 119 23 Llandaff.
403 636 89 31 Dyfrig
505 644 48 15 was
569 644 15 15 a
600 636 121 30 grandson
740 635 26 23 of
780 635 122 31 Brychan,
920 643 15 16 a

92 669 68 23 chief
174 674 24 18 to
211 670 80 22 whose
304 670 96 22 honour
413 670 40 22 the
467 670 87 22 Triads
567 670 94 27 record,
703 669 65 23 That
784 669 29 23 he
827 670 107 30 brought

91 710 33 23 up
138 703 36 22 his
187 703 107 23 children
309 703 46 22 and
369 703 186 31 grandchildren
569 703 24 22 in
610 703 111 31 learning
733 703 47 22 and
793 703 42 22 the
848 703 86 22 liberal

91 740 59 23 arts,
160 737 52 22 that
221 737 59 30 they
290 737 77 30 might
378 737 28 22 be
420 736 53 23 able
486 741 25 18 to
524 737 66 22 show
602 737 41 22 the
657 736 59 23 faith
729 736 22 22 in
765 736 83 23 Christ
857 740 25 18 to
894 737 40 22 the

92 770 81 22 nation
188 769 77 24 ofthe
276 770 91 32 Cymry
381 771 122 22 wherever
516 770 59 31 they
587 778 64 15 were
664 770 102 22 without
779 769 40 23 the
832 769 68 24 faith.

92 803 114 32 Brychan
224 803 47 23 had
288 804 37 22 his
337 804 87 31 quiver
440 803 44 23 full
494 813 5 17 ;
515 804 69 23 three
597 804 72 22 wives
685 804 24 22 in
726 804 136 22 succession
876 803 58 31 paid

92 837 41 22 the
151 837 59 23 debt
227 837 28 23 of
269 841 93 23 nature,
381 837 47 23 and
445 837 41 23 left
505 838 63 22 their
586 837 76 31 living
680 838 91 30 images
788 837 24 22 in
832 841 102 27 twenty-

91 870 56 23 four
159 879 55 14 sons
231 871 47 23 and
291 871 151 30 twenty-five
459 871 140 30 daughters.
638 870 87 31 Dyfrig
743 878 68 16 came
828 870 106 31 through

91 904 41 23 the
145 904 61 23 male
220 905 56 27 line,
289 905 48 22 and
349 913 49 14 was
411 905 92 30 worthy
517 903 27 24 of
554 905 37 22 his
603 905 88 30 saintly
702 905 149 30 progenitor.
893 904 41 24 He

91 938 20 22 is
124 939 52 22 said
189 942 24 19 to
227 939 60 22 have
300 938 107 23 founded
420 946 15 15 a
448 938 92 30 college
553 942 25 19 at
591 938 132 27 Hennllan,
737 946 58 15 near
807 938 42 23 the
862 938 72 31 Wye.

91 970 134 28 Hentland,
240 973 23 21 in
280 972 164 26 Erchenfield,
459 973 18 21 is
490 972 129 23 dedicated
633 975 24 19 to
672 972 35 23 St.
721 972 144 27 Dubritius;
884 972 49 23 and

91 1005 67 23 there
172 1006 18 22 is
201 1005 82 23 within
298 1006 39 22 the
348 1006 94 22 district
454 1013 14 15 a
481 1005 67 28 farm,
560 1005 164 28 Llanfrother,
735 1013 29 15 on
776 1006 79 22 which
866 1006 67 22 ruins

90 1045 56 24 may
165 1039 29 23 be
214 1039 88 23 traced.
305 1040 15 29 J
358 1039 90 30 Dyfrig
467 1039 62 22 from
547 1039 117 23 Llandaff
678 1046 48 15 was
745 1039 89 23 chosen
851 1039 81 23 Arch-

90 1067 87 35 bishop
190 1072 28 23 of
227 1072 125 27 Caerleon,
366 1073 47 22 and
426 1073 55 22 held
497 1073 56 22 both
568 1073 134 29 bishoprics
744 1072 11 23 I
768 1073 58 22 wish
840 1073 30 22 he
884 1073 46 22 had

89 1108 44 20 not
168 1109 151 26 twenty-two
331 1113 78 22 years,
424 1106 35 22 till
473 1106 40 22 the
528 1106 82 31 Synod
625 1106 114 22 ofBrevi.
771 1106 70 22 After
851 1106 80 23 which

89 1139 31 22 he
133 1139 111 30 resigned
258 1139 35 22 his
306 1138 166 31 preferments,
486 1139 46 22 and
547 1139 87 23 retired
652 1143 24 18 to
696 1139 40 22 the
751 1139 48 22 Isle
817 1139 27 23 of
854 1139 76 23 Bard-

89 1179 50 23 sey,
153 1175 25 19 to
194 1172 77 30 spend
282 1172 41 22 the
337 1172 135 22 remainder
488 1172 27 22 of
528 1173 36 22 his
579 1172 41 22 life
633 1173 25 21 in
675 1172 99 31 solitary
789 1173 142 23 meditation

89 1205 48 22 and
150 1213 99 24 prayer:
268 1213 30 15 an
315 1205 108 32 edifying
437 1206 110 31 example
560 1210 25 19 to
597 1206 121 30 pluralists
731 1211 98 25 present
841 1207 48 23 and
906 1211 26 19 to

89 1246 77 15 come.
194 1238 35 24 St.
240 1238 82 24 David
334 1239 134 23 succeeded
481 1244 24 18 to
520 1239 126 28 Caerleon,
659 1240 99 23 whence
772 1240 30 23 he
816 1241 115 23 removed

91 1272 41 22 the
144 1280 39 14 see
197 1276 24 18 to
238 1272 121 22 Menevia.

141 1305 35 24 St.
189 1306 71 23 Teilo
276 1306 133 23 succeeded
422 1309 26 20 to
462 1306 120 27 Llandaff,
597 1307 42 22 the
658 1306 93 32 history
764 1306 29 24 of
802 1308 79 23 which
895 1316 35 15 we

89 1339 48 23 will
151 1348 54 15 now
214 1339 87 28 follow,
315 1340 47 22 and
373 1348 29 14 on
414 1340 39 23 the
467 1340 71 23 death
552 1339 28 24 of
591 1340 35 24 St.
638 1340 80 23 David
730 1349 48 15 was
790 1342 140 23 nominated

89 1376 25 20 to
128 1372 121 29 Menevia,
263 1374 24 22 in
301 1374 78 23 which
393 1374 29 22 he
436 1377 43 26 put
492 1374 37 22 his
547 1375 100 29 nephew
660 1374 87 24 Ismael
761 1382 25 16 as
800 1376 130 31 suffragan,

88 1407 48 22 and
151 1407 131 23 continued
299 1412 24 18 at
336 1407 116 24 Llandaff
461 1408 57 22 with
535 1408 41 23 the
593 1408 53 23 title
662 1407 27 24 of
697 1409 154 31 archbishop.
889 1409 41 23 He

170 1485 12 13 *
197 1485 72 19 Rees's
279 1486 72 25 Essay,
362 1492 19 20 p.
393 1486 45 21 173.
529 1487 14 25 f
556 1487 121 20 Williams's
688 1487 83 27 Cymry,
782 1495 19 19 p.
813 1488 33 20 98.

170 1512 12 24 J
198 1511 52 20 Ibid.
261 1519 21 17 p.
295 1513 47 20 172.
