1023 1619
83 94 30 22 18

440 106 123 15 BARDISM.

82 168 53 15 new
147 160 48 23 and
209 160 43 23 full
266 169 79 20 moon,
359 162 47 23 and
424 163 106 23 likewise
550 166 24 19 at
593 162 41 22 the
654 160 180 31 quarter-days,
848 159 79 24 which

83 201 62 16 were
158 195 88 30 chiefly
261 195 35 22 for
309 196 143 32 instructing
466 196 137 31 disciples.*

135 227 53 23 The
198 233 54 25 spot
259 228 105 24 selected
377 238 25 15 as
416 231 40 22 the
466 238 71 15 scene
550 228 28 24 of
588 228 47 23 this
646 230 69 28 great
724 227 129 30 solemnity
862 230 65 20 must

83 261 61 23 have
156 262 124 29 possessed
292 264 91 22 certain
396 264 95 23 natural
506 262 180 33 qualifications
688 276 33 3 —
721 269 14 15 a
745 261 75 31 rising
829 261 98 31 ground

83 295 157 23 embosomed
253 296 23 22 in
290 305 13 14 a
316 305 74 23 grove
404 297 26 23 of
440 302 70 21 trees,
524 297 58 22 with
599 304 14 14 a
632 295 106 31 running
755 299 95 23 stream,
865 295 61 27 lake,

83 337 28 15 or
132 328 109 24 fountain
264 338 66 15 near.
379 330 55 24 Our
457 339 69 22 puny
549 330 119 30 strength,
689 329 56 22 with
771 329 31 22 all
827 329 99 22 modern

83 363 147 31 appliances,
246 364 79 23 would
339 364 29 23 be
381 365 59 29 long
450 365 22 21 in
488 364 109 30 erecting
610 371 13 15 a
636 363 80 23 Druid
730 362 89 32 temple
829 372 5 17 ;
854 363 44 23 but
910 363 19 22 it

86 398 19 22 is
122 401 43 19 not
185 398 67 30 quite
271 405 26 15 so
316 398 60 23 hard
399 401 24 20 to
445 398 67 22 build
533 405 45 16 one
599 405 30 15 an
650 405 82 22 paper.
768 396 47 23 Let
834 405 27 14 us
881 400 47 27 try.

83 430 71 28 First,
164 438 13 16 a
187 431 67 31 large
266 439 73 23 space
351 432 23 22 in
390 432 40 22 the
444 436 81 19 centre
539 431 50 24 ofa
601 431 93 23 solemn
707 438 74 23 grove
794 430 29 23 of
832 431 97 22 ancient

82 466 167 30 overhanging
263 466 59 22 oaks
335 466 19 22 is
368 469 25 19 to
410 466 30 22 be
454 466 102 27 cleared,
572 466 22 22 in
608 465 42 23 the
667 465 60 23 form
746 464 28 24 of
789 472 15 16 a
816 464 73 24 circle
903 471 27 16 or

82 499 54 23 oval
147 509 6 17 ;
175 499 56 22 then
248 499 73 31 huge,
339 499 101 23 unhewn
462 504 69 18 stone
550 499 89 31 pillars,
651 502 76 19 'must
749 499 28 22 be
798 502 36 19 set
854 506 32 22 up
905 502 24 19 at

82 533 90 22 certain
187 533 114 23 intervals
314 533 78 23 round
405 533 41 23 the
460 537 70 19 outer
542 534 44 22 rim
600 532 77 24 ofthe
695 532 87 28 circle;
802 532 41 23 the
861 532 67 23 earth

83 567 125 31 dislodged
227 575 55 23 may
300 575 68 15 serve
386 566 38 24 for
444 575 14 15 a
478 571 106 27 rampart
593 576 6 14 :
621 575 65 23 upon
705 566 41 23 the
766 570 55 27 tops
841 565 29 24 of
888 566 41 23 the

82 600 82 31 pillars
177 609 35 15 we
226 601 46 22 will
285 601 39 30 lay
333 601 67 30 large
413 601 84 23 blocks
510 600 28 24 of
545 604 69 20 stone
627 600 143 28 horizontal,
782 601 147 30 connecting

82 642 46 16 one
142 635 56 23 with
213 635 39 23 the
265 636 77 22 other.
368 635 94 23 Within
477 643 45 15 our
534 635 72 23 circle
619 635 69 23 there
700 634 60 23 shall
774 635 39 26 be,
822 634 106 23 towards

82 669 41 23 the
142 672 57 24 east,
217 676 14 16 a
249 669 90 23 similar
357 669 95 23 smaller
469 669 81 27 circle,
564 669 79 23 which
662 676 35 16 we
716 668 46 23 will
782 668 54 28 call,
851 668 77 23 under

82 703 98 22 learned
195 703 48 22 Mr.
258 702 139 23 Rowland's
411 703 128 28 direction,
552 703 42 22 the
607 703 84 30 cirque
705 710 27 15 or
745 703 68 29 place
827 701 27 24 of
865 702 61 30 judi-

82 740 109 21 cature.t
228 736 26 22 In
271 736 41 23 the
327 740 82 19 centre
427 736 27 23 of
468 744 45 15 our
530 740 69 28 great
618 736 72 23 circle
710 744 34 14 we
765 736 48 22 will
832 736 61 22 have
913 743 15 15 a

82 770 134 31 triangular
236 770 60 27 slab,
313 770 91 31 resting
424 778 31 15 on
475 774 47 19 two
540 778 28 15 or
589 777 66 16 more
671 773 148 28 supporters,
838 769 88 27 which,

82 804 103 23 without
198 803 50 23 fear
257 803 28 23 of
292 804 40 23 the
346 803 77 24 Court
436 803 28 24 of
471 804 102 26 Arches,
585 811 35 15 we
633 804 47 22 will
694 804 44 22 call
752 812 14 14 a
776 808 68 18 stone
858 803 68 27 altar,

81 845 28 15 or
121 838 122 23 cromlech
253 847 6 17 ;
277 838 25 22 in
315 837 89 24 Bardic
412 837 128 32 language,
553 837 41 23 the
609 837 75 24 Stone
697 837 28 23 of
741 838 41 22 the
793 837 135 24 Covenant.

82 871 126 24 Scattered
221 872 75 23 about
309 880 31 15 on
353 872 41 23 the
407 875 58 20 west
477 872 51 22 side
540 872 68 22 there
622 871 60 23 shall
701 871 31 23 be
750 879 15 15 a
782 871 105 23 number
905 870 25 23 of

81 905 95 23 smaller
187 909 81 19 stones
285 906 22 22 in
319 905 93 28 circles,
425 913 27 16 or
466 905 169 27 circularwise,
650 905 78 23 which
743 913 34 15 we
791 905 46 22 will
858 913 70 14 name

81 940 80 29 places
182 939 28 23 of
225 939 104 30 worship
350 939 37 23 for
408 941 94 29 private
524 946 27 16 or
571 942 78 21 secret
668 946 96 24 prayer,
783 946 28 16 or
829 939 38 23 for
887 939 40 23 the

81 973 104 31 offering
203 972 29 24 of
248 973 73 23 lesser
340 973 129 23 oblations.
514 972 110 29 Science,
647 974 24 22 in
693 980 56 23 ages
771 973 113 30 boasting
904 973 26 22 of

81 1007 153 26 civilization,
249 1007 42 22 has
308 1006 66 23 often
395 1007 47 22 had
462 1014 71 15 cause
546 1010 25 19 to
583 1007 119 30 complain
717 1006 29 23 of
757 1006 110 23 coldness
880 1007 47 22 and

81 1040 96 30 neglect
187 1050 5 16 ;
212 1040 40 22 the
268 1040 74 22 Bards
356 1040 55 30 paid
424 1047 60 15 even
500 1048 67 14 more
581 1040 57 22 than
658 1048 13 14 a
679 1040 53 31 just
745 1040 111 30 homage,
869 1040 58 31 they

80 1073 106 31 actually
197 1073 149 31 worshipped
360 1073 25 23 it.
414 1073 53 23 The
480 1078 68 26 great
561 1073 72 23 circle
646 1073 27 23 of
682 1073 63 23 their
753 1073 101 31 temples
861 1082 65 22 sym-

81 1107 93 22 bolized
186 1107 39 22 the
239 1107 72 23 circle
324 1106 27 23 of
362 1107 39 22 the
415 1107 91 23 zodiac.
536 1106 53 24 The
602 1107 73 23 lesser
687 1107 93 29 circles,
793 1107 134 31 consisting

81 1140 28 23 of
116 1140 92 27 twelve,
223 1141 118 27 nineteen,
356 1140 84 33 thirty,
451 1149 27 14 or
489 1141 63 31 sixty
566 1145 88 23 stones,
666 1141 155 31 represented
835 1142 92 22 certain

81 1174 82 30 cycles
176 1175 47 22 and
234 1175 178 31 computations
419 1174 109 24 deduced
539 1170 61 28 from
611 1175 40 23 the
660 1176 73 30 study
742 1175 28 23 of
777 1179 149 27 astronomy.

86 1208 56 23 And
180 1209 56 22 than
252 1209 39 22 the
463 1216 25 15 as
506 1209 43 22 has
562 1209 61 22 been
642 1209 96 31 acutely
752 1209 128 23 remarked
894 1210 32 29 by

80 1250 29 14 an
130 1242 177 30 accomplished
327 1243 151 22 contributor
496 1245 26 20 to
540 1243 53 22 that
606 1243 111 23 valuable
731 1243 139 30 periodical,
886 1244 40 22 the

642 1280 90 20 cannot
764 1277 29 23 be
825 1284 13 16 a
866 1277 60 23 form

82 1310 81 23 better
175 1310 78 22 suited
267 1313 24 20 to
305 1310 105 30 embody
423 1310 41 22 the
477 1310 55 23 idea
544 1309 26 24 of
585 1311 52 22 that
656 1311 130 31 balancing
805 1311 47 22 and
871 1311 55 22 self-

81 1343 122 31 adjusting
224 1351 81 23 power
324 1344 77 22 which
422 1344 18 22 is
459 1343 76 23 found
555 1348 24 18 to
598 1344 93 22 control
712 1344 31 23 all
761 1345 40 22 the
821 1344 105 24 celestial

81 1377 111 27 motions,
211 1377 47 23 and
280 1381 25 19 to
325 1377 105 31 pervade
451 1377 42 23 the
510 1377 77 23 whole
607 1377 27 24 of
651 1377 42 24 the
711 1378 65 23 solar

243 1462 13 13 *
266 1462 119 20 Williams's
397 1463 124 25 Antiquities
531 1463 64 19 ofthe
606 1463 83 26 Cymry,
701 1471 19 18 p.
733 1464 31 19 16.

244 1490 14 20 t
269 1489 119 20 Rowland's
399 1490 64 19 Mona
474 1491 98 25 Antiqua,
583 1497 21 18 p.
616 1491 34 19 92.

245 1516 11 24 J
269 1515 63 26 Paper
342 1517 20 19 in
373 1517 61 20 Arch.
447 1517 71 20 Camb.
530 1518 57 23 April
599 1518 60 19 1849.
