1023 1619
110 113 33 23 66

380 124 54 16 THE
448 125 79 15 KINGS
541 126 33 14 OF
589 126 95 14 WALES.

139 181 52 19 Woe
200 182 21 18 to
231 181 34 19 the
275 182 105 20 miserable
390 189 55 18 ones,
457 190 26 13 on
493 186 86 17 account
589 185 22 18 of
618 185 34 18 the
662 184 64 19 battle
736 184 23 19 of
767 184 74 19 Badon
850 186 4 17 !

138 208 79 19 Arthur
227 214 39 14 was
276 211 21 17 at
306 209 34 20 the
350 209 51 20 head
410 211 23 19 of
440 211 34 19 the
483 212 76 19 valiant
568 212 49 19 with
627 212 52 19 their
689 212 108 19 blood-red
806 212 76 19 blades.

140 235 33 19 He
183 236 100 23 revenged
292 242 27 13 on
329 236 31 20 his
369 237 44 20 foes
422 237 35 20 the
466 237 62 20 blood
538 238 23 19 of
568 238 32 19 his
609 238 94 20 warriors
707 249 29 4 —

138 262 103 20 Warriors
250 263 45 19 who
305 264 40 19 had
354 264 50 19 been
414 264 34 20 the
458 264 81 20 defence
549 264 24 21 of
579 265 35 20 the
624 265 116 24 sovereigns
750 266 23 20 of
781 266 35 20 the
826 265 76 21 North.'

162 333 130 32 Llywarch
312 336 57 23 here
389 339 200 20 commemorates
607 336 103 23 another
728 336 76 22 battle
822 335 88 32 fought
931 338 23 20 at

111 367 155 32 Llongborth
286 368 188 32 (Portsmouth)
484 378 6 14 :
494 383 31 3 —

196 430 29 19 At
235 430 127 26 Llongborth
371 437 51 13 were
432 430 51 20 slain
493 433 21 17 to
525 430 79 20 Arthur

193 457 102 20 Valorous
305 458 79 22 heroes,
392 458 46 19 who
448 457 69 20 hewed
528 458 59 19 down
596 457 49 19 with
656 457 49 20 steel.

193 485 44 19 The
247 491 93 18 emperor
348 492 41 13 was
399 485 33 24 he,
443 485 40 19 and
492 485 55 19 chief
555 485 111 20 conductor
676 485 23 19 of
706 485 34 19 the
750 485 38 19 toil
798 485 23 19 of

162 555 30 23 In
211 555 40 23 the
269 555 64 23 brief
341 555 115 23 intervals
469 555 28 23 of
507 562 84 23 repose
606 555 96 23 Arthur
714 554 58 31 kept
789 555 36 23 his
843 558 71 21 court
933 559 25 20 at

112 589 127 27 Caerleon,
253 589 57 23 with
329 589 112 30 befitting
455 589 141 30 splendour.
632 589 28 22 In
677 590 41 22 the
732 589 111 23 Triads*
857 596 36 16 we
905 589 51 23 find

191 623 68 22 three
271 622 47 23 fair
330 623 75 22 ladies
419 622 28 23 of
458 622 116 23 Arthur's
590 626 72 19 court
670 636 32 3 —
708 623 41 22 the
762 623 68 22 three
844 624 73 21 wives
930 622 28 23 of

233 671 34 3 —
269 660 42 19 not
328 656 31 23 all
378 660 24 19 at
419 664 67 18 once,
501 656 18 22 it
536 656 21 22 is
573 659 25 20 to
616 656 29 22 be
662 656 97 30 hoped!
768 670 32 3 —
888 656 67 23 three

111 689 49 24 free
174 691 46 22 and
235 690 142 23 dissatisfied
488 705 34 2 —
523 697 67 15 more
602 689 50 23 free
668 690 57 22 than
740 690 115 23 welcome
856 706 34 2 —

112 724 68 23 three
198 724 209 31 golden-tongued
427 723 98 31 knights
544 723 28 23 of
583 723 115 23 Arthur's
715 728 84 22 court;
817 725 42 22 the
877 725 79 22 wisest

112 757 29 23 of
150 757 32 23 all
194 758 41 23 the
248 759 55 21 wise
317 757 28 23 of
354 758 64 22 their
430 758 57 22 time
501 765 61 15 were
575 757 67 31 they,
656 757 46 23 and
716 766 26 14 so
754 757 46 23 fair
812 758 48 23 and
872 758 83 30 gentle

113 791 63 23 their
196 792 161 30 deportment,
376 791 49 23 and
443 799 27 15 so
491 791 116 31 eloquent
626 792 47 22 and
693 791 81 31 placid
795 792 63 23 their
876 792 79 23 whole

113 825 131 28 discourse,
265 826 52 22 that
337 833 64 15 none
421 825 72 23 could
513 824 39 23 fail
573 825 23 22 in
618 825 85 30 giving
723 826 65 22 them
810 826 65 23 what
895 827 60 29 they

113 860 114 29 required
238 869 5 17 ;
261 860 42 22 the
314 859 66 23 three
391 858 133 30 privileged
535 859 99 29 knights
647 858 76 24 ofthe
736 862 71 20 court
817 859 27 23 of
854 860 101 26 Arthur,

113 905 34 5 —
150 893 94 22 Eithew
257 900 44 15 son
320 893 28 22 of
364 892 139 31 Gwrgawn,
523 892 150 31 Coleddawg
690 900 44 15 son
754 893 29 22 of
798 893 90 31 Gwyn,
908 893 48 23 and

114 926 104 23 Geraint
230 927 41 22 the
292 926 54 23 Tall
365 933 43 16 son
426 926 27 23 of
464 926 154 31 Cymmanon
639 927 40 22 the
693 927 80 30 Aged.
809 927 72 30 They
894 935 62 15 were

113 960 131 30 plebeians,
259 960 48 23 and
322 960 40 22 the
378 967 57 16 sons
451 959 28 23 of
489 960 87 22 vassals
587 970 5 17 ;
612 960 44 22 but
669 960 63 23 their
745 960 73 27 word,
833 961 48 23 and
894 961 63 23 their

114 994 139 31 disposition
268 993 37 23 for
317 994 109 30 honesty,
437 994 124 29 urbanity,
572 993 144 32 gentleness,
725 994 108 28 wisdom,
844 995 111 31 bravery,

109 1027 98 31 justice,
226 1035 90 24 mercy,
335 1028 48 22 and
402 1035 72 22 every
490 1027 173 30 praiseworthy
677 1027 94 32 quality
783 1028 47 22 and
849 1029 106 27 science,

113 1061 78 23 either
209 1062 23 22 in
252 1069 74 23 peace
345 1069 27 15 or
390 1061 24 22 in
434 1069 55 18 war,
502 1068 63 15 were
584 1068 25 15 so
628 1056 65 35 good
711 1061 52 23 that
782 1062 40 23 the
842 1065 70 20 court
931 1062 27 23 of

114 1094 95 24 Arthur
239 1095 47 22 and
315 1095 31 22 its
372 1094 130 31 privileges
524 1102 64 15 were
611 1094 50 23 free
684 1094 39 23 for
890 1096 67 23 That

114 1128 95 23 Arthur
227 1128 126 23 instituted
372 1128 40 23 the
430 1130 72 21 order
522 1127 27 23 of
563 1128 40 23 the
626 1128 108 31 Knights
755 1130 28 22 of
801 1130 41 23 the
865 1129 91 24 Round

114 1161 77 24 Table
204 1163 19 22 is
235 1162 75 30 likely
323 1165 24 20 to
361 1162 61 22 have
435 1162 61 23 been
514 1162 40 23 the
572 1162 55 23 fact.
663 1162 122 31 Knightly
800 1164 95 22 honour
906 1171 50 15 was

114 1196 157 31 exceedingly
281 1196 121 28 sensitive,
416 1196 48 22 and
477 1203 14 15 a
502 1196 80 23 better
594 1196 84 23 device
691 1199 25 20 to
729 1200 43 19 cut
784 1197 37 23 off
830 1198 125 23 occasions

113 1229 29 23 of
147 1230 112 30 jealousy
271 1229 72 23 could
357 1233 42 19 not
412 1230 60 22 have
485 1230 61 22 been
560 1230 36 22 hit
608 1237 74 23 upon.

165 1263 124 24 Uxorious
307 1270 26 16 as
351 1263 30 23 he
397 1270 55 21 was,
466 1263 96 22 Arthur
577 1271 49 14 was
644 1267 42 19 not
704 1263 82 32 happy
800 1264 24 23 iii
844 1265 36 23 his
899 1273 56 16 con-

109 1296 70 32 jugal
209 1297 127 27 relations;
369 1304 67 24 upon
466 1297 78 22 which
574 1296 105 32 subject,
706 1297 32 32 by
766 1299 40 22 the
833 1307 61 23 way,
919 1299 37 23 his

113 1331 67 23 ideas
199 1339 63 15 were
286 1339 59 23 very
366 1330 46 23 lax.
456 1330 55 23 One
530 1330 55 23 wife
608 1339 48 15 was
677 1330 106 33 forcibly
804 1333 94 23 carried
922 1333 36 23 off

113 1364 33 32 by
167 1364 92 27 Melva,
284 1365 59 31 king
364 1364 28 24 of
411 1363 196 28 Somersetshire,
632 1369 25 19 to
683 1365 178 33 Glastonbury.
907 1367 47 23 Ar-

115 1393 56 28 thur
188 1398 118 24 collected
325 1399 37 22 his
378 1398 91 24 friends
486 1398 62 24 from
562 1399 121 23 Cornwall
700 1400 47 23 and
761 1400 153 23 Devonshire
931 1404 24 19 to

319 1490 12 12 *
346 1489 88 19 Ancient
443 1489 71 19 Welsh
525 1490 65 22 Laws,
601 1495 36 18 pp.
646 1490 100 19 410-412.
