1023 1619
83 104 47 23 126

359 113 53 17 THE
426 114 91 16 WELSH
531 115 118 15 CHURCH.

80 170 36 22 sin
136 169 28 23 of
179 177 54 15 man
253 170 41 23 did
313 171 55 32 they
385 180 69 15 come
473 171 61 25 from
552 173 97 27 thence,
661 171 49 23 and
724 168 58 25 God
799 165 131 25 conferred

81 210 32 16 on
126 203 66 23 them
204 203 37 23 his
253 204 112 31 blessing,
379 206 48 22 and
445 206 120 23 therefore
583 214 62 14 mass
664 206 90 22 cannot
772 202 31 22 be
823 199 107 24 chanted

82 236 103 23 without
198 237 63 22 their
403 239 53 23 The
471 239 67 31 Holy
550 239 131 23 Eucharist
693 245 48 14 was
754 232 176 27 administered

81 273 26 20 to
119 270 42 23 the
174 270 52 23 sick
239 270 46 23 and
299 271 82 32 dying.
418 273 143 30 According
573 276 27 19 to
611 272 43 22 the
668 270 84 23 Welsh
766 269 66 27 laws,
870 267 60 31 Any

82 311 46 15 one
147 304 78 29 might
243 304 56 23 take
318 305 40 22 the
377 305 52 23 first
447 306 71 22 horse
537 305 52 22 that
607 304 92 23 offered
721 302 71 27 itself,
815 302 24 23 in
858 301 72 24 order

82 341 25 18 to
124 337 58 22 send
201 337 36 22 for
256 337 40 23 the
313 338 83 31 priest,
410 338 46 23 lest
473 339 42 22 the
532 337 51 23 sick
600 346 55 14 man
672 337 88 22 should
775 336 39 23 die
827 335 102 24 without

268 372 17 28 f
333 371 54 23 The
409 371 69 32 Holy
500 371 139 31 Scriptures
663 378 70 19 were,
754 370 24 22 in
799 370 40 22 the
864 369 64 23 sixth

82 408 110 26 century,
206 403 105 24 familiar
323 407 24 20 to
362 405 40 22 the
417 404 119 23 educated
545 414 6 17 ;
576 405 40 22 the
630 404 108 31 writings
752 403 28 24 of
790 403 86 24 Gildas
888 411 40 15 are

81 437 45 23 full
139 437 28 23 of
176 437 115 23 allusions
303 441 26 20 to
346 438 75 23 them.
457 438 143 23 Proverbial
619 438 98 31 sayings
736 437 122 24 indicated
876 437 53 23 that

81 471 42 23 the
135 471 87 31 people
235 471 50 23 also
302 471 71 23 knew
385 472 49 23 and
444 472 155 30 appreciated
613 472 41 23 the
667 472 72 23 Bible
749 480 6 15 :
796 471 52 24 The
863 471 65 23 word

81 505 28 23 of
119 505 57 24 God
190 506 77 22 above
280 505 40 24 all.
357 505 81 24 There
451 507 19 22 is
483 513 31 16 no
528 506 66 24 word
606 506 110 30 superior
728 508 26 21 to
767 513 73 24 every
853 505 73 27 word,

81 539 45 23 but
145 540 41 22 the
205 539 67 23 word
289 539 29 23 of
452 540 101 30 Among
567 541 39 22 the
625 540 146 23 homiletical
786 540 104 23 remains
903 539 27 24 of

81 573 40 23 the
137 573 82 23 Welsh
234 573 100 23 Church
347 581 36 15 we
396 573 49 23 find
461 574 45 22 this
518 574 116 22 tradition
644 582 6 14 :
691 573 53 23 The
754 574 67 22 three
831 574 97 22 advices

81 607 72 29 given
167 607 31 30 by
213 607 106 22 Lazarus
332 614 47 20 are,
395 610 6 10 '
412 607 98 22 Believe
523 607 23 22 in
567 607 57 23 God
640 607 54 22 who
712 607 70 23 made
796 608 63 27 thee,
873 607 53 22 love

81 635 55 28 God
161 641 53 22 who
240 640 126 23 redeemed
392 640 62 28 thee,
478 640 47 23 and
548 640 51 23 fear
620 640 57 23 God
701 641 55 23 who
781 641 47 22 will
848 640 78 33 judge

80 674 91 23 thee.'"
178 674 14 30 %

160 749 13 13 *
188 749 86 19 Ancient
285 749 71 18 Welsh
366 748 65 19 Laws.
505 748 14 24 f
533 748 121 19 Williams's
666 748 83 26 Cymry,
760 756 22 18 p.
793 749 37 19 284

337 776 12 24 J
364 774 121 21 Williams's
496 775 83 25 Cymry,
589 782 20 18 p.
621 776 46 19 333.
