1023 1619
436 117 127 15 BARDISM.

902 112 15 21 3

76 173 54 24 The
152 175 98 22 ancient
270 174 87 24 Triads
378 183 61 15 were
464 175 146 32 principally
631 176 117 24 collected
771 177 88 31 during
878 178 39 23 the

76 208 103 26 twelfth,
193 208 141 26 thirteenth,
349 209 47 23 and
411 209 139 24 fourteenth
563 212 129 22 centuries.

128 241 37 23 Of
174 241 68 24 three
261 242 72 23 awful
345 247 84 19 events
444 244 28 23 of
483 244 39 23 the
536 244 46 23 Isle
600 244 29 24 of
639 244 102 27 Britain,
754 245 41 23 the
807 245 52 23 first
870 246 48 22 and

75 279 106 27 greatest
194 284 57 19 was,
296 276 54 23 The
363 277 112 31 bursting
494 277 28 24 of
536 278 41 22 the
591 278 56 23 lake
666 278 27 23 of
701 282 92 24 waters,
812 279 47 23 and
878 279 41 23 the

76 310 192 30 overwhelming
293 311 41 22 the
353 310 53 24 face
426 311 27 23 of
470 311 31 23 all
523 311 68 24 lands
602 321 6 18 ;
632 319 26 15 so
680 312 53 23 that
754 312 30 23 all
804 312 116 23 mankind

77 351 63 16 were
169 344 123 27 drowned,
323 345 131 30 excepting
482 344 112 31 Dwyvan
624 346 48 22 and
702 345 134 31 Dwyvach,
866 346 54 22 who

75 377 105 30 escaped
194 378 24 22 in
231 386 14 15 a
263 378 79 23 naked
356 379 77 22 vessel
451 377 117 34 (without
584 378 70 32 sails)
666 389 5 17 ;
689 379 47 23 and
754 379 29 23 of
793 380 66 22 them
877 379 41 22 the

77 410 83 24 Island
185 410 27 24 of
232 411 94 23 Britain
348 420 48 14 was
594 414 14 15 *
645 412 99 31 Among
763 412 40 23 the
822 416 98 19 master-

77 445 80 22 works
172 452 28 15 or
216 449 69 26 great
301 445 180 23 achievements
503 445 28 23 of
544 446 41 23 the
603 453 64 15 same
687 446 128 23 renowned
834 446 85 27 island,

77 478 80 31 figure
181 478 162 32 prominently
395 478 54 24 The
470 479 53 31 ship
546 479 27 23 of
596 478 104 33 Nevydd
727 479 55 23 Nav
807 479 111 27 Neivion,

77 512 81 23 which
172 512 93 23 carried
285 513 23 21 in
323 513 18 22 it
359 521 14 14 a
391 512 62 23 male
466 513 46 22 and
526 520 13 15 a
557 512 87 24 female
662 512 67 23 ofall
748 512 83 32 living,
850 513 70 22 when

77 545 42 23 the
132 545 54 23 lake
200 545 27 23 of
239 549 84 19 waters
336 546 69 22 burst
521 547 47 22 and
663 546 108 30 drawing
784 546 40 23 the
839 546 81 23 Afanc

78 583 24 19 to
116 579 57 22 land
186 583 43 18 out
242 578 76 24 ofthe
331 579 54 23 lake
396 579 32 32 by
441 580 41 22 the
494 580 136 31 branching
644 588 60 14 oxen
718 579 28 24 of
758 575 41 27 Hu
811 579 108 27 Gadarn,

77 621 27 14 so
123 612 53 23 that
192 613 41 22 the
246 612 54 23 lake
313 613 70 22 burst
397 620 31 16 no
585 613 53 23 The
651 612 81 24 Afanc
745 613 47 23 will
811 613 60 31 keep
885 613 35 23 till

77 654 36 15 we
127 654 69 15 come
209 649 26 20 to
244 647 49 22 him
307 647 70 30 again
387 656 6 17 ;
412 647 45 22 but
470 650 24 19 to
509 646 43 23 Hu
565 646 100 24 Gadarn
683 655 35 15 we
731 650 64 19 must
811 655 47 22 pay
871 647 48 23 due

76 681 159 22 observance.
272 680 41 23 He
326 688 48 15 was
388 680 40 23 the
444 683 68 27 great
528 680 88 28 leader,
630 681 66 26 hero,
715 680 115 30 lawgiver
839 690 6 17 ;
864 681 54 26 and,

76 714 95 30 earthly
181 714 107 23 honours
301 714 142 28 exhausted,
454 715 189 29 representative
653 714 66 30 deity
732 713 72 24 ofthe
818 714 102 31 Cymry.

171 748 41 23 the
237 747 102 31 Mighty
362 748 53 22 first
439 748 96 23 showed
561 748 40 23 the
621 748 97 23 method
741 747 27 23 of
785 748 134 30 ploughing

77 781 57 23 land
153 785 25 19 to
201 782 40 22 the
261 782 82 22 nation
364 781 28 23 of
407 782 41 22 the
469 781 100 31 Cymry,
591 782 69 22 when
682 782 56 28 they
756 788 62 16 were
835 782 24 22 in
878 781 41 23 the

76 818 106 27 country
196 815 28 22 of
235 815 40 22 the
296 822 114 19 summer,
424 814 84 23 before
527 815 62 22 their
602 815 97 30 coming
714 815 50 22 into
778 815 39 22 the
831 814 45 23 Isle
896 814 26 23 of

208 851 10 25 J
323 848 40 23 the
377 848 101 30 Mighty
492 848 128 31 originally
633 848 137 23 conducted
783 848 40 22 the
837 848 81 22 nation

77 881 29 23 of
120 882 41 22 the
180 881 93 32 Cymry
292 882 51 22 into
362 882 40 22 the
421 881 46 23 Isle
486 881 26 23 of
651 881 14 33 ยง
793 882 82 21 nation
894 881 28 22 of

77 915 42 23 the
132 915 94 32 Cymry
237 923 68 15 came
318 915 57 22 with
390 914 42 23 Hu
444 915 41 23 the
498 914 99 32 Mighty
605 915 52 22 into
670 914 40 23 the
725 914 46 23 Isle
782 914 27 23 of
818 914 99 27 Britain,

77 950 105 22 because
196 949 29 23 he
234 949 80 23 would
327 952 43 20 not
383 956 93 23 possess
488 948 69 23 lands
571 948 46 23 and
631 948 123 23 dominion
767 948 33 31 by
813 948 105 30 fighting

77 983 48 23 and
138 983 105 31 pursuit,
257 983 44 22 but
318 982 106 31 through
434 982 89 31 justice
538 981 47 24 and
603 982 22 22 in
749 983 9 28 ||
879 981 40 23 the

78 1016 99 31 Mighty
198 1017 53 22 first
263 1016 94 23 formed
374 1020 65 18 mote
451 1016 49 22 and
518 1016 94 22 retinue
627 1015 34 23 for
681 1015 40 23 the
739 1014 81 23 nation
841 1014 27 23 of
878 1015 40 22 the

204 1051 20 22 1T
255 1050 66 23 That
334 1050 27 28 is,
371 1050 29 22 he
413 1053 44 27 put
470 1050 50 22 into
533 1057 14 15 a
560 1049 64 31 good
637 1052 89 28 system
739 1049 68 22 those
820 1052 98 19 matters

76 1084 30 23 of
123 1088 69 26 great
217 1087 107 20 moment
349 1087 24 19 to
399 1083 112 23 nomadic
535 1083 75 23 tribes
618 1092 5 18 ;
645 1083 63 22 their
732 1082 105 23 removal
857 1082 60 22 from

75 1118 69 30 place
163 1121 26 19 to
208 1118 78 30 place,
306 1117 47 23 and
376 1117 137 30 protection
532 1117 94 30 against
646 1116 91 23 sudden
758 1116 94 23 attacks
870 1116 48 23 and

77 1152 118 30 surprises
208 1152 69 22 when
291 1158 30 16 on
335 1151 64 23 their
412 1151 90 22 march.

156 1185 41 22 Hu
209 1185 42 22 the
261 1185 100 31 Mighty
369 1185 52 22 first
431 1184 96 31 applied
536 1183 68 24 vocal
616 1191 61 23 song
687 1186 25 20 to
725 1183 40 23 the
778 1183 140 30 preserving

77 1218 29 24 of
115 1227 110 22 memor)'
238 1219 47 22 and
412 1219 32 15 **
481 1218 116 28 Taliesin,
609 1218 53 22 wbo
676 1220 72 20 wrote
762 1217 23 22 in
801 1217 41 22 the
854 1217 64 22 sixth

76 1257 111 27 century,
207 1252 122 23 describes
345 1252 50 22 him
408 1260 26 14 as
535 1251 123 31 dispenser
677 1251 27 22 of
712 1250 72 31 good,
803 1250 40 23 the
861 1257 56 23 pro-

75 1287 93 30 prietor
180 1286 48 23 and
243 1286 100 31 rightful
356 1285 114 24 claimant
483 1284 28 23 of
644 1285 37 30 f-f*
720 1284 52 23 The
786 1291 132 23 personage

75 1325 25 19 to
111 1321 80 23 whom
202 1328 40 14 are
252 1320 110 22 ascribed
376 1320 67 22 these
453 1319 97 22 various
560 1318 63 23 titles
632 1322 24 18 to
671 1318 94 22 honour
776 1318 48 22 and
834 1324 83 16 vener-

75 1355 75 27 ation,
166 1355 19 21 is
207 1353 109 24 believed
336 1354 32 30 by
387 1352 101 28 Davies,
511 1351 124 32 Meyrick,
655 1351 48 23 and
718 1351 69 23 other
803 1351 114 22 standard

74 1389 152 24 authorities,
241 1391 24 20 to
278 1388 61 22 have
352 1387 60 23 been
426 1395 31 14 no
471 1386 70 23 other
554 1385 56 23 than
623 1385 42 23 the
678 1384 125 24 Patriarch
818 1384 79 23 Noah.

118 1447 8 9 ยป
144 1442 84 19 Davies'
240 1441 67 20 Celtic
317 1440 132 22 Researches,
460 1446 20 19 p.
494 1439 45 21 157.
677 1439 15 23 t
702 1438 52 19 Ibid.

115 1471 12 23 X
143 1469 182 22 Cambro-Briton,
337 1468 54 19 Nov.
404 1467 59 20 1829.
679 1467 9 22 ยง
701 1466 51 18 Ibid.
765 1465 46 20 Oct.
825 1466 58 19 1819.

117 1500 8 22 ||
144 1497 52 19 Ibid.
209 1497 47 19 Oct.
270 1496 59 19 1819.
387 1495 15 23 1f
414 1494 53 19 Ibid.
479 1494 50 19 Dec.
542 1494 59 18 1820.
674 1493 26 13 **
711 1493 51 19 Ibid.
774 1493 50 25 May
836 1493 56 18 1821.

113 1526 28 21 ff
157 1523 82 21 Davies'
251 1523 124 24 Mythology
385 1522 65 19 ofthe
461 1521 83 23 Druids,
556 1527 20 19 p.
589 1521 45 18 118.
