1023 1619
882 92 47 23 153

364 100 135 15 GIRALDUS
512 99 173 16 CAMBRENSIS.

87 160 86 23 ments,
182 156 93 32 lighted
285 159 80 29 tapers
375 157 24 22 in
411 157 61 23 their
482 157 84 27 hands,
575 157 47 23 and
632 158 41 22 the
686 157 123 31 up-raised
821 157 110 24 crucifix.

87 190 53 23 The
152 191 163 30 antagonistic
327 190 142 23 authorities
482 194 50 20 met
550 190 50 24 face
614 194 25 20 to
652 190 60 28 face,
726 192 46 23 and
792 191 70 23 stood
880 191 51 24 foot

86 228 25 20 to
130 223 61 28 foot,
210 224 48 23 and
278 232 64 16 cross
361 227 24 20 to
405 232 73 16 cross.
515 224 53 24 The
587 225 96 31 bishop,
701 226 23 22 in
743 232 16 16 a
776 225 58 23 loud
854 226 75 27 voice,

86 259 78 30 began
180 261 24 21 to
217 259 209 23 excommunicate
439 258 40 24 the
492 259 152 23 archdeacon
655 269 5 17 ;
677 259 42 23 the
732 259 159 27 archdeacon,
904 259 26 23 in

86 300 14 15 a
121 292 49 23 still
192 292 86 23 louder
298 292 78 27 voice,
398 293 78 30 began
500 296 25 19 to
545 293 211 22 excommunicate
774 293 41 22 the
835 293 94 30 bishop.

86 326 55 23 The
153 326 109 30 artillery
274 325 77 23 ofthe
364 326 92 22 church
469 334 48 14 was
530 330 25 19 at
567 326 41 23 the
621 326 129 23 command
763 326 76 23 ofthe
858 326 68 23 arch-

86 359 100 27 deacon,
200 359 29 23 he
247 359 59 23 used
318 360 20 22 it
351 359 55 23 with
421 360 104 23 decisive
539 359 78 24 effect.
654 360 79 23 When
748 359 116 24 Giraldus
881 360 48 23 had

86 393 110 27 finished,
210 393 41 23 the
269 393 60 23 bells
346 401 63 24 rung
428 397 50 23 out,
492 393 40 23 the
551 394 87 30 bishop
655 393 89 23 turned
762 401 31 15 on
813 393 36 23 his
868 393 60 27 heel,

86 427 116 23 mounted
227 427 36 23 his
285 427 77 27 horse,
387 427 55 27 and,
467 427 174 31 accompanied
665 428 33 30 by
722 428 37 22 his
782 427 146 27 attendants,

86 460 110 32 galloped
209 469 78 22 away,
296 461 88 23 amidst
395 469 13 15 a
419 461 94 23 shower
524 461 28 23 of
561 462 57 22 mud
632 461 48 23 and
692 464 89 20 stones.
818 461 10 22 I
842 461 87 23 should

86 502 110 23 suppose,
211 495 52 23 that
276 495 64 23 what
353 496 20 21 is
386 495 77 24 called
483 495 41 23 the
544 495 146 24 Dedication
710 498 82 20 meant
810 495 40 23 the
869 494 61 24 feast

86 536 27 16 or
125 530 154 30 anniversary
290 528 28 24 of
328 529 40 23 the
382 529 156 27 Dedication,
548 529 78 23 which
637 530 19 22 is
668 529 91 30 always
771 536 29 15 an
815 529 113 22 occasiou

86 562 28 23 of
125 566 69 28 great
207 563 138 30 solemnity.
376 563 55 22 You
446 563 80 22 would
540 563 76 28 think,
628 563 110 30 perhaps,
749 563 53 22 that
812 562 117 23 Giraldus

86 597 47 22 and
147 597 40 22 the
202 596 85 31 bishop
300 604 62 15 were
378 601 26 18 at
416 596 103 31 daggers
533 597 81 22 drawn
627 596 42 23 the
682 600 47 19 rest
743 596 28 23 of
780 596 62 22 their
855 596 59 22 lives
922 605 6 18 ;

86 633 44 20 not
141 638 34 19 so,
189 630 57 32 they
260 630 47 23 had
320 630 61 23 been
395 628 202 25 fellow-students
610 635 24 18 at
654 630 75 23 Paris.
765 629 54 23 The
837 629 92 31 Bishop

86 663 28 24 of
125 663 36 24 St.
174 664 85 31 Asaph
272 664 106 32 laughed
389 672 25 15 as
427 664 102 31 heartily
543 672 25 15 as
581 673 46 23 any
642 672 45 15 one
699 667 24 20 at
735 663 36 23 his
784 663 86 27 defeat,
881 663 48 23 and

86 698 40 23 the
139 701 48 20 two
200 698 123 23 remained
336 707 26 14 as
373 698 66 31 good
451 698 89 23 friends
554 706 25 15 as
593 706 63 15 ever.

137 731 10 24 I
167 732 62 23 have
247 735 43 20 not
307 740 73 22 space
399 735 24 20 to
446 732 82 23 follow
547 731 136 24 Giraldus's
702 731 92 31 history
813 731 115 27 seriatim,

86 765 46 24 and
154 766 85 22 hasten
258 773 32 16 on
308 769 26 20 to
354 766 40 23 the
413 768 62 20 most
494 766 142 30 interesting
655 768 55 27 part
726 765 28 23 of
769 765 25 22 it.
831 764 39 23 On
888 764 41 24 the

85 799 73 23 death
172 799 28 23 of
216 800 36 22 his
271 800 79 26 uncle,
369 799 42 23 the
430 799 92 30 Bishop
535 799 27 23 of
578 798 35 25 St.
629 798 111 27 David's,
754 799 22 22 in
795 798 74 27 1176,
888 799 41 22 the

87 833 102 30 chapter
201 837 49 19 met
263 833 46 23 and
329 833 93 23 elected
433 833 40 23 the
488 833 163 23 Archdeacon
665 832 28 23 of
703 832 95 23 Brecon
811 835 26 20 to
850 832 30 23 be
893 833 37 22 his

86 874 127 15 successor
221 877 6 17 ;
248 867 45 22 but
312 867 29 22 he
361 867 109 22 declined
489 870 23 19 to
530 869 86 28 accept
632 866 41 23 the
694 866 122 30 bishopric
837 866 34 23 till
888 866 42 23 the

86 908 108 24 vacancy
209 900 47 23 had
269 900 60 23 been
348 900 144 23 announced
509 900 24 22 in
551 900 41 22 the
615 900 68 22 usual
702 907 107 20 manner,
823 900 47 22 and
888 900 42 22 the

86 933 77 33 king's
185 937 102 21 consent
307 934 47 23 had
374 934 60 23 been
456 933 122 23 obtained.
615 933 54 23 The
690 933 101 30 chapter
807 933 69 23 stood
898 941 31 15 on

86 968 63 23 their
168 968 85 31 rights,
274 972 26 18 to
321 968 41 23 the
384 971 70 28 great
478 967 149 31 displeasure
650 966 28 24 of
699 966 88 31 Henry
812 966 42 29 II.,
875 967 55 23 who

87 1001 105 24 referred
213 1002 40 22 the
274 1002 84 23 choice
380 1001 28 23 of
423 1010 14 14 a
457 1009 125 15 successor
599 1005 26 18 to
643 1001 41 22 the
698 1000 131 32 judgment
848 999 27 24 of
890 1001 40 23 the

86 1035 186 31 Archbishopof
279 1035 154 31 Canterbury
439 1035 48 23 and
496 1035 36 23 his
540 1035 147 31 suffragans;
698 1034 55 31 they
761 1034 170 32 unanimously

86 1070 188 23 recommended
287 1069 123 27 Giraldus,
424 1069 47 23 and
485 1069 41 23 the
539 1068 58 31 king
610 1077 26 14 as
649 1068 127 31 decidedly
790 1068 96 23 refused
906 1072 25 19 to

86 1104 101 22 confirm
207 1104 58 22 him.
329 1103 39 23 He
478 1103 42 22 the
538 1103 128 30 sagacious
684 1102 87 30 Henry
785 1102 59 27 said,
890 1104 41 21 too

86 1137 188 28 conscientious,
287 1140 42 20 too
341 1137 87 26 active,
442 1140 41 19 too
496 1136 82 31 nearly
593 1136 90 23 related
700 1138 25 21 to
745 1135 86 23 Prince
852 1135 78 30 Rhys,

86 1171 55 27 and,
156 1172 24 21 in
192 1171 76 27 short,
281 1174 42 19 too
337 1171 72 22 much
423 1170 50 23 ofa
483 1170 140 23 Welshman
638 1173 25 20 to
677 1171 30 22 be
721 1170 94 22 trusted
825 1170 56 22 with
893 1169 37 24 St.

86 1204 125 24 David's."
234 1204 29 24 In
279 1204 63 23 1185
356 1204 116 24 Giraldus
485 1204 114 22 attended
614 1204 88 22 Prince
715 1202 66 24 John
791 1206 25 20 to
827 1203 104 27 Ireland,

86 1246 25 15 as
124 1242 67 20 tutor
202 1239 47 22 and
263 1242 122 26 secretary
396 1248 6 17 ;
421 1238 57 22 here
494 1237 30 23 he
534 1246 47 14 was
594 1237 99 27 offered,
704 1237 58 26 first,
774 1237 41 22 the
828 1236 103 31 Bishop-

86 1273 34 23 ric
134 1272 29 24 of
173 1272 84 29 Ferns,
270 1272 56 23 then
340 1272 54 23 that
412 1271 28 23 of
450 1271 120 27 Leichlin,
584 1270 48 24 and
645 1278 30 15 on
695 1270 36 22 his
743 1269 108 32 refusing
864 1270 67 28 both,

86 1306 41 24 the
141 1306 61 23 offer
214 1314 47 15 was
274 1306 69 23 made
356 1305 28 24 of
393 1305 177 31 consolidating
584 1304 40 23 the
637 1308 56 23 two,
705 1303 22 23 if
737 1303 30 23 he
781 1303 78 23 would
876 1304 55 24 take

86 1340 67 23 them
166 1340 121 30 together.
311 1339 40 23 He
363 1339 99 30 replied,
496 1338 26 23 If
533 1339 10 22 I
558 1337 71 24 could
640 1338 108 30 improve
760 1337 48 23 and
816 1337 65 23 exalt
891 1338 40 23 the

87 1374 101 23 Church
207 1373 29 24 of
255 1373 103 27 Ireland,
378 1373 12 23 I
412 1372 79 24 would
511 1371 117 31 willingly
649 1374 85 27 accept
753 1371 40 23 the
811 1372 120 30 proffered

86 1408 97 22 honour
191 1417 5 16 ;
218 1408 45 22 but
282 1407 65 23 since
370 1407 52 22 that
443 1409 89 20 cannot
552 1406 30 22 be
601 1406 126 30 expected,
748 1404 12 23 I
786 1405 47 23 had
852 1406 79 23 rather

87 1441 116 23 continue
222 1448 14 15 a
255 1441 93 30 private
367 1447 86 23 person
473 1440 58 23 than
550 1439 31 23 be
599 1439 78 23 raised
696 1442 25 20 to
737 1446 15 15 a
764 1438 60 32 high
842 1441 88 22 station

86 1475 25 23 in
125 1474 80 23 which
218 1474 12 22 I
244 1482 44 15 can
302 1474 31 22 be
345 1473 29 23 of
384 1481 31 15 no
580 1472 81 23 While
674 1473 24 22 in
711 1472 97 24 Ireland
822 1473 29 23 he
864 1481 67 15 com-

86 1508 103 25 menced
208 1508 36 23 his
284 1507 165 31 Topography
487 1506 28 23 of
527 1507 52 23 that
596 1510 110 28 country,
723 1507 77 23 which
818 1507 30 23 he
865 1516 66 15 com-
