1023 1619
921 82 28 22 13

466 84 125 16 BARDISM.

152 138 54 25 The
218 139 103 32 judicial
341 141 69 24 habit
428 143 27 22 of
471 143 39 23 the
532 144 163 23 Arch-Druid
708 153 48 15 was
774 145 111 32 splendid
905 147 46 22 and

101 172 146 32 imposing.*
287 174 40 24 He
341 183 48 15 was
408 176 96 23 clothed
522 177 23 22 in
559 185 15 15 a
587 177 60 23 stole
665 177 29 24 of
704 180 82 30 -virgin
802 180 80 26 white,
896 188 57 15 over

101 215 14 15 a
136 207 79 23 closer
233 209 60 23 robe
312 208 28 24 of
355 210 40 22 the
416 217 73 21 same,
507 210 108 24 fastened
636 212 34 30 by
685 220 13 14 a
717 213 85 30 girdle,
822 221 30 15 on
873 214 78 23 which

101 242 122 29 appeared
242 243 41 22 the
296 243 90 30 crystal
403 243 28 22 of
444 252 96 23 augury
554 245 103 23 encased
672 246 24 22 in
712 246 65 30 gold.
814 247 88 23 Round
917 248 36 22 his

101 275 63 23 neck
178 283 50 15 was
250 276 41 22 the
312 276 148 31 breastplate
482 278 28 22 of
522 278 142 31 judgment,
683 280 52 22 said
753 285 26 18 to
797 288 93 22 possess
912 282 41 22 the

101 309 108 32 salutary
223 310 45 23 but
283 310 193 24 uncomfortable
490 316 114 27 property
615 312 29 24 of
650 314 132 30 squeezing
796 315 39 22 the
846 314 62 23 neck
921 322 30 15 ou

102 343 42 23 the
157 348 128 19 utterance
299 343 28 24 of
338 353 13 14 a
364 349 100 27 corrupt
477 345 140 32 judgment.
656 346 82 23 Below
752 348 41 22 the
807 348 146 30 breastplate

103 385 48 14 was
165 378 140 30 suspended
322 379 42 23 the
377 379 74 24 Glain
472 379 83 27 Neidr,
570 387 27 16 or
613 380 117 30 serpent's
745 381 80 30 jewel.
863 381 39 23 On
918 382 35 22 his

103 410 62 24 head
179 411 31 23 he
224 412 48 23 had
291 420 14 15 a
325 413 62 23 tiara
399 413 28 23 of
438 414 65 29 gold.
540 413 39 23 On
593 414 61 22 each
668 413 27 23 of
710 419 48 17 two
777 414 89 31 fingers
879 414 27 23 of
918 415 36 22 his

103 445 146 30 right-hand
268 446 30 22 he
319 454 63 15 wore
403 454 14 15 a
435 447 69 31 ring;
526 455 46 15 one
587 447 74 31 plain,
675 447 39 23 the
729 447 69 23 other
816 448 41 23 the
872 449 82 22 chain-

104 479 55 31 ring
173 479 27 23 of
217 480 143 22 divination.
398 482 35 20 As
452 480 30 23 he
501 481 70 23 stood
591 481 81 23 beside
692 482 40 22 the
749 485 69 19 stone
836 482 61 22 altar
918 482 36 23 his

104 513 67 23 hand
190 514 81 22 rested
290 521 31 15 on
341 514 41 22 the
402 514 151 27 Elucidator,
568 515 79 23 which
668 516 120 22 consisted
813 515 28 23 of
863 515 91 23 several

104 551 80 18 staves
202 547 78 22 called
296 547 162 27 Coelbrenau,
472 556 71 15 omen
558 549 83 26 sticks,
654 557 31 14 on
700 549 79 23 which
798 549 39 23 the
852 549 102 31 judicial

105 581 104 22 maxims
228 589 63 15 were
310 585 56 23 cut;
385 582 47 22 and
453 582 79 23 which
551 583 75 30 being
639 586 44 27 put
702 584 50 22 into
765 591 14 14 a
791 582 83 28 frame,
894 591 61 15 were

106 614 87 23 turned
212 618 26 19 at
256 615 118 31 pleasure,
388 623 27 15 so
434 616 53 22 that
505 616 59 23 each
584 620 66 19 stave
670 617 154 30 represented
842 624 15 16 a
874 617 81 30 triplet

105 648 68 23 when
189 647 94 24 formed
303 649 29 22 of
351 649 69 23 three
434 652 5 11 '
449 649 79 24 sides.'
566 650 54 23 The
633 651 84 22 reader
730 651 48 22 will
798 651 29 22 be
846 658 26 15 so
890 651 65 30 good

105 690 25 15 as
150 686 24 19 to
194 682 94 23 admire
307 683 41 23 the
370 683 88 23 official
477 687 110 20 costume
606 683 28 24 of
653 685 41 22 the
714 684 171 28 Arch-Druid,
907 685 48 22 and

106 717 56 22 wait
175 724 14 15 a
202 716 44 23 few
261 724 74 23 pages
349 717 38 23 for
399 718 41 22 the
454 718 164 29 explanation.

158 750 53 23 The
226 751 65 22 third
305 751 71 22 order
389 759 48 14 was
456 751 41 23 the
513 751 98 31 Ovydd,
631 759 28 15 or
671 751 87 28 Ovate,
778 755 25 18 to
816 751 79 23 wliich
915 751 40 23 the

106 784 130 22 candidate
261 784 72 23 could
359 785 30 22 be
415 785 166 30 immediately
606 785 119 23 admitted
750 784 102 23 without
883 785 73 30 being

106 817 98 31 obliged
218 823 25 17 to
256 826 55 22 pass
325 818 107 31 through
446 819 41 22 the
497 818 96 32 regular
606 818 135 31 discipline.
778 818 52 23 The
840 818 116 31 requisite

106 851 182 31 qualifications
305 860 71 19 were,
391 853 23 21 in
432 853 106 30 general,
558 860 29 15 an
608 852 177 31 acquaintance
802 852 56 22 with
878 852 78 22 disco-

106 885 78 23 veries
198 885 24 22 in
235 886 104 26 science,
355 886 40 22 the
414 894 42 15 use
475 885 28 23 of
517 886 90 26 letters,
621 886 126 26 medicine,
767 885 127 31 language,
908 885 48 23 and

106 919 42 23 the
162 918 57 24 like.
257 918 40 24 On
311 919 132 31 particular
461 920 132 26 occasions,
614 920 22 21 in
651 919 177 23 consideration
848 919 28 22 of
886 919 70 23 other

106 953 109 22 eminent
228 953 64 30 gifts,
306 961 60 15 even
382 954 39 22 the
435 953 142 30 knowledge
587 952 33 28 of,
631 953 48 22 and
692 961 15 14 a
719 953 86 30 genius
816 952 36 23 for
862 956 93 27 poetry,

106 987 80 30 might
200 987 29 23 be
244 987 128 30 dispensed
387 987 65 23 with.
477 986 54 23 The
543 986 88 31 Ovydd
645 994 53 19 was,
714 987 118 26 however,
844 986 112 31 enjoined

106 1024 26 19 to
145 1021 118 30 acquaint
276 1020 99 24 himself
386 1021 56 22 with
457 1021 41 22 the
512 1021 89 22 Bardic
616 1020 126 23 Institutes
755 1020 47 22 and
822 1021 134 21 traditions.

107 1054 49 23 For
174 1055 19 22 it
212 1055 79 30 might
315 1062 75 15 occur
408 1055 53 22 that
485 1055 41 22 the
543 1054 72 23 order
633 1053 28 24 of
672 1053 91 24 Ovates
781 1053 87 23 should
887 1053 69 23 alone

107 1088 126 28 continue,
255 1088 79 23 which
357 1089 23 21 in
404 1088 29 23 its
455 1088 102 30 original
578 1088 81 30 purity
680 1087 71 23 could
773 1091 43 19 not
835 1088 30 22 be
885 1087 70 27 done,

106 1122 83 23 unless
203 1121 57 32 they
273 1130 64 15 were
355 1122 149 31 acquainted
518 1121 56 23 with
594 1122 30 21 its
641 1126 53 17 true
712 1121 137 30 principles,
863 1125 93 23 nature,

108 1156 48 22 and
176 1155 129 23 intention.
343 1156 52 23 The
410 1155 91 32 Ovydd
520 1154 72 24 could
610 1155 108 23 exercise
730 1154 33 23 all
781 1154 41 22 the
835 1154 121 22 functions

108 1189 27 23 of
147 1189 109 22 Bardism
268 1199 6 17 ;
293 1190 47 23 and
355 1190 32 30 by
400 1198 67 14 some
481 1189 131 31 particular
629 1190 169 29 performance
812 1187 29 22 he
856 1187 100 23 became

108 1223 103 23 entitled
225 1227 25 18 to
264 1224 70 22 other
348 1224 107 29 degrees,
476 1231 29 14 on
526 1223 40 22 the
586 1222 168 23 confirmation
769 1220 28 24 of
808 1229 13 14 a
834 1220 121 23 Gorsedd.

109 1256 55 23 The
187 1257 129 22 candidate
338 1256 39 24 for
397 1257 41 23 the
459 1257 72 22 order
551 1255 29 24 of
598 1255 91 32 Ovydd
711 1262 47 15 was
779 1254 92 23 elected
895 1257 23 19 at
943 1263 13 14 a

109 1290 123 26 Gorsedd,
254 1298 29 15 on
305 1291 40 22 the
366 1291 115 29 previous
502 1289 222 24 recommendation
747 1287 27 23 of
790 1296 13 14 a
823 1287 133 31 graduated

110 1324 66 23 Bard
195 1323 27 23 of
239 1331 48 22 any
307 1323 28 24 of
351 1325 41 22 the
412 1325 67 22 three
494 1324 91 26 orders,
601 1323 52 22 who
673 1321 78 31 might
769 1320 60 23 from
848 1321 37 22 his
902 1329 54 15 own

110 1358 145 30 knowledge
279 1358 97 22 declare
400 1358 54 22 that
477 1358 30 22 he
529 1357 78 22 whom
633 1356 30 22 he
687 1355 120 31 proposed
828 1362 48 15 was
898 1355 58 31 duly

110 1391 125 32 qualified.
272 1390 26 24 If
308 1391 40 23 the
367 1391 129 23 candidate
510 1397 61 16 were
591 1393 42 19 not
653 1389 87 22 known
759 1391 26 20 to
797 1397 15 14 a
830 1388 72 27 Bard,
917 1389 39 23 the

109 1425 226 24 recommendation
349 1424 28 23 of
387 1432 12 15 a
408 1424 78 30 judge
497 1431 28 16 or
537 1423 149 30 magistrate,
697 1430 28 15 or
734 1422 85 23 twelve
832 1423 124 29 reputable

386 1497 113 27 Meyrick's
510 1498 115 23 Costumes,
636 1504 20 19 p.
668 1497 33 20 28.
