1023 1619
73 110 47 22 128

322 118 134 16 MONASTIC
472 118 193 16 INSTITUTIONS.

181 178 63 20 went
258 183 31 22 up
303 176 50 23 into
367 184 13 15 a
393 177 135 28 mountain,
539 177 47 22 and
594 174 133 25 continued
738 173 69 23 there
820 173 78 28 apart.

71 208 53 23 Did
142 209 187 23 unaccustomed
348 210 131 29 privations
498 214 39 26 try
557 210 65 22 them
631 210 11 22 ?
664 209 19 22 it
701 215 48 16 was
769 206 44 23 but
833 204 83 31 taking

73 249 31 22 up
119 242 61 22 their
199 249 64 16 cross
283 245 24 20 to
327 242 79 24 follow
426 243 68 22 Him.
530 243 92 28 Wales,
640 244 92 21 remote
751 239 49 23 and
818 246 97 22 compa-

71 275 103 31 ratively
198 276 163 28 inaccessible,
387 277 91 22 invited
503 276 68 23 these
595 276 118 29 unhappy
738 273 117 31 fugitives
880 271 36 24 for

71 310 142 22 conscience
232 309 64 28 sake,
318 310 48 22 and
385 310 115 23 numbers
518 310 96 22 flocked
633 309 99 23 thither.
770 306 80 23 There
868 313 48 16 was

70 350 83 15 scarce
183 350 14 15 a
227 350 58 15 cave
311 343 23 22 in
359 343 42 23 the
424 343 118 23 sea-cliffs
568 342 126 23 fashioned
726 342 33 29 by
786 340 41 23 the
857 343 59 20 tem-

70 380 116 27 pestuous
206 383 78 16 waves
290 389 32 3 —
328 384 82 15 scarce
432 376 41 23 the
494 376 99 22 shadow
614 375 28 23 of
659 383 15 15 a
695 377 70 28 great
783 374 58 24 rock
860 374 24 23 in
903 381 13 17 a

72 418 79 23 weary
164 409 55 23 land
227 423 31 3 —
263 417 82 15 scarce
362 418 31 14 an
412 409 52 28 isle,
478 409 48 23 else
546 409 137 22 untrodden
703 409 32 30 by
749 407 51 24 foot
819 408 27 23 of
860 415 55 16 man

71 452 28 14 or
113 444 76 26 beast,
206 443 52 23 that
277 443 47 23 had
343 447 42 19 not
403 442 37 24 for
458 443 30 23 its
507 442 131 24 contented
658 442 97 23 dweller
773 450 67 15 some
859 442 56 31 holy

71 478 133 26 anchorite,
227 477 80 23 whose
329 485 107 23 memory
462 477 59 31 long
545 476 108 32 lingered
676 476 75 27 there,
773 476 48 23 and
846 475 69 24 made

70 511 61 24 each
149 512 86 22 barren
258 515 54 27 spot
332 510 91 24 fruitful
445 511 23 22 in
490 511 66 31 good
578 510 117 32 thoughts
719 511 47 22 and
788 509 127 32 profitable

71 545 163 23 meditations.
281 545 80 23 When
391 545 140 31 systematic
558 545 153 30 persecution
743 544 93 27 ceased,
867 543 48 24 this

70 580 89 22 ascetic
183 579 69 30 spirit
275 579 123 23 survived.
447 578 41 24 On
513 579 42 23 the
578 579 94 23 decline
697 577 29 25 of
751 578 42 23 the
819 577 96 24 Roman

71 614 98 30 empire,
183 613 47 22 and
249 617 150 26 consequent
417 613 182 22 abandonment
617 612 28 23 of
660 612 100 28 Britain,
780 612 47 23 this
845 612 70 30 spirit

70 646 84 28 found,
169 646 141 31 unhappily,
328 651 40 18 too
387 646 72 23 much
478 650 26 19 to
523 646 53 23 feed
594 653 39 21 on,
653 646 89 31 during
759 646 40 23 the
816 646 99 23 calami-

70 680 46 24 ties
136 680 28 23 of
184 680 40 23 the
244 680 78 27 times,
344 680 68 22 when
438 680 75 22 horde
534 680 63 22 after
618 680 76 22 horde
716 680 28 22 of
760 687 77 23 pagan
859 680 55 22 bar-

70 714 97 23 barians
179 718 75 26 swept
266 714 41 23 the
320 713 51 23 face
385 713 76 23 ofthe
473 714 77 26 earth,
564 713 47 22 and
624 713 23 22 in
664 713 62 23 their
738 713 105 31 impious
856 721 58 23 rage

70 748 49 23 laid
142 748 41 23 the
208 748 149 23 sanctuaries
382 747 28 22 of
430 747 111 32 religion,
566 747 41 23 the
633 746 119 24 beautiful
777 747 87 23 houses
888 746 28 24 of

73 781 65 26 God,
157 782 53 26 low,
230 789 60 15 even
308 784 25 20 to
352 781 41 23 the
412 781 65 23 dust.

122 815 28 23 In
171 815 41 23 the
232 814 55 24 fifth
307 818 108 27 century,
437 814 138 27 Talhaiarn,
596 814 29 23 of
643 814 40 23 the
704 814 48 23 line
773 814 26 23 of
814 814 68 28 Coel,
900 823 14 15 a

71 849 136 24 celebrated
217 848 72 28 Bard,
302 849 49 22 and
363 849 63 22 saint
439 849 25 22 ot'
474 849 40 22 the
528 849 173 30 congri'gation
716 848 27 23 of
749 848 105 30 Cattwg,
867 849 47 22 and

72 883 53 23 who
139 883 130 30 composed
283 883 40 22 the
337 890 87 23 prayer
437 882 64 23 cited
519 882 24 22 in
563 883 40 22 the
622 883 45 22 last
682 883 106 29 chapter,
803 882 62 23 after
878 882 36 23 his

71 917 59 30 king
143 917 47 22 and
204 920 87 19 master
304 915 166 33 (Ambrosius,
484 916 60 31 king
556 916 27 23 of
597 916 105 29 Britain)
716 917 47 22 had
777 917 60 22 been
854 916 60 23 slain

70 950 24 22 in
108 950 83 28 battle,
205 950 63 22 lived
281 958 71 23 many
366 958 69 23 years
448 957 25 15 as
486 957 15 15 a
513 950 88 22 hermit
613 953 25 19 at
650 957 14 15 a
677 950 67 30 place
757 950 65 22 since
837 950 77 22 called

70 983 110 24 Llanfair
191 983 138 28 Talhaiarn,
343 983 204 30 Denbighshire.*
583 983 28 22 In
626 983 40 23 the
678 991 66 15 same
758 987 110 28 century,
880 991 34 15 we

70 1017 61 23 have
150 1026 30 14 an
198 1017 63 31 aged
280 1017 58 30 king
357 1017 28 22 of
400 1016 157 32 Glamorgan,
573 1016 121 31 Tewdrig,
709 1017 205 23 commemorated

70 1051 24 22 in
106 1051 40 23 the
156 1051 86 22 Triads
255 1059 25 14 as
293 1058 46 14 one
351 1050 75 22 ofthe
435 1050 67 23 three
511 1050 125 23 canonical
650 1050 76 30 kings,
738 1050 53 22 who
801 1051 113 30 resigned

70 1085 37 22 his
126 1092 80 15 crown
225 1088 25 18 to
269 1084 35 22 his
322 1091 43 14 son
385 1083 105 31 Meurig,
505 1083 97 22 himself
616 1091 14 14 a
648 1087 68 27 great
735 1083 141 24 benefactor
889 1088 25 20 to

70 1118 41 23 the
126 1117 82 23 Welsh
223 1116 108 27 Church,
345 1116 47 23 and
405 1117 88 22 retired
513 1121 24 18 to
556 1116 53 23 lead
622 1124 14 14 a
649 1116 114 31 religious
780 1117 41 23 life
834 1118 23 22 in
871 1118 43 23 the

70 1151 104 23 solitude
197 1149 28 25 of
241 1149 110 23 Tintern.
393 1150 23 22 A
437 1150 80 22 Saxon
542 1150 108 22 invasion
672 1149 83 25 forced
777 1151 50 23 him
849 1151 65 24 from

70 1185 37 23 his
125 1184 127 27 seclusion,
271 1188 25 17 to
316 1182 59 23 head
396 1183 36 22 his
450 1182 86 32 people
555 1183 94 31 against
667 1184 41 23 the
723 1185 87 23 armies
829 1185 28 23 of
872 1186 42 23 the

70 1218 82 23 aliens.
189 1217 29 24 In
235 1217 40 23 the
291 1216 82 27 battle,
391 1216 40 23 the
451 1216 41 23 old
511 1216 59 31 king
588 1225 46 14 was
654 1218 112 31 mortally
781 1220 130 23 wounded.

70 1252 47 23 His
136 1252 74 31 dying
228 1258 86 23 prayer
327 1249 106 31 bespoke
450 1250 39 22 the
503 1251 180 27 warrior-saint,
686 1265 32 3 —
721 1252 51 23 that
790 1260 14 16 a
819 1253 94 23 church

70 1286 78 30 might
169 1286 29 22 be
220 1284 97 23 erected
333 1291 30 15 on
381 1283 40 22 the
442 1287 55 26 spot
517 1284 78 22 where
614 1284 30 23 he
663 1285 118 24 breathed
801 1287 37 22 his
856 1287 55 23 last.

70 1319 53 23 The
143 1318 92 24 church
257 1325 46 16 was
324 1316 69 28 built,
410 1317 47 22 and
482 1316 77 24 called
583 1317 115 33 Merthyr
716 1319 124 32 Tewdrig,
858 1329 55 15 now

70 1352 142 30 Mathern.f

121 1386 80 22 There
219 1385 19 22 is
256 1392 29 15 on
305 1383 41 23 the
363 1383 114 23 southern
497 1387 67 20 coast
582 1384 29 24 of
627 1385 225 31 Pembrokeshire,!
870 1392 43 20 not

70 1419 36 23 far
124 1419 62 23 from
206 1417 129 31 Stackpool
355 1416 84 28 Court,
452 1425 15 15 a
479 1418 93 30 chapel,
586 1419 25 22 in
626 1427 15 15 a
653 1419 63 29 wild,
731 1421 75 31 rocky
820 1422 92 29 ravine,

205 1488 13 14 *
233 1488 70 20 Rees's
313 1487 72 26 Essay,
396 1494 20 19 p.
430 1488 46 20 168.
598 1491 13 23 -f-
625 1490 55 20 Ibid.
692 1498 21 18 p.
726 1493 46 19 184.

255 1515 11 26 J
282 1515 96 19 Fenton's
389 1515 174 26 Pembrokeshire,
573 1523 35 19 pp.
619 1518 103 20 414-416.
