1023 1619
448 96 128 16 BARDISM.

913 93 14 20 5

85 152 41 23 the
139 155 108 21 extreme
257 162 6 18 ;
282 153 46 23 and
343 155 95 22 arrived
458 155 31 31 by
502 163 14 14 a
529 155 96 31 regular
637 156 61 23 train
717 156 27 23 of
755 156 138 32 gradations
906 161 24 19 at

85 186 42 23 the
140 187 175 31 probationary
328 191 61 19 state
409 188 28 22 of
449 188 134 32 humanity.
620 189 80 24 Those
717 191 139 30 gradations
869 199 61 15 were

85 221 146 30 necessarily
250 221 55 27 evil,
325 221 45 23 but
387 230 67 14 more
471 230 28 15 or
514 222 46 23 less
577 231 27 14 so
622 231 26 15 as
666 224 58 31 they
736 232 62 15 were
815 226 115 22 removed

85 253 63 23 from
162 254 42 22 the
223 254 51 22 first
290 263 95 15 source.
423 255 27 23 In
471 256 39 23 the
530 259 62 21 state
610 257 27 23 of
647 258 134 31 humanity,
800 259 63 29 good
883 259 47 22 and

85 287 47 23 evil
147 296 62 14 were
228 288 97 32 equally
340 289 119 23 balanced
471 299 5 17 ;
495 290 47 23 and
556 292 175 30 consequently
750 293 18 21 it
781 299 47 15 was
843 299 14 16 a
869 296 61 19 state

85 320 28 23 of
122 321 99 32 liberty,
234 322 23 22 in
277 323 88 26 which,
381 323 20 22 if
411 323 41 23 the
466 325 93 22 actions
576 325 45 22 and
636 326 106 22 conduct
761 325 76 23 ofthe
857 329 73 27 agent

85 355 198 31 preponderated
302 361 25 18 to
340 357 55 27 evil,
415 357 70 23 death
506 365 60 23 gave
586 358 44 23 but
643 366 28 15 an
691 358 70 23 awful
779 366 100 24 passage
897 359 34 30 by

87 389 79 23 which
186 389 30 23 he
234 391 116 22 returned
363 394 24 19 to
405 392 87 22 animal
511 392 49 26 life,
578 392 23 22 in
621 399 15 15 a
648 392 123 22 condition
792 392 76 22 below
886 393 44 21 hu-

86 424 102 29 manity,
201 424 72 29 equal
288 427 24 20 to
326 425 40 22 the
377 425 88 30 degree
478 424 27 23 of
511 425 125 29 turpitude
648 425 28 22 he
691 425 45 23 had
751 425 105 23 debased
870 426 60 22 him-

86 456 49 23 self
152 457 58 23 with
232 458 23 22 in
278 458 37 22 his
337 458 88 22 former
444 463 60 17 state
526 458 28 22 of
568 459 127 30 probation
708 468 5 13 :
732 459 47 22 and
795 458 21 23 if
829 459 35 22 his
886 459 43 22 life

87 490 57 23 then
164 498 49 15 was
227 491 151 31 desperately
397 491 102 27 wicked,
518 492 20 22 it
551 500 46 14 was
616 492 104 30 possible
735 492 35 23 for
784 492 47 22 him
851 497 24 17 to
888 492 42 22 fall

87 528 25 19 to
128 524 35 22 his
181 525 102 29 original
299 525 110 27 vileness,
427 533 28 14 or
467 525 41 22 the
521 525 83 23 lowest
616 526 69 30 point
703 525 28 23 of
740 526 129 26 existence,
883 527 47 21 and

87 565 14 15 a
114 558 104 22 renewal
232 558 27 22 of
274 558 36 22 his
323 558 88 22 former
423 559 153 30 progression
590 559 104 30 through
712 559 80 23 brutal
808 560 122 22 existence

87 591 59 22 took
160 591 68 30 place
239 601 6 17 ;
263 591 48 22 and
324 592 48 22 this
389 600 49 14 was
457 592 36 22 his
505 592 94 31 destiny
617 601 26 14 as
656 592 63 23 often
733 601 25 14 as
776 593 47 22 evil
836 593 46 22 had
902 595 28 20 its

86 624 155 35 ascendancy
255 624 23 23 in
292 625 36 22 his
340 629 62 19 state
420 625 29 23 of
458 625 62 24 trial.
558 625 27 27 If,
599 634 30 14 on
643 626 41 23 the
698 627 70 22 other
780 626 72 27 hand,
866 627 64 30 good

86 666 49 15 was
154 658 172 30 predominant
339 659 23 22 in
382 660 41 22 the
439 659 70 23 heart
526 658 28 24 of
565 667 62 20 man,
647 660 71 22 death
737 668 46 14 was
803 660 99 23 deemed
916 668 14 14 a

86 691 116 24 welcome
223 700 137 23 messenger
372 696 25 19 to
411 693 105 22 conduct
529 693 49 22 him
592 697 24 19 to
629 701 14 15 a
661 701 65 15 more
741 694 93 22 exalted
848 694 82 22 condi-

85 726 62 26 tion,
168 726 80 23 where
266 726 29 23 he
315 734 48 15 was
383 726 46 23 still
451 727 167 29 progressive;
639 727 44 23 but
703 728 28 22 he
750 734 47 16 was
816 727 57 23 then
894 734 36 15 re-

86 760 88 22 moved
193 760 51 22 into
262 767 15 15 a
295 763 60 20 state
375 760 146 31 necessarily
538 761 74 29 good,
631 761 47 22 and
695 760 118 24 therefore
832 761 98 30 beyond

86 793 41 23 the
142 793 120 23 influence
276 793 28 23 of
312 794 54 26 evil,
382 801 27 15 or
422 794 40 23 the
476 795 92 28 danger
580 794 28 23 of
617 794 92 30 falling.

139 827 38 23 To
190 828 88 22 relieve
291 828 41 22 the
345 828 127 22 otherwise
487 828 180 30 insupportable
681 828 89 22 tedium
786 827 26 23 of
819 828 111 29 eternity,

87 861 31 22 he
130 861 69 22 there
213 861 137 29 undergoes
363 861 42 22 the
416 864 61 19 most
491 861 127 30 delightful
631 861 153 22 renovations
798 861 22 22 in
836 861 94 22 endless

85 894 149 28 succession,
253 894 103 23 without
375 894 73 31 being
466 894 116 31 deprived
600 894 28 23 of
644 894 41 23 the
705 895 181 22 consciousness
904 894 27 23 of

87 928 36 22 his
143 928 90 22 former
251 928 146 22 conditions.
460 928 38 22 He
516 935 57 23 may
588 935 74 15 evenr
674 932 68 18 eturn
758 933 23 17 to
795 936 14 14 a
826 931 61 19 state
906 928 25 22 of

86 961 91 23 second
196 961 131 27 manhood,
346 965 42 27 yet
404 961 102 23 without
526 961 40 23 the
582 961 136 31 possibility
737 961 27 22 of
775 961 46 22 evil
841 961 89 30 having

85 996 72 30 again
181 995 40 22 the
239 995 155 31 ascendancy
405 1005 5 16 ;
435 995 175 31 consequently
627 995 42 22 the
691 999 80 18 return
793 994 28 23 of
838 995 58 22 such
916 1002 14 15 a

86 1029 91 31 benign
201 1028 55 23 soul
280 1036 48 15 was
353 1028 142 23 considered
522 1036 15 15 a
561 1028 105 31 blessing
691 1032 25 19 to
740 1029 41 22 the

86 1062 91 23 Where
198 1062 110 23 Bardism
328 1061 130 32 prevailed,
478 1062 67 22 there
564 1070 48 14 was
631 1062 49 22 also
693 1070 14 14 a
725 1061 77 23 belief
818 1062 51 22 that
888 1062 41 22 the

85 1096 66 23 souls
170 1095 27 24 of
206 1096 41 23 the
261 1096 61 22 dead
336 1096 114 23 returned
469 1099 24 19 to
506 1096 105 22 animate
624 1095 70 23 other
707 1096 90 25 bodies,
815 1094 61 24 after
889 1095 40 23 the

85 1130 67 30 lapse
173 1129 25 23 of
217 1137 13 15 a
250 1130 90 22 certain
362 1130 104 22 number
485 1128 27 23 of
528 1137 76 23 years.
642 1129 27 22 In
690 1129 41 23 the
753 1129 136 25 meantime,
910 1129 20 22 it

85 1171 78 16 seems
182 1166 25 20 to
227 1164 60 22 have
306 1164 60 22 been
387 1163 105 30 thought
510 1163 51 23 that
580 1163 57 30 they
656 1163 62 22 lived
737 1163 57 22 with
814 1162 116 30 similarly

87 1197 166 23 disembodied
267 1197 81 29 spirits
367 1198 22 21 in
405 1198 101 22 another
526 1197 82 22 world.
645 1196 53 23 The
717 1198 97 21 ancient
833 1196 97 22 Britons

85 1239 63 23 gave
162 1238 14 15 a
189 1234 89 27 cogent
289 1231 73 29 proof
371 1230 28 23 of
406 1231 47 22 this
466 1231 147 26 conviction,
625 1230 87 27 which,
725 1230 72 23 much
809 1237 25 15 as
847 1229 82 22 modes

85 1264 28 24 of
124 1264 106 30 thought
249 1264 61 23 have
328 1264 92 23 altered
438 1264 72 27 since,
531 1264 78 23 would
628 1264 49 22 find
692 1264 116 22 admirers
826 1270 59 16 even
904 1269 25 16 at

85 1299 42 23 the
147 1303 98 26 present
265 1298 46 30 day
325 1308 5 16 ;
367 1298 58 31 they
443 1302 44 26 put
505 1298 37 22 off
556 1298 41 22 the
615 1297 135 23 settlement
772 1297 27 23 of
814 1302 116 18 accounts

85 1332 48 23 and
152 1332 113 22 exaction
284 1331 28 23 of
322 1331 71 23 debts
409 1331 35 22 till
460 1331 58 30 they
534 1331 87 22 should
640 1335 63 18 meet
716 1331 24 22 in
758 1331 39 22 the
811 1330 73 23 world
903 1336 25 17 to

84 1374 78 16 come,
174 1367 17 28 -f-

136 1399 74 24 After
228 1398 41 23 the
288 1398 128 26 doctrines,
430 1398 41 23 the
489 1398 84 23 sacred
592 1397 82 23 orders
690 1397 28 23 of
729 1397 109 23 Bardism
857 1397 69 23 claim

183 1479 8 9 *
209 1474 71 22 Owen,
291 1474 21 19 in
324 1473 107 19 Richards'
444 1472 177 20 Cambro-British
632 1472 123 26 Biography,
767 1479 19 19 p.
799 1473 30 18 32.

179 1503 15 22 f
209 1502 96 19 Pictorial
317 1501 85 24 History
412 1501 22 19 of
444 1500 101 25 England,
557 1500 40 18 vol.
607 1500 15 18 i.
635 1506 19 19 p.
667 1500 32 18 66.
