1023 1619
342 101 135 17 MONASTIC
491 102 195 16 INSTITUTIONS.

888 94 45 23 131

93 157 153 32 churchyard
265 157 28 24 of
306 159 83 23 thorns
407 160 47 22 and
474 160 76 22 briers
568 159 84 24 before
671 160 30 23 he
721 160 71 24 could
811 160 69 23 make
898 160 38 23 his

92 199 52 23 way
158 192 49 22 into
226 193 41 22 the
286 192 99 23 church.
422 192 67 24 Here
507 193 30 23 he
555 194 63 23 built
635 194 99 23 himself
743 202 14 15 a
770 197 103 27 cottage,
886 194 49 23 and

92 224 64 24 lived
169 226 22 22 in
206 226 68 23 strict
286 226 127 27 seclusion,
428 227 34 22 till
477 227 29 23 he
520 234 47 15 was
581 228 143 22 summoned
742 231 24 19 to
781 228 115 22 Menevia
909 231 24 19 to

92 260 94 22 receive
202 259 92 31 priest's
510 260 53 23 The
581 261 65 30 good
665 261 63 23 saint
745 261 70 23 loved
835 261 98 32 solitary

92 292 80 31 places
191 294 77 23 better
286 294 56 22 than
362 294 68 23 cities
443 302 5 15 :
472 294 40 23 the
531 295 75 22 world
626 295 78 22 would
726 295 61 23 have
809 295 46 22 had
875 295 57 27 him,

91 327 45 23 but
154 328 30 22 he
197 328 77 22 would
294 331 42 19 not
354 328 60 22 have
434 328 40 22 the
493 328 83 22 world.
613 328 41 27 So,
667 336 26 14 as
705 336 60 15 soon
778 337 26 14 as
817 329 31 22 he
861 328 71 23 could

91 364 42 27 get
151 368 74 23 away,
245 361 29 23 he
293 364 63 20 went
374 365 24 18 to
417 361 40 22 the
476 361 47 22 Isle
542 361 27 23 of
584 361 62 30 Ary.
683 361 41 23 He
744 362 48 23 had
809 366 44 19 not
870 362 61 23 been

91 394 58 32 long
165 394 67 23 there
250 394 80 24 before
350 394 145 32 Norwegian
515 395 89 30 pirates
621 395 95 27 landed,
731 396 48 22 and
794 396 93 23 carried
901 396 35 23 off

91 427 110 24 Caradoc
213 429 46 22 and
274 429 35 22 his
322 429 164 30 companions.
524 429 68 22 With
605 429 63 22 their
681 430 107 30 captives
801 438 30 14 on
848 430 82 27 board,

91 461 40 23 the
153 462 87 31 pirates
261 462 74 23 sailed
354 463 56 22 with
432 471 13 14 a
464 462 46 23 fair
528 463 63 22 wind
610 462 30 23 all
660 463 77 30 night,
757 463 44 23 but
821 466 25 20 to
868 464 63 22 their

90 496 104 31 surprise
213 496 72 23 found
305 496 150 27 themselves,
474 497 68 23 when
563 497 47 30 day
626 496 109 29 dawned,
755 499 43 20 not
812 504 14 15 a
843 497 88 23 cables

90 528 83 32 length
191 530 59 23 from
269 531 40 22 the
328 530 84 23 island.
450 530 52 23 The
520 530 97 31 pirates'
631 531 79 22 hearts
725 534 76 19 smote
814 531 75 27 them,
903 538 27 16 so

91 563 51 23 that
154 564 58 30 they
224 564 84 23 landed
324 564 110 23 Caradoc
450 565 48 22 and
517 565 36 22 his
571 564 97 28 friends,
682 564 47 23 and
742 567 37 20 set
791 565 65 22 them
870 563 59 24 free.

91 596 49 24 But
153 598 53 30 Ary
219 605 47 15 was
285 605 29 15 no
329 598 50 22 safe
393 598 77 22 abode
484 598 37 23 for
535 598 118 23 Caradoc.
691 598 67 22 Thus
771 598 105 30 thought
888 598 41 22 the

90 630 90 31 Bishop
202 631 27 23 of
246 631 34 23 St.
302 631 109 28 David's,
434 631 54 23 who
510 632 57 23 took
589 639 14 15 a
623 632 60 30 deep
704 631 100 23 interest
828 632 32 27 in,
881 631 50 23 and

90 664 88 30 always
191 665 47 22 had
251 665 36 22 his
300 673 44 24 eye
356 674 41 18 on,
411 665 40 23 the
464 666 69 22 saint.
571 665 58 23 This
643 666 56 22 wise
715 665 45 23 and
777 665 152 23 considerate

88 698 90 30 prelate
196 699 141 23 discovered
356 707 14 15 a
388 699 102 23 suitable
508 700 69 30 place
595 699 37 23 for
650 700 49 22 him
713 699 82 23 within
815 699 40 23 the
875 707 53 22 pre-

89 732 75 23 cincts
178 732 75 24 ofthe
267 736 135 28 monastery
416 733 94 27 Ismael,
520 734 22 21 in
554 733 40 23 the
606 734 115 30 province
735 732 28 24 of
771 732 74 29 Rhos,
857 732 71 24 Pem-

88 765 150 24 brokeshire.
275 766 76 28 Here,
372 767 57 23 with
451 767 137 23 occasional
612 767 164 23 molestations
800 766 61 23 from
887 767 41 23 the

88 798 130 32 Flemings,
231 800 63 27 who,
308 808 15 15 a
339 808 57 23 very
414 801 114 29 religious
546 800 86 31 people
650 800 154 27 themselves,
823 800 47 23 had
889 801 41 23 the

88 836 42 20 not
149 841 145 16 uncommon
313 834 115 31 infirmity
447 834 27 23 of
488 834 73 31 being
579 834 81 23 rather
678 834 130 23 intolerant
826 835 103 22 towards

88 874 48 23 any
146 867 100 30 religion
259 868 76 22 which
346 868 99 23 differed
459 875 14 16 a
486 868 185 23 hair's-breadth
685 868 61 23 from
761 868 61 23 their
832 875 61 20 own,
896 882 34 4 —

87 900 59 24 here
159 900 110 24 Caradoc
289 902 131 22 continued
439 902 36 22 till
493 902 37 22 his
549 902 79 27 death,
642 901 28 23 of
680 902 77 22 which
771 902 30 22 he
814 902 45 22 had
875 902 54 22 inti-

87 935 91 22 mation
198 935 32 30 by
243 942 29 15 an
291 935 71 31 angel
381 936 23 21 in
423 943 15 14 a
451 935 84 28 vision,
549 935 47 22 and
609 935 79 22 which
706 935 136 31 happened,
855 943 25 14 as
898 935 31 23 he

87 968 48 22 had
153 968 110 28 foretold,
283 976 30 15 on
333 968 59 23 Low
412 968 106 32 Sunday,
539 968 71 32 April
632 968 70 23 1124.
738 968 48 23 His
803 968 66 32 body
881 977 48 15 was

86 1001 106 23 interred
206 1002 57 23 with
281 1006 69 27 great
368 1003 94 22 honour
480 1003 24 22 in
525 1002 39 23 the
583 1002 122 23 cathedral
724 1002 29 23 of
769 1001 34 24 St.
818 1002 109 23 David's.

87 1035 108 23 William
217 1035 27 23 of
260 1035 168 33 Malmesbury
449 1036 130 23 flourished
599 1037 24 22 in
644 1036 40 23 the
704 1036 52 23 first
777 1036 53 22 half
845 1035 27 23 of
887 1036 42 23 the

86 1069 91 24 twelfth
199 1073 109 28 century,
331 1070 47 23 and
400 1078 47 15 was
468 1070 175 31 consequently
663 1078 14 15 a
697 1073 185 28 contemporary
903 1070 28 23 of

87 1102 137 24 Caradoc's.
261 1103 106 24 William
387 1104 124 27 aforesaid,
532 1104 89 30 having
640 1104 140 23 contracted
798 1104 41 23 the
859 1104 69 23 habit

86 1137 27 23 of
131 1137 98 30 picking
251 1137 47 23 and
318 1138 102 30 stealing
439 1139 22 21 in
481 1138 36 22 his
536 1138 96 30 literary
651 1139 147 27 avocations,
817 1142 66 18 went
902 1142 23 19 to

87 1170 131 24 Caradoc's
236 1171 75 27 tomb,
328 1172 57 23 with
404 1172 40 23 the
463 1171 120 24 felonious
601 1172 118 22 intention
737 1171 29 24 of
782 1172 94 29 cutting
895 1172 36 22 off

86 1204 42 23 the
147 1204 80 23 saint's
246 1204 77 31 finger
340 1209 24 19 to
384 1206 61 29 keep
463 1212 26 16 as
507 1213 14 15 a
539 1205 71 26 relic;
629 1205 70 23 when
708 1205 53 30 just
773 1212 32 19 as,
820 1204 66 23 knife
903 1205 23 22 in

86 1237 73 27 hand,
174 1238 29 22 he
217 1245 46 15 was
281 1239 75 22 about
374 1242 26 19 to
418 1243 165 18 consummate
596 1239 36 22 his
645 1238 126 30 sacrilege,
785 1238 89 22 behold
887 1238 41 23 the

86 1271 90 30 fingers
197 1270 27 24 of
240 1272 39 22 the
297 1272 60 22 dead
373 1272 110 22 Caradoc
504 1272 80 22 closed
605 1271 27 23 of
651 1271 149 27 themselves,
818 1271 47 22 and
887 1271 41 23 the

86 1305 66 22 hand
170 1305 65 22 drew
252 1305 71 22 back.
359 1305 53 22 The
431 1305 260 23 conscience-stricken
711 1304 73 23 monk
802 1304 68 30 flung
887 1305 40 22 the

86 1338 66 22 knife
167 1338 78 27 down,
258 1338 47 22 and
323 1338 100 31 humbly
438 1338 120 32 besought
577 1338 39 23 the
635 1338 80 23 saint's
733 1338 100 30 pardon,
848 1338 77 22 which

86 1371 35 24 let
142 1379 27 15 us
191 1371 62 31 hope
274 1371 53 23 that
345 1371 30 23 he
393 1372 121 22 obtained.
551 1371 53 23 The
623 1371 134 31 hermitage
777 1371 27 22 of
818 1371 108 24 Caradoc

86 1413 48 15 was
152 1404 105 23 situated
274 1404 22 23 in
315 1405 40 23 the
374 1405 81 30 parish
475 1404 27 23 of
519 1404 172 26 Haroldstone,
711 1412 59 15 near
787 1404 139 23 Haverford

85 1438 78 24 West.
200 1438 79 23 There
299 1438 19 22 is
335 1446 14 15 a
366 1438 52 23 well
437 1438 67 23 there
517 1438 47 22 still
577 1438 76 23 called
668 1438 35 23 St.
716 1438 129 23 Caradoc's
858 1438 51 23 well
920 1449 6 17 ;

85 1473 48 23 and
147 1472 22 23 in
184 1472 40 23 the
236 1472 81 30 parish
330 1471 26 24 of
367 1471 69 24 Roch
450 1472 39 23 the
503 1472 102 22 remains
624 1471 27 23 of
662 1480 14 15 a
693 1471 91 31 chapel,
798 1471 127 24 dedicated
