1023 1619
867 104 46 23 125

351 111 54 16 THE
419 112 91 15 WELSH
525 111 115 16 CHURCH.

77 170 114 24 Llandaff
207 171 29 22 he
255 170 42 24 has
316 171 44 23 but
378 173 47 21 two
443 170 104 30 chapels,
560 170 47 23 and
626 170 58 31 only
698 171 66 23 three
782 171 23 23 in
819 171 64 23 what
896 172 19 22 is

77 204 121 30 supposed
217 208 24 19 to
260 205 62 22 have
340 205 60 22 been
421 205 39 22 the
480 204 102 31 original
598 204 94 23 diocese
705 204 28 23 of
745 205 154 23 Llanbadarn
909 214 6 14 :

75 238 32 22 all
120 238 40 22 the
173 241 55 25 rest,
243 238 124 31 including
384 246 72 23 every
475 246 46 14 one
539 237 28 23 of
584 238 41 22 the
643 238 173 28 endowments,
835 247 39 15 are
891 239 24 22 in

76 271 40 23 the
127 272 93 23 district
228 271 28 23 of
262 272 85 27 which,
358 280 25 15 as
393 271 156 31 Archbishop
558 271 27 23 of
590 271 118 24 Caerleon
720 280 27 15 or
757 272 122 27 Menevia,
886 273 30 22 he

77 313 47 15 was
138 305 96 23 himself
243 306 40 23 the
297 306 121 23 diocesan.
455 305 53 23 The
521 305 122 23 cathedral
657 305 29 23 of
697 305 34 24 St.
745 305 102 24 David's
859 307 20 22 is
891 307 24 22 in

78 339 40 23 the
131 340 112 31 territory
257 339 27 24 of
293 340 35 22 his
342 339 115 23 maternal
471 338 170 32 grandfather;
659 339 40 23 the
713 340 203 31 neighbourhood

77 372 29 24 of
116 372 141 32 Henfynyw
271 382 101 22 appears
385 376 25 21 to
422 374 60 22 have
493 373 59 23 been
564 373 40 23 the
614 376 114 28 property
739 373 28 23 of
776 373 36 23 his
824 373 90 27 father;

77 407 48 23 and
139 407 141 23 Llanddevvi
295 403 63 28 Brefi
372 408 18 22 is
403 407 104 23 situated
520 415 29 15 on
565 407 39 23 the
618 411 54 26 spot
682 407 79 23 where
770 407 30 23 he
809 408 107 23 silenced

77 440 41 24 the
132 441 135 31 Pelagians.

130 474 53 24 The
204 475 104 31 Liturgy
328 474 27 24 of
372 475 40 23 the
436 476 95 22 ancient
556 474 81 24 Welsh
665 475 98 23 Church
785 475 18 23 is
826 479 43 19 not
890 476 24 22 in

78 509 131 22 existence.
245 509 49 22 Mr.
311 508 141 23 Williams*
472 509 148 22 endeavours
639 512 24 19 to
681 508 71 23 make
771 512 43 19 out
829 509 51 22 that
897 509 19 22 it

78 549 47 15 was
152 542 114 23 identical
293 542 57 22 with
380 543 41 22 the
476 542 76 24 Great
579 542 108 23 Oriental
867 542 48 23 and

78 575 98 23 derived
195 575 61 23 from
273 575 116 31 Ephesus.
427 575 53 23 The
493 575 104 32 Liturgy
610 575 27 23 of
648 575 35 24 St.
698 575 74 23 Mark
790 576 18 22 is
824 576 50 22 said
891 581 23 17 to

78 609 61 22 have
157 610 61 22 been
238 609 106 31 brought
356 610 32 30 by
402 609 136 24 Germanus
557 610 50 22 into
626 609 99 27 Britain,
744 609 47 23 and
809 610 105 22 chanted

78 642 32 32 by
132 642 90 32 Padrig
244 644 23 22 in
289 643 35 22 his
349 651 52 14 own
427 643 126 31 collegiate
577 643 99 23 church.
725 643 72 23 From
819 644 97 22 ancient

78 676 107 32 writings
204 677 24 22 in
247 677 40 22 the
301 676 82 23 Welsh
402 676 128 32 language,
544 677 137 31 something
698 685 55 22 may
767 677 30 23 be
814 677 102 31 gleaned

78 709 28 24 of
121 710 41 23 the
179 711 69 30 spirit
266 713 24 20 at
311 710 59 23 least
390 710 28 23 of
438 711 40 22 the
501 710 130 24 Cambrian
654 710 88 23 offices.
778 710 68 23 Here
864 711 19 22 is
903 719 13 14 a

77 752 88 22 prayer
183 744 128 30 composed
328 745 32 29 by
376 744 138 27 Talhaiarn,
532 744 111 30 chaplain
656 748 25 19 to
698 744 68 30 King
781 744 100 31 Erurys:
884 759 32 4 —

184 782 71 26 grant
272 779 42 29 thy
329 778 143 29 protection,
485 778 48 22 and
554 778 22 22 in
595 778 42 30 thy
650 778 135 30 protection
799 778 117 30 strength,

77 811 49 24 and
144 812 24 22 in
187 812 109 30 strength
315 812 138 26 discretion,
467 812 46 22 and
532 812 24 21 in
576 811 128 23 discretion
718 811 96 31 justice,
828 813 46 21 and
892 812 24 23 in

74 844 90 31 justice
183 845 62 27 love,
258 845 48 23 and
324 846 24 21 in
366 845 54 22 love
439 848 25 20 to
483 845 53 22 love
554 844 63 28 God,
631 845 47 22 and
691 846 23 21 in
727 845 83 30 loving
824 845 54 23 God
893 849 23 19 to

78 878 54 23 love
153 878 32 23 all
377 878 22 23 It
418 886 48 15 was
487 885 13 16 a
519 878 68 23 usual
604 879 87 29 saying
709 878 27 23 of
751 878 92 28 Beuno,
863 879 53 22 who

78 912 63 22 lived
162 912 23 22 in
208 912 40 22 the
265 912 63 22 sixth
348 915 111 27 century,
478 913 5 10 '
496 911 97 23 Chaunt
612 912 42 30 thy
672 911 73 23 Pater
764 912 88 22 Noster
869 912 47 23 aud

79 945 42 31 thy
136 945 94 23 Creed.'
267 945 33 23 So
314 953 29 14 au
357 945 65 31 early
438 945 71 27 Bard,
524 950 5 8 '
540 945 10 22 I
560 945 116 31 enquired
690 945 65 23 ofall
770 946 39 22 the
822 946 93 30 priests,

78 979 40 22 the
133 979 104 31 bishops,
251 979 48 22 and
311 978 92 31 judges,
418 979 63 22 what
498 979 18 22 is
530 983 61 18 most
604 979 127 30 profitable
744 978 37 23 for
797 979 40 23 the
855 979 61 23 soul.

79 1012 68 23 Food
173 1012 53 30 [for
247 1013 41 22 the
308 1012 107 31 needy],
434 1012 40 23 the
493 1012 72 23 Pater
584 1011 88 24 Noster
690 1013 46 22 and
756 1013 40 22 the
819 1012 97 24 Blessed

79 1046 78 24 Creed
167 1056 5 16 ;
203 1046 111 23 whoever
339 1042 46 26 will
411 1046 73 23 chant
507 1045 67 24 these
598 1045 38 24 for
660 1046 36 23 his
714 1046 60 26 soul,
797 1047 61 22 until
876 1047 40 22 the

73 1079 131 32 judgment
217 1080 45 22 will
283 1081 30 22 do
333 1080 39 22 the
386 1088 58 23 very
458 1080 52 23 best
523 1079 87 32 thing.'
646 1080 46 23 We
710 1080 66 23 learn
796 1080 62 23 from
876 1080 40 23 the

76 1114 57 23 laws
153 1114 27 22 of
196 1114 95 23 Howell
310 1114 40 23 the
372 1113 73 24 Good
467 1113 51 23 that
538 1114 18 22 it
577 1121 47 15 was
648 1114 78 28 usual,
747 1114 24 22 in
792 1114 39 23 the
848 1115 68 22 tenth

76 1151 111 27 century,
209 1151 25 19 to
256 1148 72 23 chant
347 1148 41 22 the
410 1146 85 24 Lord's
517 1146 92 32 Prayer
632 1146 38 23 for
690 1148 40 22 the
751 1148 64 23 souls
836 1147 28 24 of
886 1148 30 23 all

78 1181 134 24 Christians
236 1184 25 20 at
284 1181 41 24 the
349 1184 55 27 gate
428 1181 28 23 of
475 1181 40 23 the
539 1181 161 29 churchyard.
747 1181 24 23 It
795 1189 47 15 was
867 1181 49 23 also

77 1215 105 23 chanted
195 1219 23 18 at
232 1216 40 22 the
285 1215 171 28 church-door,
471 1214 82 24 before
572 1215 40 22 the
629 1215 77 29 figure
725 1214 28 23 of
768 1215 39 23 the

78 1249 74 30 Upon
173 1249 163 22 church-bells
357 1249 68 22 there
450 1249 19 22 is
493 1248 97 31 enough
615 1252 24 19 to
661 1248 35 23 fill
714 1256 14 15 a
746 1249 72 27 book,
838 1249 46 22 and
903 1256 13 15 a

77 1290 59 22 very
151 1282 109 31 amusing
273 1282 66 23 book
355 1282 41 22 has
413 1282 61 22 been
488 1282 101 27 written,
603 1282 11 22 I
631 1282 100 27 believe,
744 1282 73 31 lately
831 1290 29 14 on
875 1282 40 22 the

76 1315 103 30 subject.
215 1315 28 23 In
264 1316 40 22 the
325 1315 84 23 Welsh
432 1315 98 24 Church
552 1315 19 22 it
588 1323 49 15 was
659 1315 39 23 the
717 1320 94 18 custom
832 1320 24 18 to
875 1324 41 15 use

77 1349 111 32 portable
204 1349 146 23 hand-bells.
389 1348 51 24 The
457 1348 118 32 principal
593 1349 103 22 services
714 1348 28 23 of
759 1349 38 22 the
818 1348 98 25 Church

77 1391 63 16 were
160 1384 113 30 morning
292 1383 47 23 and
359 1383 111 31 evening.
516 1382 81 23 There
621 1390 62 15 were
703 1382 97 23 candles
821 1391 30 15 on
877 1384 39 22 the

76 1418 62 23 altar
157 1418 18 22 it
194 1417 18 22 is
232 1417 106 23 inferred
355 1416 61 22 from
433 1425 13 14 a
465 1424 99 24 passage
582 1416 24 22 in
626 1424 29 14 an
673 1416 40 23 old
725 1416 84 23 Welsh
824 1417 43 23 law
875 1426 6 14 :
886 1431 30 3 —

102 1452 62 23 Bees
177 1451 82 23 derive
280 1451 63 23 their
361 1450 77 29 origin
451 1449 60 23 from
528 1450 119 29 paradise,
659 1451 48 22 and
723 1450 102 24 because
840 1451 27 23 of
875 1451 40 24 the

314 1517 13 13 *
341 1516 121 20 Williams's
473 1516 83 26 Cymry,
568 1517 56 25 chap.
635 1517 47 19 xvii.
