1023 1619
877 108 49 22 115

356 114 53 16 THE
424 115 91 15 WELSH
530 115 117 15 CHURCH.

83 172 120 32 patiently
216 172 108 24 endured
337 172 31 23 all
382 173 52 22 that
447 173 66 27 time,
527 172 30 24 he
570 181 48 15 was
632 173 57 23 then
709 173 72 24 taken
794 174 25 23 in
838 174 33 30 by
884 174 42 23 the

81 207 81 22 senior
180 206 124 31 religious,
318 207 54 23 who
391 206 47 23 had
457 206 41 23 the
517 215 55 15 care
585 206 29 24 of
623 207 41 23 the
683 211 63 27 gate,
761 208 46 23 and
827 215 47 16 was
893 208 33 31 by

82 241 49 22 him
154 240 133 24 instructed
309 240 48 23 and
381 240 125 23 exercised
529 240 38 24 for
590 248 15 15 a
623 240 59 32 long
703 242 57 22 time
787 242 24 22 in
832 241 94 31 painful

82 274 97 23 labours
192 275 48 22 and
259 275 113 30 grievous
391 274 183 23 mortifications
586 283 6 18 ;
610 275 46 22 and
676 282 34 20 so,
729 278 25 20 at
771 275 92 31 length,
877 283 48 15 was

82 308 118 23 admitted
214 310 23 21 to
251 309 41 22 the
304 307 134 31 fellowship
452 307 27 24 of
490 308 40 23 the
543 311 49 20 rest
604 308 28 23 of
643 309 40 22 the
695 309 121 27 brethren,
829 309 97 31 leaving

82 342 32 22 all
127 342 37 22 his
174 342 100 31 worldly
284 342 129 22 substance
424 342 90 22 behind
524 342 58 26 him,
593 342 27 22 of
627 342 79 22 which
716 342 40 22 the
767 342 158 31 Community

82 375 81 23 would
177 375 54 23 take
245 383 30 15 no
407 375 73 23 From
499 375 47 23 this
564 375 103 23 beloved
685 379 89 19 retreat
789 375 34 23 St.
844 375 83 23 David

83 417 49 14 was
146 412 62 19 most
221 409 146 32 reluctantly
380 409 82 23 drawn
475 413 25 19 to
513 417 89 22 appear
620 414 25 18 at
655 409 40 22 the
710 408 84 32 Synod
807 409 28 22 of
845 409 80 28 Brevi,

83 443 81 22 where
177 443 41 22 the
231 443 117 31 learning,
359 443 92 31 ability,
462 443 46 23 and
523 443 132 31 eloquence
667 442 79 23 which
761 442 28 23 he
800 443 127 31 displayed

84 477 24 22 in
123 476 100 23 defence
236 476 28 24 of
275 477 40 22 the
327 480 53 19 true
394 476 59 23 faith
467 476 27 23 of
504 477 40 23 the
557 472 99 35 Gospel,
668 484 27 15 so
709 476 85 23 moved
810 476 39 23 the
863 476 64 31 aged

84 510 48 23 and
145 510 83 31 failing
247 510 131 23 Dubritius
391 510 52 23 that
459 510 30 23 he
501 511 99 22 insisted
613 518 31 15 on
662 510 122 31 resigning
797 510 37 22 his
847 511 78 22 archi-

85 544 123 30 episcopal
220 544 57 23 staff
286 545 51 22 into
351 544 75 23 hands
445 545 79 22 better
542 545 69 23 fitted
629 544 58 23 than
701 544 36 22 his
750 552 52 14 own
817 546 24 20 to
854 552 72 22 grasp

84 578 27 22 it.
148 577 35 24 St.
203 577 81 23 David
303 578 124 29 accepted,
446 585 66 22 upon
532 578 123 23 condition
669 577 53 23 that
733 577 41 23 the
787 585 39 15 see
838 577 88 23 should

84 611 31 23 be
136 611 114 23 removed
270 611 62 23 from
352 607 126 30 Caerleon,
501 612 57 22 then
579 619 15 15 a
612 612 70 29 busy,
701 611 99 30 stirring
822 612 58 29 city,
899 614 26 20 to

84 644 125 28 Menevia,
222 648 25 20 at
260 645 51 23 that
325 645 63 27 time,
402 645 48 23 and
468 649 26 19 at
511 645 54 27 this,
585 652 15 16 a
617 645 111 23 solitude.
766 645 39 23 Sir
817 644 110 24 Richard

84 677 92 28 Hoare,
192 678 127 31 reflecting
337 686 31 15 on
387 679 43 22 her
449 679 58 30 days
527 679 28 22 of
568 679 132 30 splendour
717 679 47 22 and
778 679 147 27 abasement,

85 712 58 22 calls
156 712 42 22 her
240 712 69 22 Once
324 712 39 22 the
378 712 90 23 British
483 712 108 27 Loretto,
605 720 62 19 now,
676 712 49 22 alas
736 712 5 22 !
762 712 40 22 the
812 712 115 30 Palmyra

85 745 25 22 of
127 745 81 23 Saxon
428 745 49 23 But
490 745 11 23 I
515 754 38 14 am
567 746 167 30 anticipating.
772 745 28 23 In
816 745 57 27 529,
889 745 36 23 St.

85 778 82 23 David
186 779 112 30 presided
316 783 24 18 at
353 787 15 14 a
380 779 77 31 synod
476 780 125 22 convened
620 783 24 18 at
657 778 126 28 Caerleon,
797 779 69 22 when
885 779 42 22 the

86 820 90 14 canons
185 812 74 23 ofthe
270 812 104 23 Council
382 812 28 23 of
419 812 71 23 Brevi
500 821 62 14 were
573 812 132 23 confirmed
715 812 47 22 and
772 812 155 31 augmented,

86 845 47 23 and
147 846 81 30 copies
241 850 52 18 sent
303 850 25 18 to
341 850 62 18 most
413 846 74 22 ofthe
498 846 119 23 churches
627 846 81 22 within
722 845 40 23 the
772 845 155 31 jurisdiction

87 878 28 24 of
125 879 40 22 the
179 879 214 30 archiepiscopate.
430 879 53 22 The
501 883 50 19 acts
564 879 28 23 of
601 879 47 23 this
667 879 96 23 council
777 878 92 24 formed
886 880 41 22 the

87 912 51 23 rule
157 913 47 23 and
223 913 114 22 standard
357 912 37 23 for
412 913 41 22 the
472 913 84 23 Welsh
576 913 100 23 Church
695 920 56 15 ever
769 911 68 25 after.
873 912 54 24 The

87 946 103 31 original
212 955 90 14 canons
324 954 61 15 were
404 946 46 23 lost
468 947 89 30 during
579 947 40 22 the
640 946 132 23 incursions
791 945 27 24 of
833 946 94 23 Danish

86 981 96 29 pirates,
197 980 45 22 and
262 981 19 22 it
297 988 101 22 appears
419 980 50 23 that
487 980 67 23 there
573 988 39 15 are
626 988 31 15 no
670 980 80 30 copies
763 982 90 21 extant.
890 979 36 24 St.

87 1013 82 23 David
182 1014 41 22 did
236 1017 43 20 not
292 1014 138 30 disappoint
441 1014 41 22 the
496 1014 166 29 expectations
671 1013 92 23 formed
777 1012 28 24 of
814 1014 63 26 him;
897 1014 30 23 he

85 1047 72 23 made
175 1048 24 21 in
218 1055 72 23 every
303 1050 94 27 respect
415 1054 30 16 an
465 1047 132 23 admirable
616 1047 99 30 prelate,
728 1047 48 23 and
794 1047 37 22 his
849 1048 78 29 praise

85 1081 47 23 will
154 1081 45 22 last
215 1088 26 16 as
262 1080 57 31 long
341 1088 25 15 as
386 1081 40 22 the
449 1081 99 23 Church
569 1081 64 23 lasts.
670 1081 40 22 An
732 1081 97 23 ancient
847 1082 80 22 writer

85 1114 101 23 informs
204 1122 28 15 us
251 1115 52 22 that
320 1115 41 22 the
379 1115 63 22 saint
460 1122 47 15 was
547 1115 41 22 tall
607 1115 48 22 and
678 1114 138 27 handsome,
837 1115 57 22 with
913 1122 14 15 a

85 1148 119 23 beautiful
223 1148 138 31 expression
380 1148 28 22 of
423 1152 174 24 countenance,
617 1156 15 14 a
653 1148 74 31 ready
746 1148 108 30 speaker,
879 1148 48 22 and

85 1181 89 31 always
183 1185 24 19 to
215 1182 41 22 the
264 1189 105 23 purpose
377 1192 5 17 ;
392 1181 55 28 and,
458 1182 24 22 in
493 1182 74 27 short,
579 1190 13 14 a
603 1185 62 19 most
676 1181 110 23 loveable
798 1189 93 22 person.

85 1215 53 23 The
150 1216 83 30 period
247 1215 28 23 of
292 1216 36 22 his
347 1215 72 23 death
433 1216 19 22 is
465 1215 121 31 variously
599 1216 80 30 given,
693 1215 18 22 it
729 1215 117 23 occurred
866 1217 61 20 most

83 1249 119 31 probably
215 1250 76 22 about
304 1249 41 23 the
358 1249 90 23 middle
462 1248 27 24 of
497 1249 41 23 the
551 1249 64 22 sixth
628 1252 111 28 century.

137 1283 53 23 The
209 1283 58 23 lives
286 1283 77 23 ofthe
380 1283 147 31 succeeding
543 1283 159 29 archbishops
714 1285 98 27 present
825 1281 102 32 nothing

83 1325 60 22 very
157 1316 150 23 remarkable
315 1326 5 17 ;
339 1316 48 23 and
400 1317 64 22 what
480 1316 62 23 little
559 1316 68 23 there
644 1316 18 22 is
675 1315 77 23 worth
765 1315 162 32 transcribing

83 1358 87 16 occurs
183 1354 26 19 at
220 1350 89 23 distant
328 1350 122 22 intervals.
485 1349 29 24 In
532 1350 57 26 910,
605 1349 117 31 Sampson
739 1357 49 14 was
805 1348 78 23 raised
902 1352 25 20 to

83 1385 43 22 the
145 1384 67 23 chair
231 1383 28 23 of
270 1383 35 24 St.
319 1383 90 27 David,
424 1384 63 27 who,
502 1383 20 23 it
540 1384 19 22 is
578 1383 58 26 said,
655 1382 105 23 terrified
779 1383 34 30 by
827 1383 39 22 the
885 1390 42 23 ap-

83 1425 121 24 pearance
218 1417 29 23 of
255 1425 15 15 a
281 1417 57 23 fatal
351 1417 126 30 epidemic,
491 1416 47 23 fled
551 1420 25 19 to
590 1416 72 27 Dole,
677 1417 23 22 in
715 1416 150 30 Normandy,
879 1416 48 23 and

83 1452 94 24 carried
197 1459 68 20 away
285 1451 40 23 the
343 1450 48 29 pall
408 1451 59 22 with
485 1450 58 23 him.
579 1450 12 23 I
610 1450 93 23 believe
725 1449 52 24 that
794 1450 67 23 there
878 1458 48 16 was

153 1523 12 13 *
181 1523 89 20 Hoare's
281 1522 102 23 Giraldus,
394 1522 40 19 vol.
445 1522 20 19 ii.
476 1528 20 18 p.
507 1522 34 19 22.
618 1522 14 23 f
647 1521 52 20 Ibid.
710 1521 40 19 vol.
761 1521 21 20 ii.
792 1528 21 18 p.
827 1522 29 20 13.
