1023 1619
878 100 46 22 147

333 107 134 15 MONASTIC
483 107 196 15 INSTITUTIONS.

87 164 112 23 situation
219 164 86 23 known
324 168 23 20 to
368 165 62 23 their
447 165 39 23 old
503 165 74 31 prior,
593 165 40 23 the
651 164 91 32 Bishop
755 164 28 24 of
795 165 129 23 Hereford.

87 198 48 27 He,
158 199 22 21 in
203 198 105 31 burning
334 199 151 30 indignation
509 199 57 22 with
587 198 98 23 himself
706 198 36 23 for
763 199 90 30 having
879 199 46 23 for-

86 235 83 27 gotten
186 232 74 27 them,
279 233 112 22 returned
410 232 114 30 instantly
539 240 13 15 a
569 235 63 20 most
648 233 108 30 pressing
774 237 110 27 entreaty
901 236 25 20 to

87 266 64 22 them
168 269 24 20 to
212 274 68 16 come
298 270 24 19 at
339 274 59 16 once
418 270 24 19 to
463 266 126 29 Hereford,
606 266 78 23 where
704 266 29 23 he
749 266 47 23 had
813 274 14 15 a
842 267 83 27 house,

87 300 94 30 chapel,
196 308 111 23 granges,
319 301 48 22 and
379 300 92 27 cellars,
484 304 25 19 at
521 300 63 23 their
600 300 100 23 service.
736 299 52 24 The
803 300 84 23 monks
900 300 27 23 of

87 333 138 32 Llanthony
246 334 39 22 did
308 337 42 19 not
368 334 56 22 wait
441 339 25 17 to
484 334 29 22 be
535 334 71 22 asked
626 334 68 22 twice
704 343 5 17 ;
727 334 96 30 leaving
842 334 84 30 barely

87 367 121 23 sufficient
220 367 27 22 of
254 368 63 22 their
330 368 101 22 number
444 372 24 18 to
478 367 102 31 perform
595 367 39 22 the
648 367 80 23 offices
741 367 47 23 and
802 375 42 22 say
855 375 70 20 mass,

87 400 57 32 they
161 401 69 22 made
247 402 40 22 the
307 402 51 22 best
374 401 28 23 of
415 402 62 22 their
495 410 51 23 way
563 405 25 19 to
608 400 130 23 Hereford.
777 400 76 32 Being
872 409 54 23 per-

89 435 97 22 secuted
199 436 21 21 in
230 443 45 15 one
286 436 58 30 city,
353 444 25 14 as
391 435 62 23 their
463 435 115 23 reverend
591 434 103 23 annalist
707 434 92 28 relates,
811 435 56 31 they
878 435 48 23 fled

87 472 27 19 to
131 469 101 22 another
242 478 5 17 ;
266 468 58 24 from
343 470 40 22 the
402 472 82 27 empty
497 469 79 23 larder
592 472 25 19 at
631 468 140 31 Llanthony
784 472 25 19 to
826 469 39 22 the
883 468 43 24 full

88 502 84 23 cellars
197 502 28 23 of
246 502 126 24 Hereford.
414 503 68 23 With
505 503 62 22 their
589 502 57 23 kind
671 502 84 26 friend,
783 502 93 24 Robert
897 504 29 22 de

89 535 87 27 Betun,
191 536 40 22 the
251 537 85 22 monks
352 536 27 23 of
390 536 138 30 Llanthony
541 539 70 27 spent
623 539 47 20 two
683 536 82 30 happy
779 544 75 23 years.
893 538 34 22 At

87 569 42 23 the
142 571 135 29 expiration
291 570 28 23 of
325 570 87 28 which,
426 574 24 19 at
463 571 39 22 the
517 574 94 26 request
623 569 73 24 ofthe
711 569 90 30 Bishop
812 569 114 24 ofHere-

87 602 62 28 ford,
164 604 55 22 Earl
230 603 70 28 Milo,
311 611 41 15 son
364 603 27 23 of
400 604 39 22 the
450 604 48 22 earl
509 604 53 22 who
572 603 55 23 died
637 611 14 15 a
661 603 72 23 monk
744 608 24 18 at
778 599 148 35 Llanthony,

87 643 62 23 gave
169 637 65 23 them
250 645 14 15 a
282 638 44 22 site
342 645 31 15 on
387 637 77 23 which
482 641 24 19 to
518 637 68 23 build
600 644 14 15 a
630 640 137 28 temporary
780 637 147 30 provisional

87 670 85 28 house,
182 671 35 22 till
228 671 58 22 such
301 671 69 22 times
379 679 25 14 as
414 671 57 31 they
483 671 71 22 could
565 675 81 18 return
657 670 75 31 safely
744 675 23 18 to
778 671 148 31 Llanthony,

87 711 30 15 on
131 704 80 23 which
228 704 63 23 their
306 705 124 22 affections
445 713 61 14 were
524 708 43 19 set.
604 704 68 22 Thus
689 712 13 14 a
721 704 120 31 daughter
854 704 72 23 Llan-

87 737 83 32 thony,
185 738 127 22 dedicated
325 742 25 19 to
363 738 40 22 the
423 738 96 22 Blessed
534 738 77 30 Lady,
624 745 53 14 rose
693 741 24 19 at
730 737 152 28 Gloucester,
896 746 30 15 on

88 780 14 14 a
120 772 66 30 piece
206 771 27 23 of
248 772 55 22 land
321 772 75 22 called
414 771 81 32 Hyde,
505 772 52 30 just
572 771 94 22 outside
684 771 41 22 the
744 772 49 30 city
807 771 28 23 of
850 771 77 24 Glou-

89 809 84 21 cester,
187 813 58 14 near
258 805 39 23 the
311 805 43 23 left
367 805 65 22 bank
446 805 25 22 of
480 805 41 22 the
534 806 62 20 river
611 803 98 23 Severn.

142 840 34 21 At
189 839 52 22 first
253 839 40 22 the
307 838 84 23 monks
404 838 27 23 of
443 838 34 24 St.
490 837 91 32 Mary's
594 837 53 23 trod
661 837 23 22 in
698 838 40 23 the
752 842 64 27 steps
829 838 27 23 of
866 839 62 23 their

89 873 175 30 predecessors,
275 872 40 23 the
329 873 88 22 ascetic
430 872 108 23 children
552 871 27 23 of
589 871 35 23 St.
635 870 65 23 John
715 872 39 22 the
766 872 100 30 Baptist,
881 873 47 23 and

89 907 87 22 edified
188 906 41 23 the
239 906 77 22 whole
326 906 50 30 city
385 906 31 30 by
425 905 159 31 unexampled
594 905 102 30 rigours.
718 905 48 23 But
774 906 40 22 the
827 906 66 22 Earls
904 906 27 23 of

90 940 123 23 Hereford
225 940 77 29 began
315 943 24 20 to
351 940 61 29 heap
425 947 30 15 on
470 940 64 22 them
537 953 30 3 —
570 939 64 22 truth
649 942 24 19 to
686 947 49 22 say,
749 940 145 30 unresisting
903 953 25 4 —

88 974 77 26 lands,
175 973 129 27 benefices,
313 974 46 22 and
370 973 93 22 wealth.
483 972 76 24 Great
567 973 88 22 barons
663 972 39 22 did
711 973 65 22 them
786 973 40 22 the
835 973 95 23 honour

89 1011 25 19 to
125 1015 67 15 come
203 1007 47 22 and
261 1007 54 22 dine
327 1007 55 22 with
394 1007 73 26 them,
479 1007 46 22 and
536 1006 40 23 the
587 1006 100 22 dainties
697 1006 108 30 liberally
812 1007 116 29 provided

88 1041 23 22 in
126 1041 157 30 compliment
302 1044 23 19 to
340 1041 61 22 their
414 1041 70 22 noble
504 1044 81 26 guests
605 1040 129 23 continued
754 1044 23 19 to
797 1041 82 22 smoke
898 1047 30 16 on

88 1075 42 22 the
144 1075 118 30 refectory
274 1074 75 23 board
360 1074 56 30 long
427 1074 59 22 after
497 1074 40 22 the
545 1077 82 26 guests
636 1072 46 24 had
690 1074 124 30 departed.
837 1074 93 22 Robert

88 1108 31 23 de
145 1108 70 23 Braci
241 1108 55 22 died
321 1112 25 18 at
369 1107 154 27 Gloucester,
550 1107 70 27 1137,
644 1111 23 18 to
694 1107 76 22 whom
796 1108 134 22 succeeded

89 1141 108 23 William
217 1142 29 22 de
264 1141 143 32 Wycombe,
429 1142 52 22 who
501 1144 73 20 wrote
593 1149 13 14 a
624 1141 101 23 memoir
743 1141 28 22 of
789 1141 93 23 Robert
899 1141 31 23 de

90 1176 88 26 Betun,
197 1176 78 22 which
292 1176 40 22 the
350 1176 84 22 reader
450 1175 45 22 will
515 1174 49 23 find
583 1174 23 22 in
624 1175 41 23 the
682 1175 108 22 valuable
809 1175 121 30 appendix

89 1212 25 20 to
136 1209 48 23 Mr.
205 1209 125 23 Roberts's
350 1213 112 26 compact
482 1208 124 31 pamphlet
624 1216 30 15 on
678 1208 138 31 Llanthony
838 1208 93 31 Priory.

91 1243 41 23 All
147 1244 46 22 this
208 1244 58 22 time
282 1246 42 20 not
336 1250 14 16 a
362 1243 67 22 word
442 1250 47 15 was
501 1243 51 22 said
568 1242 76 23 about
656 1242 74 30 going
744 1242 61 23 back
819 1245 24 19 to
857 1242 73 23 Llan-

89 1278 86 29 thony.
212 1277 10 23 I
236 1281 64 19 must
313 1284 53 15 own
384 1277 40 22 the
437 1276 95 30 subject
545 1283 46 15 was
605 1275 142 23 distasteful.
784 1275 53 23 The
855 1276 75 23 beau-

89 1311 55 22 tiful
159 1311 51 22 vale
224 1310 28 22 of
260 1310 86 31 Ewyas
357 1318 56 17 was,
428 1311 23 21 in
465 1311 40 22 the
519 1317 56 23 eyes
588 1309 78 23 ofthe
679 1309 145 24 Gloucester
837 1310 92 28 monks,

88 1348 62 19 most
165 1344 125 28 beautiful,
305 1344 69 22 while
391 1344 108 22 distance
517 1344 49 22 lent
582 1344 172 22 enchantment
767 1347 25 19 to
810 1343 39 23 the
862 1344 68 22 view.

89 1377 51 24 Did
151 1386 47 23 any
210 1377 157 23 unfortunate
381 1384 147 16 new-comer
540 1381 101 18 venture
655 1380 24 19 to
693 1377 59 29 drop
766 1384 13 15 a
793 1377 50 22 hint
856 1377 75 22 about

88 1412 136 31 returning,
236 1412 41 22 red
287 1419 65 23 grew
363 1412 39 21 the
413 1410 50 23 face
474 1410 75 23 ofthe
561 1410 126 23 venerable
698 1411 109 29 superior
817 1421 5 16 ;
841 1419 13 14 a
867 1419 63 23 sym-

87 1447 109 30 pathetic
209 1446 62 31 glow
284 1445 104 23 mantled
399 1445 40 22 the
453 1444 87 23 cheeks
554 1444 74 22 ofthe
643 1444 114 22 reverend
772 1444 112 23 brethren
894 1455 5 16 ;
917 1453 14 17 a

87 1481 112 22 subdued
214 1480 109 30 whisper,
369 1478 88 23 Would
472 1478 52 23 that
537 1486 72 23 every
622 1482 69 18 stone
705 1478 22 22 in
742 1478 41 22 the
796 1477 37 23 old
849 1479 82 31 priory

88 1522 62 15 were
164 1522 14 15 a
191 1518 65 19 stout
270 1514 57 23 hare
376 1512 111 31 growing
501 1511 55 24 bold
571 1512 32 30 by
617 1511 142 28 sufferance,
770 1512 95 23 swelled
879 1513 51 23 into
