1023 1619
916 83 30 21 19

464 89 124 15 BARDISM.

137 146 80 23 There
225 154 40 15 are
274 146 23 22 in
307 146 113 23 different
428 151 65 27 parts
502 147 73 23 ofthe
584 148 154 31 principality
745 148 90 23 several
843 148 104 24 Druidic

102 181 104 22 remains
223 180 147 32 resembling
387 181 40 23 the
447 182 77 22 above
543 181 156 31 description,
717 190 25 14 as
762 183 79 30 nearly
862 190 24 15 as
907 183 39 22 the

102 214 127 23 industrial
252 215 110 30 energies
383 215 29 22 of
430 214 41 24 the
493 215 95 27 farmer,
611 223 167 23 quarry-man,
801 217 47 22 and
867 223 79 16 stone-

102 256 91 19 mason,
206 249 36 22 for
250 249 154 29 generations
416 252 61 27 past,
487 249 46 22 will
547 249 76 22 allow.
650 249 28 22 In
692 249 139 32 describing
846 250 100 23 Eastern

103 283 127 23 Churches
252 282 11 23 I
286 283 39 22 did
351 286 42 19 not
415 283 42 22 ask
480 291 39 22 my
541 283 95 22 readers
659 287 24 19 to
708 290 31 24 go
764 284 46 22 and
836 285 110 21 examine

102 317 130 22 venerable
250 320 133 19 structures
400 317 133 22 thousands
552 316 28 23 of
589 316 69 23 miles
670 317 39 26 off,
724 317 45 22 and
784 325 61 19 now,
858 325 63 15 were
935 317 11 23 I

102 354 26 19 to
140 354 101 27 suggest
254 350 40 23 the
307 350 72 31 study
393 350 28 23 of
432 350 39 23 the
487 350 102 23 Druidic
603 350 100 31 temples
722 350 23 22 in
761 350 89 27 Wales,
864 350 11 23 I
896 350 50 23 fear

103 384 52 27 lest,
169 383 62 24 from
244 392 15 14 a
272 384 112 23 different
397 392 79 19 cause,
491 384 9 22 I
515 384 86 23 should
614 383 41 23 fall
669 384 50 22 into
738 392 14 14 a
770 383 48 23 like
838 385 108 30 imperti-

103 426 77 15 nence
191 427 6 18 ;
217 418 37 22 for
266 419 54 22 who
339 419 19 22 is
371 418 67 23 there
451 418 56 23 with
521 426 48 23 any
583 417 89 31 feeling
686 417 36 24 for
734 418 40 22 the
787 418 124 31 grandeur
924 418 25 23 of

103 455 86 20 nature
204 452 53 23 who
271 452 42 22 has
327 455 41 20 not
381 452 95 30 already
493 452 60 25 trod,
566 452 58 22 with
638 452 60 30 light
715 452 46 22 and
780 451 86 31 joyous
884 457 62 25 step,

103 486 41 23 the
166 486 168 23 heather-clad
355 486 136 25 mountains
512 486 47 22 and
584 489 73 19 sweet
681 485 64 23 vales
767 485 26 23 of
811 485 133 23 Cambria?

104 519 132 27 However,
255 527 26 15 as
299 527 14 16 a
331 520 89 30 special
439 520 80 29 object
537 527 56 22 may
606 521 87 28 impart
711 527 14 15 a
743 527 52 15 new
813 520 106 26 interest,
935 519 11 23 I

103 554 48 22 will
171 554 67 29 point
256 557 44 19 out
322 561 14 15 a
359 553 44 23 few
423 557 65 27 spots
510 554 77 22 which
610 553 48 23 will
681 560 73 23 repay
775 560 15 15 a
812 553 62 23 visit.
917 553 28 23 In

104 587 132 31 Anglesey,
267 587 119 22 Llanidan
411 587 48 22 and
486 587 29 22 its
540 587 124 30 adjoining
689 587 131 30 townships
834 597 5 15 ;
869 586 76 31 Dwy-

104 620 132 32 Gyvylchi,
259 620 24 23 in
311 620 147 23 Snowdonia
467 631 6 17 ;
501 620 163 28 Llanbadarn,
686 620 198 31 Cardiganshire,
906 620 41 23 the

103 659 81 18 stones
203 655 57 22 here
278 662 40 15 are
338 655 23 22 in
380 654 41 23 the
440 654 187 31 burial-ground
646 654 26 22 of
686 663 14 14 a
713 654 85 31 chapel
812 654 27 23 of
849 662 53 15 ease
921 659 25 18 at

103 688 114 32 Yspytty.
253 688 28 23 In
303 688 121 32 Clynnog,
448 688 213 27 Carnarvonshire,
682 688 19 22 is
723 696 26 14 or
769 696 48 15 was
824 703 31 3 —
861 696 24 14 as
906 688 40 22 the

102 722 103 31 pickaxe
225 721 74 31 keeps
321 730 58 23 pace
401 722 58 22 with
483 722 41 23 the
545 730 54 23 pen,
620 722 32 22 all
676 721 135 24 references
832 725 64 19 must
918 722 28 23 be

102 756 148 23 understood
272 756 58 23 with
355 756 47 23 this
423 756 165 30 qualification
595 770 34 3 —
635 764 29 14 an
686 756 174 30 uncommonly
880 756 66 30 large

104 790 122 23 cromlech
246 790 24 22 in
292 797 13 15 a
325 790 55 22 field
401 797 56 15 near
475 790 40 23 the
533 797 48 19 sea,
598 789 132 30 belonging
749 794 25 18 to
792 797 14 15 a
824 793 122 19 tenement

104 824 76 23 called
202 823 129 23 Bachwen.
381 823 53 23 The
456 824 142 22 inclination
620 823 27 22 of
665 824 41 21 the
727 823 145 23 table-stone
893 823 53 29 dips

103 858 105 22 towards
221 858 40 22 the
276 860 63 24 west,
354 858 46 22 and
415 857 110 23 contains
538 864 31 16 on
581 857 30 22 its
624 857 95 23 surface
737 856 91 23 several
847 857 99 22 shallow

103 891 75 27 holes,
191 898 66 15 some
271 891 78 30 larger
362 891 58 22 than
433 891 88 27 others,
535 891 119 29 supposed
674 894 24 19 to
717 890 61 23 have
797 890 59 23 been
877 891 69 22 made

103 924 39 23 for
156 924 39 23 the
209 931 117 24 purposes
345 923 28 23 of
390 924 118 31 augury.*
545 924 53 22 The
616 928 121 18 sea-coast
755 923 28 23 of
799 923 147 23 Pembroke-

102 958 65 23 shire
179 958 111 23 abounds
304 958 23 21 in
347 958 105 30 vestiges
470 957 28 22 of
515 957 127 23 Druidism
653 967 5 16 ;
676 957 58 31 they
747 964 40 15 are
807 962 24 17 to
851 957 28 22 be
899 961 47 18 met

103 992 57 22 with
180 991 157 32 particularly
356 992 23 21 in
401 992 40 22 the
454 991 201 31 neighbourhood
669 990 27 23 of
710 986 142 35 Fishguard,
867 991 79 22 Aber-

102 1026 82 25 castle,
198 1026 46 22 and
259 1026 23 21 in
297 1025 41 22 the
351 1025 94 22 district
459 1024 26 23 of
495 1024 110 24 Cernaes.

154 1059 53 24 The
227 1058 119 28 Gorsedd,
362 1067 28 14 or
408 1062 68 27 great
495 1058 154 26 convention,
667 1066 54 19 was,
741 1058 30 31 by
791 1066 15 15 a
824 1057 50 23 rule
894 1058 52 23 that

101 1094 119 23 admitted
233 1093 29 23 of
275 1101 30 15 no
318 1094 136 29 exception,
470 1092 54 22 held
538 1092 23 22 in
576 1100 14 14 a
603 1092 160 30 conspicuous
777 1092 75 30 place,
866 1093 23 21 in
903 1091 43 24 full

101 1128 61 23 view
176 1128 47 22 and
238 1127 99 30 hearing
349 1126 28 23 of
388 1130 104 26 country
504 1126 47 23 and
565 1126 156 30 aristocracy,
735 1126 45 22 and
795 1126 24 22 in
835 1126 39 23 the
894 1127 51 21 (ace

101 1161 28 23 of
139 1162 41 22 the
194 1169 52 19 sun,
261 1161 45 23 and
321 1162 23 21 in
359 1161 40 22 the
412 1168 45 22 eye
471 1159 27 23 of
509 1160 61 30 light
581 1170 6 16 ;
605 1160 18 22 it
637 1160 73 30 being
723 1158 114 24 unlawful
850 1163 24 19 to
889 1159 56 23 hold

101 1195 60 24 such
178 1195 119 30 meetings
313 1195 77 22 either
411 1194 78 23 under
512 1201 73 16 cover
603 1196 25 21 at
647 1194 77 30 night,
747 1200 29 16 or
797 1193 77 23 under
898 1200 47 23 any

101 1230 188 22 circumstances
303 1228 127 22 otherwise
443 1228 57 22 than
515 1228 70 22 while
598 1228 41 22 the
652 1235 43 15 sun
710 1227 59 22 shall
784 1228 29 22 be
825 1226 85 23 visible
921 1228 23 21 in

101 1264 41 22 the
155 1263 53 31 sky.
245 1261 54 23 The
313 1261 98 28 Ovates,
427 1261 53 23 who
500 1269 62 14 were
581 1261 88 22 looked
692 1268 64 22 upon
770 1268 25 15 as
814 1268 14 15 a
843 1260 58 23 kind
920 1261 27 22 of

101 1297 122 29 honorary
238 1296 126 26 members,
379 1295 77 30 might
467 1295 48 23 and
528 1294 40 23 did
589 1294 57 22 hold
664 1294 118 31 meetings
801 1294 23 22 in
844 1294 100 30 private.

102 1333 35 21 At
150 1338 72 23 every
236 1329 112 25 Gorsedd
366 1328 27 23 of
410 1330 39 22 tlie
462 1328 75 24 Chair
554 1327 28 24 of
599 1327 120 31 assembly
736 1336 61 14 were
817 1327 128 31 published

101 1366 41 22 the
156 1364 157 24 instructions
327 1363 28 22 of
365 1363 41 22 the
421 1361 75 24 Bards
509 1361 28 24 of
547 1362 40 23 the
598 1361 46 23 Isle
658 1361 27 23 of
694 1361 92 23 Britain
788 1376 32 3 —
824 1361 50 23 that
888 1362 18 22 is
919 1366 25 18 to

101 1407 50 23 say,
169 1399 41 22 the
224 1397 97 24 records
338 1396 27 23 of
382 1397 39 22 the
440 1396 142 31 knowledge
601 1396 47 22 and
666 1395 114 26 sciences,
794 1395 47 23 and
860 1395 28 23 of
904 1396 40 21 the

100 1435 189 28 arrangements,
304 1430 46 23 and
371 1430 70 27 rules,
454 1430 46 22 and
521 1429 136 31 privileges,
671 1429 47 23 and
737 1433 104 20 customs
861 1428 26 24 of
904 1430 39 22 the

361 1507 11 12 *
383 1506 88 19 Evans's
482 1506 26 19 N.
520 1506 75 23 Wales,
606 1512 20 17 p.
637 1506 46 20 374.
