1023 1619
69 104 31 22 78

336 112 54 16 THE
404 114 81 15 KINGS
499 114 33 15 OF
546 113 100 16 WALES.

69 172 88 28 except
170 169 67 23 three
250 169 80 31 things
341 180 5 17 ;
365 171 65 23 these
443 179 50 20 are,
506 178 14 16 a
532 172 97 29 stirrup,
644 170 40 23 the
697 169 45 23 rim
755 167 28 24 of
799 175 14 15 a
832 167 82 27 kettle,

68 211 28 14 or
109 210 13 15 a
135 203 92 23 broken

121 236 54 23 The
196 236 57 24 laws
270 237 24 22 in
314 238 40 22 the
377 238 92 22 second
488 238 66 22 book
573 238 80 22 would
673 237 100 22 interest
791 243 15 14 a
824 233 91 32 profes-

68 270 76 22 sional
163 278 63 18 man,
242 271 42 22 but
301 278 40 16 are
354 271 38 23 for
404 272 42 22 the
463 277 63 17 most
545 276 53 25 part
615 276 41 18 too
673 271 44 29 dry
730 269 48 24 and
794 268 122 23 technical

70 303 38 24 for
121 304 40 23 the
180 304 97 29 general
290 305 91 22 reader.
418 305 28 22 In
461 305 40 22 the
517 305 160 30 proceedings
695 303 28 24 of
734 303 39 23 the
790 305 83 20 courts
889 301 28 24 of

65 337 90 30 justice
174 338 107 22 mention
297 338 18 22 is
334 338 69 22 made
419 338 28 23 of
458 338 77 31 grand
552 338 46 22 and
614 341 70 27 petty
692 337 86 29 juries.
816 336 100 31 Among

69 371 71 22 other
155 371 70 22 oaths
243 371 71 22 taken
331 372 24 21 in
375 380 66 14 cases
458 371 27 23 of
503 371 65 27 debt,
585 379 33 14 we
635 371 49 22 find
702 371 53 22 that
772 371 19 22 it
808 377 47 16 was
872 373 44 20 not

70 405 103 22 unusual
192 409 24 18 to
235 404 86 31 pledge
342 405 39 22 the
400 405 129 31 baptismal
548 413 61 15 vow.
673 404 55 22 The
748 404 98 23 Church
866 404 49 22 and

68 438 42 23 the
130 438 67 32 King
215 439 78 31 ought
311 442 25 19 to
354 438 99 23 enforce
472 439 41 22 the
532 438 127 31 baptismal
679 446 74 19 vows,
769 437 38 23 for
820 437 57 24 God
895 437 20 23 is

69 474 116 29 accepted
199 473 23 22 in
237 473 47 22 lieu
298 472 26 23 of
333 480 13 14 a
490 472 100 23 Landed
606 475 122 28 property,
743 480 30 14 on
788 472 40 22 the
842 471 72 23 death

69 506 28 23 of
110 514 15 15 a
142 506 86 28 father,
242 514 49 15 was
309 506 97 23 divided
427 506 97 31 equally
545 506 108 23 between
673 506 37 22 his
728 514 64 14 sons.
828 505 23 23 A
871 513 42 15 son

69 548 68 15 came
155 540 28 23 of
198 548 45 23 age
262 543 25 20 at
304 540 121 27 fourteen,
443 548 15 15 a
476 540 120 30 daughter
613 543 26 20 at
657 540 93 23 twelve.
787 539 29 23 In
833 538 80 24 North

70 574 82 23 Wales
173 582 14 15 a
205 575 120 30 daughter
349 575 71 22 could
447 578 42 19 not
508 574 104 23 succeed
634 577 25 20 to
681 576 114 28 property
817 581 31 15 on
867 573 47 29 .the

69 607 97 23 father's
182 608 59 22 side.
278 608 39 22 On
332 608 39 22 the
386 608 72 22 death
473 608 28 22 of
509 615 15 15 a
536 608 87 30 bishop
637 608 40 22 the
691 608 59 30 king
764 615 46 15 was
824 607 52 23 heir
889 611 25 19 to

68 641 36 23 his
117 642 92 30 private
223 646 123 26 property.
383 641 47 23 His
449 641 108 31 majesty,
572 650 35 14 we
621 649 55 23 may
690 641 102 28 remark,
806 641 69 23 stood
889 641 24 23 in

68 675 42 22 the
122 675 67 30 place
203 675 27 23 of
238 679 58 18 next
308 675 28 22 of
347 675 39 22 kin
404 675 47 22 and
467 675 145 22 heir-at-law
624 680 26 18 to
663 683 14 14 a
690 678 69 27 great
773 682 72 23 many
860 682 53 23 per-

68 716 64 19 sons,
146 709 156 31 particularly
320 709 177 30 place-holders
508 719 6 16 ;
532 717 26 14 so
578 709 52 23 that
648 709 29 22 he
695 709 47 22 had
759 708 62 23 back
841 708 71 30 again

69 742 63 23 what
150 743 30 22 he
201 751 61 22 gave
283 751 75 23 away.
422 742 123 23 Whoever
566 751 119 22 possesses
710 742 56 23 land
784 750 65 22 upon
872 742 42 23 the

70 777 92 30 margin
180 776 28 23 of
224 777 40 22 the
281 777 123 22 sea-shore
422 776 41 23 has
480 784 14 15 a
511 776 65 31 right
596 780 25 19 to
640 784 93 23 possess
751 784 26 14 as
796 775 74 24 much
889 776 23 23 in

69 810 103 22 breadth
191 818 24 14 as
232 810 41 23 the
292 810 55 22 land
367 818 64 22 upon
449 810 42 22 the
507 810 76 23 beach
594 819 5 18 ;
619 810 30 23 he
667 818 54 22 may
738 809 69 23 make
822 818 13 14 a
848 810 64 27 weir,

69 851 28 15 or
109 844 70 22 other
193 844 89 30 things,
298 851 64 22 upon
375 844 26 26 it,
415 843 21 23 if
447 844 29 22 he
494 843 100 30 pleases.
630 843 49 23 But
694 843 18 23 if
725 844 40 22 the
782 851 40 15 sea
836 844 77 22 throw

68 877 119 30 anything
206 885 64 23 upon
287 878 41 22 the
345 877 66 26 land,
425 885 27 15 or
469 885 66 22 upon
553 877 41 23 the
611 877 87 28 beach,
711 878 56 29 they
782 877 89 31 belong
888 880 25 21 to

69 911 40 23 the
122 911 72 28 king;
213 911 38 23 for
264 911 39 23 the
316 918 42 16 sea
370 912 19 22 is
403 912 39 22 the
457 911 78 31 king's
549 911 123 23 collector.
709 911 112 23 Gardens
837 911 78 31 ought

68 948 25 19 to
111 945 29 22 be
159 945 116 22 manured
291 952 73 23 every
377 952 64 24 year.
479 945 19 22 A
515 945 81 22 fallow
609 945 78 31 ought
704 948 24 19 to
741 945 30 22 be
789 945 22 22 in
831 945 82 30 tillage

68 982 48 19 two
133 986 77 23 years,
228 978 48 23 and
293 979 101 22 verdant
413 978 38 32 ley
468 978 56 22 land
544 978 37 23 for
599 978 41 23 the
657 986 66 15 same
742 979 65 22 time.
843 978 72 23 Land

69 1012 117 22 manured
208 1012 31 30 by
261 1012 98 30 turning
381 1012 72 23 cattle
474 1012 23 22 in
520 1012 19 22 it
563 1015 64 19 must
648 1012 31 22 be
699 1012 23 22 in
745 1012 82 30 tillage
846 1012 68 23 three

67 1053 76 23 years.
179 1045 121 23 Manured
314 1045 56 22 land
381 1045 77 31 ought
469 1049 24 18 to
508 1045 29 22 be
551 1045 23 22 in
588 1045 82 31 tillage
684 1045 55 23 four
752 1053 78 23 years.
850 1045 62 23 Ver-

69 1079 58 22 dant
141 1079 150 22 wood-lands
308 1078 37 23 for
361 1078 41 23 the
419 1086 64 15 same
500 1079 58 22 time
567 1088 6 17 ;
590 1079 47 22 and
656 1078 149 23 fallow-land
823 1079 53 23 that
893 1080 19 22 is

67 1112 118 23 manured
204 1111 55 23 four
276 1120 70 22 years
475 1111 10 23 I
503 1120 63 23 copy
586 1112 40 23 the
646 1112 125 31 following
789 1111 63 24 from
872 1114 40 22 the

67 1146 64 22 third
151 1145 65 23 book
227 1155 5 14 :
309 1145 53 23 The
375 1146 66 22 furze
454 1145 19 22 is
491 1149 43 19 not
546 1149 25 19 to
585 1146 30 22 be
627 1149 36 20 set
680 1154 31 15 on
725 1146 42 23 fire
786 1151 89 26 except
888 1147 24 23 in

66 1180 42 22 the
127 1180 82 22 month
230 1178 27 24 of
275 1179 95 23 March.
407 1179 26 22 If
447 1179 74 22 swine
541 1183 67 19 enter
628 1187 13 15 a
662 1180 74 23 house
756 1180 48 23 and
822 1183 92 21 scatter

66 1214 76 22 about
154 1214 40 22 the
211 1213 50 26 fire,
275 1221 26 14 so
318 1221 25 15 as
362 1216 24 20 to
403 1216 37 19 set
456 1213 41 22 the
511 1213 74 22 house
602 1221 31 15 on
651 1213 50 28 fire,
715 1214 48 23 and
781 1214 41 23 the
838 1215 74 23 swine

66 1254 94 22 escape,
175 1246 32 23 let
220 1247 40 22 the
279 1254 81 15 owner
373 1246 27 23 of
411 1247 40 22 the
469 1247 73 22 swine
555 1254 46 23 pay
615 1246 38 23 for
665 1248 63 22 their
745 1251 48 20 act.
830 1248 25 23 If
871 1249 41 22 the

66 1282 74 21 swine
151 1281 29 22 be
192 1281 78 26 burnt,
280 1281 56 22 then
351 1280 57 23 both
424 1281 73 22 house
510 1280 47 23 and
570 1280 74 24 swine
657 1288 40 15 are
710 1282 79 29 equal,
801 1281 38 23 for
852 1282 60 22 both

66 1321 41 16 are
121 1314 88 30 stupid.
247 1314 140 26 Therefore,
397 1321 25 16 as
434 1314 58 23 both
507 1314 61 23 have
581 1315 98 30 equally
693 1310 106 28 suffered
811 1316 101 22 accord-

67 1348 42 30 ing
122 1352 24 18 to
160 1348 51 27 law,
223 1348 68 22 there
303 1348 18 22 is
334 1348 103 29 nothing
451 1351 24 19 to
489 1348 29 22 be
529 1348 138 28 redeemed,
681 1348 44 23 but
738 1349 41 23 the
792 1349 80 32 injury
887 1348 28 24 of

67 1381 42 22 the
121 1389 46 14 one
182 1385 62 19 must
258 1382 29 22 be
301 1385 35 19 set
349 1381 36 23 off
394 1381 93 31 against
500 1381 41 22 the
555 1381 80 32 injury
647 1381 27 23 of
684 1382 40 23 the

118 1414 27 23 In
160 1414 40 23 the
218 1415 64 22 table
300 1415 28 22 of
342 1415 40 22 the
397 1414 69 23 value
483 1414 28 23 of
526 1415 108 27 animals,
673 1423 13 15 a
699 1416 56 27 colt,
768 1416 21 23 if
800 1417 17 22 it
835 1416 76 23 attain

66 1447 69 23 three
152 1456 68 22 years
237 1448 90 31 osage,
341 1449 19 22 is
374 1449 76 22 worth
463 1448 66 27 60d.,
542 1449 47 22 and
607 1449 57 23 then
679 1450 17 22 it
711 1450 46 23 will
771 1451 29 22 be
814 1451 58 22 time
885 1453 26 21 to

66 1484 64 19 tame
149 1481 18 22 it
186 1481 57 23 with
261 1490 15 14 a
294 1482 84 27 bridle,
392 1482 48 23 and
459 1486 25 19 to
502 1482 72 24 teach
592 1482 18 23 it
629 1483 29 23 its
677 1484 67 30 duty,
759 1484 108 23 whether
885 1492 26 16 as
