1023 1619
80 88 13 19 ■2

434 96 123 15 BARDISM.

78 152 114 24 evidence
205 161 85 23 ranges
303 161 57 16 over
373 162 14 15 a
400 154 61 24 wide
474 154 65 27 field,
553 154 48 22 and
615 154 19 22 is
647 153 43 23 full
705 152 27 24 of
744 153 99 23 interest
852 160 5 18 ;
878 151 45 24 but

78 186 66 23 there
166 187 20 22 is
204 188 101 22 another
326 188 67 31 body
415 188 27 23 of
456 187 73 32 proof
546 191 43 20 not
608 195 28 15 so
657 187 150 30 thoroughly
824 185 98 24 worked

77 225 49 22 out,
140 220 79 24 which
237 222 106 31 scarcely
361 222 78 31 yields
453 226 24 19 to
496 223 40 22 the
553 221 92 23 former
663 221 23 22 in
712 220 69 23 value
797 220 48 22 and
865 227 58 15 con-

78 253 144 24 clusiveness
225 269 31 4 —
262 255 9 23 I
290 264 69 15 mean
381 257 52 22 that
453 255 99 25 derived
574 254 62 24 from
654 263 31 14 an
704 254 172 31 investigation
898 252 29 24 of

78 288 40 22 the
131 289 97 23 ancient
241 288 74 24 forms
328 289 27 24 of
366 290 109 31 religion,
491 292 42 21 not
550 289 116 30 claiming
679 288 78 24 direct
769 287 154 31 inspiration.

78 322 23 22 A
116 322 63 23 flood
199 322 28 23 of
236 327 85 19 waters
339 324 24 22 in
376 324 79 23 which
473 331 13 16 a
504 323 78 30 single
598 322 82 31 family
695 330 48 15 was
760 320 163 31 wonderfully

78 357 135 29 preserved,
227 357 69 23 while
316 358 41 22 the
371 357 77 23 whole
462 357 90 23 human
570 364 55 15 race
639 355 83 24 beside
740 355 121 31 perished,
876 362 48 14 was

79 397 14 15 a
109 391 112 22 tradition
241 391 28 23 of
279 392 103 22 heathen
402 391 151 31 mythology,
573 390 47 23 and
640 389 147 23 constituted
807 389 40 22 the
867 388 57 22 base

78 423 29 23 of
127 425 50 22 that
198 425 131 30 particular
345 428 90 28 system
453 424 29 23 of
496 424 40 23 old
556 423 60 24 faith
636 423 58 23 with
715 422 80 24 which
814 421 11 24 I
843 429 38 16 am
900 425 24 19 at

77 462 99 25 present
188 458 133 23 concerned
325 473 32 2 —
359 458 120 23 Bardism.
517 457 53 23 The
586 457 89 23 Bardic
692 456 155 23 Institutions
861 463 62 15 were

78 491 86 31 spread
180 499 58 16 over
256 492 121 30 England,
398 491 124 27 Scotland,
542 491 105 27 Ireland,
669 490 99 27 France,
789 489 134 31 Germany,

78 524 105 24 uniform
204 526 23 22 in
248 526 62 23 their
331 526 97 31 leading
448 524 138 33 principles,
607 524 113 31 differing
743 524 23 22 in
789 523 74 23 detail
884 531 39 15 ac-

78 559 101 31 cording
198 564 23 18 to
240 559 63 24 local
321 560 114 23 tradition
453 559 47 23 and
520 566 96 24 usages.
652 558 11 23 I
683 557 97 24 confine
800 557 90 32 myself
898 560 26 20 to

79 592 110 23 Bardism
203 601 25 15 as
242 594 18 22 it
272 594 129 30 presented
414 593 65 23 itself
487 593 23 22 in
525 592 89 24 Wales.

130 626 65 24 That
219 627 40 22 the
283 634 93 23 powers
400 627 27 23 of
444 628 41 22 the
506 627 68 22 mind
595 634 62 15 were
682 625 86 32 highly
790 624 133 24 cultivated

78 661 77 22 under
172 661 40 22 the
225 664 90 27 system
334 661 10 23 I
358 661 60 23 shall
435 664 102 26 attempt
555 663 25 20 to
594 660 117 25 describe,
729 659 128 23 abundant
874 659 50 23 evi-

79 694 75 23 dence
174 694 47 23 will
234 695 30 22 be
277 695 71 30 given
368 695 33 29 by
414 695 46 22 and
474 695 32 30 by
515 704 6 17 ;
540 701 46 16 one
600 693 112 24 valuable
724 693 100 30 faculty,
839 693 18 22 it
874 692 50 23 suf-

78 728 59 22 fices
150 731 24 20 to
188 735 42 24 say
243 735 61 19 now,
322 736 47 14 was
382 728 153 30 assiduously
554 728 132 22 cultivated
700 728 47 22 and
761 726 127 31 improved
890 741 34 4 —

82 769 117 23 memory.
219 761 52 23 Not
282 761 61 23 from
358 762 111 31 inability
479 765 25 19 to
516 762 100 22 commit
629 761 62 23 their
704 761 66 23 ideas
784 764 24 20 to
819 761 104 30 writing,

79 809 34 3 —
114 795 36 22 for
164 795 41 23 the
219 795 77 23 Bards
308 795 123 31 possessed
446 803 14 15 a
472 795 84 23 sacred
574 795 115 31 alphabet
691 809 31 2 —
724 795 63 22 their
800 795 123 22 doctrines

80 829 46 22 and
149 832 111 28 precepts
279 837 62 15 were
363 829 152 23 transmitted
535 828 62 24 from
618 829 139 31 generation
779 832 25 19 to
823 836 102 23 genera-

80 863 59 27 tion,
153 862 124 24 treasured
296 863 24 22 in
338 863 41 23 the
398 863 155 23 recollection
573 862 27 23 of
608 863 63 22 their
689 862 119 31 disciples.
845 861 28 23 In
888 870 38 14 or-

81 898 43 21 der
142 900 25 19 to
185 897 136 22 remember
340 896 147 31 accurately,
507 905 35 14 we
564 896 77 31 ought
659 900 26 19 to
705 896 60 23 have
785 896 41 23 the
845 896 82 31 things

79 934 44 26 put
143 930 84 24 before
249 938 28 15 us
295 931 23 22 in
339 938 15 16 a
375 933 112 28 compact
506 929 71 24 form.
614 929 38 24 To
676 930 48 23 this
745 926 180 34 indispensable

80 965 70 29 point
164 964 149 24 remarkable
331 965 117 22 attention
468 972 46 16 was
531 965 65 29 paid.
633 964 53 23 The
702 964 120 30 principle
843 963 28 23 of
885 964 42 23 the

83 999 88 22 Bardic
193 998 121 23 Memoria
335 998 106 23 technica
462 1005 48 16 was
532 999 40 22 the
592 999 104 22 number
718 998 102 22 Three.
867 997 60 23 This

79 1032 104 22 number
197 1032 41 22 has
254 1032 61 22 been
335 1032 88 30 always
442 1032 54 22 held
515 1032 24 22 in
562 1032 108 28 peculiar
687 1032 150 22 veneration.
901 1031 23 22 It

188 1072 25 15 as
226 1072 67 15 some
305 1065 156 30 philosopher
473 1065 42 22 has
528 1065 59 27 said,
657 1065 57 22 kind
729 1065 28 22 of
767 1065 62 22 limit
846 1068 25 19 to
884 1065 42 22 the

80 1098 94 23 natural
187 1106 93 23 powers
299 1098 27 23 of
336 1098 112 31 repeated
462 1099 118 27 exertion,
598 1106 30 15 an
643 1098 54 23 idea
714 1106 27 15 so
759 1098 43 28 far,
817 1102 24 19 at
857 1098 69 28 least,

80 1132 108 23 founded
208 1132 23 22 in
246 1136 91 23 nature,
357 1140 25 14 as
401 1136 25 18 to
443 1132 61 23 have
521 1132 101 23 become
636 1140 14 14 a
669 1131 118 24 favourite
807 1132 56 23 with
884 1132 42 23 the

80 1170 69 27 poets
169 1165 28 24 of
212 1165 31 23 all
382 1165 59 23 Oral
459 1166 156 23 instructions
632 1169 51 20 cast
702 1166 53 23 into
775 1166 48 23 this
842 1166 83 23 mould

80 1200 110 23 received
204 1200 39 22 the
256 1207 70 15 name
340 1198 28 24 of
377 1199 87 23 Triads
474 1209 5 17 ;
497 1207 15 15 a
525 1200 102 23 number
640 1199 28 23 of
676 1200 88 28 which,
778 1200 98 23 divided
890 1200 37 23 for

80 1234 163 23 convenience
261 1234 51 22 into
331 1233 111 23 different
460 1233 97 28 classes,
570 1242 27 15 as
614 1234 58 30 they
686 1234 76 23 relate
779 1237 25 20 to
823 1235 102 30 history,

80 1271 95 27 poetry,
194 1267 123 31 theology,
335 1267 85 27 ethics,
435 1267 47 23 and
495 1267 197 31 jurisprudence,
711 1275 40 16 are
768 1268 49 23 still
834 1271 92 20 extant.

82 1301 28 22 In
123 1301 42 23 the
177 1301 94 23 decline
288 1301 27 23 of
329 1300 119 27 Bardism,
463 1308 108 23 memory
590 1301 46 23 less
651 1302 128 29 diligently
793 1302 132 23 cultivated

80 1342 48 16 was
149 1334 43 24 felt
210 1337 25 21 to
252 1336 30 22 be
299 1342 14 16 a
329 1335 138 30 precarious
488 1335 146 31 depositary.
672 1335 53 23 The
746 1335 88 23 Triads
854 1343 70 20 were,

81 1368 128 28 therefore,
222 1369 94 22 written
337 1369 78 22 down.
452 1368 52 23 The
518 1369 77 22 oldest
613 1369 75 23 MSS.
704 1377 41 14 are
763 1369 121 30 supposed
900 1373 25 18 to

80 1402 60 22 have
155 1402 61 22 been
234 1402 117 23 collected
368 1410 25 15 as
409 1402 65 31 early
492 1410 26 15 as
531 1402 41 23 the
589 1402 101 23 seventh
709 1407 110 27 century.
857 1402 66 23 Such

80 1442 48 15 was
150 1435 39 22 the
211 1435 99 30 opinion
332 1436 26 23 of
372 1444 15 14 a
406 1436 178 31 distinguished
607 1436 84 23 Welsh
713 1437 139 31 antiquary,
874 1436 49 23 Mr.

80 1468 120 30 Vaughan
221 1468 28 22 of
260 1468 121 33 Hengwrt
391 1479 5 17 ;
415 1470 44 23 but
475 1470 40 23 the
532 1471 131 29 testimony
681 1469 28 23 of
719 1470 40 22 the
778 1470 108 31 copyists
900 1469 27 23 of

80 1502 40 21 the
133 1501 83 23 Welsh
232 1501 75 24 MSS.
325 1503 57 23 does
396 1507 41 19 not
456 1511 31 22 go
501 1504 87 29 higher
601 1504 57 22 than
672 1503 41 23 the
729 1503 69 23 tenth
812 1507 111 26 century.
