1023 1619
71 106 33 21 40

431 114 125 16 BARDISM.

72 173 94 27 twenty
189 178 76 24 years,
290 178 67 15 more
381 179 28 14 or
431 172 53 26 less,
509 172 60 23 after
595 171 112 31 Pelagius
732 169 47 24 had
804 169 44 23 left
874 169 41 23 the

72 208 115 26 country,
200 212 57 23 very
274 204 148 24 determined
442 206 82 22 efforts
541 213 60 15 were
620 205 70 23 made
707 208 25 20 to
749 203 107 24 remodel
873 203 42 23 the

73 237 110 27 Church,
204 233 47 27 and
270 237 66 24 force
353 238 44 23 her
421 241 76 21 tenets
516 240 51 22 into
589 239 76 23 entire
686 238 150 23 accordance
856 237 59 23 with

73 272 42 22 the
135 272 121 22 doctrines
277 271 28 23 of
322 271 120 24 Bardism.
486 273 20 22 A
530 276 69 26 great
620 273 67 22 crisis
709 272 82 29 brings
812 274 44 20 out
874 271 41 23 the

72 306 112 22 inherent
205 305 90 23 defects
316 305 26 23 of
360 313 15 15 a
392 309 88 27 system
490 314 5 14 :
523 313 27 15 so
571 307 18 22 it
607 305 92 31 proved
718 301 57 27 with
795 304 120 27 Bardism,

73 339 79 23 which
178 339 47 23 had
249 346 56 16 ever
328 339 61 23 been
414 346 30 16 an
469 339 130 26 exclusive,
625 339 151 22 aristocratic
805 338 110 30 religion,

73 373 82 30 ruling
174 373 80 30 wisely
275 373 46 22 and
340 373 113 29 teaching
471 372 103 23 sublime
594 372 108 26 maxims,
722 372 45 22 but
784 371 81 30 ruling
884 371 33 29 by

72 406 53 23 fear
146 414 65 15 more
232 406 58 22 than
314 406 61 27 love,
395 406 48 22 and
467 406 102 22 listened
592 408 26 20 to
643 405 58 23 with
723 408 94 27 respect
836 405 81 22 rather

72 440 59 23 than
149 439 157 31 conciliating
324 439 122 23 affection.
483 439 53 22 The
555 439 100 30 Gospel,
678 439 40 22 the
736 439 139 30 patrimony
893 437 26 24 of

74 474 41 23 the
133 482 67 23 poor,
220 474 19 22 is
258 473 198 31 comprehensive
474 472 46 23 and
543 472 103 31 popular
656 482 6 17 ;
679 480 33 15 no
729 472 104 27 wonder,
850 472 66 27 then,

73 508 54 23 that
145 508 40 23 the
204 508 65 31 body
282 506 28 24 of
326 507 40 23 the
385 507 82 23 nation
487 506 47 23 had
551 506 117 31 cordially
684 506 129 23 embraced
830 506 25 27 it,
869 505 48 23 and

72 542 117 30 regarded
204 542 55 21 with
270 541 74 23 alarm
358 542 46 21 and
415 548 154 23 repugnance
583 541 41 22 the
634 539 40 33 (as
686 540 59 30 they
758 539 157 32 considered)

72 576 116 22 insidious
201 578 114 27 attempts
329 578 24 19 to
366 578 99 27 corrupt
479 575 29 22 its
525 574 138 31 simplicity.
701 573 28 23 In
743 574 63 22 their
818 574 98 22 distress

73 609 56 30 they
138 612 54 19 sent
204 609 46 22 and
265 609 119 29 besought
397 609 39 22 the
447 608 130 23 assistance
590 607 28 23 of
628 603 40 27 the
682 607 112 24 Gallican
806 607 108 27 Church,

72 643 61 26 who,
148 643 22 21 in
184 643 58 26 429,
257 643 22 21 in
293 649 92 16 answer
401 646 24 18 to
441 642 62 22 their
518 645 94 20 earnest
628 642 47 22 and
695 641 112 30 repeated
823 641 92 30 suppli-

72 677 100 26 cations,
194 676 148 30 despatched
365 680 46 18 two
433 675 27 24 of
476 676 43 22 her
541 678 62 20 most
625 675 98 23 learned
747 675 47 22 and
818 675 97 22 zealous

73 710 104 29 bishops,
199 709 138 23 Germanus
358 709 47 23 and
431 708 93 31 Lupus.
569 709 52 23 The
641 709 122 23 Christian
784 708 50 23 side
857 715 57 16 con-

72 743 99 31 quered,
186 743 47 22 and
246 743 41 22 the
299 743 112 22 defeated
424 746 67 27 party
508 743 158 29 experienced
684 750 53 15 sore
751 742 161 23 humiliation.

123 776 153 28 Ordination,
301 776 106 23 hitherto
428 776 126 23 restricted
575 779 25 19 to
624 776 41 22 the
684 776 67 22 three
770 776 100 30 degrees
890 775 28 23 of

73 810 118 27 Bardism,
212 818 48 14 was
282 809 94 23 thrown
401 817 70 23 open,
496 809 46 23 and
568 810 75 22 about
666 809 41 23 the
731 817 65 14 same
818 809 58 23 time
901 816 15 16 a

72 845 93 30 prince,
183 844 87 22 named
291 843 57 27 Beli,
368 843 158 31 propounded
551 843 90 23 certain
666 842 95 23 articles
786 847 25 18 to
835 842 78 23 which

72 878 41 22 the
132 877 76 23 Bards
228 885 62 15 were
312 872 113 36 required
447 881 23 19 to
490 877 132 25 subscribe,
641 885 26 14 as
686 885 30 14 an
737 876 179 31 indispensable

72 912 124 22 condition
211 914 24 19 to
249 910 165 31 employment
427 911 23 21 in
465 910 98 23 Church
577 918 27 15 or
615 910 75 23 State.
721 910 80 23 These
812 910 103 27 articles,

72 953 35 14 we
126 953 56 22 may
200 944 68 30 fairly
289 944 68 27 infer,
377 944 86 23 turned
482 952 32 14 on
532 944 41 23 the
592 945 80 29 points
690 947 24 20 at
729 944 62 23 issue
805 944 109 23 between

72 978 159 30 Christianity
253 979 45 22 and
320 978 119 27 Bardism,
461 978 47 22 and
530 978 133 22 confirmed
682 978 41 22 the
740 978 66 22 dicta
828 977 28 23 of
873 978 41 22 the

72 1011 111 24 former.*
213 1011 52 23 The
279 1015 97 26 greater
385 1011 103 23 number
501 1011 73 23 ofthe
586 1011 87 23 Bardic
684 1014 69 27 party
763 1011 150 28 conformed,

72 1045 100 30 though,
187 1045 73 29 being
276 1045 133 22 convinced
427 1045 94 29 against
538 1045 62 22 their
613 1044 54 27 will,
681 1045 19 22 it
717 1045 19 22 is
749 1047 41 20 not
805 1045 107 30 unlikely

72 1079 44 22 but
129 1079 51 22 that
192 1078 57 30 they
263 1078 57 29 kept
337 1078 62 22 their
417 1085 52 15 own
490 1078 98 30 opinion
605 1077 55 23 still.
697 1078 23 22 A
736 1079 92 22 section
842 1079 70 23 stood

71 1112 62 22 firm.
169 1111 52 23 The
240 1110 140 32 non-juring
402 1111 75 23 Bards
496 1111 186 30 complimented
701 1112 63 22 their
781 1112 133 29 compliant

71 1145 111 23 brethren
203 1145 57 22 with
285 1145 41 22 the
349 1145 104 29 epithets
473 1144 147 23 Bardd-Beli
639 1143 89 33 (Beli's
747 1145 98 32 Bards),
866 1146 46 22 and

72 1178 171 23 Over-Veirdd
262 1177 88 32 (Sham
370 1177 99 32 Bards),
488 1177 62 24 from
569 1178 78 23 which
670 1185 35 16 we
723 1186 55 22 may
793 1179 118 23 conclude

72 1212 51 23 that
136 1212 40 22 the
190 1215 46 19 two
251 1219 60 15 were
324 1215 42 19 not
379 1219 30 15 on
422 1212 41 22 the
476 1215 61 19 most
552 1211 105 30 friendly
670 1211 101 32 footing.
809 1212 103 23 Follow-

72 1246 40 30 ing
126 1245 40 23 the
181 1245 56 22 bent
255 1245 27 22 of
296 1245 63 22 their
375 1245 148 22 aristocratic
540 1245 147 28 tendencies,
701 1245 40 23 the
758 1245 155 33 conforming

72 1278 76 23 Bards
161 1279 99 22 became
274 1278 40 23 the
331 1283 71 18 court
418 1278 90 32 clergy,
520 1279 142 31 preserving
681 1279 77 23 under
776 1280 67 31 royal
856 1289 56 23 pro-

72 1313 88 22 tection
175 1313 62 22 their
249 1313 97 22 ancient
359 1312 58 23 rank
431 1307 46 27 and
491 1312 135 31 privileges.

122 1345 72 23 From
213 1346 41 22 the
271 1346 56 22 laws
344 1346 27 23 of
383 1345 95 23 Howell
497 1345 64 27 Dha,
574 1354 29 15 or
616 1346 96 23 Howell
725 1346 41 23 the
779 1346 82 28 Good,
876 1356 35 15 we

73 1379 50 22 find
138 1379 53 23 that
204 1380 40 22 the
259 1379 127 23 Domestic
400 1379 64 23 Bard
478 1387 100 23 appears
594 1380 41 23 the
652 1381 83 30 eighth
755 1381 24 22 in
798 1389 14 15 a
830 1381 39 23 list
888 1382 28 22 of

73 1412 160 31 twenty-four
254 1413 94 23 officers
368 1413 26 23 of
408 1417 61 19 state
491 1414 23 21 in
537 1413 98 31 regular
654 1415 146 23 attendance
819 1422 31 16 on
871 1415 40 23 the

73 1447 137 30 sovereign.
249 1446 78 23 There
341 1447 19 22 is
373 1447 103 23 another
493 1447 59 30 high
573 1447 89 24 Bardic
679 1448 153 31 functionary
846 1456 65 16 men-

329 1520 12 12 *
355 1520 120 19 Williams's
486 1520 83 25 Cymry,
579 1527 19 18 p.
611 1521 44 21 175.
