1023 1619
929 100 31 23 31

477 107 126 15 BARDISM.

117 162 95 23 Druids
231 163 86 30 gather
335 163 41 22 the
395 163 91 31 selago.
524 163 111 32 Nothing
654 163 28 24 of
696 163 51 24 iron
767 172 47 15 was
832 168 26 20 to
876 168 42 20 cut
936 173 28 15 or

116 197 74 21 touch
211 196 26 22 it.
274 196 53 23 Nor
347 205 47 14 was
412 197 41 23 the
472 197 57 23 bare
552 198 64 22 hand
638 198 105 31 thought
762 198 101 31 worthy,
885 199 45 23 but
950 207 14 15 a

116 229 110 31 peculiar
240 234 94 19 vesture
353 230 97 31 applied
468 231 32 31 by
515 239 81 15 means
615 231 28 23 of
659 232 39 22 the
717 232 64 31 right
800 232 73 23 hand.
910 232 53 24 The

116 267 96 19 vesture
227 267 64 20 must
304 264 61 23 have
380 265 59 22 been
455 265 64 30 holy,
533 265 48 23 and
594 265 72 23 taken
680 266 36 22 off
726 265 61 24 from
801 273 66 16 some
880 267 83 23 sacred

116 305 87 23 person
218 298 127 31 privately,
359 298 48 23 and
422 299 55 22 with
491 299 41 23 the
549 299 42 23 left
606 299 65 23 hand
684 299 64 30 only.
786 299 52 23 The
851 301 112 29 gatherer

116 339 48 15 was
183 332 113 30 required
317 336 24 18 to
364 333 30 22 be
416 333 98 23 clothed
536 334 24 21 in
581 333 80 27 white,
682 333 37 23 his
741 333 46 23 feet
809 333 85 27 naked,
915 334 48 22 and

117 366 96 22 washed
234 367 22 21 in
276 373 60 23 pure
350 370 82 19 water.
471 366 39 23 He
525 374 46 15 was
590 367 50 22 first
660 371 24 18 to
703 367 60 22 offer
781 375 14 14 a
813 367 106 22 sacrifice
939 367 27 23 of

117 399 77 23 bread
212 400 48 22 and
280 400 60 22 wine
360 399 84 23 before
463 400 30 22 he
511 400 137 31 proceeded
667 404 24 18 to
710 401 86 30 gather
814 401 40 22 the
873 400 89 31 selago,

118 433 79 22 which
212 441 47 14 was
278 433 94 22 carried
390 433 62 22 from
472 433 40 23 the
531 433 68 32 place
618 433 28 23 of
657 434 30 22 its
705 434 102 31 nativity
820 434 24 22 in
863 442 13 14 a
895 434 67 23 clean

118 466 73 23 white
206 466 97 31 napkin,
314 467 47 22 and
376 467 127 30 preserved
514 467 32 32 by
556 467 41 23 the
609 467 92 23 Druids
714 476 24 14 as
751 476 14 14 a
778 468 81 22 charm
870 467 93 31 against

117 499 33 24 all
168 499 182 24 misfortunes.*
389 500 52 23 The
461 496 100 32 Druids,
580 509 35 14 we
634 509 40 15 are
692 501 58 28 told,
769 509 62 14 were
853 500 49 23 also
921 509 42 14 ex-

118 534 116 31 cessively
249 533 57 23 fond
326 533 29 23 of
367 534 39 22 the
421 535 106 22 vervain.
565 534 70 31 They
648 535 58 22 used
726 535 18 22 it
762 535 23 22 in
805 534 92 31 casting
917 534 45 23 lots

118 568 46 22 and
184 567 139 31 foretelling
340 571 91 23 events,
444 567 50 23 also
512 576 26 14 as
556 576 15 14 a
588 568 160 31 love-philter.
786 567 23 23 It
823 576 46 14 was
889 571 24 19 to
931 568 32 23 be

117 601 118 31 gathered
255 604 25 20 at
301 602 40 22 the
361 601 47 23 rise
430 600 28 23 of
477 601 39 23 the
537 601 118 31 dog-star,
671 601 102 23 without
790 602 90 30 having
899 602 63 23 been

117 634 88 23 looked
226 642 64 23 upon
311 635 77 23 either
407 635 32 30 by
459 635 40 23 the
518 643 44 14 sun
583 643 27 15 or
629 635 40 23 the
688 643 79 19 moon,
770 649 33 4 —
805 635 23 22 in
847 635 72 23 order
936 638 26 21 to

117 668 79 23 which
210 668 41 23 the
264 669 68 22 earth
346 676 48 15 was
406 671 26 20 to
445 669 30 22 be
488 669 147 29 propitiated
648 670 33 28 by
694 676 15 15 a
720 669 100 22 libation
835 668 28 23 of
872 668 88 31 honey.

116 701 30 24 In
160 702 102 30 digging
276 703 19 22 it
308 710 39 22 up,
362 703 40 22 the
416 701 42 24 left
472 702 63 23 hand
549 710 47 15 was
615 706 24 19 to
657 703 30 23 be
707 702 65 23 used.
808 702 23 23 It
842 710 48 15 was
903 703 57 22 then

116 738 25 21 to
155 736 30 23 be
199 736 83 23 waved
296 736 66 27 aloft,
377 736 47 23 and
441 736 41 23 the
499 736 85 27 leaves,
599 736 68 27 stalk,
681 736 48 23 and
742 739 64 20 roots
820 743 60 16 were
894 740 24 18 to
932 736 29 23 be

116 770 69 22 dried
204 769 135 31 separately
352 770 24 22 in
395 770 42 22 the
455 770 82 22 shade.
574 770 52 22 The
646 770 105 22 couches
770 773 24 19 at
812 769 70 23 feasts
899 777 62 15 were

117 798 124 34 sprinkled
255 803 57 22 with
323 807 74 18 water
410 803 22 22 in
448 803 79 22 which
540 803 41 22 the
591 803 100 22 vervain
705 803 47 22 had
765 803 60 22 been
841 802 119 27 iufused.f

118 836 80 23 There
211 845 48 14 was
276 836 51 23 also
344 837 103 22 another
463 836 75 30 plant,
551 844 27 15 or
593 836 80 23 rather
685 840 57 24 tree,
756 836 133 22 associated
903 836 58 23 with

112 869 46 31 joy
172 870 47 22 and
236 870 118 31 gladness,
369 870 79 22 which
466 869 43 23 has
527 870 103 22 suffered
648 878 14 14 a
678 869 150 31 melancholy
843 870 117 22 mutation

117 917 34 3 —
151 907 66 19 stern
233 903 125 30 discipline
372 903 42 22 has
428 903 71 23 much
514 907 24 18 to
551 911 92 15 answer
656 903 37 23 for
709 904 24 22 in
753 903 40 22 the
812 898 147 28 destruction

117 937 28 22 of
153 945 26 14 so
198 937 73 23 much
290 932 117 27 beautiful
420 937 129 22 sentiment
555 951 32 2 —
593 937 40 23 the
648 937 137 23 birch-tree.
823 936 52 23 The
890 936 70 32 May-

117 970 56 32 pole
191 979 49 14 was
261 970 89 32 always
369 970 70 23 made
461 970 27 23 of
507 970 66 23 birch
585 980 6 11 :
613 971 41 22 the
673 971 68 22 birch
746 984 28 2 —
777 974 25 19 to
820 970 69 23 think
908 970 53 23 that.

117 1012 57 15 ever
192 1005 20 22 it
229 1004 87 23 should
334 1004 62 23 have
415 1004 60 22 been
494 1012 27 14 so
532 1004 5 22 !
545 1018 32 3 —
584 1012 47 14 was
643 1012 30 15 an
687 1003 103 24 emblem
803 1003 28 23 of
841 1004 120 23 readiness

117 1046 27 15 or
168 1038 172 31 complacency
361 1039 24 21 in
411 1038 73 30 doing
509 1046 14 14 a
548 1037 56 23 kind
629 1041 47 19 act.
724 1037 79 23 When
827 1046 15 14 a
865 1038 94 23 maiden

116 1067 117 35 accepted
251 1072 42 22 the
312 1072 123 23 addresses
455 1067 28 27 of
498 1079 13 15 a
529 1071 73 27 lover,
619 1071 42 23 she
679 1079 61 22 gave
759 1071 49 22 him
827 1079 15 15 a
859 1071 100 23 birchen

116 1106 99 22 wreath.
252 1105 129 31 Exquisite
399 1104 150 29 love-token,
568 1108 24 20 to
610 1105 64 23 what
692 1105 46 22 vile
756 1112 54 16 uses
830 1105 52 23 hast
900 1105 58 23 thou

116 1146 69 15 come
203 1142 25 19 at
245 1139 45 22 last
301 1134 6 27 I

168 1172 39 23 On
223 1173 39 22 the
275 1180 55 15 eves
343 1172 27 23 of
377 1173 89 22 certain
481 1172 60 30 days
543 1187 34 3 —
577 1180 34 20 as,
626 1173 22 22 in
662 1179 45 16 our
719 1171 70 24 mode
803 1171 27 24 of
836 1171 122 32 speaking,

116 1206 41 23 the
170 1214 56 15 eves
244 1206 27 23 of
281 1206 130 32 May-day,
426 1206 35 23 St.
474 1206 65 24 John
554 1206 40 22 the
609 1206 101 30 Baptist,
726 1205 142 23 All-Saints'
869 1220 33 3 —
903 1206 55 22 fires

116 1248 63 15 were
190 1240 92 30 lighted
301 1248 31 15 on
351 1240 41 23 the
411 1244 53 27 tops
483 1239 28 24 of
523 1239 40 23 the
582 1239 61 28 hills,
658 1239 46 23 and
718 1246 57 15 near
787 1246 74 23 every
875 1239 82 28 house,

116 1274 174 31 accompanied
312 1274 33 30 by
363 1274 97 22 various
481 1273 155 24 ceremonies.
673 1272 70 28 Now,
762 1276 25 19 to
807 1280 31 23 go
857 1272 102 23 without

116 1316 46 15 our
174 1308 88 22 annual
277 1308 92 22 bonfire
387 1308 18 22 is
422 1315 14 15 a
451 1307 70 31 thing
533 1311 43 19 not
589 1311 24 19 to
626 1307 31 23 be
671 1307 93 22 dreamt
776 1306 40 27 of;
835 1306 55 27 still,
905 1306 53 23 how

116 1342 74 23 much
203 1342 79 23 better
294 1341 79 23 would
393 1342 18 22 it
430 1341 29 23 be
478 1345 25 19 to
521 1342 61 22 have
601 1341 20 22 it
638 1348 30 15 on
683 1339 143 24 All-Saints'
840 1348 50 19 eve,
903 1340 24 22 in
944 1349 14 14 a

114 1376 71 30 spirit
197 1375 27 23 of
234 1376 53 23 love
300 1375 47 23 and
361 1375 118 24 ancestral
492 1376 74 29 piety,
577 1375 57 22 than
648 1382 30 15 on
693 1374 39 22 the
745 1373 55 23 fifth
813 1372 28 24 of
851 1373 105 24 Novem-

115 1409 53 28 ber,
182 1410 23 22 in
224 1417 15 15 a
256 1410 70 29 spirit
344 1409 28 23 of
381 1409 65 23 strife
465 1409 48 23 and
532 1409 136 22 bitterness.
705 1408 54 22 The
777 1407 139 31 thirty-first
935 1408 25 23 of

115 1443 109 23 October
234 1451 47 15 was
294 1444 40 22 the
347 1446 70 27 great
424 1443 147 23 celebration
583 1450 5 15 :
609 1449 63 21 men,
682 1449 102 20 women,
792 1441 46 23 and
849 1441 107 25 children

223 1515 13 13 *
251 1515 82 23 Davies,
344 1521 20 19 p.
376 1515 45 18 280.

676 1514 14 23 f
704 1513 52 19 Ibid.
768 1520 20 18 p.
801 1513 45 21 276.
