<?xml version="1.0" encoding="UTF-8"?>
<alto xmlns:xsi="http://www.w3.org/2001/XMLSchema-instance" xsi:noNamespaceSchemaLocation="http://www.bl.uk/schemas/alto/alto-1-4.xsd" xmlns:xlink="http://www.w3.org/1999/xlink">
	<Description>
		<MeasurementUnit>mm10</MeasurementUnit>
		<sourceImageInformation>
			<fileName>//head1/IN/2008-22/A0011651692/008516.jp2</fileName>
		</sourceImageInformation>
		<OCRProcessing ID="OCRPROCESSING_1">
			<preProcessingStep>
				<processingSoftware>
					<softwareCreator>CCS Content Conversion Specialists GmbH, Germany</softwareCreator>
					<softwareName>CCS docWORKS</softwareName>
					<softwareVersion>6.1-0.67</softwareVersion>
				</processingSoftware>
			</preProcessingStep>
			<ocrProcessingStep>
				<processingSoftware>
					<softwareCreator>ABBYY (BIT Software), Russia</softwareCreator>
					<softwareName>Finereader</softwareName>
				</processingSoftware>
			</ocrProcessingStep>
		</OCRProcessing>
	</Description>
	<Styles>
		<TextStyle ID="TXT_0" FONTSIZE="10" FONTFAMILY="Courier New"/>
		<TextStyle ID="TXT_1" FONTSIZE="9" FONTFAMILY="Courier New"/>
		<ParagraphStyle ID="PAR_LEFT" ALIGN="Left"/>
		<ParagraphStyle ID="PAR_CENTER" ALIGN="Center"/>
	</Styles>
	<Layout>
		<Page ID="P126" PHYSICAL_IMG_NR="126" HEIGHT="1619" WIDTH="1023" PRINTED_IMG_NR="112" POSITION="Left" ACCURACY="78.39">
			<TopMargin ID="P126_TM00001" HPOS="0" VPOS="0" WIDTH="1022" HEIGHT="128">
				<TextBlock ID="P126_TB00001" HPOS="87" VPOS="104" WIDTH="45" HEIGHT="23" STYLEREFS="TXT_0 PAR_LEFT">
					<TextLine ID="P126_TL00001" HPOS="87" VPOS="104" WIDTH="45" HEIGHT="23">
						<String ID="P126_ST00001" HPOS="87" VPOS="104" WIDTH="45" HEIGHT="23" CONTENT="112" WC="1.00" CC="000"/>
					</TextLine>
				</TextBlock>
				<TextBlock ID="P126_TB00002" HPOS="362" VPOS="111" WIDTH="287" HEIGHT="17" STYLEREFS="TXT_1 PAR_CENTER">
					<TextLine ID="P126_TL00002" HPOS="362" VPOS="111" WIDTH="287" HEIGHT="17">
						<String ID="P126_ST00002" HPOS="362" VPOS="111" WIDTH="53" HEIGHT="16" CONTENT="THE" WC="0.94" CC="010"/>
						<SP ID="P126_SP00001" HPOS="415" VPOS="127" WIDTH="16"/>
						<String ID="P126_ST00003" HPOS="431" VPOS="112" WIDTH="87" HEIGHT="16" CONTENT="WELSH" WC="0.24" CC="96966"/>
						<SP ID="P126_SP00002" HPOS="518" VPOS="128" WIDTH="16"/>
						<String ID="P126_ST00004" HPOS="534" VPOS="112" WIDTH="115" HEIGHT="16" CONTENT="CHURCH." WC="0.71" CC="0206064"/>
					</TextLine>
				</TextBlock>
			</TopMargin>
			<LeftMargin ID="P126_LM00001" HPOS="0" VPOS="128" WIDTH="77" HEIGHT="1417"/>
			<RightMargin ID="P126_RM00001" HPOS="933" VPOS="128" WIDTH="89" HEIGHT="1417"/>
			<BottomMargin ID="P126_BM00001" HPOS="0" VPOS="1545" WIDTH="1022" HEIGHT="73"/>
			<PrintSpace ID="P126_PS00001" HPOS="77" VPOS="128" WIDTH="856" HEIGHT="1417">
				<TextBlock ID="P126_TB00003" HPOS="78" VPOS="167" WIDTH="855" HEIGHT="596" STYLEREFS="TXT_1 PAR_LEFT">
					<TextLine ID="P126_TL00003" HPOS="84" VPOS="168" WIDTH="844" HEIGHT="32">
						<String ID="P126_ST00005" HPOS="84" VPOS="171" WIDTH="20" HEIGHT="22" CONTENT="is" WC="0.64" CC="42"/>
						<SP ID="P126_SP00003" HPOS="104" VPOS="193" WIDTH="12"/>
						<String ID="P126_ST00006" HPOS="116" VPOS="170" WIDTH="113" HEIGHT="30" CONTENT="reported" WC="0.91" CC="50000100"/>
						<SP ID="P126_SP00004" HPOS="229" VPOS="200" WIDTH="13"/>
						<String ID="P126_ST00007" HPOS="242" VPOS="172" WIDTH="24" HEIGHT="21" CONTENT="to" WC="1.00" CC="00"/>
						<SP ID="P126_SP00005" HPOS="266" VPOS="200" WIDTH="13"/>
						<String ID="P126_ST00008" HPOS="279" VPOS="169" WIDTH="60" HEIGHT="24" CONTENT="have" WC="0.74" CC="7020"/>
						<SP ID="P126_SP00006" HPOS="339" VPOS="200" WIDTH="14"/>
						<String ID="P126_ST00009" HPOS="353" VPOS="171" WIDTH="111" HEIGHT="22" CONTENT="received" WC="0.77" CC="20204900"/>
						<SP ID="P126_SP00007" HPOS="464" VPOS="200" WIDTH="11"/>
						<String ID="P126_ST00010" HPOS="475" VPOS="171" WIDTH="166" HEIGHT="23" CONTENT="consecration" WC="0.81" CC="040600600022"/>
						<SP ID="P126_SP00008" HPOS="641" VPOS="200" WIDTH="14"/>
						<String ID="P126_ST00011" HPOS="655" VPOS="170" WIDTH="61" HEIGHT="23" CONTENT="from" WC="0.67" CC="5430"/>
						<SP ID="P126_SP00009" HPOS="716" VPOS="200" WIDTH="15"/>
						<String ID="P126_ST00012" HPOS="731" VPOS="169" WIDTH="35" HEIGHT="24" CONTENT="St." WC="0.68" CC="090"/>
						<SP ID="P126_SP00010" HPOS="766" VPOS="200" WIDTH="13"/>
						<String ID="P126_ST00013" HPOS="779" VPOS="168" WIDTH="149" HEIGHT="31" CONTENT="Augustine," WC="0.89" CC="0300600000"/>
					</TextLine>
					<TextLine ID="P126_TL00004" HPOS="84" VPOS="203" WIDTH="844" HEIGHT="33">
						<String ID="P126_ST00014" HPOS="84" VPOS="204" WIDTH="46" HEIGHT="23" CONTENT="but" WC="1.00" CC="000"/>
						<SP ID="P126_SP00011" HPOS="130" VPOS="227" WIDTH="21"/>
						<String ID="P126_ST00015" HPOS="151" VPOS="204" WIDTH="47" HEIGHT="22" CONTENT="this" WC="0.78" CC="0404"/>
						<SP ID="P126_SP00012" HPOS="198" VPOS="227" WIDTH="21"/>
						<String ID="P126_ST00016" HPOS="219" VPOS="204" WIDTH="19" HEIGHT="22" CONTENT="is" WC="0.72" CC="23"/>
						<SP ID="P126_SP00013" HPOS="238" VPOS="227" WIDTH="24"/>
						<String ID="P126_ST00017" HPOS="262" VPOS="204" WIDTH="152" HEIGHT="31" CONTENT="strenuously" WC="0.67" CC="64654000700"/>
						<SP ID="P126_SP00014" HPOS="414" VPOS="235" WIDTH="21"/>
						<String ID="P126_ST00018" HPOS="435" VPOS="204" WIDTH="87" HEIGHT="23" CONTENT="denied" WC="0.80" CC="005600"/>
						<SP ID="P126_SP00015" HPOS="522" VPOS="235" WIDTH="22"/>
						<String ID="P126_ST00019" HPOS="544" VPOS="205" WIDTH="32" HEIGHT="31" CONTENT="by" WC="0.70" CC="60"/>
						<SP ID="P126_SP00016" HPOS="576" VPOS="236" WIDTH="21"/>
						<String ID="P126_ST00020" HPOS="597" VPOS="204" WIDTH="83" HEIGHT="23" CONTENT="Welsh" WC="0.77" CC="00091"/>
						<SP ID="P126_SP00017" HPOS="680" VPOS="236" WIDTH="23"/>
						<String ID="P126_ST00021" HPOS="703" VPOS="203" WIDTH="100" HEIGHT="23" CONTENT="Church" WC="0.94" CC="000003"/>
						<SP ID="P126_SP00018" HPOS="803" VPOS="236" WIDTH="23"/>
						<String ID="P126_ST00022" HPOS="826" VPOS="203" WIDTH="102" HEIGHT="23" CONTENT="writers." WC="0.75" CC="05170050"/>
					</TextLine>
					<TextLine ID="P126_TL00005" HPOS="84" VPOS="236" WIDTH="844" HEIGHT="33">
						<String ID="P126_ST00023" HPOS="84" VPOS="237" WIDTH="102" HEIGHT="31" CONTENT="Having" WC="0.57" CC="605164"/>
						<SP ID="P126_SP00019" HPOS="186" VPOS="268" WIDTH="13"/>
						<String ID="P126_ST00024" HPOS="199" VPOS="237" WIDTH="121" HEIGHT="30" CONTENT="faithfully" WC="0.76" CC="1009740000"/>
						<SP ID="P126_SP00020" HPOS="320" VPOS="268" WIDTH="13"/>
						<String ID="P126_ST00025" HPOS="333" VPOS="237" WIDTH="100" HEIGHT="23" CONTENT="fulfilled" WC="0.68" CC="050660800"/>
						<SP ID="P126_SP00021" HPOS="433" VPOS="268" WIDTH="14"/>
						<String ID="P126_ST00026" HPOS="447" VPOS="238" WIDTH="34" HEIGHT="22" CONTENT="his" WC="0.67" CC="603"/>
						<SP ID="P126_SP00022" HPOS="481" VPOS="268" WIDTH="14"/>
						<String ID="P126_ST00027" HPOS="495" VPOS="242" WIDTH="53" HEIGHT="27" CONTENT="part" WC="0.50" CC="0099"/>
						<SP ID="P126_SP00023" HPOS="548" VPOS="269" WIDTH="14"/>
						<String ID="P126_ST00028" HPOS="562" VPOS="238" WIDTH="46" HEIGHT="23" CONTENT="and" WC="0.61" CC="038"/>
						<SP ID="P126_SP00024" HPOS="608" VPOS="269" WIDTH="14"/>
						<String ID="P126_ST00029" HPOS="622" VPOS="238" WIDTH="119" HEIGHT="29" CONTENT="ministry," WC="0.63" CC="066050580"/>
						<SP ID="P126_SP00025" HPOS="741" VPOS="269" WIDTH="15"/>
						<String ID="P126_ST00030" HPOS="756" VPOS="237" WIDTH="29" HEIGHT="23" CONTENT="he" WC="1.00" CC="00"/>
						<SP ID="P126_SP00026" HPOS="785" VPOS="269" WIDTH="16"/>
						<String ID="P126_ST00031" HPOS="801" VPOS="236" WIDTH="89" HEIGHT="23" CONTENT="retired" WC="0.81" CC="5030400"/>
						<SP ID="P126_SP00027" HPOS="890" VPOS="269" WIDTH="14"/>
						<String ID="P126_ST00032" HPOS="904" VPOS="237" WIDTH="24" HEIGHT="22" CONTENT="in" WC="1.00" CC="00"/>
					</TextLine>
					<TextLine ID="P126_TL00006" HPOS="84" VPOS="270" WIDTH="844" HEIGHT="32">
						<String ID="P126_ST00033" HPOS="84" VPOS="270" WIDTH="37" HEIGHT="23" CONTENT="his" WC="0.77" CC="600"/>
						<SP ID="P126_SP00028" HPOS="121" VPOS="293" WIDTH="18"/>
						<String ID="P126_ST00034" HPOS="139" VPOS="270" WIDTH="40" HEIGHT="23" CONTENT="old" WC="0.77" CC="330"/>
						<SP ID="P126_SP00029" HPOS="179" VPOS="293" WIDTH="19"/>
						<String ID="P126_ST00035" HPOS="198" VPOS="278" WIDTH="45" HEIGHT="24" CONTENT="age" WC="0.56" CC="480"/>
						<SP ID="P126_SP00030" HPOS="243" VPOS="302" WIDTH="18"/>
						<String ID="P126_ST00036" HPOS="261" VPOS="274" WIDTH="26" HEIGHT="19" CONTENT="to" WC="0.62" CC="16"/>
						<SP ID="P126_SP00031" HPOS="287" VPOS="302" WIDTH="20"/>
						<String ID="P126_ST00037" HPOS="307" VPOS="278" WIDTH="14" HEIGHT="15" CONTENT="a" WC="1.00" CC="0"/>
						<SP ID="P126_SP00032" HPOS="321" VPOS="302" WIDTH="21"/>
						<String ID="P126_ST00038" HPOS="342" VPOS="275" WIDTH="146" HEIGHT="27" CONTENT="monastery," WC="0.81" CC="0000600092"/>
						<SP ID="P126_SP00033" HPOS="488" VPOS="302" WIDTH="20"/>
						<String ID="P126_ST00039" HPOS="508" VPOS="272" WIDTH="79" HEIGHT="22" CONTENT="which" WC="0.55" CC="91306"/>
						<SP ID="P126_SP00034" HPOS="587" VPOS="302" WIDTH="19"/>
						<String ID="P126_ST00040" HPOS="606" VPOS="272" WIDTH="30" HEIGHT="22" CONTENT="he" WC="0.68" CC="60"/>
						<SP ID="P126_SP00035" HPOS="636" VPOS="302" WIDTH="20"/>
						<String ID="P126_ST00041" HPOS="656" VPOS="271" WIDTH="46" HEIGHT="22" CONTENT="had" WC="0.76" CC="510"/>
						<SP ID="P126_SP00036" HPOS="702" VPOS="302" WIDTH="21"/>
						<String ID="P126_ST00042" HPOS="723" VPOS="271" WIDTH="61" HEIGHT="22" CONTENT="built" WC="0.68" CC="70251"/>
						<SP ID="P126_SP00037" HPOS="784" VPOS="302" WIDTH="18"/>
						<String ID="P126_ST00043" HPOS="802" VPOS="278" WIDTH="65" HEIGHT="23" CONTENT="upon" WC="0.88" CC="4000"/>
						<SP ID="P126_SP00038" HPOS="867" VPOS="302" WIDTH="20"/>
						<String ID="P126_ST00044" HPOS="887" VPOS="270" WIDTH="41" HEIGHT="23" CONTENT="the" WC="1.00" CC="000"/>
					</TextLine>
					<TextLine ID="P126_TL00007" HPOS="86" VPOS="304" WIDTH="843" HEIGHT="32">
						<String ID="P126_ST00045" HPOS="86" VPOS="304" WIDTH="76" HEIGHT="23" CONTENT="banks" WC="0.91" CC="40000"/>
						<SP ID="P126_SP00039" HPOS="162" VPOS="327" WIDTH="17"/>
						<String ID="P126_ST00046" HPOS="179" VPOS="304" WIDTH="27" HEIGHT="23" CONTENT="of" WC="0.67" CC="24"/>
						<SP ID="P126_SP00040" HPOS="206" VPOS="327" WIDTH="12"/>
						<String ID="P126_ST00047" HPOS="218" VPOS="304" WIDTH="42" HEIGHT="23" CONTENT="the" WC="0.60" CC="056"/>
						<SP ID="P126_SP00041" HPOS="260" VPOS="327" WIDTH="15"/>
						<String ID="P126_ST00048" HPOS="275" VPOS="304" WIDTH="68" HEIGHT="32" CONTENT="Wye," WC="1.00" CC="0000"/>
						<SP ID="P126_SP00042" HPOS="343" VPOS="336" WIDTH="17"/>
						<String ID="P126_ST00049" HPOS="360" VPOS="304" WIDTH="80" HEIGHT="23" CONTENT="where" WC="0.88" CC="00230"/>
						<SP ID="P126_SP00043" HPOS="440" VPOS="336" WIDTH="17"/>
						<String ID="P126_ST00050" HPOS="457" VPOS="313" WIDTH="73" HEIGHT="22" CONTENT="many" WC="0.61" CC="0059"/>
						<SP ID="P126_SP00044" HPOS="530" VPOS="336" WIDTH="17"/>
						<String ID="P126_ST00051" HPOS="547" VPOS="304" WIDTH="113" HEIGHT="23" CONTENT="brethren" WC="0.62" CC="66007306"/>
						<SP ID="P126_SP00045" HPOS="660" VPOS="336" WIDTH="20"/>
						<String ID="P126_ST00052" HPOS="680" VPOS="304" WIDTH="86" HEIGHT="30" CONTENT="placed" WC="0.84" CC="030230"/>
						<SP ID="P126_SP00046" HPOS="766" VPOS="336" WIDTH="19"/>
						<String ID="P126_ST00053" HPOS="785" VPOS="304" WIDTH="144" HEIGHT="22" CONTENT="themselves" WC="0.80" CC="0700014500"/>
					</TextLine>
					<TextLine ID="P126_TL00008" HPOS="83" VPOS="337" WIDTH="845" HEIGHT="31">
						<String ID="P126_ST00054" HPOS="83" VPOS="338" WIDTH="79" HEIGHT="23" CONTENT="under" WC="0.81" CC="61000"/>
						<SP ID="P126_SP00047" HPOS="162" VPOS="361" WIDTH="13"/>
						<String ID="P126_ST00055" HPOS="175" VPOS="338" WIDTH="36" HEIGHT="23" CONTENT="his" WC="0.66" CC="305"/>
						<SP ID="P126_SP00048" HPOS="211" VPOS="361" WIDTH="18"/>
						<String ID="P126_ST00056" HPOS="229" VPOS="338" WIDTH="117" HEIGHT="23" CONTENT="direction" WC="0.82" CC="010000706"/>
						<SP ID="P126_SP00049" HPOS="346" VPOS="361" WIDTH="19"/>
						<String ID="P126_ST00057" HPOS="365" VPOS="339" WIDTH="46" HEIGHT="22" CONTENT="and" WC="0.83" CC="040"/>
						<SP ID="P126_SP00050" HPOS="411" VPOS="361" WIDTH="18"/>
						<String ID="P126_ST00058" HPOS="429" VPOS="338" WIDTH="153" HEIGHT="27" CONTENT="instruction," WC="0.74" CC="225630100260"/>
						<SP ID="P126_SP00051" HPOS="582" VPOS="365" WIDTH="18"/>
						<String ID="P126_ST00059" HPOS="600" VPOS="337" WIDTH="36" HEIGHT="23" CONTENT="for" WC="0.48" CC="509"/>
						<SP ID="P126_SP00052" HPOS="636" VPOS="365" WIDTH="12"/>
						<String ID="P126_ST00060" HPOS="648" VPOS="337" WIDTH="41" HEIGHT="23" CONTENT="the" WC="0.83" CC="040"/>
						<SP ID="P126_SP00053" HPOS="689" VPOS="365" WIDTH="18"/>
						<String ID="P126_ST00061" HPOS="707" VPOS="337" WIDTH="116" HEIGHT="31" CONTENT="religious" WC="0.95" CC="400000000"/>
						<SP ID="P126_SP00054" HPOS="823" VPOS="368" WIDTH="17"/>
						<String ID="P126_ST00062" HPOS="840" VPOS="337" WIDTH="88" HEIGHT="22" CONTENT="houses" WC="0.70" CC="603007"/>
					</TextLine>
					<TextLine ID="P126_TL00009" HPOS="84" VPOS="370" WIDTH="845" HEIGHT="32">
						<String ID="P126_ST00063" HPOS="84" VPOS="371" WIDTH="28" HEIGHT="24" CONTENT="of" WC="0.79" CC="40"/>
						<SP ID="P126_SP00055" HPOS="112" VPOS="395" WIDTH="10"/>
						<String ID="P126_ST00064" HPOS="122" VPOS="372" WIDTH="69" HEIGHT="23" CONTENT="those" WC="0.80" CC="06110"/>
						<SP ID="P126_SP00056" HPOS="191" VPOS="395" WIDTH="14"/>
						<String ID="P126_ST00065" HPOS="205" VPOS="372" WIDTH="58" HEIGHT="30" CONTENT="days" WC="0.63" CC="0094"/>
						<SP ID="P126_SP00057" HPOS="263" VPOS="402" WIDTH="14"/>
						<String ID="P126_ST00066" HPOS="277" VPOS="380" WIDTH="60" HEIGHT="14" CONTENT="were" WC="1.00" CC="0000"/>
						<SP ID="P126_SP00058" HPOS="337" VPOS="402" WIDTH="21"/>
						<String ID="P126_ST00067" HPOS="358" VPOS="372" WIDTH="30" HEIGHT="22" CONTENT="all" WC="0.62" CC="056"/>
						<SP ID="P126_SP00059" HPOS="388" VPOS="402" WIDTH="17"/>
						<String ID="P126_ST00068" HPOS="405" VPOS="372" WIDTH="80" HEIGHT="30" CONTENT="places" WC="0.84" CC="020006"/>
						<SP ID="P126_SP00060" HPOS="485" VPOS="402" WIDTH="18"/>
						<String ID="P126_ST00069" HPOS="503" VPOS="371" WIDTH="28" HEIGHT="23" CONTENT="of" WC="0.76" CC="04"/>
						<SP ID="P126_SP00061" HPOS="531" VPOS="402" WIDTH="12"/>
						<String ID="P126_ST00070" HPOS="543" VPOS="372" WIDTH="139" HEIGHT="22" CONTENT="education." WC="0.96" CC="0000002010"/>
						<SP ID="P126_SP00062" HPOS="682" VPOS="402" WIDTH="38"/>
						<String ID="P126_ST00071" HPOS="720" VPOS="370" WIDTH="68" HEIGHT="23" CONTENT="Here" WC="0.90" CC="0030"/>
						<SP ID="P126_SP00063" HPOS="788" VPOS="402" WIDTH="14"/>
						<String ID="P126_ST00072" HPOS="802" VPOS="370" WIDTH="127" HEIGHT="23" CONTENT="Oudocius" WC="0.87" CC="00000108"/>
					</TextLine>
					<TextLine ID="P126_TL00010" HPOS="83" VPOS="403" WIDTH="847" HEIGHT="33">
						<String ID="P126_ST00073" HPOS="83" VPOS="406" WIDTH="123" HEIGHT="23" CONTENT="remained" WC="0.79" CC="30007500"/>
						<SP ID="P126_SP00064" HPOS="206" VPOS="429" WIDTH="14"/>
						<String ID="P126_ST00074" HPOS="220" VPOS="413" WIDTH="72" HEIGHT="23" CONTENT="many" WC="0.67" CC="3900"/>
						<SP ID="P126_SP00065" HPOS="292" VPOS="436" WIDTH="12"/>
						<String ID="P126_ST00075" HPOS="304" VPOS="413" WIDTH="77" HEIGHT="23" CONTENT="years," WC="0.78" CC="000670"/>
						<SP ID="P126_SP00066" HPOS="381" VPOS="436" WIDTH="15"/>
						<String ID="P126_ST00076" HPOS="396" VPOS="405" WIDTH="22" HEIGHT="22" CONTENT="in" WC="0.92" CC="01"/>
						<SP ID="P126_SP00067" HPOS="418" VPOS="436" WIDTH="14"/>
						<String ID="P126_ST00077" HPOS="432" VPOS="409" WIDTH="68" HEIGHT="26" CONTENT="great" WC="0.80" CC="02700"/>
						<SP ID="P126_SP00068" HPOS="500" VPOS="436" WIDTH="14"/>
						<String ID="P126_ST00078" HPOS="514" VPOS="405" WIDTH="140" HEIGHT="22" CONTENT="abstinence" WC="0.69" CC="0600063760"/>
						<SP ID="P126_SP00069" HPOS="654" VPOS="436" WIDTH="14"/>
						<String ID="P126_ST00079" HPOS="668" VPOS="403" WIDTH="46" HEIGHT="24" CONTENT="and" WC="0.83" CC="400"/>
						<SP ID="P126_SP00070" HPOS="714" VPOS="436" WIDTH="14"/>
						<String ID="P126_ST00080" HPOS="728" VPOS="404" WIDTH="112" HEIGHT="31" CONTENT="sanctity," WC="0.77" CC="010044900"/>
						<SP ID="P126_SP00071" HPOS="840" VPOS="436" WIDTH="15"/>
						<String ID="P126_ST00081" HPOS="855" VPOS="407" WIDTH="24" HEIGHT="20" CONTENT="to" WC="0.66" CC="51"/>
						<SP ID="P126_SP00072" HPOS="879" VPOS="436" WIDTH="14"/>
						<String ID="P126_ST00082" HPOS="893" VPOS="403" WIDTH="37" HEIGHT="23" CONTENT="his" WC="0.58" CC="506"/>
					</TextLine>
					<TextLine ID="P126_TL00011" HPOS="83" VPOS="437" WIDTH="846" HEIGHT="33">
						<String ID="P126_ST00083" HPOS="83" VPOS="440" WIDTH="76" HEIGHT="30" CONTENT="dying" WC="0.86" CC="00330"/>
						<SP ID="P126_SP00073" HPOS="159" VPOS="470" WIDTH="13"/>
						<String ID="P126_ST00084" HPOS="172" VPOS="440" WIDTH="55" HEIGHT="30" CONTENT="day." WC="1.00" CC="0000"/>
						<SP ID="P126_SP00074" HPOS="227" VPOS="470" WIDTH="37"/>
						<String ID="P126_ST00085" HPOS="264" VPOS="439" WIDTH="53" HEIGHT="23" CONTENT="The" WC="0.67" CC="063"/>
						<SP ID="P126_SP00075" HPOS="317" VPOS="470" WIDTH="18"/>
						<String ID="P126_ST00086" HPOS="335" VPOS="438" WIDTH="82" HEIGHT="31" CONTENT="clergy" WC="0.58" CC="306059"/>
						<SP ID="P126_SP00076" HPOS="417" VPOS="470" WIDTH="14"/>
						<String ID="P126_ST00087" HPOS="431" VPOS="438" WIDTH="28" HEIGHT="23" CONTENT="of" WC="1.00" CC="00"/>
						<SP ID="P126_SP00077" HPOS="459" VPOS="470" WIDTH="10"/>
						<String ID="P126_ST00088" HPOS="469" VPOS="438" WIDTH="116" HEIGHT="23" CONTENT="Llandaff" WC="0.94" CC="01030000"/>
						<SP ID="P126_SP00078" HPOS="585" VPOS="470" WIDTH="14"/>
						<String ID="P126_ST00089" HPOS="599" VPOS="438" WIDTH="70" HEIGHT="23" CONTENT="stood" WC="0.68" CC="93020"/>
						<SP ID="P126_SP00079" HPOS="669" VPOS="470" WIDTH="14"/>
						<String ID="P126_ST00090" HPOS="683" VPOS="445" WIDTH="30" HEIGHT="15" CONTENT="on" WC="0.91" CC="10"/>
						<SP ID="P126_SP00080" HPOS="713" VPOS="470" WIDTH="15"/>
						<String ID="P126_ST00091" HPOS="728" VPOS="438" WIDTH="63" HEIGHT="22" CONTENT="their" WC="0.89" CC="00203"/>
						<SP ID="P126_SP00081" HPOS="791" VPOS="470" WIDTH="13"/>
						<String ID="P126_ST00092" HPOS="804" VPOS="437" WIDTH="86" HEIGHT="31" CONTENT="rights," WC="0.81" CC="4000430"/>
						<SP ID="P126_SP00082" HPOS="890" VPOS="470" WIDTH="14"/>
						<String ID="P126_ST00093" HPOS="904" VPOS="445" WIDTH="25" HEIGHT="14" CONTENT="as" WC="0.81" CC="03"/>
					</TextLine>
					<TextLine ID="P126_TL00012" HPOS="83" VPOS="470" WIDTH="846" HEIGHT="32">
						<String ID="P126_ST00094" HPOS="83" VPOS="474" WIDTH="75" HEIGHT="22" CONTENT="theirs" WC="0.78" CC="000442"/>
						<SP ID="P126_SP00083" HPOS="158" VPOS="496" WIDTH="14"/>
						<String ID="P126_ST00095" HPOS="172" VPOS="480" WIDTH="47" HEIGHT="16" CONTENT="was" WC="0.23" CC="967"/>
						<SP ID="P126_SP00084" HPOS="219" VPOS="496" WIDTH="16"/>
						<String ID="P126_ST00096" HPOS="235" VPOS="473" WIDTH="41" HEIGHT="23" CONTENT="the" WC="0.77" CC="060"/>
						<SP ID="P126_SP00085" HPOS="276" VPOS="496" WIDTH="17"/>
						<String ID="P126_ST00097" HPOS="293" VPOS="475" WIDTH="63" HEIGHT="20" CONTENT="most" WC="0.81" CC="0123"/>
						<SP ID="P126_SP00086" HPOS="356" VPOS="496" WIDTH="12"/>
						<String ID="P126_ST00098" HPOS="368" VPOS="472" WIDTH="97" HEIGHT="23" CONTENT="ancient" WC="0.90" CC="0700000"/>
						<SP ID="P126_SP00087" HPOS="465" VPOS="496" WIDTH="17"/>
						<String ID="P126_ST00099" HPOS="482" VPOS="471" WIDTH="192" HEIGHT="31" CONTENT="archiepiscopal" WC="0.80" CC="06560002600000"/>
						<SP ID="P126_SP00088" HPOS="674" VPOS="502" WIDTH="17"/>
						<String ID="P126_ST00100" HPOS="691" VPOS="479" WIDTH="46" HEIGHT="20" CONTENT="see," WC="1.00" CC="0000"/>
						<SP ID="P126_SP00089" HPOS="737" VPOS="502" WIDTH="19"/>
						<String ID="P126_ST00101" HPOS="756" VPOS="471" WIDTH="46" HEIGHT="23" CONTENT="and" WC="0.61" CC="830"/>
						<SP ID="P126_SP00090" HPOS="802" VPOS="502" WIDTH="15"/>
						<String ID="P126_ST00102" HPOS="817" VPOS="470" WIDTH="112" HEIGHT="31" CONTENT="disputed" WC="0.89" CC="06200000"/>
					</TextLine>
					<TextLine ID="P126_TL00013" HPOS="78" VPOS="504" WIDTH="850" HEIGHT="34">
						<String ID="P126_ST00103" HPOS="78" VPOS="507" WIDTH="165" HEIGHT="31" CONTENT="jurisdiction," WC="0.72" CC="0033690000660"/>
						<SP ID="P126_SP00091" HPOS="243" VPOS="538" WIDTH="24"/>
						<String ID="P126_ST00104" HPOS="267" VPOS="506" WIDTH="53" HEIGHT="24" CONTENT="first" WC="0.70" CC="00275"/>
						<SP ID="P126_SP00092" HPOS="320" VPOS="538" WIDTH="21"/>
						<String ID="P126_ST00105" HPOS="341" VPOS="506" WIDTH="58" HEIGHT="23" CONTENT="with" WC="0.92" CC="0003"/>
						<SP ID="P126_SP00093" HPOS="399" VPOS="538" WIDTH="23"/>
						<String ID="P126_ST00106" HPOS="422" VPOS="506" WIDTH="126" HEIGHT="27" CONTENT="Caerleon," WC="0.88" CC="000620010"/>
						<SP ID="P126_SP00094" HPOS="548" VPOS="538" WIDTH="24"/>
						<String ID="P126_ST00107" HPOS="572" VPOS="506" WIDTH="47" HEIGHT="23" CONTENT="and" WC="1.00" CC="000"/>
						<SP ID="P126_SP00095" HPOS="619" VPOS="538" WIDTH="25"/>
						<String ID="P126_ST00108" HPOS="644" VPOS="504" WIDTH="141" HEIGHT="24" CONTENT="afterwards" WC="0.86" CC="0420100004"/>
						<SP ID="P126_SP00096" HPOS="785" VPOS="538" WIDTH="23"/>
						<String ID="P126_ST00109" HPOS="808" VPOS="505" WIDTH="58" HEIGHT="23" CONTENT="with" WC="0.84" CC="0050"/>
						<SP ID="P126_SP00097" HPOS="866" VPOS="538" WIDTH="26"/>
						<String ID="P126_ST00110" HPOS="892" VPOS="504" WIDTH="36" HEIGHT="25" CONTENT="St." WC="0.57" CC="470"/>
					</TextLine>
					<TextLine ID="P126_TL00014" HPOS="83" VPOS="538" WIDTH="845" HEIGHT="32">
						<String ID="P126_ST00111" HPOS="83" VPOS="541" WIDTH="110" HEIGHT="22" CONTENT="David's." WC="0.77" CC="55600010"/>
						<SP ID="P126_SP00098" HPOS="193" VPOS="563" WIDTH="36"/>
						<String ID="P126_ST00112" HPOS="229" VPOS="540" WIDTH="39" HEIGHT="23" CONTENT="On" WC="0.50" CC="27"/>
						<SP ID="P126_SP00099" HPOS="268" VPOS="563" WIDTH="14"/>
						<String ID="P126_ST00113" HPOS="282" VPOS="548" WIDTH="45" HEIGHT="15" CONTENT="one" WC="1.00" CC="000"/>
						<SP ID="P126_SP00100" HPOS="327" VPOS="563" WIDTH="13"/>
						<String ID="P126_ST00114" HPOS="340" VPOS="540" WIDTH="113" HEIGHT="23" CONTENT="occasion" WC="0.75" CC="00009630"/>
						<SP ID="P126_SP00101" HPOS="453" VPOS="563" WIDTH="14"/>
						<String ID="P126_ST00115" HPOS="467" VPOS="540" WIDTH="47" HEIGHT="23" CONTENT="this" WC="0.58" CC="0636"/>
						<SP ID="P126_SP00102" HPOS="514" VPOS="563" WIDTH="18"/>
						<String ID="P126_ST00116" HPOS="532" VPOS="540" WIDTH="70" HEIGHT="30" CONTENT="spirit" WC="0.86" CC="001302"/>
						<SP ID="P126_SP00103" HPOS="602" VPOS="570" WIDTH="13"/>
						<String ID="P126_ST00117" HPOS="615" VPOS="539" WIDTH="27" HEIGHT="24" CONTENT="of" WC="0.84" CC="03"/>
						<SP ID="P126_SP00104" HPOS="642" VPOS="570" WIDTH="9"/>
						<String ID="P126_ST00118" HPOS="651" VPOS="539" WIDTH="89" HEIGHT="30" CONTENT="rivalry" WC="0.68" CC="0300639"/>
						<SP ID="P126_SP00105" HPOS="740" VPOS="570" WIDTH="15"/>
						<String ID="P126_ST00119" HPOS="755" VPOS="539" WIDTH="93" HEIGHT="23" CONTENT="carried" WC="0.91" CC="0023000"/>
						<SP ID="P126_SP00106" HPOS="848" VPOS="570" WIDTH="14"/>
						<String ID="P126_ST00120" HPOS="862" VPOS="538" WIDTH="66" HEIGHT="23" CONTENT="them" WC="0.79" CC="0710"/>
					</TextLine>
					<TextLine ID="P126_TL00015" HPOS="82" VPOS="571" WIDTH="851" HEIGHT="34">
						<String ID="P126_ST00121" HPOS="82" VPOS="577" WIDTH="25" HEIGHT="20" CONTENT="to" WC="0.76" CC="40"/>
						<SP ID="P126_SP00107" HPOS="107" VPOS="597" WIDTH="22"/>
						<String ID="P126_ST00122" HPOS="129" VPOS="582" WIDTH="59" HEIGHT="23" CONTENT="very" WC="0.79" CC="7000"/>
						<SP ID="P126_SP00108" HPOS="188" VPOS="605" WIDTH="19"/>
						<String ID="P126_ST00123" HPOS="207" VPOS="574" WIDTH="163" HEIGHT="30" CONTENT="unjustifiable" WC="0.84" CC="1600103000600"/>
						<SP ID="P126_SP00109" HPOS="370" VPOS="605" WIDTH="26"/>
						<String ID="P126_ST00124" HPOS="396" VPOS="574" WIDTH="102" HEIGHT="30" CONTENT="lengths," WC="0.85" CC="00300430"/>
						<SP ID="P126_SP00110" HPOS="498" VPOS="605" WIDTH="26"/>
						<String ID="P126_ST00125" HPOS="524" VPOS="581" WIDTH="60" HEIGHT="15" CONTENT="even" WC="0.83" CC="4020"/>
						<SP ID="P126_SP00111" HPOS="584" VPOS="605" WIDTH="25"/>
						<String ID="P126_ST00126" HPOS="609" VPOS="576" WIDTH="25" HEIGHT="20" CONTENT="to" WC="0.71" CC="50"/>
						<SP ID="P126_SP00112" HPOS="634" VPOS="605" WIDTH="24"/>
						<String ID="P126_ST00127" HPOS="658" VPOS="573" WIDTH="41" HEIGHT="23" CONTENT="the" WC="0.84" CC="040"/>
						<SP ID="P126_SP00113" HPOS="699" VPOS="605" WIDTH="25"/>
						<String ID="P126_ST00128" HPOS="724" VPOS="572" WIDTH="160" HEIGHT="30" CONTENT="compromise" WC="0.86" CC="0000410250"/>
						<SP ID="P126_SP00114" HPOS="884" VPOS="605" WIDTH="22"/>
						<String ID="P126_ST00129" HPOS="906" VPOS="571" WIDTH="27" HEIGHT="24" CONTENT="of" WC="0.70" CC="31"/>
					</TextLine>
					<TextLine ID="P126_TL00016" HPOS="82" VPOS="605" WIDTH="845" HEIGHT="33">
						<String ID="P126_ST00130" HPOS="82" VPOS="607" WIDTH="107" HEIGHT="23" CONTENT="national" WC="0.77" CC="40520500"/>
						<SP ID="P126_SP00115" HPOS="189" VPOS="630" WIDTH="22"/>
						<String ID="P126_ST00131" HPOS="211" VPOS="607" WIDTH="182" HEIGHT="31" CONTENT="independence" WC="0.93" CC="000000000420"/>
						<SP ID="P126_SP00116" HPOS="393" VPOS="638" WIDTH="12"/>
						<String ID="P126_ST00132" HPOS="405" VPOS="617" WIDTH="5" HEIGHT="17" CONTENT=";" WC="1.00" CC="0"/>
						<SP ID="P126_SP00117" HPOS="410" VPOS="638" WIDTH="25"/>
						<String ID="P126_ST00133" HPOS="435" VPOS="607" WIDTH="82" HEIGHT="22" CONTENT="rather" WC="0.72" CC="002716"/>
						<SP ID="P126_SP00118" HPOS="517" VPOS="638" WIDTH="19"/>
						<String ID="P126_ST00134" HPOS="536" VPOS="607" WIDTH="56" HEIGHT="23" CONTENT="than" WC="0.58" CC="6603"/>
						<SP ID="P126_SP00119" HPOS="592" VPOS="638" WIDTH="23"/>
						<String ID="P126_ST00135" HPOS="615" VPOS="614" WIDTH="46" HEIGHT="24" CONTENT="pay" WC="0.84" CC="040"/>
						<SP ID="P126_SP00120" HPOS="661" VPOS="638" WIDTH="24"/>
						<String ID="P126_ST00136" HPOS="685" VPOS="607" WIDTH="133" HEIGHT="22" CONTENT="obedience" WC="0.82" CC="200007600"/>
						<SP ID="P126_SP00121" HPOS="818" VPOS="638" WIDTH="22"/>
						<String ID="P126_ST00137" HPOS="840" VPOS="609" WIDTH="25" HEIGHT="20" CONTENT="to" WC="1.00" CC="00"/>
						<SP ID="P126_SP00122" HPOS="865" VPOS="638" WIDTH="26"/>
						<String ID="P126_ST00138" HPOS="891" VPOS="605" WIDTH="36" HEIGHT="24" CONTENT="St." WC="0.83" CC="500"/>
					</TextLine>
					<TextLine ID="P126_TL00017" HPOS="82" VPOS="640" WIDTH="846" HEIGHT="32">
						<String ID="P126_ST00139" HPOS="82" VPOS="640" WIDTH="103" HEIGHT="24" CONTENT="David's" WC="0.70" CC="0082045"/>
						<SP ID="P126_SP00123" HPOS="185" VPOS="664" WIDTH="25"/>
						<String ID="P126_ST00140" HPOS="210" VPOS="641" WIDTH="57" HEIGHT="31" CONTENT="they" WC="0.76" CC="0630"/>
						<SP ID="P126_SP00124" HPOS="267" VPOS="672" WIDTH="22"/>
						<String ID="P126_ST00141" HPOS="289" VPOS="641" WIDTH="72" HEIGHT="23" CONTENT="chose" WC="0.72" CC="07060"/>
						<SP ID="P126_SP00125" HPOS="361" VPOS="672" WIDTH="22"/>
						<String ID="P126_ST00142" HPOS="383" VPOS="644" WIDTH="25" HEIGHT="19" CONTENT="to" WC="0.81" CC="03"/>
						<SP ID="P126_SP00126" HPOS="408" VPOS="672" WIDTH="23"/>
						<String ID="P126_ST00143" HPOS="431" VPOS="640" WIDTH="94" HEIGHT="31" CONTENT="subject" WC="0.72" CC="4470002"/>
						<SP ID="P126_SP00127" HPOS="525" VPOS="672" WIDTH="22"/>
						<String ID="P126_ST00144" HPOS="547" VPOS="640" WIDTH="143" HEIGHT="23" CONTENT="themselves" WC="0.78" CC="5500600005"/>
						<SP ID="P126_SP00128" HPOS="690" VPOS="672" WIDTH="22"/>
						<String ID="P126_ST00145" HPOS="712" VPOS="643" WIDTH="24" HEIGHT="20" CONTENT="to" WC="1.00" CC="00"/>
						<SP ID="P126_SP00129" HPOS="736" VPOS="672" WIDTH="22"/>
						<String ID="P126_ST00146" HPOS="758" VPOS="640" WIDTH="41" HEIGHT="23" CONTENT="the" WC="0.77" CC="060"/>
						<SP ID="P126_SP00130" HPOS="799" VPOS="672" WIDTH="26"/>
						<String ID="P126_ST00147" HPOS="825" VPOS="640" WIDTH="103" HEIGHT="31" CONTENT="English" WC="0.83" CC="0600050"/>
					</TextLine>
					<TextLine ID="P126_TL00018" HPOS="82" VPOS="674" WIDTH="844" HEIGHT="31">
						<String ID="P126_ST00148" HPOS="82" VPOS="675" WIDTH="110" HEIGHT="30" CONTENT="primate." WC="0.88" CC="04050000"/>
						<SP ID="P126_SP00131" HPOS="192" VPOS="705" WIDTH="36"/>
						<String ID="P126_ST00149" HPOS="228" VPOS="674" WIDTH="29" HEIGHT="23" CONTENT="In" WC="0.42" CC="38"/>
						<SP ID="P126_SP00132" HPOS="257" VPOS="705" WIDTH="20"/>
						<String ID="P126_ST00150" HPOS="277" VPOS="675" WIDTH="49" HEIGHT="22" CONTENT="982" WC="0.48" CC="509"/>
						<SP ID="P126_SP00133" HPOS="326" VPOS="705" WIDTH="20"/>
						<String ID="P126_ST00151" HPOS="346" VPOS="674" WIDTH="95" HEIGHT="30" CONTENT="Gvvgan" WC="0.77" CC="070006"/>
						<SP ID="P126_SP00134" HPOS="441" VPOS="705" WIDTH="18"/>
						<String ID="P126_ST00152" HPOS="459" VPOS="674" WIDTH="132" HEIGHT="23" CONTENT="submitted" WC="0.67" CC="466600500"/>
						<SP ID="P126_SP00135" HPOS="591" VPOS="705" WIDTH="14"/>
						<String ID="P126_ST00153" HPOS="605" VPOS="678" WIDTH="24" HEIGHT="19" CONTENT="to" WC="0.71" CC="31"/>
						<SP ID="P126_SP00136" HPOS="629" VPOS="705" WIDTH="17"/>
						<String ID="P126_ST00154" HPOS="646" VPOS="674" WIDTH="94" HEIGHT="22" CONTENT="receive" WC="0.78" CC="2000660"/>
						<SP ID="P126_SP00137" HPOS="740" VPOS="705" WIDTH="18"/>
						<String ID="P126_ST00155" HPOS="758" VPOS="674" WIDTH="168" HEIGHT="22" CONTENT="consecration" WC="0.73" CC="046400174010"/>
					</TextLine>
					<TextLine ID="P126_TL00019" HPOS="83" VPOS="707" WIDTH="843" HEIGHT="32">
						<String ID="P126_ST00156" HPOS="83" VPOS="712" WIDTH="25" HEIGHT="19" CONTENT="to" WC="1.00" CC="00"/>
						<SP ID="P126_SP00138" HPOS="108" VPOS="731" WIDTH="18"/>
						<String ID="P126_ST00157" HPOS="126" VPOS="708" WIDTH="40" HEIGHT="23" CONTENT="the" WC="0.82" CC="022"/>
						<SP ID="P126_SP00139" HPOS="166" VPOS="731" WIDTH="12"/>
						<String ID="P126_ST00158" HPOS="178" VPOS="708" WIDTH="124" HEIGHT="31" CONTENT="bishopric" WC="0.81" CC="006400500"/>
						<SP ID="P126_SP00140" HPOS="302" VPOS="739" WIDTH="19"/>
						<String ID="P126_ST00159" HPOS="321" VPOS="707" WIDTH="27" HEIGHT="24" CONTENT="of" WC="1.00" CC="00"/>
						<SP ID="P126_SP00141" HPOS="348" VPOS="739" WIDTH="14"/>
						<String ID="P126_ST00160" HPOS="362" VPOS="707" WIDTH="116" HEIGHT="23" CONTENT="Llandaff" WC="0.92" CC="00500000"/>
						<SP ID="P126_SP00142" HPOS="478" VPOS="739" WIDTH="14"/>
						<String ID="P126_ST00161" HPOS="492" VPOS="707" WIDTH="61" HEIGHT="23" CONTENT="from" WC="0.67" CC="0606"/>
						<SP ID="P126_SP00143" HPOS="553" VPOS="739" WIDTH="18"/>
						<String ID="P126_ST00162" HPOS="571" VPOS="708" WIDTH="41" HEIGHT="22" CONTENT="the" WC="0.77" CC="600"/>
						<SP ID="P126_SP00144" HPOS="612" VPOS="739" WIDTH="19"/>
						<String ID="P126_ST00163" HPOS="631" VPOS="707" WIDTH="77" HEIGHT="23" CONTENT="hands" WC="0.58" CC="40509"/>
						<SP ID="P126_SP00145" HPOS="708" VPOS="739" WIDTH="16"/>
						<String ID="P126_ST00164" HPOS="724" VPOS="707" WIDTH="29" HEIGHT="23" CONTENT="of" WC="0.79" CC="40"/>
						<SP ID="P126_SP00146" HPOS="753" VPOS="739" WIDTH="15"/>
						<String ID="P126_ST00165" HPOS="768" VPOS="707" WIDTH="158" HEIGHT="31" CONTENT="Archbishop" WC="0.69" CC="0337701700"/>
					</TextLine>
					<TextLine ID="P126_TL00020" HPOS="83" VPOS="741" WIDTH="138" HEIGHT="22">
						<String ID="P126_ST00166" HPOS="83" VPOS="741" WIDTH="138" HEIGHT="22" CONTENT="Dunstan.*" WC="0.77" CC="051420500"/>
					</TextLine>
				</TextBlock>
				<TextBlock ID="P126_TB00004" HPOS="77" VPOS="774" WIDTH="852" HEIGHT="668" STYLEREFS="TXT_1 PAR_LEFT">
					<TextLine ID="P126_TL00021" HPOS="135" VPOS="774" WIDTH="792" HEIGHT="32">
						<String ID="P126_ST00167" HPOS="135" VPOS="775" WIDTH="27" HEIGHT="23" CONTENT="In" WC="0.58" CC="08"/>
						<SP ID="P126_SP00147" HPOS="162" VPOS="798" WIDTH="14"/>
						<String ID="P126_ST00168" HPOS="176" VPOS="776" WIDTH="40" HEIGHT="22" CONTENT="the" WC="0.87" CC="030"/>
						<SP ID="P126_SP00148" HPOS="216" VPOS="798" WIDTH="19"/>
						<String ID="P126_ST00169" HPOS="235" VPOS="774" WIDTH="111" HEIGHT="24" CONTENT="eleventh" WC="0.60" CC="06090617"/>
						<SP ID="P126_SP00149" HPOS="346" VPOS="798" WIDTH="19"/>
						<String ID="P126_ST00170" HPOS="365" VPOS="777" WIDTH="101" HEIGHT="29" CONTENT="century" WC="0.61" CC="0275470"/>
						<SP ID="P126_SP00150" HPOS="466" VPOS="806" WIDTH="14"/>
						<String ID="P126_ST00171" HPOS="480" VPOS="774" WIDTH="117" HEIGHT="24" CONTENT="Llandaff" WC="0.82" CC="06050200"/>
						<SP ID="P126_SP00151" HPOS="597" VPOS="806" WIDTH="13"/>
						<String ID="P126_ST00172" HPOS="610" VPOS="775" WIDTH="48" HEIGHT="22" CONTENT="had" WC="0.76" CC="700"/>
						<SP ID="P126_SP00152" HPOS="658" VPOS="806" WIDTH="13"/>
						<String ID="P126_ST00173" HPOS="671" VPOS="782" WIDTH="14" HEIGHT="15" CONTENT="a" WC="1.00" CC="0"/>
						<SP ID="P126_SP00153" HPOS="685" VPOS="806" WIDTH="12"/>
						<String ID="P126_ST00174" HPOS="697" VPOS="782" WIDTH="58" HEIGHT="23" CONTENT="very" WC="0.76" CC="0018"/>
						<SP ID="P126_SP00154" HPOS="755" VPOS="806" WIDTH="13"/>
						<String ID="P126_ST00175" HPOS="768" VPOS="774" WIDTH="98" HEIGHT="23" CONTENT="learned" WC="0.59" CC="4065730"/>
						<SP ID="P126_SP00155" HPOS="866" VPOS="806" WIDTH="13"/>
						<String ID="P126_ST00176" HPOS="879" VPOS="774" WIDTH="48" HEIGHT="23" CONTENT="and" WC="0.74" CC="070"/>
					</TextLine>
					<TextLine ID="P126_TL00022" HPOS="82" VPOS="807" WIDTH="846" HEIGHT="32">
						<String ID="P126_ST00177" HPOS="82" VPOS="808" WIDTH="156" HEIGHT="31" CONTENT="enlightened" WC="0.84" CC="06000700300"/>
						<SP ID="P126_SP00156" HPOS="238" VPOS="839" WIDTH="12"/>
						<String ID="P126_ST00178" HPOS="250" VPOS="808" WIDTH="94" HEIGHT="30" CONTENT="bishop," WC="0.65" CC="0767030"/>
						<SP ID="P126_SP00157" HPOS="344" VPOS="839" WIDTH="15"/>
						<String ID="P126_ST00179" HPOS="359" VPOS="807" WIDTH="89" HEIGHT="23" CONTENT="Bledri." WC="0.84" CC="0009000"/>
						<SP ID="P126_SP00158" HPOS="448" VPOS="839" WIDTH="38"/>
						<String ID="P126_ST00180" HPOS="486" VPOS="808" WIDTH="39" HEIGHT="23" CONTENT="He" WC="0.77" CC="40"/>
						<SP ID="P126_SP00159" HPOS="525" VPOS="839" WIDTH="17"/>
						<String ID="P126_ST00181" HPOS="542" VPOS="808" WIDTH="112" HEIGHT="31" CONTENT="enjoined" WC="0.74" CC="13007800"/>
						<SP ID="P126_SP00160" HPOS="654" VPOS="839" WIDTH="14"/>
						<String ID="P126_ST00182" HPOS="668" VPOS="808" WIDTH="36" HEIGHT="22" CONTENT="his" WC="0.37" CC="765"/>
						<SP ID="P126_SP00161" HPOS="704" VPOS="839" WIDTH="18"/>
						<String ID="P126_ST00183" HPOS="722" VPOS="808" WIDTH="90" HEIGHT="31" CONTENT="clergy," WC="0.71" CC="0300870"/>
						<SP ID="P126_SP00162" HPOS="812" VPOS="839" WIDTH="14"/>
						<String ID="P126_ST00184" HPOS="826" VPOS="808" WIDTH="23" HEIGHT="22" CONTENT="in" WC="0.70" CC="05"/>
						<SP ID="P126_SP00163" HPOS="849" VPOS="839" WIDTH="14"/>
						<String ID="P126_ST00185" HPOS="863" VPOS="808" WIDTH="65" HEIGHT="23" CONTENT="their" WC="0.61" CC="06057"/>
					</TextLine>
					<TextLine ID="P126_TL00023" HPOS="81" VPOS="841" WIDTH="847" HEIGHT="31">
						<String ID="P126_ST00186" HPOS="81" VPOS="843" WIDTH="91" HEIGHT="23" CONTENT="several" WC="0.91" CC="0000600"/>
						<SP ID="P126_SP00164" HPOS="172" VPOS="866" WIDTH="14"/>
						<String ID="P126_ST00187" HPOS="186" VPOS="842" WIDTH="125" HEIGHT="26" CONTENT="churches," WC="0.82" CC="000007060"/>
						<SP ID="P126_SP00165" HPOS="311" VPOS="868" WIDTH="12"/>
						<String ID="P126_ST00188" HPOS="323" VPOS="845" WIDTH="24" HEIGHT="19" CONTENT="to" WC="0.59" CC="52"/>
						<SP ID="P126_SP00166" HPOS="347" VPOS="868" WIDTH="13"/>
						<String ID="P126_ST00189" HPOS="360" VPOS="842" WIDTH="104" HEIGHT="22" CONTENT="instruct" WC="0.83" CC="64200100"/>
						<SP ID="P126_SP00167" HPOS="464" VPOS="868" WIDTH="11"/>
						<String ID="P126_ST00190" HPOS="475" VPOS="842" WIDTH="41" HEIGHT="22" CONTENT="the" WC="0.86" CC="040"/>
						<SP ID="P126_SP00168" HPOS="516" VPOS="868" WIDTH="14"/>
						<String ID="P126_ST00191" HPOS="530" VPOS="842" WIDTH="85" HEIGHT="30" CONTENT="people" WC="0.98" CC="000000"/>
						<SP ID="P126_SP00169" HPOS="615" VPOS="872" WIDTH="13"/>
						<String ID="P126_ST00192" HPOS="628" VPOS="843" WIDTH="24" HEIGHT="21" CONTENT="in" WC="0.76" CC="04"/>
						<SP ID="P126_SP00170" HPOS="652" VPOS="872" WIDTH="14"/>
						<String ID="P126_ST00193" HPOS="666" VPOS="841" WIDTH="97" HEIGHT="23" CONTENT="learned" WC="0.86" CC="0400500"/>
						<SP ID="P126_SP00171" HPOS="763" VPOS="872" WIDTH="14"/>
						<String ID="P126_ST00194" HPOS="777" VPOS="841" WIDTH="84" HEIGHT="27" CONTENT="books," WC="0.83" CC="000260"/>
						<SP ID="P126_SP00172" HPOS="861" VPOS="872" WIDTH="14"/>
						<String ID="P126_ST00195" HPOS="875" VPOS="842" WIDTH="53" HEIGHT="23" CONTENT="that" WC="1.00" CC="0000"/>
					</TextLine>
					<TextLine ID="P126_TL00024" HPOS="82" VPOS="875" WIDTH="845" HEIGHT="31">
						<String ID="P126_ST00196" HPOS="82" VPOS="877" WIDTH="141" HEIGHT="29" CONTENT="everybody" WC="0.69" CC="200393008"/>
						<SP ID="P126_SP00173" HPOS="223" VPOS="906" WIDTH="20"/>
						<String ID="P126_ST00197" HPOS="243" VPOS="876" WIDTH="78" HEIGHT="29" CONTENT="might" WC="0.56" CC="00975"/>
						<SP ID="P126_SP00174" HPOS="321" VPOS="906" WIDTH="24"/>
						<String ID="P126_ST00198" HPOS="345" VPOS="875" WIDTH="70" HEIGHT="22" CONTENT="know" WC="0.62" CC="0509"/>
						<SP ID="P126_SP00175" HPOS="415" VPOS="906" WIDTH="24"/>
						<String ID="P126_ST00199" HPOS="439" VPOS="875" WIDTH="36" HEIGHT="22" CONTENT="his" WC="0.51" CC="734"/>
						<SP ID="P126_SP00176" HPOS="475" VPOS="906" WIDTH="24"/>
						<String ID="P126_ST00200" HPOS="499" VPOS="876" WIDTH="60" HEIGHT="30" CONTENT="duty" WC="0.77" CC="0810"/>
						<SP ID="P126_SP00177" HPOS="559" VPOS="906" WIDTH="21"/>
						<String ID="P126_ST00201" HPOS="580" VPOS="875" WIDTH="105" HEIGHT="23" CONTENT="towards" WC="0.92" CC="0100003"/>
						<SP ID="P126_SP00178" HPOS="685" VPOS="906" WIDTH="22"/>
						<String ID="P126_ST00202" HPOS="707" VPOS="875" WIDTH="57" HEIGHT="23" CONTENT="God" WC="0.79" CC="014"/>
						<SP ID="P126_SP00179" HPOS="764" VPOS="906" WIDTH="25"/>
						<String ID="P126_ST00203" HPOS="789" VPOS="875" WIDTH="47" HEIGHT="23" CONTENT="and" WC="0.49" CC="680"/>
						<SP ID="P126_SP00180" HPOS="836" VPOS="906" WIDTH="26"/>
						<String ID="P126_ST00204" HPOS="862" VPOS="883" WIDTH="65" HEIGHT="15" CONTENT="man." WC="0.86" CC="0050"/>
					</TextLine>
					<TextLine ID="P126_TL00025" HPOS="82" VPOS="908" WIDTH="845" HEIGHT="28">
						<String ID="P126_ST00205" HPOS="82" VPOS="909" WIDTH="82" HEIGHT="24" CONTENT="Bledri" WC="0.75" CC="202242"/>
						<SP ID="P126_SP00181" HPOS="164" VPOS="933" WIDTH="11"/>
						<String ID="P126_ST00206" HPOS="175" VPOS="917" WIDTH="47" HEIGHT="16" CONTENT="was" WC="0.92" CC="002"/>
						<SP ID="P126_SP00182" HPOS="222" VPOS="933" WIDTH="14"/>
						<String ID="P126_ST00207" HPOS="236" VPOS="909" WIDTH="157" HEIGHT="23" CONTENT="consecrated" WC="0.84" CC="02460030000"/>
						<SP ID="P126_SP00183" HPOS="393" VPOS="933" WIDTH="11"/>
						<String ID="P126_ST00208" HPOS="404" VPOS="908" WIDTH="60" HEIGHT="28" CONTENT="993," WC="0.78" CC="2150"/>
						<SP ID="P126_SP00184" HPOS="464" VPOS="936" WIDTH="10"/>
						<String ID="P126_ST00209" HPOS="474" VPOS="909" WIDTH="46" HEIGHT="23" CONTENT="and" WC="0.76" CC="070"/>
						<SP ID="P126_SP00185" HPOS="520" VPOS="936" WIDTH="15"/>
						<String ID="P126_ST00210" HPOS="535" VPOS="910" WIDTH="54" HEIGHT="22" CONTENT="died" WC="1.00" CC="0000"/>
						<SP ID="P126_SP00186" HPOS="589" VPOS="936" WIDTH="18"/>
						<String ID="P126_ST00211" HPOS="607" VPOS="909" WIDTH="72" HEIGHT="23" CONTENT="1022." WC="1.00" CC="00000"/>
						<String ID="P126_ST00212" HPOS="683" VPOS="911" WIDTH="14" HEIGHT="24" CONTENT="f" WC="0.14" CC="8"/>
						<SP ID="P126_SP00187" HPOS="697" VPOS="936" WIDTH="38"/>
						<String ID="P126_ST00213" HPOS="735" VPOS="908" WIDTH="47" HEIGHT="23" CONTENT="His" WC="0.76" CC="410"/>
						<SP ID="P126_SP00188" HPOS="782" VPOS="936" WIDTH="13"/>
						<String ID="P126_ST00214" HPOS="795" VPOS="917" WIDTH="132" HEIGHT="19" CONTENT="successor," WC="0.82" CC="2000066020"/>
					</TextLine>
					<TextLine ID="P126_TL00026" HPOS="81" VPOS="942" WIDTH="846" HEIGHT="32">
						<String ID="P126_ST00215" HPOS="81" VPOS="943" WIDTH="101" HEIGHT="31" CONTENT="Joseph," WC="0.83" CC="0450010"/>
						<SP ID="P126_SP00189" HPOS="182" VPOS="974" WIDTH="19"/>
						<String ID="P126_ST00216" HPOS="201" VPOS="943" WIDTH="85" HEIGHT="23" CONTENT="forbad" WC="0.68" CC="046700"/>
						<SP ID="P126_SP00190" HPOS="286" VPOS="974" WIDTH="16"/>
						<String ID="P126_ST00217" HPOS="302" VPOS="942" WIDTH="95" HEIGHT="23" CONTENT="secular" WC="0.75" CC="4323002"/>
						<SP ID="P126_SP00191" HPOS="397" VPOS="974" WIDTH="19"/>
						<String ID="P126_ST00218" HPOS="416" VPOS="943" WIDTH="66" HEIGHT="22" CONTENT="work" WC="0.88" CC="0013"/>
						<SP ID="P126_SP00192" HPOS="482" VPOS="974" WIDTH="20"/>
						<String ID="P126_ST00219" HPOS="502" VPOS="950" WIDTH="29" HEIGHT="15" CONTENT="on" WC="0.40" CC="56"/>
						<SP ID="P126_SP00193" HPOS="531" VPOS="974" WIDTH="22"/>
						<String ID="P126_ST00220" HPOS="553" VPOS="943" WIDTH="112" HEIGHT="30" CONTENT="Sundays" WC="0.75" CC="3070006"/>
						<SP ID="P126_SP00194" HPOS="665" VPOS="974" WIDTH="19"/>
						<String ID="P126_ST00221" HPOS="684" VPOS="943" WIDTH="47" HEIGHT="22" CONTENT="and" WC="0.87" CC="030"/>
						<SP ID="P126_SP00195" HPOS="731" VPOS="974" WIDTH="16"/>
						<String ID="P126_ST00222" HPOS="747" VPOS="942" WIDTH="118" HEIGHT="30" CONTENT="holidays," WC="0.84" CC="007000060"/>
						<SP ID="P126_SP00196" HPOS="865" VPOS="974" WIDTH="19"/>
						<String ID="P126_ST00223" HPOS="884" VPOS="950" WIDTH="43" HEIGHT="16" CONTENT="en" SUBS_TYPE="HypPart1" SUBS_CONTENT="enjoined" WC="0.82" CC="401"/>
						<HYP CONTENT="-"/>
					</TextLine>
					<TextLine ID="P126_TL00027" HPOS="77" VPOS="975" WIDTH="850" HEIGHT="32">
						<String ID="P126_ST00224" HPOS="77" VPOS="977" WIDTH="85" HEIGHT="30" CONTENT="joined" SUBS_TYPE="HypPart2" SUBS_CONTENT="enjoined" WC="0.88" CC="000600"/>
						<SP ID="P126_SP00197" HPOS="162" VPOS="1007" WIDTH="17"/>
						<String ID="P126_ST00225" HPOS="179" VPOS="977" WIDTH="41" HEIGHT="22" CONTENT="the" WC="0.86" CC="040"/>
						<SP ID="P126_SP00198" HPOS="220" VPOS="1007" WIDTH="17"/>
						<String ID="P126_ST00226" HPOS="237" VPOS="977" WIDTH="85" HEIGHT="30" CONTENT="priests" WC="0.62" CC="7430009"/>
						<SP ID="P126_SP00199" HPOS="322" VPOS="1007" WIDTH="19"/>
						<String ID="P126_ST00227" HPOS="341" VPOS="979" WIDTH="24" HEIGHT="20" CONTENT="to" WC="0.89" CC="20"/>
						<SP ID="P126_SP00200" HPOS="365" VPOS="1007" WIDTH="17"/>
						<String ID="P126_ST00228" HPOS="382" VPOS="977" WIDTH="71" HEIGHT="22" CONTENT="teach" WC="0.89" CC="00005"/>
						<SP ID="P126_SP00201" HPOS="453" VPOS="1007" WIDTH="19"/>
						<String ID="P126_ST00229" HPOS="472" VPOS="977" WIDTH="40" HEIGHT="22" CONTENT="the" WC="1.00" CC="000"/>
						<SP ID="P126_SP00202" HPOS="512" VPOS="1007" WIDTH="19"/>
						<String ID="P126_ST00230" HPOS="531" VPOS="977" WIDTH="100" HEIGHT="29" CONTENT="reading" WC="0.84" CC="4000070"/>
						<SP ID="P126_SP00203" HPOS="631" VPOS="1007" WIDTH="18"/>
						<String ID="P126_ST00231" HPOS="649" VPOS="975" WIDTH="29" HEIGHT="24" CONTENT="of" WC="1.00" CC="00"/>
						<SP ID="P126_SP00204" HPOS="678" VPOS="1007" WIDTH="13"/>
						<String ID="P126_ST00232" HPOS="691" VPOS="976" WIDTH="41" HEIGHT="23" CONTENT="the" WC="0.80" CC="050"/>
						<SP ID="P126_SP00205" HPOS="732" VPOS="1007" WIDTH="19"/>
						<String ID="P126_ST00233" HPOS="751" VPOS="975" WIDTH="138" HEIGHT="31" CONTENT="Scriptures" WC="0.72" CC="5252000307"/>
						<SP ID="P126_SP00206" HPOS="889" VPOS="1007" WIDTH="12"/>
						<String ID="P126_ST00234" HPOS="901" VPOS="979" WIDTH="26" HEIGHT="20" CONTENT="to" WC="0.90" CC="01"/>
					</TextLine>
					<TextLine ID="P126_TL00028" HPOS="81" VPOS="1010" WIDTH="845" HEIGHT="31">
						<String ID="P126_ST00235" HPOS="81" VPOS="1010" WIDTH="41" HEIGHT="22" CONTENT="the" WC="0.99" CC="000"/>
						<SP ID="P126_SP00207" HPOS="122" VPOS="1032" WIDTH="17"/>
						<String ID="P126_ST00236" HPOS="139" VPOS="1010" WIDTH="86" HEIGHT="31" CONTENT="people" WC="0.83" CC="000900"/>
						<SP ID="P126_SP00208" HPOS="225" VPOS="1041" WIDTH="13"/>
						<String ID="P126_ST00237" HPOS="238" VPOS="1010" WIDTH="102" HEIGHT="22" CONTENT="without" WC="0.77" CC="0442005"/>
						<SP ID="P126_SP00209" HPOS="340" VPOS="1041" WIDTH="17"/>
						<String ID="P126_ST00238" HPOS="357" VPOS="1016" WIDTH="88" HEIGHT="24" CONTENT="money" WC="0.92" CC="00400"/>
						<SP ID="P126_SP00210" HPOS="445" VPOS="1041" WIDTH="13"/>
						<String ID="P126_ST00239" HPOS="458" VPOS="1010" WIDTH="46" HEIGHT="22" CONTENT="and" WC="0.89" CC="030"/>
						<SP ID="P126_SP00211" HPOS="504" VPOS="1041" WIDTH="15"/>
						<String ID="P126_ST00240" HPOS="519" VPOS="1010" WIDTH="102" HEIGHT="22" CONTENT="without" WC="0.77" CC="0044024"/>
						<SP ID="P126_SP00212" HPOS="621" VPOS="1041" WIDTH="17"/>
						<String ID="P126_ST00241" HPOS="638" VPOS="1010" WIDTH="75" HEIGHT="30" CONTENT="price," WC="0.96" CC="000010"/>
						<SP ID="P126_SP00213" HPOS="713" VPOS="1041" WIDTH="17"/>
						<String ID="P126_ST00242" HPOS="730" VPOS="1013" WIDTH="44" HEIGHT="26" CONTENT="put" WC="0.87" CC="003"/>
						<SP ID="P126_SP00214" HPOS="774" VPOS="1041" WIDTH="12"/>
						<String ID="P126_ST00243" HPOS="786" VPOS="1010" WIDTH="42" HEIGHT="22" CONTENT="the" WC="1.00" CC="000"/>
						<SP ID="P126_SP00215" HPOS="828" VPOS="1041" WIDTH="17"/>
						<String ID="P126_ST00244" HPOS="845" VPOS="1010" WIDTH="81" HEIGHT="29" CONTENT="parish" WC="0.63" CC="161560"/>
					</TextLine>
					<TextLine ID="P126_TL00029" HPOS="81" VPOS="1043" WIDTH="848" HEIGHT="31">
						<String ID="P126_ST00245" HPOS="81" VPOS="1043" WIDTH="107" HEIGHT="23" CONTENT="festivals" WC="0.72" CC="105450007"/>
						<SP ID="P126_SP00216" HPOS="188" VPOS="1066" WIDTH="17"/>
						<String ID="P126_ST00246" HPOS="205" VPOS="1044" WIDTH="47" HEIGHT="22" CONTENT="and" WC="0.78" CC="060"/>
						<SP ID="P126_SP00217" HPOS="252" VPOS="1066" WIDTH="14"/>
						<String ID="P126_ST00247" HPOS="266" VPOS="1043" WIDTH="79" HEIGHT="23" CONTENT="wakes" WC="0.86" CC="00070"/>
						<SP ID="P126_SP00218" HPOS="345" VPOS="1066" WIDTH="19"/>
						<String ID="P126_ST00248" HPOS="364" VPOS="1050" WIDTH="29" HEIGHT="16" CONTENT="on" WC="0.89" CC="02"/>
						<SP ID="P126_SP00219" HPOS="393" VPOS="1066" WIDTH="20"/>
						<String ID="P126_ST00249" HPOS="413" VPOS="1051" WIDTH="14" HEIGHT="15" CONTENT="a" WC="1.00" CC="0"/>
						<SP ID="P126_SP00220" HPOS="427" VPOS="1066" WIDTH="17"/>
						<String ID="P126_ST00250" HPOS="444" VPOS="1044" WIDTH="79" HEIGHT="22" CONTENT="better" WC="0.75" CC="005305"/>
						<SP ID="P126_SP00221" HPOS="523" VPOS="1066" WIDTH="12"/>
						<String ID="P126_ST00251" HPOS="535" VPOS="1046" WIDTH="97" HEIGHT="28" CONTENT="system," WC="0.92" CC="0000050"/>
						<SP ID="P126_SP00222" HPOS="632" VPOS="1074" WIDTH="18"/>
						<String ID="P126_ST00252" HPOS="650" VPOS="1046" WIDTH="25" HEIGHT="20" CONTENT="to" WC="0.73" CC="05"/>
						<SP ID="P126_SP00223" HPOS="675" VPOS="1074" WIDTH="17"/>
						<String ID="P126_ST00253" HPOS="692" VPOS="1044" WIDTH="41" HEIGHT="22" CONTENT="the" WC="0.66" CC="540"/>
						<SP ID="P126_SP00224" HPOS="733" VPOS="1074" WIDTH="18"/>
						<String ID="P126_ST00254" HPOS="751" VPOS="1044" WIDTH="135" HEIGHT="28" CONTENT="promotion" WC="0.79" CC="043004006"/>
						<SP ID="P126_SP00225" HPOS="886" VPOS="1074" WIDTH="16"/>
						<String ID="P126_ST00255" HPOS="902" VPOS="1043" WIDTH="27" HEIGHT="23" CONTENT="of" WC="0.84" CC="30"/>
					</TextLine>
					<TextLine ID="P126_TL00030" HPOS="80" VPOS="1076" WIDTH="845" HEIGHT="32">
						<String ID="P126_ST00256" HPOS="80" VPOS="1077" WIDTH="68" HEIGHT="31" CONTENT="piety" WC="0.62" CC="90008"/>
						<SP ID="P126_SP00226" HPOS="148" VPOS="1108" WIDTH="13"/>
						<String ID="P126_ST00257" HPOS="161" VPOS="1077" WIDTH="48" HEIGHT="22" CONTENT="aud" WC="0.73" CC="080"/>
						<SP ID="P126_SP00227" HPOS="209" VPOS="1108" WIDTH="18"/>
						<String ID="P126_ST00258" HPOS="227" VPOS="1077" WIDTH="101" HEIGHT="29" CONTENT="charity," WC="0.73" CC="07004090"/>
						<SP ID="P126_SP00228" HPOS="328" VPOS="1108" WIDTH="18"/>
						<String ID="P126_ST00259" HPOS="346" VPOS="1077" WIDTH="47" HEIGHT="22" CONTENT="and" WC="0.96" CC="010"/>
						<SP ID="P126_SP00229" HPOS="393" VPOS="1108" WIDTH="19"/>
						<String ID="P126_ST00260" HPOS="412" VPOS="1077" WIDTH="154" HEIGHT="29" CONTENT="suppression" WC="0.48" CC="65905564353"/>
						<SP ID="P126_SP00230" HPOS="566" VPOS="1108" WIDTH="18"/>
						<String ID="P126_ST00261" HPOS="584" VPOS="1076" WIDTH="28" HEIGHT="23" CONTENT="of" WC="1.00" CC="00"/>
						<SP ID="P126_SP00231" HPOS="612" VPOS="1108" WIDTH="14"/>
						<String ID="P126_ST00262" HPOS="626" VPOS="1077" WIDTH="121" HEIGHT="22" CONTENT="disorders" WC="0.76" CC="025030044"/>
						<SP ID="P126_SP00232" HPOS="747" VPOS="1108" WIDTH="19"/>
						<String ID="P126_ST00263" HPOS="766" VPOS="1077" WIDTH="46" HEIGHT="22" CONTENT="and" WC="0.80" CC="060"/>
						<SP ID="P126_SP00233" HPOS="812" VPOS="1108" WIDTH="21"/>
						<String ID="P126_ST00264" HPOS="833" VPOS="1077" WIDTH="92" HEIGHT="30" CONTENT="irregu" SUBS_TYPE="HypPart1" SUBS_CONTENT="irregularities." WC="0.78" CC="0204034"/>
						<HYP CONTENT="-"/>
					</TextLine>
					<TextLine ID="P126_TL00031" HPOS="80" VPOS="1110" WIDTH="849" HEIGHT="29">
						<String ID="P126_ST00265" HPOS="80" VPOS="1110" WIDTH="100" HEIGHT="23" CONTENT="larities." SUBS_TYPE="HypPart2" SUBS_CONTENT="irregularities." WC="0.70" CC="522204422"/>
						<SP ID="P126_SP00234" HPOS="180" VPOS="1133" WIDTH="41"/>
						<String ID="P126_ST00266" HPOS="221" VPOS="1110" WIDTH="28" HEIGHT="22" CONTENT="In" WC="0.40" CC="65"/>
						<SP ID="P126_SP00235" HPOS="249" VPOS="1133" WIDTH="22"/>
						<String ID="P126_ST00267" HPOS="271" VPOS="1110" WIDTH="63" HEIGHT="22" CONTENT="1108" WC="0.77" CC="6020"/>
						<SP ID="P126_SP00236" HPOS="334" VPOS="1133" WIDTH="19"/>
						<String ID="P126_ST00268" HPOS="353" VPOS="1110" WIDTH="84" HEIGHT="22" CONTENT="Urban" WC="0.57" CC="33770"/>
						<SP ID="P126_SP00237" HPOS="437" VPOS="1133" WIDTH="20"/>
						<String ID="P126_ST00269" HPOS="457" VPOS="1110" WIDTH="120" HEIGHT="22" CONTENT="ascended" WC="0.89" CC="02010040"/>
						<SP ID="P126_SP00238" HPOS="577" VPOS="1133" WIDTH="19"/>
						<String ID="P126_ST00270" HPOS="596" VPOS="1110" WIDTH="40" HEIGHT="22" CONTENT="the" WC="0.78" CC="060"/>
						<SP ID="P126_SP00239" HPOS="636" VPOS="1133" WIDTH="19"/>
						<String ID="P126_ST00271" HPOS="655" VPOS="1110" WIDTH="123" HEIGHT="29" CONTENT="episcopal" WC="0.86" CC="000600040"/>
						<SP ID="P126_SP00240" HPOS="778" VPOS="1139" WIDTH="18"/>
						<String ID="P126_ST00272" HPOS="796" VPOS="1110" WIDTH="88" HEIGHT="22" CONTENT="throne" WC="0.62" CC="056360"/>
						<SP ID="P126_SP00241" HPOS="884" VPOS="1139" WIDTH="17"/>
						<String ID="P126_ST00273" HPOS="901" VPOS="1110" WIDTH="28" HEIGHT="23" CONTENT="of" WC="1.00" CC="00"/>
					</TextLine>
					<TextLine ID="P126_TL00032" HPOS="80" VPOS="1143" WIDTH="844" HEIGHT="30">
						<String ID="P126_ST00274" HPOS="80" VPOS="1143" WIDTH="120" HEIGHT="28" CONTENT="Llandaff," WC="0.85" CC="300600002"/>
						<SP ID="P126_SP00242" HPOS="200" VPOS="1171" WIDTH="19"/>
						<String ID="P126_ST00275" HPOS="219" VPOS="1151" WIDTH="29" HEIGHT="14" CONTENT="an" WC="0.67" CC="06"/>
						<SP ID="P126_SP00243" HPOS="248" VPOS="1171" WIDTH="18"/>
						<String ID="P126_ST00276" HPOS="266" VPOS="1143" WIDTH="85" HEIGHT="27" CONTENT="active," WC="0.86" CC="0006002"/>
						<SP ID="P126_SP00244" HPOS="351" VPOS="1171" WIDTH="14"/>
						<String ID="P126_ST00277" HPOS="365" VPOS="1143" WIDTH="130" HEIGHT="30" CONTENT="energetic," WC="0.87" CC="0303001201"/>
						<SP ID="P126_SP00245" HPOS="495" VPOS="1173" WIDTH="19"/>
						<String ID="P126_ST00278" HPOS="514" VPOS="1143" WIDTH="143" HEIGHT="22" CONTENT="munificent" WC="0.65" CC="6670112250"/>
						<SP ID="P126_SP00246" HPOS="657" VPOS="1173" WIDTH="16"/>
						<String ID="P126_ST00279" HPOS="673" VPOS="1143" WIDTH="92" HEIGHT="30" CONTENT="prelate" WC="0.77" CC="0061800"/>
						<SP ID="P126_SP00247" HPOS="765" VPOS="1173" WIDTH="12"/>
						<String ID="P126_ST00280" HPOS="777" VPOS="1153" WIDTH="5" HEIGHT="18" CONTENT=";" WC="1.00" CC="0"/>
						<SP ID="P126_SP00248" HPOS="782" VPOS="1173" WIDTH="19"/>
						<String ID="P126_ST00281" HPOS="801" VPOS="1143" WIDTH="29" HEIGHT="23" CONTENT="he" WC="0.58" CC="70"/>
						<SP ID="P126_SP00249" HPOS="830" VPOS="1173" WIDTH="18"/>
						<String ID="P126_ST00282" HPOS="848" VPOS="1143" WIDTH="76" HEIGHT="23" CONTENT="found" WC="1.00" CC="00000"/>
					</TextLine>
					<TextLine ID="P126_TL00033" HPOS="80" VPOS="1176" WIDTH="845" HEIGHT="27">
						<String ID="P126_ST00283" HPOS="80" VPOS="1177" WIDTH="42" HEIGHT="23" CONTENT="the" WC="0.77" CC="600"/>
						<SP ID="P126_SP00250" HPOS="122" VPOS="1200" WIDTH="24"/>
						<String ID="P126_ST00284" HPOS="146" VPOS="1176" WIDTH="123" HEIGHT="24" CONTENT="cathedral" WC="0.97" CC="000000002"/>
						<SP ID="P126_SP00251" HPOS="269" VPOS="1200" WIDTH="24"/>
						<String ID="P126_ST00285" HPOS="293" VPOS="1176" WIDTH="91" HEIGHT="23" CONTENT="church" WC="0.82" CC="051101"/>
						<SP ID="P126_SP00252" HPOS="384" VPOS="1200" WIDTH="25"/>
						<String ID="P126_ST00286" HPOS="409" VPOS="1176" WIDTH="24" HEIGHT="22" CONTENT="in" WC="0.83" CC="03"/>
						<SP ID="P126_SP00253" HPOS="433" VPOS="1200" WIDTH="25"/>
						<String ID="P126_ST00287" HPOS="458" VPOS="1176" WIDTH="73" HEIGHT="27" CONTENT="ruins," WC="0.72" CC="460130"/>
						<SP ID="P126_SP00254" HPOS="531" VPOS="1203" WIDTH="25"/>
						<String ID="P126_ST00288" HPOS="556" VPOS="1176" WIDTH="41" HEIGHT="23" CONTENT="the" WC="0.86" CC="040"/>
						<SP ID="P126_SP00255" HPOS="597" VPOS="1203" WIDTH="25"/>
						<String ID="P126_ST00289" HPOS="622" VPOS="1184" WIDTH="118" HEIGHT="15" CONTENT="revenues" WC="0.82" CC="60004003"/>
						<SP ID="P126_SP00256" HPOS="740" VPOS="1203" WIDTH="25"/>
						<String ID="P126_ST00290" HPOS="765" VPOS="1178" WIDTH="90" HEIGHT="22" CONTENT="wasted" WC="0.83" CC="006300"/>
						<SP ID="P126_SP00257" HPOS="855" VPOS="1203" WIDTH="22"/>
						<String ID="P126_ST00291" HPOS="877" VPOS="1177" WIDTH="48" HEIGHT="23" CONTENT="and" WC="1.00" CC="000"/>
					</TextLine>
					<TextLine ID="P126_TL00034" HPOS="81" VPOS="1209" WIDTH="844" HEIGHT="30">
						<String ID="P126_ST00292" HPOS="81" VPOS="1210" WIDTH="129" HEIGHT="29" CONTENT="alienated," WC="0.89" CC="0460000000"/>
						<SP ID="P126_SP00258" HPOS="210" VPOS="1239" WIDTH="13"/>
						<String ID="P126_ST00293" HPOS="223" VPOS="1210" WIDTH="47" HEIGHT="22" CONTENT="and" WC="0.58" CC="750"/>
						<SP ID="P126_SP00259" HPOS="270" VPOS="1239" WIDTH="12"/>
						<String ID="P126_ST00294" HPOS="282" VPOS="1209" WIDTH="103" HEIGHT="23" CONTENT="devoted" WC="0.77" CC="0300550"/>
						<SP ID="P126_SP00260" HPOS="385" VPOS="1239" WIDTH="14"/>
						<String ID="P126_ST00295" HPOS="399" VPOS="1209" WIDTH="98" HEIGHT="22" CONTENT="himself" WC="0.64" CC="4244440"/>
						<SP ID="P126_SP00261" HPOS="497" VPOS="1239" WIDTH="12"/>
						<String ID="P126_ST00296" HPOS="509" VPOS="1210" WIDTH="67" HEIGHT="22" CONTENT="heart" WC="0.78" CC="15030"/>
						<SP ID="P126_SP00262" HPOS="576" VPOS="1239" WIDTH="13"/>
						<String ID="P126_ST00297" HPOS="589" VPOS="1209" WIDTH="48" HEIGHT="23" CONTENT="and" WC="0.73" CC="080"/>
						<SP ID="P126_SP00263" HPOS="637" VPOS="1239" WIDTH="13"/>
						<String ID="P126_ST00298" HPOS="650" VPOS="1209" WIDTH="52" HEIGHT="23" CONTENT="soul" WC="0.85" CC="5000"/>
						<SP ID="P126_SP00264" HPOS="702" VPOS="1239" WIDTH="19"/>
						<String ID="P126_ST00299" HPOS="721" VPOS="1213" WIDTH="25" HEIGHT="20" CONTENT="to" WC="0.61" CC="51"/>
						<SP ID="P126_SP00265" HPOS="746" VPOS="1239" WIDTH="18"/>
						<String ID="P126_ST00300" HPOS="764" VPOS="1211" WIDTH="40" HEIGHT="22" CONTENT="the" WC="0.59" CC="560"/>
						<SP ID="P126_SP00266" HPOS="804" VPOS="1239" WIDTH="18"/>
						<String ID="P126_ST00301" HPOS="822" VPOS="1215" WIDTH="103" HEIGHT="19" CONTENT="restora" SUBS_TYPE="HypPart1" SUBS_CONTENT="restoration" WC="0.85" CC="10203300"/>
						<HYP CONTENT="-"/>
					</TextLine>
					<TextLine ID="P126_TL00035" HPOS="82" VPOS="1242" WIDTH="842" HEIGHT="31">
						<String ID="P126_ST00302" HPOS="82" VPOS="1245" WIDTH="51" HEIGHT="22" CONTENT="tion" SUBS_TYPE="HypPart2" SUBS_CONTENT="restoration" WC="1.00" CC="0000"/>
						<SP ID="P126_SP00267" HPOS="133" VPOS="1267" WIDTH="13"/>
						<String ID="P126_ST00303" HPOS="146" VPOS="1244" WIDTH="27" HEIGHT="23" CONTENT="of" WC="0.78" CC="40"/>
						<SP ID="P126_SP00268" HPOS="173" VPOS="1267" WIDTH="9"/>
						<String ID="P126_ST00304" HPOS="182" VPOS="1244" WIDTH="40" HEIGHT="23" CONTENT="the" WC="0.95" CC="010"/>
						<SP ID="P126_SP00269" HPOS="222" VPOS="1267" WIDTH="10"/>
						<String ID="P126_ST00305" HPOS="232" VPOS="1251" WIDTH="46" HEIGHT="15" CONTENT="one" WC="0.87" CC="030"/>
						<SP ID="P126_SP00270" HPOS="278" VPOS="1267" WIDTH="13"/>
						<String ID="P126_ST00306" HPOS="291" VPOS="1243" WIDTH="46" HEIGHT="22" CONTENT="and" WC="0.88" CC="030"/>
						<SP ID="P126_SP00271" HPOS="337" VPOS="1267" WIDTH="13"/>
						<String ID="P126_ST00307" HPOS="350" VPOS="1250" WIDTH="115" HEIGHT="23" CONTENT="recovery" WC="0.65" CC="50367050"/>
						<SP ID="P126_SP00272" HPOS="465" VPOS="1273" WIDTH="13"/>
						<String ID="P126_ST00308" HPOS="478" VPOS="1242" WIDTH="28" HEIGHT="23" CONTENT="of" WC="1.00" CC="00"/>
						<SP ID="P126_SP00273" HPOS="506" VPOS="1273" WIDTH="10"/>
						<String ID="P126_ST00309" HPOS="516" VPOS="1243" WIDTH="40" HEIGHT="23" CONTENT="the" WC="0.97" CC="000"/>
						<SP ID="P126_SP00274" HPOS="556" VPOS="1273" WIDTH="13"/>
						<String ID="P126_ST00310" HPOS="569" VPOS="1243" WIDTH="78" HEIGHT="23" CONTENT="other." WC="0.88" CC="040010"/>
						<SP ID="P126_SP00275" HPOS="647" VPOS="1273" WIDTH="27"/>
						<String ID="P126_ST00311" HPOS="674" VPOS="1243" WIDTH="53" HEIGHT="23" CONTENT="The" WC="0.95" CC="010"/>
						<SP ID="P126_SP00276" HPOS="727" VPOS="1273" WIDTH="13"/>
						<String ID="P126_ST00312" HPOS="740" VPOS="1243" WIDTH="40" HEIGHT="24" CONTENT="old" WC="0.80" CC="500"/>
						<SP ID="P126_SP00277" HPOS="780" VPOS="1273" WIDTH="11"/>
						<String ID="P126_ST00313" HPOS="791" VPOS="1245" WIDTH="133" HEIGHT="28" CONTENT="cathedral," WC="0.90" CC="0010005030"/>
					</TextLine>
					<TextLine ID="P126_TL00036" HPOS="82" VPOS="1276" WIDTH="843" HEIGHT="33">
						<String ID="P126_ST00314" HPOS="82" VPOS="1278" WIDTH="103" HEIGHT="27" CONTENT="erected," WC="0.90" CC="01050001"/>
						<SP ID="P126_SP00278" HPOS="185" VPOS="1305" WIDTH="20"/>
						<String ID="P126_ST00315" HPOS="205" VPOS="1278" WIDTH="110" HEIGHT="31" CONTENT="perhaps," WC="0.74" CC="00750070"/>
						<SP ID="P126_SP00279" HPOS="315" VPOS="1309" WIDTH="19"/>
						<String ID="P126_ST00316" HPOS="334" VPOS="1277" WIDTH="33" HEIGHT="31" CONTENT="by" WC="0.67" CC="60"/>
						<SP ID="P126_SP00280" HPOS="367" VPOS="1309" WIDTH="15"/>
						<String ID="P126_ST00317" HPOS="382" VPOS="1276" WIDTH="67" HEIGHT="31" CONTENT="King" WC="0.83" CC="0060"/>
						<SP ID="P126_SP00281" HPOS="449" VPOS="1309" WIDTH="19"/>
						<String ID="P126_ST00318" HPOS="468" VPOS="1276" WIDTH="99" HEIGHT="27" CONTENT="Lucius," WC="0.87" CC="0003050"/>
						<SP ID="P126_SP00282" HPOS="567" VPOS="1309" WIDTH="20"/>
						<String ID="P126_ST00319" HPOS="587" VPOS="1277" WIDTH="74" HEIGHT="31" CONTENT="being" WC="1.00" CC="00000"/>
						<SP ID="P126_SP00283" HPOS="661" VPOS="1309" WIDTH="19"/>
						<String ID="P126_ST00320" HPOS="680" VPOS="1277" WIDTH="56" HEIGHT="31" CONTENT="only" WC="0.75" CC="0009"/>
						<SP ID="P126_SP00284" HPOS="736" VPOS="1309" WIDTH="15"/>
						<String ID="P126_ST00321" HPOS="751" VPOS="1279" WIDTH="174" HEIGHT="30" CONTENT="twenty-eight" WC="0.62" CC="080709000963"/>
					</TextLine>
					<TextLine ID="P126_TL00037" HPOS="82" VPOS="1310" WIDTH="843" HEIGHT="32">
						<String ID="P126_ST00322" HPOS="82" VPOS="1311" WIDTH="49" HEIGHT="24" CONTENT="feet" WC="1.00" CC="0000"/>
						<SP ID="P126_SP00285" HPOS="131" VPOS="1335" WIDTH="12"/>
						<String ID="P126_ST00323" HPOS="143" VPOS="1312" WIDTH="64" HEIGHT="30" CONTENT="long," WC="0.82" CC="30400"/>
						<SP ID="P126_SP00286" HPOS="207" VPOS="1342" WIDTH="11"/>
						<String ID="P126_ST00324" HPOS="218" VPOS="1310" WIDTH="81" HEIGHT="24" CONTENT="fifteen" WC="0.94" CC="0000004"/>
						<SP ID="P126_SP00287" HPOS="299" VPOS="1342" WIDTH="14"/>
						<String ID="P126_ST00325" HPOS="313" VPOS="1310" WIDTH="66" HEIGHT="26" CONTENT="wide," WC="0.75" CC="92000"/>
						<SP ID="P126_SP00288" HPOS="379" VPOS="1342" WIDTH="14"/>
						<String ID="P126_ST00326" HPOS="393" VPOS="1310" WIDTH="46" HEIGHT="22" CONTENT="and" WC="0.85" CC="030"/>
						<SP ID="P126_SP00289" HPOS="439" VPOS="1342" WIDTH="14"/>
						<String ID="P126_ST00327" HPOS="453" VPOS="1313" WIDTH="89" HEIGHT="28" CONTENT="twenty" WC="1.00" CC="000000"/>
						<SP ID="P126_SP00290" HPOS="542" VPOS="1342" WIDTH="15"/>
						<String ID="P126_ST00328" HPOS="557" VPOS="1310" WIDTH="67" HEIGHT="31" CONTENT="high," WC="0.77" CC="64000"/>
						<SP ID="P126_SP00291" HPOS="624" VPOS="1342" WIDTH="12"/>
						<String ID="P126_ST00329" HPOS="636" VPOS="1318" WIDTH="48" HEIGHT="15" CONTENT="was" WC="0.67" CC="900"/>
						<SP ID="P126_SP00292" HPOS="684" VPOS="1342" WIDTH="8"/>
						<String ID="P126_ST00330" HPOS="692" VPOS="1310" WIDTH="95" HEIGHT="32" CONTENT="judged" WC="0.99" CC="000000"/>
						<SP ID="P126_SP00293" HPOS="787" VPOS="1342" WIDTH="14"/>
						<String ID="P126_ST00331" HPOS="801" VPOS="1315" WIDTH="41" HEIGHT="20" CONTENT="too" WC="0.96" CC="100"/>
						<SP ID="P126_SP00294" HPOS="842" VPOS="1342" WIDTH="13"/>
						<String ID="P126_ST00332" HPOS="855" VPOS="1313" WIDTH="70" HEIGHT="23" CONTENT="small" WC="0.77" CC="40006"/>
					</TextLine>
					<TextLine ID="P126_TL00038" HPOS="82" VPOS="1342" WIDTH="841" HEIGHT="34">
						<String ID="P126_ST00333" HPOS="82" VPOS="1348" WIDTH="25" HEIGHT="20" CONTENT="to" WC="0.84" CC="03"/>
						<SP ID="P126_SP00295" HPOS="107" VPOS="1368" WIDTH="13"/>
						<String ID="P126_ST00334" HPOS="120" VPOS="1346" WIDTH="93" HEIGHT="22" CONTENT="receive" WC="0.90" CC="5000100"/>
						<SP ID="P126_SP00296" HPOS="213" VPOS="1368" WIDTH="17"/>
						<String ID="P126_ST00335" HPOS="230" VPOS="1345" WIDTH="41" HEIGHT="22" CONTENT="the" WC="0.97" CC="000"/>
						<SP ID="P126_SP00297" HPOS="271" VPOS="1368" WIDTH="16"/>
						<String ID="P126_ST00336" HPOS="287" VPOS="1344" WIDTH="79" HEIGHT="22" CONTENT="shrine" WC="0.71" CC="550130"/>
						<SP ID="P126_SP00298" HPOS="366" VPOS="1368" WIDTH="17"/>
						<String ID="P126_ST00337" HPOS="383" VPOS="1342" WIDTH="28" HEIGHT="24" CONTENT="of" WC="0.86" CC="20"/>
						<SP ID="P126_SP00299" HPOS="411" VPOS="1368" WIDTH="12"/>
						<String ID="P126_ST00338" HPOS="423" VPOS="1343" WIDTH="34" HEIGHT="24" CONTENT="St." WC="0.56" CC="660"/>
						<SP ID="P126_SP00300" HPOS="457" VPOS="1368" WIDTH="14"/>
						<String ID="P126_ST00339" HPOS="471" VPOS="1343" WIDTH="137" HEIGHT="27" CONTENT="Dubritius," WC="0.73" CC="0440004850"/>
						<SP ID="P126_SP00301" HPOS="608" VPOS="1370" WIDTH="16"/>
						<String ID="P126_ST00340" HPOS="624" VPOS="1344" WIDTH="78" HEIGHT="23" CONTENT="which" WC="0.78" CC="03105"/>
						<SP ID="P126_SP00302" HPOS="702" VPOS="1370" WIDTH="20"/>
						<String ID="P126_ST00341" HPOS="722" VPOS="1345" WIDTH="85" HEIGHT="24" CONTENT="Urban" WC="0.70" CC="03604"/>
						<SP ID="P126_SP00303" HPOS="807" VPOS="1370" WIDTH="20"/>
						<String ID="P126_ST00342" HPOS="827" VPOS="1347" WIDTH="96" HEIGHT="29" CONTENT="piouslv" WC="0.65" CC="0416506"/>
					</TextLine>
					<TextLine ID="P126_TL00039" HPOS="82" VPOS="1377" WIDTH="841" HEIGHT="33">
						<String ID="P126_ST00343" HPOS="82" VPOS="1378" WIDTH="115" HEIGHT="32" CONTENT="designed" WC="0.90" CC="02000500"/>
						<SP ID="P126_SP00304" HPOS="197" VPOS="1410" WIDTH="24"/>
						<String ID="P126_ST00344" HPOS="221" VPOS="1380" WIDTH="24" HEIGHT="21" CONTENT="to" WC="0.89" CC="02"/>
						<SP ID="P126_SP00305" HPOS="245" VPOS="1410" WIDTH="25"/>
						<String ID="P126_ST00345" HPOS="270" VPOS="1377" WIDTH="101" HEIGHT="23" CONTENT="transfer" WC="0.82" CC="10030305"/>
						<SP ID="P126_SP00306" HPOS="371" VPOS="1410" WIDTH="27"/>
						<String ID="P126_ST00346" HPOS="398" VPOS="1377" WIDTH="97" HEIGHT="23" CONTENT="thither." WC="0.72" CC="00626060"/>
						<SP ID="P126_SP00307" HPOS="495" VPOS="1410" WIDTH="45"/>
						<String ID="P126_ST00347" HPOS="540" VPOS="1377" WIDTH="32" HEIGHT="23" CONTENT="So" WC="0.92" CC="10"/>
						<SP ID="P126_SP00308" HPOS="572" VPOS="1410" WIDTH="26"/>
						<String ID="P126_ST00348" HPOS="598" VPOS="1378" WIDTH="31" HEIGHT="22" CONTENT="he" WC="0.68" CC="06"/>
						<SP ID="P126_SP00309" HPOS="629" VPOS="1410" WIDTH="18"/>
						<String ID="P126_ST00349" HPOS="647" VPOS="1381" WIDTH="65" HEIGHT="20" CONTENT="went" WC="0.80" CC="0061"/>
						<SP ID="P126_SP00310" HPOS="712" VPOS="1410" WIDTH="21"/>
						<String ID="P126_ST00350" HPOS="733" VPOS="1379" WIDTH="47" HEIGHT="23" CONTENT="and" WC="0.69" CC="710"/>
						<SP ID="P126_SP00311" HPOS="780" VPOS="1410" WIDTH="21"/>
						<String ID="P126_ST00351" HPOS="801" VPOS="1387" WIDTH="49" HEIGHT="15" CONTENT="saw" WC="0.55" CC="309"/>
						<SP ID="P126_SP00312" HPOS="850" VPOS="1410" WIDTH="32"/>
						<String ID="P126_ST00352" HPOS="882" VPOS="1380" WIDTH="41" HEIGHT="23" CONTENT="the" WC="0.84" CC="040"/>
					</TextLine>
					<TextLine ID="P126_TL00040" HPOS="82" VPOS="1410" WIDTH="841" HEIGHT="32">
						<String ID="P126_ST00353" HPOS="82" VPOS="1412" WIDTH="68" HEIGHT="30" CONTENT="Pope" WC="0.76" CC="6300"/>
						<SP ID="P126_SP00313" HPOS="150" VPOS="1442" WIDTH="16"/>
						<String ID="P126_ST00354" HPOS="166" VPOS="1415" WIDTH="25" HEIGHT="21" CONTENT="at" WC="1.00" CC="00"/>
						<SP ID="P126_SP00314" HPOS="191" VPOS="1442" WIDTH="16"/>
						<String ID="P126_ST00355" HPOS="207" VPOS="1412" WIDTH="41" HEIGHT="23" CONTENT="the" WC="0.75" CC="070"/>
						<SP ID="P126_SP00315" HPOS="248" VPOS="1442" WIDTH="19"/>
						<String ID="P126_ST00356" HPOS="267" VPOS="1411" WIDTH="102" HEIGHT="24" CONTENT="Council" WC="0.82" CC="0056000"/>
						<SP ID="P126_SP00316" HPOS="369" VPOS="1442" WIDTH="17"/>
						<String ID="P126_ST00357" HPOS="386" VPOS="1410" WIDTH="27" HEIGHT="24" CONTENT="of" WC="1.00" CC="00"/>
						<SP ID="P126_SP00317" HPOS="413" VPOS="1442" WIDTH="13"/>
						<String ID="P126_ST00358" HPOS="426" VPOS="1410" WIDTH="109" HEIGHT="29" CONTENT="Rheims," WC="0.87" CC="4000031"/>
						<SP ID="P126_SP00318" HPOS="535" VPOS="1442" WIDTH="16"/>
						<String ID="P126_ST00359" HPOS="551" VPOS="1411" WIDTH="90" HEIGHT="31" CONTENT="1119,-J;" WC="0.64" CC="40073075"/>
						<SP ID="P126_SP00319" HPOS="641" VPOS="1442" WIDTH="19"/>
						<String ID="P126_ST00360" HPOS="660" VPOS="1412" WIDTH="47" HEIGHT="23" CONTENT="and" WC="1.00" CC="000"/>
						<SP ID="P126_SP00320" HPOS="707" VPOS="1442" WIDTH="17"/>
						<String ID="P126_ST00361" HPOS="724" VPOS="1413" WIDTH="121" HEIGHT="29" CONTENT="procured" WC="0.78" CC="82000500"/>
						<SP ID="P126_SP00321" HPOS="845" VPOS="1442" WIDTH="17"/>
						<String ID="P126_ST00362" HPOS="862" VPOS="1413" WIDTH="61" HEIGHT="24" CONTENT="from" WC="0.83" CC="0060"/>
					</TextLine>
				</TextBlock>
				<TextBlock ID="P126_TB00005" HPOS="126" VPOS="1491" WIDTH="754" HEIGHT="54" STYLEREFS="TXT_1 PAR_LEFT">
					<TextLine ID="P126_TL00041" HPOS="126" VPOS="1491" WIDTH="754" HEIGHT="27">
						<String ID="P126_ST00363" HPOS="126" VPOS="1492" WIDTH="13" HEIGHT="14" CONTENT="*" WC="1.00" CC="0"/>
						<SP ID="P126_SP00322" HPOS="139" VPOS="1506" WIDTH="14"/>
						<String ID="P126_ST00364" HPOS="153" VPOS="1492" WIDTH="120" HEIGHT="20" CONTENT="Williams's" WC="0.77" CC="0032500505"/>
						<SP ID="P126_SP00323" HPOS="273" VPOS="1512" WIDTH="10"/>
						<String ID="P126_ST00365" HPOS="283" VPOS="1492" WIDTH="82" HEIGHT="26" CONTENT="Cymry," WC="0.84" CC="500300"/>
						<SP ID="P126_SP00324" HPOS="365" VPOS="1518" WIDTH="11"/>
						<String ID="P126_ST00366" HPOS="376" VPOS="1498" WIDTH="21" HEIGHT="19" CONTENT="p." WC="1.00" CC="00"/>
						<SP ID="P126_SP00325" HPOS="397" VPOS="1518" WIDTH="13"/>
						<String ID="P126_ST00367" HPOS="410" VPOS="1492" WIDTH="45" HEIGHT="20" CONTENT="159." WC="0.87" CC="0310"/>
						<SP ID="P126_SP00326" HPOS="455" VPOS="1518" WIDTH="72"/>
						<String ID="P126_ST00368" HPOS="527" VPOS="1492" WIDTH="15" HEIGHT="23" CONTENT="f" WC="0.15" CC="8"/>
						<SP ID="P126_SP00327" HPOS="542" VPOS="1518" WIDTH="15"/>
						<String ID="P126_ST00369" HPOS="557" VPOS="1491" WIDTH="72" HEIGHT="20" CONTENT="Rees's" WC="0.69" CC="004607"/>
						<SP ID="P126_SP00328" HPOS="629" VPOS="1518" WIDTH="12"/>
						<String ID="P126_ST00370" HPOS="641" VPOS="1492" WIDTH="66" HEIGHT="21" CONTENT="South" WC="0.48" CC="53817"/>
						<SP ID="P126_SP00329" HPOS="707" VPOS="1518" WIDTH="9"/>
						<String ID="P126_ST00371" HPOS="716" VPOS="1493" WIDTH="75" HEIGHT="24" CONTENT="Wales," WC="0.61" CC="036660"/>
						<SP ID="P126_SP00330" HPOS="791" VPOS="1518" WIDTH="11"/>
						<String ID="P126_ST00372" HPOS="802" VPOS="1500" WIDTH="21" HEIGHT="18" CONTENT="p." WC="1.00" CC="00"/>
						<SP ID="P126_SP00331" HPOS="823" VPOS="1518" WIDTH="11"/>
						<String ID="P126_ST00373" HPOS="834" VPOS="1493" WIDTH="46" HEIGHT="20" CONTENT="622." WC="0.99" CC="0000"/>
					</TextLine>
					<TextLine ID="P126_TL00042" HPOS="299" VPOS="1513" WIDTH="348" HEIGHT="32">
						<String ID="P126_ST00374" HPOS="299" VPOS="1513" WIDTH="11" HEIGHT="31" CONTENT="j" WC="0.20" CC="8"/>
						<SP ID="P126_SP00332" HPOS="310" VPOS="1544" WIDTH="16"/>
						<String ID="P126_ST00375" HPOS="326" VPOS="1519" WIDTH="70" HEIGHT="20" CONTENT="Rees's" WC="0.78" CC="003206"/>
						<SP ID="P126_SP00333" HPOS="396" VPOS="1544" WIDTH="11"/>
						<String ID="P126_ST00376" HPOS="407" VPOS="1518" WIDTH="64" HEIGHT="21" CONTENT="South" WC="0.63" CC="15307"/>
						<SP ID="P126_SP00334" HPOS="471" VPOS="1544" WIDTH="9"/>
						<String ID="P126_ST00377" HPOS="480" VPOS="1518" WIDTH="76" HEIGHT="24" CONTENT="Wales," WC="0.59" CC="092570"/>
						<SP ID="P126_SP00335" HPOS="556" VPOS="1544" WIDTH="12"/>
						<String ID="P126_ST00378" HPOS="568" VPOS="1526" WIDTH="20" HEIGHT="19" CONTENT="p." WC="0.98" CC="00"/>
						<SP ID="P126_SP00336" HPOS="588" VPOS="1545" WIDTH="12"/>
						<String ID="P126_ST00379" HPOS="600" VPOS="1519" WIDTH="47" HEIGHT="21" CONTENT="623." WC="0.86" CC="0320"/>
					</TextLine>
				</TextBlock>
			</PrintSpace>
		</Page>
	</Layout>
</alto>
