1023 1619
869 99 47 24 129

327 108 133 16 MONASTIC
474 109 197 15 INSTITUTIONS.

77 164 146 32 descending
236 168 24 20 to
273 165 41 23 the
326 166 138 23 sea-shore:
485 166 39 23 the
538 166 85 30 chapel
635 166 20 23 is
668 166 76 23 called
760 166 34 23 St.
809 165 108 24 Govan's

77 199 140 31 hermitage.
253 199 65 23 Who
339 199 36 23 St.
396 199 86 24 Govan
502 208 55 19 was,
577 200 98 23 whence
695 200 29 23 he
743 208 74 19 came,
838 200 79 22 where

77 232 29 23 he
119 232 73 29 lived,
204 233 48 22 and
265 233 64 23 what
347 233 29 23 he
393 233 48 27 did,
455 241 40 15 are
508 233 130 23 unknown.
675 233 53 24 The
741 234 83 23 sacred
839 233 77 24 build-

76 265 42 33 ing
137 267 19 22 is
174 275 14 14 a
207 267 58 23 rude
284 271 127 24 structure,
430 271 90 28 twenty
539 267 48 23 feet
606 267 31 32 by
657 267 85 23 twelve
753 277 6 14 :
778 268 84 31 height
876 271 42 19 not

77 300 79 31 given.
193 300 22 23 It
233 302 109 22 contains
360 309 14 15 a
392 302 77 22 raised
488 301 68 27 altar,
570 301 76 23 under
659 302 78 23 which
757 301 40 23 the
815 302 64 30 body
893 300 27 24 of

77 334 40 23 the
136 334 62 23 saint
215 335 20 22 is
254 335 108 23 believed
375 338 24 20 to
413 343 83 22 repose
508 343 5 15 :
532 338 24 20 to
569 335 40 23 the
623 335 65 31 right
701 334 28 24 of
739 335 40 23 the
793 335 60 23 altar
866 335 19 23 is
904 343 14 15 a

77 368 72 23 niche
161 368 37 24 for
211 369 57 30 holy
282 372 74 20 water
364 377 6 19 ;
391 372 24 20 to
425 370 41 22 the
479 368 43 24 left
534 376 29 16 an
577 369 88 23 arched
679 369 121 30 doorway,
811 369 106 30 opening

77 402 52 23 into
148 410 14 15 a
180 403 96 23 curious
294 411 87 20 recess,
395 402 52 31 just
465 403 40 23 the
524 404 46 22 size
590 403 46 22 and
654 403 74 29 shape
747 402 29 23 of
788 410 13 16 a
821 410 52 16 man
894 402 26 24 of

77 436 113 31 ordinary
209 440 91 19 stature
319 437 23 22 in
361 444 14 15 a
393 437 132 31 crouching
544 440 105 27 posture.
685 431 127 33 Whether,
826 444 25 15 as
869 440 47 19 tra-

78 469 76 23 dition
176 477 66 24 goes,
262 470 52 23 that
334 470 107 32 singular
460 470 164 31 hiding-place
646 470 93 31 opened
766 470 26 22 of
810 470 67 22 itself
892 474 24 18 to

78 503 95 23 receive
193 503 39 23 the
251 504 69 27 saint,
338 504 106 32 pursued
464 504 32 31 by
517 504 36 22 his
575 504 111 27 enemies,
706 511 28 15 or
750 503 111 23 whether
876 503 41 23 the

77 537 70 27 saint,
165 541 23 19 to
208 537 34 23 fill
262 547 32 22 up
316 538 36 23 his
371 538 65 27 time,
455 538 91 31 opened
566 538 19 22 it
602 536 101 28 himself,
723 537 11 23 I
754 541 89 19 cannot
861 537 41 22 tell
911 547 6 17 ;

77 570 68 24 there
165 572 19 22 it
204 571 27 28 is,
253 572 54 22 visit
328 572 19 23 it
365 572 48 23 and
428 571 85 31 judge.
550 571 38 24 On
609 571 40 23 the
668 571 71 23 north
760 571 51 22 side
831 570 28 24 of
876 571 40 23 the

77 604 94 31 chapel,
192 613 28 15 on
243 606 39 22 the
304 605 66 27 floor,
391 606 67 23 there
480 606 18 22 is
517 613 13 16 a
548 605 60 23 little
630 606 89 29 spring,
739 605 40 23 the
797 608 43 19 not
859 612 58 24 very

78 638 65 23 clear
160 642 73 19 water
251 639 28 22 of
292 639 77 23 which
388 640 20 22 is
426 639 55 23 held
500 642 24 20 to
542 639 31 23 be
591 647 15 15 a
623 640 125 29 sovereign
767 639 99 30 remedy
881 638 37 23 for

77 672 103 23 diseases
199 672 28 23 of
240 673 40 23 the
298 680 65 23 eyes.
399 672 88 24 Shame
502 680 64 23 upon
586 673 65 23 them
671 672 36 24 for
725 673 41 23 the
784 673 116 30 sacrilege
910 672 6 24 !

79 705 72 24 Some
170 707 87 29 pirates
276 707 59 22 stole
354 707 40 22 the
413 707 155 30 chapel-bell,
587 707 78 22 which
685 714 48 15 was
750 714 60 23 very
829 707 88 29 heavy,

77 747 26 15 so
121 740 52 22 that
191 740 57 31 they
261 748 62 15 were
342 740 97 31 obliged
458 744 24 19 to
502 744 35 19 set
553 740 19 22 it
587 740 70 23 down
670 740 164 22 half-a-dozen
849 740 69 22 times

77 773 82 23 before
171 774 59 30 they
242 777 43 28 got
303 778 25 18 to
343 774 63 22 their
419 774 64 23 boat.
519 773 54 23 The
585 778 82 18 stones
679 782 31 14 on
724 773 78 23 which
817 773 40 23 the
870 773 48 23 bell

77 815 27 15 so
124 807 172 32 miraculously
317 807 78 23 rested
418 807 139 23 contracted
581 807 115 30 instantly
717 807 41 22 the
778 807 91 23 virtues
894 807 26 23 of

78 840 141 28 bell-metal,
241 842 46 22 and
309 841 60 23 have
389 845 42 19 not
449 841 47 23 lost
517 841 66 23 them
600 844 48 28 yet.
685 840 36 23 St.
739 840 109 24 Govan's
866 841 53 22 her-

79 875 90 30 mitage
191 875 18 22 is
231 875 87 23 situate
337 876 23 21 in
380 883 45 14 one
444 874 26 23 of
485 875 40 22 the
543 874 93 23 wildest
654 874 47 23 and
720 878 62 19 most
801 875 118 23 romantic

79 912 66 27 spots
159 908 27 24 of
194 909 41 22 the
248 912 66 20 coast
327 917 99 22 scenery
441 909 22 22 in
478 908 208 27 Pembrokeshire,
700 908 46 23 and
760 908 18 23 is
791 908 128 31 decidedly

80 943 77 22 worth
171 943 96 30 visiting
270 957 31 3 —
303 950 26 15 so
342 950 54 23 says
410 942 38 24 Sir
461 942 30 23 R.
507 942 28 24 C.
549 941 83 24 Hoare
634 957 33 3 —
668 950 61 14 were
743 942 18 22 it
773 942 55 31 only
843 945 24 20 to
880 950 40 15 see

82 976 39 23 the
134 976 60 23 cliffs
204 986 5 18 ;
228 976 116 24 sublimer
357 977 57 23 than
429 976 84 29 which,
534 975 29 24 he
581 983 63 24 says,
657 983 41 16 are
717 976 111 23 nowhere
846 979 26 21 to
890 976 30 24 be

79 1009 83 23 found.

132 1044 140 23 Connected
286 1044 57 23 with
359 1044 41 23 the
419 1044 92 23 church
524 1044 28 23 of
563 1044 110 22 Pennant
687 1044 134 31 Melangel,
835 1044 85 22 Mont-

80 1077 173 32 gomeryshire,
267 1078 67 23 there
353 1077 19 23 is
391 1086 14 15 a
422 1077 119 24 beautiful
558 1077 88 32 legend
660 1077 26 23 of
695 1086 14 14 a
721 1078 79 31 virgin
813 1077 107 31 solitary.

80 1107 39 27 On
134 1119 14 15 a
160 1112 91 22 certain
265 1112 45 31 day
325 1113 22 21 in
361 1112 41 23 the
414 1120 60 22 year
486 1111 27 24 of
523 1120 72 23 grace
607 1112 60 27 604,
681 1111 143 28 Broehwell,
838 1112 83 30 prince

81 1144 28 23 of
128 1144 88 28 Powis,
234 1149 64 19 went
315 1149 43 20 out
374 1149 25 19 to
418 1146 67 23 hunt.
522 1145 53 23 The
593 1145 95 23 hounds
707 1145 91 24 started
820 1154 13 14 a
853 1145 67 28 hare,

81 1178 47 23 and
142 1187 41 14 ran
198 1179 17 22 it
228 1182 25 19 to
265 1187 15 15 a
292 1179 100 29 thicket,
403 1179 66 31 large
483 1179 47 23 and
542 1182 92 28 strong,
646 1179 22 22 in
683 1179 79 23 which
776 1179 91 22 thicket
881 1179 40 23 the

81 1213 84 30 prince
183 1211 74 24 found
276 1221 13 14 a
302 1213 85 30 virgin,
402 1213 126 27 beautiful,
542 1216 62 20 most
622 1213 97 27 devout,
733 1213 47 22 and
798 1213 71 30 given
889 1221 32 22 up

81 1249 25 20 to
127 1246 80 23 divine
228 1247 186 29 contemplation
425 1256 5 17 ;
454 1247 47 22 and
522 1247 82 22 beside
626 1246 50 27 her,
695 1246 69 30 lying
786 1246 76 22 under
880 1246 41 23 the

82 1278 51 24 fold
154 1279 28 24 of
196 1280 43 23 her
256 1283 131 27 garments,
406 1288 48 16 was
473 1280 40 24 the
530 1280 66 27 hare,
615 1280 58 23 with
691 1280 36 22 his
745 1279 53 23 face
817 1280 104 22 towards

82 1313 40 23 the
143 1313 69 31 dogs,
233 1314 47 22 and
300 1317 42 19 not
361 1314 109 30 showing
495 1314 40 23 the
559 1314 60 23 least
640 1314 66 30 signs
729 1312 28 24 of
773 1312 59 23 fear.
868 1314 53 22 The

82 1347 89 23 Prince
190 1346 28 23 of
233 1346 86 29 Powis,
335 1347 72 31 being
425 1355 14 15 a
451 1355 58 24 very
522 1347 61 23 keen
602 1351 141 26 sportsman,
756 1354 49 15 was
822 1350 50 24 not,
891 1354 30 16 on

81 1381 41 22 the
135 1388 59 23 spur
206 1379 28 24 of
243 1381 42 22 the
298 1384 113 24 moment,
425 1389 27 14 so
469 1381 92 31 gallant
579 1384 24 19 to
622 1381 40 22 the
681 1380 56 30 lady
750 1388 26 15 as
792 1381 30 22 he
835 1381 86 22 should

82 1414 61 23 have
157 1414 69 23 been.
265 1414 40 22 He
322 1414 110 22 hallooed
451 1414 40 22 the
510 1414 60 30 dogs
588 1422 30 14 on
638 1418 24 18 to
681 1414 69 22 catch
767 1414 47 22 and
828 1414 41 22 kill
882 1414 39 23 the

82 1448 57 23 hare
150 1457 5 14 :
176 1448 39 23 the
230 1447 60 32 dogs
305 1447 70 23 knew
388 1447 86 23 better.
510 1447 53 22 The
581 1455 65 14 more
663 1447 40 23 the
719 1447 83 30 prince
819 1448 102 23 shouted

81 1486 52 24 out,
147 1482 40 23 the
204 1480 93 24 farther
309 1481 33 23 off
354 1481 56 32 they
424 1485 42 28 got
476 1491 6 17 ;
501 1481 46 22 and
561 1489 24 14 as
599 1480 37 23 for
649 1481 40 23 the
702 1480 137 29 huntsman,
853 1482 68 23 when

82 1516 29 24 he
125 1516 62 24 tried
200 1519 25 20 to
239 1515 63 24 blow
315 1515 36 23 his
364 1515 61 23 horn
438 1515 19 23 it
469 1514 71 24 stuck
552 1518 25 20 to
590 1514 38 23 his
643 1514 53 33 lips.
733 1514 32 24 So
778 1515 40 24 the
831 1516 90 31 prince,

483 1548 45 23 g2
