1023 1619
886 89 34 24 49

434 96 126 15 BARDISM.

75 154 118 24 recorded
203 155 24 22 in
239 163 14 15 a
263 154 77 24 Triad
351 163 27 15 as
415 163 46 15 one
474 155 28 23 of
512 155 40 23 the
562 155 67 23 three
639 156 116 23 accursed
765 156 74 23 deeds
848 156 74 23 ofthe

75 188 48 23 Isle
140 188 27 24 of
339 189 85 23 Gildas
440 189 42 23 the
494 189 92 23 British
600 190 115 22 historian
727 198 48 14 was
787 190 51 23 also
851 198 13 15 a
876 198 44 15 son

75 221 28 24 of
113 222 57 23 Caw
181 230 31 24 ap
226 223 110 28 Geraint,
350 223 48 22 and
412 223 18 22 is
439 230 60 15 even
512 223 33 30 by
558 231 66 15 some
635 223 105 32 thought
753 227 24 19 to
788 224 60 23 have
858 225 62 22 been

76 256 120 23 Aneurim
206 256 99 23 himself
310 267 5 17 ;
328 256 39 24 for
379 257 47 23 this
439 265 93 19 reason,
546 257 53 23 that
610 257 81 23 where
709 257 41 23 the
769 257 153 32 genealogies

75 290 92 23 reckon
178 290 121 23 Aneurim
312 299 25 14 as
350 299 45 15 one
409 290 29 24 of
447 291 41 23 the
501 290 109 24 children
624 291 26 23 of
660 291 66 27 Caw,
740 292 57 31 they
811 292 59 23 omit
881 292 41 23 the

75 331 72 16 name
158 323 27 24 of
196 324 95 29 Gildas,
302 324 49 23 and
361 325 78 23 where
450 324 86 24 Gildas
544 333 93 19 occurs,
652 325 119 23 Aneurim
782 326 20 22 is
812 326 109 23 omitted.

76 356 51 24 Mr.
152 357 22 24 S.
199 358 97 24 Turner
312 359 43 22 the
373 359 124 26 historian,
519 360 24 21 in
569 359 36 22 his
656 359 157 23 Vindication
834 359 28 23 of
880 360 43 23 the

76 392 98 22 ancient
187 391 85 24 Welsh
399 400 54 23 says
465 393 53 22 that
530 392 42 23 the
584 392 116 24 Gododin
720 400 55 24 may
790 393 81 23 rather
892 394 31 23 be

77 426 143 22 considered
234 433 24 16 as
270 433 27 16 so
316 433 73 23 many
434 427 80 29 poetic
537 427 155 22 memoranda
713 426 29 23 of
758 434 14 16 a
792 427 130 23 disastrous

77 459 107 27 conflict,
197 460 95 29 penned
306 460 33 30 by
351 467 15 15 a
379 459 77 24 friend
469 461 54 22 who
542 460 47 23 had
603 461 126 22 witnessed
746 461 30 22 its
793 464 89 24 events,
898 461 24 22 in

77 492 31 23 all
122 493 41 23 the
180 493 127 23 confusion
326 494 25 22 in
368 494 79 22 which
467 494 56 30 they
543 494 46 22 had
608 494 124 27 occurred,
751 494 58 22 than
827 502 15 14 a
858 494 64 23 well-

77 527 133 22 conceived
223 527 46 22 and
283 527 229 31 artfully-ananged
531 527 72 22 series
620 527 27 23 of
662 527 132 22 individual
811 527 112 23 conflicts

76 560 50 22 like
147 560 41 23 the
205 568 71 22 poem
296 560 29 23 of
344 560 103 28 Homer,
461 560 89 28 which,
564 561 92 31 though
679 561 104 30 genuine
801 569 25 14 as
842 564 24 20 to
881 561 41 23 the

77 593 96 28 author,
186 598 43 26 yet
248 594 110 23 contains
374 594 120 23 incidents
510 594 78 23 which
602 594 40 23 the
654 594 76 32 poet's
743 595 123 23 invention
880 595 43 23 has

77 623 119 35 arranged
210 635 25 15 as
249 628 18 22 it
279 627 99 31 pleased

129 661 54 23 The
193 661 65 23 third
268 661 178 32 distinguished
456 661 61 24 exile
527 669 48 15 was
583 661 157 23 Llywakch
748 661 87 28 Hen,*
842 662 80 23 whose

76 694 50 28 life,
146 695 133 31 extending
298 695 94 31 greatly
412 696 94 30 beyond
527 696 40 22 the
588 696 114 30 ordinary
715 698 60 20 term
793 695 27 23 of
831 696 91 23 human

77 730 130 26 existence,
227 729 102 23 realised
346 732 42 20 too
406 729 66 31 truly
489 729 40 23 the
543 729 133 23 Psalmist's
695 729 154 27 declaration,
869 730 53 23 that

156 763 111 30 strength
285 763 59 23 then
362 770 47 16 was
428 763 44 23 but
490 763 87 23 labour
594 763 48 22 and
809 763 59 23 This
887 763 35 23 fa-

76 804 71 16 mous
166 797 65 22 Bard
250 804 48 16 was
318 796 40 24 the
380 804 43 16 son
444 796 27 23 of
488 796 86 31 Elidyr
592 796 151 31 Lydanwyn,
762 804 14 15 a
794 797 83 29 prince
896 796 27 24 of

77 830 176 28 Cumberland,
267 830 82 23 fourth
366 831 24 22 in
405 831 100 22 descent
522 830 61 23 from
597 830 67 27 Coel,
678 829 168 31 seventy-fifth
863 831 58 31 king

76 863 29 23 of
118 864 102 22 Britain.
257 864 47 22 His
323 864 97 23 mother
438 871 47 15 was
506 864 41 22 the
570 864 120 30 daughter
710 863 27 23 of
750 864 121 30 Brychan,
891 871 30 16 an

76 896 65 24 Irish
161 897 123 28 chieftain,
303 897 61 28 who,
385 897 63 23 from
472 897 41 23 the
533 897 120 23 disorders
673 897 26 22 of
715 897 41 22 the
776 897 77 28 times,
873 905 49 16 was

77 931 136 31 compelled
226 934 25 20 to
263 931 55 31 quit
329 931 37 23 his
383 932 80 21 native
480 934 113 28 country,
606 930 55 28 and,
675 930 62 23 after
748 931 96 22 various
858 939 62 14 wan-

77 965 106 31 derings,
202 968 24 20 at
245 964 84 31 length
348 965 86 23 settled
453 965 24 22 in
494 972 14 15 a
524 968 55 27 part
597 963 29 24 of
636 963 77 24 South
727 964 89 27 Wales,
835 964 85 30 called,

76 998 64 24 after
152 999 58 27 him,
224 998 221 23 Brecknockshire.
481 998 28 23 In
523 998 41 22 the
577 997 94 28 Triads,
686 997 112 31 Brychan
817 998 19 22 is
855 1006 65 15 com-

75 1032 149 23 memorated
238 1040 25 15 as
280 1032 90 31 having
412 1031 143 24 introduced
573 1032 42 22 the
628 1031 121 23 Christian
767 1030 60 24 faith
841 1035 25 20 to
879 1032 41 23 the

205 1066 47 23 and
265 1074 25 14 as
304 1065 41 23 the
357 1065 79 24 father
448 1064 29 24 of
483 1073 46 15 one
539 1064 76 24 ofthe
730 1065 57 31 holy

76 1099 151 32 Llywarch's
240 1099 154 31 patrimonial
404 1099 151 23 inheritance
565 1107 48 15 was
622 1106 15 15 a
646 1097 150 24 forest-tract
809 1099 23 22 in
845 1099 75 24 Cum-

75 1134 111 27 berland,
196 1134 87 23 named
292 1134 109 30 Argoed.
439 1133 36 23 As
489 1140 14 16 a
515 1133 106 23 resident
634 1132 124 28 chieftain,
771 1132 30 23 he
818 1134 102 23 merited

75 1168 41 22 the
129 1168 78 30 praise
223 1167 28 23 of
260 1168 73 30 being
346 1175 46 15 one
409 1166 79 24 ofthe
712 1167 97 29 princes
827 1166 28 23 of
865 1167 55 23 Bri-

186 1201 46 22 His
246 1200 61 31 duty
320 1208 29 15 or
363 1201 38 22 his
419 1200 142 23 inclination
581 1200 93 23 carried
688 1200 49 23 him
750 1203 26 20 to
788 1200 41 23 the
849 1204 69 20 court

75 1235 29 24 of
114 1235 105 26 Arthur,
232 1238 25 20 at
270 1234 79 24 which
363 1234 30 23 he
411 1234 18 23 is
448 1234 97 23 noticed
564 1242 25 14 as
608 1241 46 15 one
673 1234 28 22 of
712 1234 40 22 the
797 1234 67 22 three
882 1234 38 22 in-

75 1269 112 31 telligent
308 1276 46 16 one
368 1267 27 24 of
404 1268 40 23 the
478 1268 67 23 three
555 1267 152 31 counselling
717 1267 99 30 knights
863 1267 56 29 and,

75 1311 26 16 as
113 1302 22 23 if
144 1306 25 20 to
180 1302 92 24 remind
285 1311 28 14 us
325 1302 54 23 that
390 1302 69 23 there
467 1302 20 22 is
500 1310 32 14 no
544 1301 60 23 such
616 1301 68 31 thing
694 1301 129 30 anywhere
836 1309 25 14 as
875 1310 45 14 un-

75 1336 94 32 alloyed
190 1337 135 30 happiness,
345 1344 46 16 one
412 1335 27 24 of
456 1336 39 23 the
621 1334 49 23 free
686 1334 48 23 and
751 1334 169 25 discontented

218 1370 126 32 Llywarch
361 1369 178 31 distinguished
553 1367 98 24 himself
666 1368 22 23 in
710 1368 40 23 the
769 1376 151 23 courageous

74 1405 45 23 but
128 1404 166 24 unsuccessful
307 1405 82 22 efforts
402 1403 28 24 of
440 1404 37 22 his
491 1406 160 27 countrymen
666 1405 25 20 to
704 1402 65 31 repel
782 1402 40 23 the
837 1402 81 24 Saxon

75 1438 120 25 invaders.
232 1438 41 23 He
287 1438 88 30 fought
393 1440 24 20 at
437 1437 127 23 Cattraeth
581 1436 79 23 under
672 1435 76 25 Urien
759 1446 6 18 ;
783 1435 54 25 four
848 1436 27 24 of
883 1437 37 23 his

345 1513 13 13 *
374 1512 72 20 Camb.
458 1512 54 20 Plut.
523 1518 36 19 pp.
569 1510 74 22 55-70.

765 1545 15 17 D
