1023 1619
74 106 47 23 136

320 114 132 17 MONASTIC
468 115 195 16 INSTITUTIONS.

540 139 25 20 m

71 171 129 31 employed
220 174 24 21 at
265 172 71 24 home
347 183 5 17 ;
374 173 36 23 for
429 173 111 23 Lleudad
559 182 48 14 was
626 181 14 15 a
659 172 64 31 good
737 179 55 15 man
815 169 48 23 and
885 176 30 15 an

72 205 138 31 exemplary
219 206 82 27 abbot,
312 207 77 29 praise
400 207 75 23 borne
488 212 43 18 out
543 208 32 30 by
585 207 42 23 the
640 206 125 30 following
778 202 88 32 legend
876 211 5 14 :
884 217 33 4 —

98 239 35 23 At
146 239 41 23 the
200 239 141 23 foundation
360 240 28 22 of
400 241 40 22 the
452 245 138 27 monastery
604 240 28 23 of
642 240 47 22 this
703 239 76 23 island
794 238 41 23 the
849 235 68 24 Lord

73 272 64 28 God,
152 273 53 23 who
218 273 125 23 attendeth
356 277 25 19 to
394 274 41 23 the
452 275 102 30 petition
568 273 28 23 of
606 274 41 22 the
656 273 59 31 just,
729 276 25 20 at
767 272 41 23 the
822 274 95 20 earnest

72 310 98 27 request
192 306 27 23 of
235 307 57 31 holy
312 307 133 27 Laudatus,
467 308 41 22 the
528 307 53 22 first
602 307 83 27 abbot,
708 305 100 24 entered
830 305 51 22 into
903 312 14 15 a

71 343 121 20 covenant
211 340 59 22 with
291 340 52 23 that
362 341 57 31 holy
440 349 62 18 man,
524 341 48 22 and
593 340 174 30 miraculously
783 338 133 24 confirmed

71 373 48 23 His
136 374 105 30 promise
262 377 59 20 unto
341 374 50 22 him
413 374 48 23 and
479 374 38 22 his
538 382 146 19 successors,
707 374 41 22 the
766 373 88 23 abbots
868 373 48 22 and

71 407 86 23 monks
171 407 37 23 for
220 415 66 21 ever,
299 407 70 23 while
384 407 57 32 they
454 407 87 24 should
556 408 115 23 continue
688 411 24 20 to
732 407 53 23 lead
798 406 57 32 holy
868 406 48 23 and

71 441 115 31 religious
213 441 59 23 lives
283 451 5 17 ;
314 441 52 23 that
391 441 59 31 they
471 441 87 23 should
577 441 39 23 die
635 441 32 31 by
689 441 138 23 succession
838 449 6 14 :
864 440 53 23 that

71 475 27 27 is,
122 475 54 23 that
198 475 42 23 the
264 475 78 23 oldest
368 476 87 22 should
482 483 32 23 go
533 475 61 28 first,
612 475 48 23 like
681 483 15 15 a
720 475 76 23 shock
815 473 28 24 of
857 482 58 15 corn

71 509 51 30 ripe
142 508 34 24 for
195 509 41 23 the
253 509 84 23 sickle.
375 509 78 30 Being
466 509 56 23 thus
535 509 96 23 warned
650 509 28 23 of
693 509 41 24 the
753 508 124 31 approach
890 507 28 24 of

71 543 82 28 death,
166 543 59 23 each
239 542 28 24 of
276 543 75 28 them,
365 542 128 28 therefore,
507 543 87 23 should
608 543 86 28 watch,
707 550 26 16 as
746 546 43 20 not
801 542 114 31 knowing

71 579 24 20 at
114 577 64 22 what
199 579 71 20 exact
291 577 61 22 hour
369 577 41 22 the
430 576 64 23 thief
507 577 78 31 might
604 584 69 16 come
684 587 5 18 ;
708 577 48 22 and
774 577 73 30 being
860 576 56 23 thus

71 610 88 30 always
171 610 126 31 prepared,
314 610 60 22 each
393 610 29 23 of
437 610 65 23 them
522 610 30 31 by
565 614 69 19 turns
646 610 87 23 should
746 610 39 32 lay
799 610 66 23 aside
878 610 37 22 his

71 643 93 32 earthly
320 643 60 23 This
398 643 194 31 foreknowledge
612 644 133 31 unhappily
758 644 37 23 led
815 647 24 19 to
855 651 59 15 con-

72 677 94 23 fidence
188 677 46 22 and
257 677 101 23 careless
379 677 89 32 living;
490 677 48 23 and
557 677 41 23 the
619 677 87 23 monks
731 678 55 22 thus
810 677 104 31 proving

71 710 128 32 unworthy
213 710 28 23 of
250 711 41 22 the
305 711 125 32 privilege,
444 711 41 22 the
503 711 51 23 rule
565 719 48 14 was
632 711 136 29 rescinded,
788 711 47 23 and
854 710 60 31 they

71 752 62 15 were
151 743 42 24 left
214 748 24 19 to
257 744 69 23 share
346 744 40 23 the
407 752 111 16 common
537 744 36 23 lot
592 744 29 24 of
637 745 124 23 mankind.
800 744 54 24 Still
873 745 40 23 the

70 777 76 24 belief
165 778 92 23 existed
278 786 26 15 so
320 777 48 24 late
383 786 25 15 as
424 778 40 23 the
483 777 90 24 twelfth
593 782 110 27 century,
722 779 67 23 since
807 787 36 14 we
861 778 52 23 find

71 811 115 24 Giraldus
205 812 120 22 mentions
343 812 25 26 it,
387 812 61 27 who,
465 812 31 31 by
510 812 41 23 the
564 820 62 22 way,
640 812 87 30 speaks
739 820 59 22 very
811 812 99 31 slightly

70 846 48 22 and
132 845 81 30 coldly
234 845 28 23 of
281 845 116 31 Bardsey,
415 853 26 16 as
462 853 14 15 a
488 848 70 20 court
571 846 80 23 divine
664 846 86 30 might.
786 845 72 24 After
871 846 40 23 the

72 878 86 30 Synod
177 875 28 27 of
222 878 81 28 Brevi,
317 879 138 29 Dubritius,
468 879 147 31 archbishop
634 879 29 24 of
678 879 127 28 Caerleon,
821 880 90 30 having

71 912 49 23 laid
133 913 70 22 down
217 912 36 23 his
265 913 105 30 pastoral
383 914 62 26 staff,
458 913 89 23 retired
557 916 25 20 to
593 914 110 29 Bardsey
714 917 25 19 to
747 914 47 22 end
805 913 37 23 his
852 913 59 31 days

71 946 24 23 in
109 953 88 23 prayer
209 946 46 23 and
269 946 164 23 recollection.
470 946 47 23 His
535 947 111 31 example
665 947 137 22 influenced
821 947 91 28 others,

71 975 47 27 and
133 980 105 30 Bardsey
253 980 99 22 became
369 980 112 23 crowded
496 980 56 23 with
570 981 114 23 devotees
695 990 5 13 :
720 980 11 23 I
744 989 39 14 am
796 980 78 23 afraid
887 984 24 19 to

70 1020 42 23 say
126 1013 53 22 how
193 1020 70 24 many
276 1013 132 23 thousands
420 1021 40 15 are
474 1014 111 30 reported
601 1018 25 20 to
643 1015 61 22 have
719 1014 63 23 lived
795 1014 46 23 and
855 1014 57 23 died

71 1047 77 22 there.
186 1047 34 22 At
231 1047 39 22 the
280 1047 139 23 conclusion
430 1047 76 23 ofthe
516 1047 84 32 Synod
610 1047 28 24 of
648 1048 73 23 Brevi
732 1048 68 23 there
810 1055 101 24 appears

71 1083 24 19 to
117 1080 60 22 have
197 1080 62 22 been
281 1088 14 14 a
314 1085 66 25 great
399 1080 142 32 pilgrimage
560 1085 24 19 to
605 1081 117 31 Bardsey,
736 1081 63 23 from
816 1081 95 23 natural

71 1113 118 27 affection,
208 1113 79 22 mixed
305 1122 32 21 up
357 1114 57 22 with
430 1114 138 31 sympathy,
587 1118 25 20 to
631 1123 39 15 see
689 1115 40 23 the
748 1115 46 23 last
813 1115 28 23 of
858 1115 52 23 Du-

70 1146 93 23 britius.
200 1146 53 23 The
259 1146 104 32 journey
373 1148 90 22 thither
473 1156 46 14 was
529 1151 39 20 not
579 1149 65 28 then,
654 1157 44 14 nor
706 1149 20 22 is
733 1149 56 27 still,
800 1149 110 30 inviting.

71 1180 24 22 A
111 1180 65 23 Bard
195 1180 53 23 who
267 1185 74 18 wrote
359 1189 31 14 on
409 1181 41 23 the
468 1181 94 31 subject
580 1181 28 24 of
622 1182 47 23 this
688 1190 58 22 very
759 1183 152 30 pilgrimage,

71 1213 55 23 thus
138 1213 95 32 piously
246 1214 46 22 and
312 1214 114 31 devoutly
440 1214 98 24 finishes
548 1223 5 15 :
557 1229 33 3 —
614 1215 48 24 Let
675 1224 27 15 us
715 1216 30 23 all
759 1224 60 24 pray
833 1221 24 19 to
871 1217 41 23 the

70 1247 111 23 invisible
194 1246 65 28 God,
271 1248 41 22 the
325 1247 66 24 Lord
405 1248 28 23 of
442 1249 32 22 all
486 1249 72 27 lords,
573 1250 52 22 that
637 1249 39 24 He
686 1250 55 27 will,
754 1250 37 23 for
801 1251 41 22 the
855 1250 58 23 sake

70 1279 28 24 of
107 1280 72 24 Jesus
191 1281 45 22 and
249 1281 47 23 His
306 1281 46 23 five
363 1282 106 27 wounds,
481 1289 69 25 carry
561 1291 26 15 us
600 1283 106 31 through
720 1284 31 22 all
765 1284 147 28 difficulties,

70 1314 48 23 and
140 1315 29 22 be
188 1322 44 15 our
253 1318 110 27 support,
383 1316 47 22 and
449 1316 56 23 then
525 1324 31 15 no
578 1324 45 15 one
642 1317 61 22 need
859 1317 54 24 The

70 1348 141 23 translation
232 1348 27 23 of
275 1349 41 23 the
333 1349 74 23 bones
428 1349 28 23 of
472 1349 34 23 St.
523 1350 130 23 Dubritius
675 1350 62 23 from
760 1350 107 33 Bardsey
886 1355 25 19 to

70 1380 120 29 Llandaff,
204 1382 24 22 in
244 1382 74 26 1120,
332 1383 31 30 by
373 1383 63 30 good
452 1383 90 30 Bishop
556 1383 95 24 Urban,
662 1385 20 22 is
695 1384 41 23 the
750 1385 56 31 only
820 1386 92 22 notice-

71 1414 53 24 able
144 1415 175 24 circumstance
341 1424 67 15 more
430 1416 53 24 that
504 1416 53 24 falls
579 1418 84 23 within
682 1427 40 22 my
741 1418 81 24 limits.
859 1418 53 24 The

97 1488 12 13 *
125 1488 86 20 Evans's
221 1488 69 21 North
298 1489 77 25 Wales,
386 1497 21 19 p.
419 1491 47 19 381.
550 1493 14 23 f
578 1492 120 20 Williams's
709 1492 84 26 Cymry,
804 1499 21 19 p.
838 1494 45 19 224.
