1023 1619
93 120 33 23 64

365 129 53 15 THE
432 130 78 14 KINGS
524 129 33 15 OF
571 129 95 15 WALES.

93 184 145 23 terminated
250 185 41 23 the
304 185 41 24 life
355 186 27 23 of
391 187 47 23 this
447 187 64 30 good
521 187 48 23 and
579 191 69 27 great
657 185 136 32 sovereign.
825 184 114 27 Alectus,

91 226 32 15 an
136 219 128 30 emmisary
278 218 26 24 of
316 219 164 29 Constantius,
495 221 53 22 who
563 221 46 22 had
623 221 61 22 been
697 220 81 23 raised
791 222 25 20 to
830 219 41 23 the
885 219 53 23 title

92 252 29 23 of
130 253 135 30 Augustus,
279 260 67 16 came
359 257 25 19 to
395 254 100 27 Britain,
509 254 48 22 and
570 254 137 22 insinuated
722 252 98 24 himself
831 253 52 23 into
897 253 41 22 the

91 286 65 31 good
169 293 84 23 graces
272 286 27 23 of
310 287 137 28 Carausius,
460 288 55 22 who
532 295 60 23 gave
607 287 49 23 him
670 287 37 23 his
719 287 151 25 confidence,
890 286 49 23 and

91 320 71 23 made
173 320 49 22 him
233 320 36 22 his
278 320 66 23 chief
349 321 116 22 minister.
497 321 110 27 Alectus,
618 321 91 30 seizing
718 321 40 22 the
769 320 168 30 opportunity,

91 354 184 23 consummated
294 357 94 20 treason
407 354 34 30 by
460 354 106 23 murder.
603 354 54 22 The
676 361 72 15 scene
767 348 29 28 of
805 353 41 23 the
863 354 76 22 crime

92 395 48 14 was
154 387 74 27 York,
242 387 41 23 the
296 395 57 23 year
365 387 59 23 297.
462 387 130 23 Carausius
606 387 41 23 fell
658 387 23 22 in
695 387 41 22 the
750 387 77 30 prime
841 386 27 23 of
881 386 58 27 life;

90 421 38 22 his
142 421 71 23 noble
227 421 117 31 thoughts
356 421 56 22 died
426 420 56 27 vyith
497 421 49 22 him
556 430 6 14 :
582 421 44 22 but
637 420 30 23 he
681 420 66 28 lives,
762 420 48 23 and
820 420 48 22 will
882 427 57 16 ever

91 454 55 27 live,
161 455 23 22 in
199 455 40 23 the
253 454 168 24 recollections
434 454 28 24 of
471 455 37 23 his
521 459 170 27 countrymen.

145 488 60 24 Two
223 489 121 23 centuries
361 496 67 16 more
445 489 72 30 bring
534 496 39 15 me
592 492 24 19 to
635 497 14 15 a
668 488 65 27 hero,
747 487 82 23 whose
846 488 92 31 praises

91 522 62 24 have
166 523 62 23 been
241 523 41 23 the
296 523 81 23 theme
390 522 28 23 of
427 522 119 24 minstrels
557 523 70 23 down
642 525 24 20 to
680 522 41 23 the
734 525 98 28 present
845 522 57 23 time
905 535 34 3 —

90 559 26 20 to
139 556 151 31 Tennyson's
337 557 81 23 Morte
438 556 22 24 d'
618 556 99 26 Indeed,
737 564 26 14 so
783 555 73 24 much
874 555 63 24 have

91 591 41 22 the
151 593 68 27 poets
237 590 51 23 said
306 591 49 22 and
372 597 63 24 sung
453 591 76 22 about
548 591 58 26 him,
625 591 52 22 that
695 589 37 23 his
751 589 186 31 extraordinary

90 623 62 23 fame
166 624 42 22 has
222 624 90 30 proved
326 624 35 22 his
374 627 72 19 worst
462 631 86 24 enemy
559 634 6 17 ;
584 624 47 22 and
645 623 103 23 sensible
762 624 90 27 critics,
866 623 71 23 with-

91 661 43 19 out
153 658 72 22 much
244 658 158 31 imagination
421 657 23 23 in
464 658 62 22 their
544 657 170 31 composition,
728 657 135 23 convinced
883 657 52 23 that

91 699 32 15 no
140 699 45 15 one
202 699 55 15 man
273 691 72 23 could
360 692 61 22 have
439 691 62 23 done
520 700 14 14 a
553 691 139 22 hundredth
708 693 55 28 part
775 690 29 23 of
813 691 42 22 the
868 698 67 15 won-

91 724 80 24 derful
182 725 80 31 things
272 725 110 23 ascribed
393 728 24 20 to
430 725 102 27 Arthur,
542 725 61 22 have
616 732 68 16 come
698 727 25 20 to
736 724 41 23 the
791 724 143 23 conclusion

91 758 53 23 that
156 759 154 23 there*never
322 767 49 15 was
388 759 58 23 such
465 767 14 15 a
497 759 83 30 prince
592 762 25 19 at
630 758 45 27 all;
694 758 52 23 that
760 758 97 23 Arthur
870 757 64 24 Pen-

91 792 93 31 dragon
197 793 19 22 is
231 801 14 14 a
257 793 77 30 myth.
360 792 73 24 Peter
449 792 116 24 Schemill
576 792 47 23 lost
636 792 36 22 his
686 792 98 22 shadow
786 806 33 4 —
821 792 53 23 that
885 800 49 15 was

92 826 48 23 bad
152 827 98 30 enough
259 836 5 16 ;
283 827 45 22 but
341 834 60 22 poor
415 827 102 26 Arthur,
531 826 126 31 subjected
673 829 24 20 to
714 826 40 22 the
771 825 86 23 tender
868 833 65 16 mer-

91 860 49 23 cies
162 859 27 24 of
208 860 173 30 antiquarians,
402 860 43 23 has
465 860 47 23 lost
533 860 37 23 his
590 860 140 23 substance.
767 858 112 31 Leaving
897 860 42 22 the

91 893 176 31 mythological
281 894 96 23 Arthur
390 894 22 22 in
427 894 40 23 the
481 894 77 22 hands
571 893 27 23 of
609 893 40 24 the
662 893 107 27 learned,
785 896 23 20 to
824 893 31 23 be
872 893 67 23 dealt

92 927 57 23 with
167 934 26 16 as
210 928 58 29 they
283 928 22 22 in
319 928 63 22 their
395 928 99 22 wisdom
508 935 56 23 may
577 927 68 23 think
659 927 35 27 fit,
708 926 12 24 I
734 927 106 30 proceed
857 930 25 20 to
898 927 39 31 lay

91 960 85 23 before
195 968 39 23 my
254 961 85 22 reader
358 968 26 15 so
404 961 72 23 much
495 969 26 14 as
541 961 19 22 is
581 961 87 22 known
691 961 28 22 of
736 961 41 22 the
797 960 96 23 Arthur
912 960 27 24 of

91 994 102 31 history.
217 994 92 32 Meirig
321 1002 30 23 ap
360 994 122 32 Tewdrig,
493 1002 14 15 a
519 995 83 30 prince
616 994 27 22 of
653 994 41 23 the
708 994 106 23 Silurian
829 994 107 28 Britons,

90 1027 82 23 whose
190 1031 105 27 country
311 1029 20 21 is
352 1036 53 15 now
423 1036 15 14 a
455 1031 55 28 part
528 1027 28 24 of
572 1027 79 24 South
665 1027 91 28 Wales,
769 1027 107 23 towards
896 1028 40 23 the

90 1061 65 23 close
174 1061 27 23 of
218 1061 40 23 the
277 1061 54 23 fifth
350 1064 103 28 century
471 1061 88 23 visited
579 1061 129 27 Cornwall,
727 1061 128 23 inhabited
874 1061 32 32 by
923 1069 15 16 a

90 1094 88 32 people
192 1094 27 23 of
230 1094 103 24 kindred
352 1096 135 22 extraction
504 1095 50 23 and
571 1095 121 31 language
705 1095 58 22 with
782 1094 41 23 the
842 1096 95 22 natives

90 1127 29 24 of
137 1127 90 28 Wales,
249 1129 47 22 and
320 1129 85 22 united
427 1129 58 22 with
509 1128 67 23 them
598 1129 24 22 in
644 1136 46 15 one
712 1136 113 15 common
848 1128 88 32 league

90 1162 95 31 against
198 1162 41 23 the
252 1161 101 24 Saxons.
389 1162 99 31 During
501 1162 36 23 his
551 1165 51 28 stay
617 1162 24 22 in
658 1161 129 28 Cornwall,
802 1170 15 15 a
829 1170 43 16 son
886 1171 49 15 was

90 1196 61 23 born
172 1199 25 19 to
219 1195 92 32 Meirig
331 1199 25 20 at
377 1204 14 14 a
412 1196 69 30 place
503 1195 77 24 called
598 1195 121 31 Tindagel
729 1205 6 18 ;
753 1196 55 23 that
825 1204 43 15 son
888 1204 48 16 was

90 1229 121 23 Arthur.*
249 1229 35 23 Of
293 1230 37 22 his
345 1229 131 24 childhood
492 1230 45 22 and
554 1229 77 30 youth
653 1230 104 29 nothing
773 1230 126 24 authentic
916 1232 20 22 is

90 1262 98 24 known.
224 1262 48 24 His
284 1263 80 23 father
377 1263 98 31 Meirig,
489 1263 23 23 in
526 1263 179 24 consideration
721 1263 28 23 of
760 1264 37 22 his
814 1264 122 23 influence

90 1303 27 16 or
134 1296 37 23 his
189 1296 112 29 abilities,
315 1297 47 23 had
375 1297 62 23 been
451 1297 88 23 chosen
559 1297 155 31 Pendragon,
727 1304 28 16 or
772 1297 62 23 head
852 1298 28 22 of
895 1298 40 23 the

90 1330 161 31 confederacy
278 1330 28 23 of
332 1330 90 23 British
452 1331 102 30 princes.
598 1330 40 23 On
669 1331 36 22 his
728 1330 102 24 father's
853 1331 82 28 death,

90 1363 103 28 Arthur,
211 1367 25 19 at
253 1371 30 15 an
302 1364 66 32 early
382 1372 52 24 age,
448 1372 48 15 was
514 1364 33 32 by
560 1364 40 23 the
620 1371 112 16 common
752 1365 70 23 voice
841 1365 93 24 elected

90 1397 37 22 his
145 1405 133 14 successor.

142 1430 148 24 Coronation
311 1432 148 23 ceremonies
478 1431 85 24 twelve
581 1431 112 24 hundred
711 1440 72 23 years
802 1432 39 25 old
862 1441 40 16 are
921 1441 13 15 a

89 1464 84 30 rarity.
192 1464 168 32 Churchyard,
374 1466 24 22 in
412 1465 37 24 his
483 1465 152 24 Worthiness
647 1465 28 24 of
805 1467 44 23 has
861 1467 73 29 given

367 1538 13 14 *
395 1539 72 21 Camb.
477 1538 56 23 Plut.
542 1545 22 20 p.
573 1539 19 22 1.
602 1540 38 21 &c.
