1023 1619
916 88 33 22 35

467 96 124 14 BARDISM.

103 151 125 32 slaughter
241 152 28 23 of
279 153 121 30 prisoners
412 152 28 24 of
449 162 49 14 war
510 154 19 22 is
543 154 205 28 indiscriminate;
766 155 42 23 the
825 155 83 23 victim
926 154 26 24 of

103 184 40 24 the
157 186 110 23 sacrifice
280 186 19 23 is
313 187 39 22 the
366 195 126 22 preserver
504 186 28 24 of
542 188 41 22 the

155 218 54 24 The
229 220 95 30 picture
346 220 77 23 which
444 221 40 22 the
505 221 137 23 celebrated
663 222 116 22 historian
801 225 108 28 presents
931 222 18 22 is

102 251 118 32 designed
234 257 24 20 to
273 254 89 30 inspire
374 254 86 23 horror
473 254 48 23 and
538 255 102 29 disgust,
658 255 48 23 and
726 255 23 23 in
768 255 41 23 the
827 255 80 23 minds
926 255 26 23 of

103 290 64 19 most
179 287 29 23 of
218 295 35 20 us,
268 288 102 30 reading
389 288 56 23 with
462 288 94 23 Roman
575 296 63 23 eyes,
653 289 19 22 it
690 289 42 22 has
750 289 63 22 done
832 297 35 14 so.
904 289 48 22 Yet

102 320 20 23 is
135 320 68 24 there
218 329 31 15 no
262 321 97 23 honour
377 322 48 22 due
444 325 25 19 to
488 322 69 22 those
577 322 53 22 who
649 322 110 31 struggle
777 322 135 31 hopelessly
927 322 23 22 in

103 353 129 24 freedom's
245 363 73 15 cause
328 355 11 23 ?
377 355 52 23 Can
444 363 31 15 no
488 355 128 32 sympathy
627 355 31 22 be
671 355 103 23 claimed
788 355 34 23 for
833 364 54 14 men
896 355 54 23 who

103 395 63 23 pour
179 393 43 18 out
239 389 63 22 their
313 388 63 24 life's
395 388 73 24 blood
487 392 25 20 to
532 389 65 31 repel
616 389 41 23 the
676 389 78 30 proud
773 389 99 23 invader
890 389 61 22 from

103 421 64 23 their
191 422 82 32 happy
295 422 84 24 shores
389 423 10 23 ?
446 422 57 23 And
525 423 24 22 in
575 423 40 22 the
640 422 47 32 day
712 422 27 23 of
761 422 190 32 overwhelming

104 455 123 32 calamity,
242 457 80 23 where
335 456 88 23 should
441 457 65 30 they,
521 457 40 22 the
579 456 151 26 instructors,
743 456 41 22 the
802 456 93 31 guides,
911 456 41 23 the

105 490 158 27 counsellors,
277 491 41 22 the
331 490 95 23 faithful
440 489 90 24 friends
543 490 47 23 and
608 489 158 27 benefactors,
780 490 81 22 whose
880 489 72 23 noble

104 522 92 24 lessons
209 524 138 23 inculcated
362 532 72 23 every
448 532 120 22 generous
581 524 137 26 sentiment,
733 523 94 23 trained
841 527 24 19 to
879 531 72 23 every

103 557 84 30 manly
201 559 87 26 virtue,
291 572 33 3 —
327 558 78 22 where
419 557 87 23 should
520 558 58 29 they
593 558 29 22 be
637 557 76 23 found
727 560 25 20 at
764 558 40 22 the
818 557 47 23 last
881 557 71 22 stand

103 590 38 24 for
161 591 42 23 life
224 592 48 22 and
293 591 100 30 liberty,
415 592 44 22 but
480 591 24 22 in
526 591 39 23 the
587 591 74 23 midst
682 590 28 24 of
729 591 63 23 their
812 590 94 31 people,
927 595 25 18 to

103 625 91 30 inspire
214 632 105 24 courage
339 625 33 31 by
390 625 63 23 their
471 632 123 23 presence,
614 625 47 23 and
680 625 50 22 seal
748 625 41 23 the
807 625 66 23 truth
895 624 57 23 with

103 659 64 22 their
180 659 142 30 examples?
355 659 53 22 The
422 659 100 27 Druids,
537 659 75 31 dying
625 658 36 23 for
673 658 63 23 their
748 659 72 22 altars
831 659 46 22 and
891 658 61 22 their

103 692 93 27 homes,
210 687 56 28 died
280 693 40 22 the
334 692 71 23 death
426 692 28 23 of
465 692 41 23 the
524 692 125 31 righteous
661 702 5 17 ;
685 692 40 22 the
743 691 111 32 martyr's
872 699 80 15 crown

104 727 20 22 is
136 726 75 23 theirs
214 741 27 3 —
247 726 42 24 the
302 735 110 21 memory
426 725 27 24 of
464 726 41 23 the
513 725 54 31 just
578 726 20 22 is
611 725 103 23 blessed.

298 802 12 12 *
326 802 99 24 Knight's
436 801 42 20 Old
488 801 101 25 England,
600 800 41 19 vol.
652 800 14 19 i.
677 807 20 18 p.
710 799 17 20 7.
