1023 1619
80 115 31 22 22

438 123 125 16 BARDISM.

81 182 151 30 supposition
241 181 40 23 the
289 181 121 32 following
418 186 105 20 account
529 183 18 22 is
560 182 73 30 given
636 194 32 4 —
670 180 132 23 wonderful
810 179 19 24 if
837 183 53 21 true
892 194 34 5 —

82 215 53 22 that
153 215 75 22 about
244 215 160 23 Midsummer
422 216 41 23 the
479 216 87 23 snakes
579 218 156 28 congregate,
748 215 70 22 when
828 214 97 31 joining

82 248 63 23 their
164 248 74 23 heads
256 249 118 31 together,
393 249 47 23 and
455 250 84 31 giving
555 257 14 15 a
581 248 175 23 simultaneous
769 248 56 27 hiss,
840 256 13 15 a
867 244 57 26 kind

81 282 29 23 of
120 282 90 23 bubble
221 283 19 21 is
252 282 91 24 formed
353 291 29 15 on
393 283 40 23 the
447 284 61 22 head
521 282 26 24 of
557 291 45 15 one
616 282 28 24 of
655 282 65 23 them
731 292 5 17 ;
754 289 31 15 on
799 281 78 24 which
890 282 36 22 his

81 317 109 31 opposite
204 316 136 32 neighbour
353 317 89 31 having
455 318 82 22 drawn
551 316 79 32 along
643 316 93 26 breath,
751 316 67 30 gives
834 324 14 15 a
867 315 58 24 loud

82 351 57 28 hiss,
153 350 48 24 and
214 351 40 22 the
267 351 99 26 bubble,
380 353 43 20 not
436 351 118 30 choosing
571 353 24 21 to
617 353 52 28 stay
685 353 25 19 to
729 349 31 23 be
780 349 104 23 insulted
901 350 24 22 in

81 385 47 22 this
141 392 109 20 manner,
267 392 58 15 runs
338 384 71 31 along
422 386 42 22 the
477 384 117 31 serpent's
606 384 65 23 back
684 383 36 23 till
732 384 19 22 it
763 391 81 15 comes
856 383 36 23 off
901 386 24 20 at

81 420 41 22 the
134 419 50 27 tail,
198 418 46 23 and
259 418 66 27 then,
338 418 49 24 like
398 426 16 16 a
426 418 104 24 sensible
542 418 99 28 bubble,
656 418 58 23 does
729 420 43 20 not
785 418 75 26 burst,
883 417 43 23 but

81 453 73 30 keeps
166 453 30 22 its
210 453 73 30 shape
297 452 46 23 and
354 453 161 29 consistency,
529 452 47 23 and
590 452 68 23 when
673 452 18 23 it
703 451 43 23 has
757 451 99 24 become
867 450 59 23 hard

82 486 32 32 by
139 494 119 23 exposure
280 490 24 18 to
326 486 39 22 the
391 486 106 24 weather
520 486 130 22 resembles
674 492 15 16 a
709 485 63 31 glass
791 486 54 30 ring
855 494 5 17 ;
879 485 47 23 and

81 521 140 22 whosoever
232 519 63 23 finds
308 520 18 23 it
339 520 47 23 will
399 528 101 24 prosper
513 520 23 22 in
550 519 30 23 all
595 519 35 23 his
644 519 80 23 future
736 519 176 30 undertakings
921 527 5 14 :

81 562 14 14 a
108 553 74 23 result
195 553 88 31 clearly
298 554 109 31 showing
421 563 30 14 no
464 553 94 31 affinity
567 558 24 19 to
605 554 63 23 exist
677 553 109 23 between
798 553 68 23 these
878 552 48 23 and

81 596 46 14 our
139 588 99 22 modern
260 587 108 23 bubbles.
405 588 54 23 The
471 587 150 31 supposition
637 587 53 23 that
702 587 40 23 the
761 587 73 23 Glain
849 585 77 24 Neidr

81 629 48 15 was
142 629 29 15 an
185 621 111 23 artificial
315 622 104 29 product
435 622 19 22 is
470 622 72 23 much
557 629 66 15 more
636 621 116 30 probable
763 621 47 23 and
823 620 102 31 prosaic.

82 655 52 23 The
146 655 167 24 manufacture
327 663 47 15 was
391 663 13 16 a
420 658 78 21 secret
514 655 79 24 which
611 655 55 23 died
685 655 57 22 with
763 655 40 22 the
823 654 101 23 Druids.

83 689 78 23 These
177 693 80 19 stones
274 696 62 16 were
356 690 122 26 coloured,
497 696 67 16 some
584 689 79 27 white,
684 696 66 16 some
772 689 65 27 blue,
857 696 67 15 some

80 731 83 22 green,
169 723 47 22 and
224 723 80 22 others
313 723 80 28 white,
400 723 64 28 blue,
470 723 46 22 and
525 730 73 23 green
608 723 87 22 mixed.
714 722 54 23 The
775 722 76 23 Bards
860 729 64 16 wore

81 757 41 22 the
136 756 70 28 blue;
226 757 40 22 the
280 756 99 28 Druids,
394 757 40 22 the
448 757 86 27 white;
553 756 41 23 the
608 756 99 28 Ovates,
722 756 41 22 the
775 763 90 24 green;
882 756 41 22 the

80 790 107 23 scholars
208 798 63 15 wore
290 790 42 23 the
351 790 158 24 tri-coloured
530 794 89 19 stones.
654 789 53 23 The
728 793 127 19 ornament
875 797 49 15 was

81 824 151 30 symbolical.
268 823 53 23 The
334 828 103 27 serpent,
451 824 78 23 which
546 823 114 32 annually
674 827 61 20 casts
751 823 36 23 his
801 823 61 27 skin,
876 823 48 23 and

80 866 76 15 seems
166 861 25 20 to
199 862 82 19 return
294 861 26 19 to
332 866 14 14 a
356 858 89 23 second
456 858 85 31 youth,
553 866 49 15 was
610 857 119 32 regarded
738 858 32 29 by
779 858 41 22 the
829 856 94 23 Druids

80 900 25 15 as
119 900 14 15 a
145 891 92 32 symbol
253 891 28 23 of
299 893 149 26 renovation,
463 892 40 23 the
516 892 142 23 renovation
672 890 27 24 of
715 890 117 23 mankind
851 890 73 31 being

80 927 42 22 the
134 929 68 27 great
212 926 109 22 doctrine
334 930 36 19 set
382 925 64 24 forth
460 926 32 30 by
501 926 40 23 the
553 925 88 24 Bardic
649 926 151 29 mysteries.*
838 924 86 23 About

81 960 40 23 the
134 960 139 30 chain-ring
287 959 27 23 of
329 960 132 23 divination
476 967 65 16 worn
554 960 32 30 by
600 960 41 22 the
654 958 164 24 Arch-Druid
836 966 31 15 on
888 958 36 23 his

79 994 65 29 right
158 993 71 27 hand,
243 993 12 23 I
270 1000 44 16 can
332 1001 41 23 say
387 994 116 29 nothing;
525 993 44 23 Dr.
585 993 122 30 Meyrick,
729 1000 39 23 my
791 992 132 30 authority,

78 1027 68 30 gives
171 1027 18 22 it
212 1034 30 15 an
264 1027 62 22 Irish
352 1035 77 19 name,
452 1026 183 31 Iogh-Draoch.
680 1026 53 23 The
759 1025 164 24 Arch-Druid

79 1060 114 22 enforced
206 1060 133 22 obedience
350 1063 24 20 to
385 1060 35 22 his
431 1060 119 23 decisions
558 1060 33 31 by
599 1067 58 24 very
667 1060 120 30 stringent
796 1059 126 30 penalties.

289 1094 79 22 writes
382 1093 90 28 Cæsar,
575 1096 42 20 not
627 1093 70 23 abide
706 1093 32 31 by
749 1093 41 22 the
799 1096 124 24 sentence,

78 1127 108 23 whether
199 1127 30 22 he
242 1127 29 22 be
285 1127 24 22 in
322 1135 14 15 a
349 1127 82 31 public
444 1135 27 14 or
485 1127 94 31 private
597 1127 98 27 station,
708 1127 20 22 is
747 1126 130 23 forbidden
897 1130 25 19 to

78 1161 31 22 be
122 1164 97 27 present
232 1164 24 20 at
268 1160 40 23 the
321 1161 120 23 sacrifices
450 1165 24 18 to
487 1161 40 22 the
540 1161 68 31 gods.
647 1160 59 23 This
717 1160 25 27 is,
757 1161 22 21 in
790 1159 57 28 fact,
859 1160 64 23 their

78 1201 62 16 most
155 1202 83 15 severe
255 1195 70 22 mode
337 1194 28 23 of
382 1194 162 32 punishment,
559 1194 48 23 and
624 1194 68 23 those
709 1194 55 23 who
784 1194 61 23 have
860 1194 61 23 been

78 1228 55 23 thus
149 1228 225 23 excommunicated
393 1236 40 15 are
449 1228 57 23 held
522 1236 25 15 as
563 1228 103 31 impious
685 1229 48 22 and
752 1227 101 32 profane
863 1237 6 17 ;
890 1228 32 23 all

78 1262 72 23 avoid
167 1263 65 22 them
242 1271 5 18 ;
266 1270 32 15 no
315 1270 47 15 one
380 1262 47 23 will
446 1263 78 22 either
538 1265 64 20 meet
618 1270 27 15 or
664 1262 74 31 speak
752 1267 25 18 to
790 1262 75 28 them,
879 1262 44 23 lest

78 1296 57 30 they
153 1296 85 23 should
256 1296 93 23 receive
369 1296 128 23 detriment
517 1295 61 24 from
599 1296 64 23 their
682 1297 130 29 contagion
823 1306 5 17 ;
848 1303 74 24 every

78 1331 91 29 species
190 1329 27 24 of
236 1330 94 23 honour
347 1331 18 21 is
382 1330 115 23 withheld
517 1330 61 22 from
598 1330 67 23 them
675 1340 5 17 ;
702 1331 47 22 and
767 1330 21 23 if
804 1330 58 30 they
881 1337 41 16 are

77 1364 114 29 plaintiffs
212 1364 24 22 in
259 1371 13 15 a
282 1367 70 19 court
370 1363 28 23 of
413 1364 51 27 law,
480 1363 90 31 justice
591 1364 20 22 is
631 1364 86 22 denied
866 1363 56 23 Few

77 1397 80 22 would
174 1397 61 23 have
252 1397 40 23 the
309 1397 133 23 hardihood
463 1401 23 19 to
507 1397 69 23 incur
596 1397 46 23 this
659 1397 164 32 punishment,
845 1405 77 15 worse

77 1430 57 22 than
148 1431 52 22 that
212 1431 110 22 awarded
337 1435 24 18 to
374 1432 41 22 the
426 1431 101 31 original
540 1430 101 24 offence.
678 1431 134 23 Whatever
824 1439 56 22 may
892 1431 29 22 be

77 1463 104 32 thought
201 1464 28 23 of
242 1464 67 23 these
326 1464 122 24 defensive
466 1465 132 29 severities,
616 1465 116 31 designed
751 1464 38 24 for
807 1465 41 23 the
865 1472 56 23 pro-

326 1533 13 13 *
354 1534 83 19 Davies'
448 1535 129 24 Mythology,
588 1541 20 18 p.
619 1535 43 19 210.
