1023 1619
93 112 45 23 124

365 122 54 16 THE
433 123 89 15 WELSH
536 123 118 15 CHURCH.

88 183 25 19 to
133 180 66 22 them
221 180 129 23 extensive.
394 180 29 24 In
443 190 98 23 process
562 181 29 23 of
610 181 65 26 time,
702 187 25 15 as
748 185 68 16 more
840 175 94 24 church

89 213 208 23 accommodation
319 222 47 15 was
391 216 120 30 required,
534 215 97 31 chapels
653 213 29 24 of
699 220 54 16 ease
775 218 64 16 were
864 209 70 29 built,

89 247 84 22 served
188 247 31 31 by
233 251 94 19 curates
344 249 129 30 appointed
492 249 30 30 by
536 249 41 22 the
591 247 143 23 incumbent
746 245 28 23 of
785 245 40 23 the
840 244 95 23 mother

89 280 101 24 church.
227 280 38 23 To
277 281 66 23 these
363 282 97 31 chapels
477 282 28 23 of
520 290 62 20 ease,
597 281 106 23 districts
717 287 62 15 were
793 278 141 24 afterwards

89 314 120 31 assigned.
247 314 52 24 The
318 314 108 25 minister
442 315 28 23 of
482 316 41 22 the
542 315 95 22 district
655 315 100 22 became
777 320 13 15 a
809 312 125 31 perpetual

90 353 82 18 curate
181 357 5 17 ;
208 347 37 23 his
263 349 94 30 stipend
376 357 48 15 was
442 349 57 30 paid
518 349 79 22 either
614 351 44 20 out
675 346 28 24 of
719 347 41 22 the
773 346 72 23 tithes
859 346 27 22 of
899 346 35 22 his

89 382 94 23 district
195 390 28 15 or
236 382 22 22 in
271 390 88 24 money
372 383 32 30 by
418 383 41 22 the
476 382 143 23 incumbent
637 381 29 23 of
682 381 40 23 the
741 380 79 32 parish
834 379 100 24 church.

90 415 80 24 These
188 423 40 15 are
252 416 52 22 said
321 419 25 20 to
363 416 30 23 be
411 416 109 30 parishes
542 415 28 23 of
588 415 41 23 the
647 415 78 23 oldest
745 414 142 24 foundation
909 414 24 23 in

89 449 90 24 Wales.
216 449 54 24 The
289 450 94 23 district
402 449 29 24 of
446 449 123 28 Nantmel,
589 448 176 28 Radnorshire,
783 449 19 22 is
820 448 71 30 given
908 456 26 15 as

89 491 29 15 an
141 484 117 27 instance,
281 483 78 23 which
379 483 109 23 includes
507 484 40 22 the
566 483 92 23 several
676 483 115 30 parishes,
811 482 122 28 Nantmel,

89 517 178 31 Llanfihangel,
279 516 114 32 Llanyre,
404 517 48 22 and
464 517 138 32 Rhayader.
641 517 114 22 Nantmel
766 517 19 22 is
798 524 14 15 a
821 517 112 30 vicarage

89 550 22 23 in
127 551 40 22 the
186 556 132 26 patronage
337 550 28 23 of
376 551 39 22 the
437 550 89 32 Bishop
544 550 29 23 of
587 550 37 25 St.
639 550 110 28 David's,
763 550 169 31 Llanfihangel

89 584 47 23 and
151 584 132 31 Rhayader
295 592 41 15 are
354 584 126 31 perpetual
497 584 108 23 curacies
624 584 23 22 in
665 584 41 23 the
718 583 45 32 gift
775 583 79 23 ofthe
867 584 67 22 vicar

89 617 28 24 of
134 617 123 29 Nantmel,
279 618 47 23 and
346 618 40 23 the
404 618 116 31 chapelry
540 618 29 22 of
583 617 107 32 Llanyre
708 618 20 22 is
747 617 82 23 vested
849 618 22 22 in
891 617 41 23 the

89 652 66 23 vicar
179 651 102 24 himself.
326 651 81 23 There
431 660 41 15 are
496 651 50 23 also
570 659 131 15 numerous
721 650 69 23 small
809 651 122 27 rectories,

89 686 77 22 which
189 694 40 14 are
248 685 143 31 principally
409 684 76 24 found
504 685 23 22 in
548 684 40 24 the
608 685 115 23 southern
744 688 53 28 part
816 684 28 23 of
860 684 71 23 Pem-

89 719 148 27 brokeshire,
251 720 22 21 in
293 719 41 22 the
353 719 51 22 vale
422 718 27 23 of
464 718 158 31 Glamorgan,
635 718 47 23 and
696 727 30 14 on
741 719 39 22 the
795 718 100 23 borders
908 717 28 24 of

90 752 128 30 England;
237 753 67 23 these
316 760 62 15 were
392 752 103 23 founded
510 753 32 29 by
553 752 41 23 the
608 751 121 24 Normans
738 752 47 23 and
800 752 130 30 Flemings,

90 787 54 22 who
162 786 105 30 thought
284 793 15 16 a
316 786 92 23 church
427 787 63 29 spire
508 793 28 15 or
554 789 75 20 tower
647 793 14 15 a
679 789 67 26 great
765 789 126 20 ornament
905 789 26 20 to

92 820 62 23 their
172 820 132 28 demesnes,
323 820 46 22 and
388 819 65 23 liked
472 824 25 18 to
516 819 60 23 have
596 826 13 16 a
629 820 108 22 minister
755 819 27 23 of
799 819 56 24 God
874 826 59 16 near

90 854 75 22 them.
208 854 99 22 Besides
328 853 119 23 churches
464 853 48 23 and
536 852 105 31 chapels,
661 853 68 23 there
748 860 63 16 were
831 860 14 16 a
865 856 69 27 great

92 895 69 24 many
177 887 64 27 cells,
259 887 123 27 oratories,
398 887 48 22 and
463 887 155 30 hermitages,
631 894 58 23 very
702 886 46 23 few
762 886 28 23 of
799 886 77 23 which
893 894 40 15 are

91 929 54 14 now
164 920 49 24 left.
249 920 54 23 The
321 920 77 32 prefix
442 920 47 23 llan
534 928 48 14 was
600 920 52 23 first
667 920 96 30 applied
777 923 24 20 to
815 920 119 22 churches

91 955 48 22 and
164 954 96 31 chapels
284 954 131 32 generally,
465 953 68 32 capel
582 957 25 19 to
631 953 97 32 chapels
758 953 30 23 of
808 961 54 15 ease
887 953 48 23 and

93 989 124 26 oratories,
255 988 93 31 betwys
383 992 25 19 to
422 988 103 30 chapels,
540 987 47 23 and
602 987 122 23 benefices
741 986 29 24 of
783 987 47 23 late
847 986 87 24 found-

92 1022 73 23 ation.
210 1022 142 23 Sometimes
372 1021 69 31 capel
460 1022 46 22 and
529 1021 93 30 betwys
643 1029 41 15 are
704 1025 44 27 put
770 1021 119 31 together,
910 1029 25 15 as

94 1055 74 31 Capel
188 1055 97 31 Betwys
304 1055 95 27 Lleicu,
420 1054 195 32 Cardiganshire.

144 1089 51 23 The
209 1089 73 22 saints
295 1091 25 20 to
333 1088 79 22 whom
426 1088 39 22 the
482 1091 105 28 greatest
606 1087 103 23 number
721 1086 29 24 of
762 1087 119 24 churches
895 1096 40 15 are

92 1122 127 23 dedicated
241 1130 40 14 are
303 1121 34 23 St.
358 1121 73 31 Mary
451 1121 40 23 the
514 1120 93 31 Virgin,
628 1121 36 23 St.
686 1120 116 29 Michael,
825 1122 48 22 and
900 1121 35 24 St.

92 1156 89 23 David.
229 1154 53 23 The
308 1154 118 23 churches
450 1154 127 23 dedicated
602 1157 25 20 to
653 1154 35 23 St.
714 1154 74 33 Mary
807 1163 41 15 are
873 1160 64 19 most

93 1196 128 16 numerous
235 1189 22 22 in
268 1188 40 23 the
319 1188 101 30 English
434 1188 47 22 and
495 1187 104 24 Flemish
613 1189 157 29 possessions.
807 1189 128 24 Churches

92 1224 24 22 in
130 1224 93 22 honour
237 1221 27 24 of
275 1222 35 23 St.
326 1221 71 30 Mary
411 1229 62 15 were
486 1221 96 23 erected
595 1221 145 32 principally
750 1223 23 22 in
786 1223 42 22 the
842 1223 92 23 twelfth

93 1260 111 26 century,
218 1256 31 31 by
262 1255 41 24 the
321 1254 119 23 influence
459 1254 27 23 of
500 1255 41 23 the
558 1254 171 29 Cistercians,*
744 1256 41 23 the
803 1259 64 20 most
881 1264 54 23 pre-

93 1290 80 22 valent
192 1290 70 22 order
279 1289 24 22 in
318 1288 87 26 Wales,
420 1288 54 22 who
491 1288 60 23 have
567 1295 30 16 an
610 1289 104 30 especial
728 1290 113 22 devotion
856 1294 24 19 to
894 1290 41 23 the

92 1323 100 24 Blessed
205 1322 77 31 Lady.
319 1321 35 24 St.
370 1321 107 23 Michael
490 1329 47 15 was
556 1329 14 15 a
582 1326 70 26 great
664 1322 122 24 favourite
799 1324 24 22 in
838 1323 83 24 Wales
929 1334 6 18 ;

93 1357 40 23 the
152 1356 118 23 churches
288 1355 126 23 dedicated
433 1358 24 19 to
475 1355 49 22 him
539 1362 40 16 are
592 1356 78 22 stated
684 1361 25 18 to
723 1356 61 24 have
796 1357 62 23 been
873 1357 63 24 built

93 1390 90 30 during
196 1390 40 22 the
249 1389 50 22 first
317 1388 53 23 half
385 1388 27 22 of
425 1389 40 22 the
484 1389 69 22 ninth
574 1393 110 28 century.
721 1390 81 24 There
816 1399 40 16 are
870 1391 65 31 forty

93 1423 117 23 churches
222 1422 48 23 and
282 1422 103 23 thirteen
398 1422 99 30 chapels
509 1422 128 24 dedicated
652 1427 24 19 to
691 1422 36 25 St.
740 1424 93 29 David,
845 1426 49 23 and
911 1424 28 24 of

93 1457 64 23 them
177 1460 42 19 not
238 1463 44 16 one
300 1456 23 22 in
343 1455 79 23 North
436 1450 92 28 Wales.
564 1456 29 22 In
613 1456 41 24 the
674 1458 102 29 original
796 1459 98 24 diocese
911 1458 28 25 of

347 1527 12 14 *
373 1528 121 20 Williams's
506 1528 83 27 Cymry,
600 1537 21 18 p.
633 1531 45 19 185.
