1023 1619
366 110 55 16 THE
435 110 91 16 WELSH
541 110 116 16 CHURCH.

883 101 46 26 105

88 167 108 24 distance
210 175 29 15 on
254 167 40 24 the
307 167 65 32 slope
390 168 27 23 of
430 176 13 15 a
456 169 50 27 hill,
519 169 77 22 which
612 169 41 22 hid
672 169 50 22 him
734 168 63 23 from
812 169 41 23 the
866 169 65 31 sight

88 201 76 23 ofthe
177 209 95 24 enemy.
310 202 43 22 All
372 202 79 22 would
470 202 61 23 haye
550 211 63 22 gone
629 202 61 28 well,
705 203 46 22 had
768 207 43 19 not
823 211 65 15 some
906 203 27 23 of

88 235 40 23 the
148 235 94 28 monks,
263 235 23 22 in
306 236 62 22 their
387 236 111 30 patriotic
517 237 90 22 ardour
624 240 25 19 to
668 237 77 22 watch
764 237 42 23 the
824 238 105 28 combat,

87 269 121 31 appeared
221 277 30 14 on
266 269 40 23 the
320 273 41 27 top
375 269 28 23 of
412 270 41 23 the
466 270 50 22 hill.
554 270 53 23 The
628 269 79 24 Saxon
724 270 59 32 king
795 279 47 14 saw
856 271 72 27 them,

88 303 47 22 and
149 311 30 14 on
193 303 97 32 inquiry
309 303 94 32 finding
416 304 53 22 who
486 304 58 31 they
558 312 69 19 were,
641 304 102 23 ordered
762 304 36 22 his
810 307 82 28 troops
906 308 24 20 to

88 337 83 23 attack
189 337 81 27 them;
290 337 143 27 Broehwell,
451 337 159 31 unprepared,
628 346 61 22 gave
707 346 61 22 way,
785 339 47 22 and
845 342 43 20 out
906 338 27 24 of

88 370 87 23 twelve
193 371 111 23 hundred
323 371 122 30 religious,
458 374 42 20 not
519 379 65 15 more
602 372 58 22 than
678 371 51 31 fifty
747 372 110 30 escaped.
895 373 36 22 As

88 407 26 20 to
127 403 89 32 calling
229 412 14 15 a
256 405 71 22 death
347 405 47 22 like
410 405 47 22 this
469 412 13 15 a
491 404 138 31 judgment,
643 406 18 22 it
674 406 18 21 is
706 405 106 30 scarcely
826 406 104 29 possible

88 440 26 21 to
133 439 115 22 conceive
266 446 47 23 any
327 439 192 22 consummation
539 438 28 23 of
581 446 13 16 a
613 439 55 30 holy
683 439 40 23 life
742 446 65 16 more
823 439 107 30 glorious

89 472 57 22 than
161 476 25 19 to
200 471 40 24 fall
254 472 116 31 invoking
389 473 40 22 the
448 472 105 31 blessing
570 472 26 23 of
612 472 100 23 Heaven
727 480 30 15 on
771 473 41 22 the
824 473 106 22 national

89 512 72 20 arms,
177 506 152 22 unsheathed
348 506 23 22 in
390 506 41 22 the
450 513 71 15 cause
541 506 28 22 of
584 506 65 30 right
667 506 47 22 and
729 506 88 29 justice
836 506 94 30 against

89 539 140 31 oppression
243 539 46 22 and
303 547 90 22 wrong.
430 539 53 22 The
498 539 85 22 monks
602 539 27 22 of
646 539 99 30 Bangor
756 547 63 14 were
832 539 97 31 slaugh-

89 573 75 27 tered,
181 573 43 22 but
242 572 97 31 enough
357 577 72 17 stress
447 572 19 22 is
484 576 42 18 not
544 572 48 22 laid
612 580 29 14 on
662 573 39 21 the
719 572 142 23 instructive
880 572 49 23 fact

88 606 53 23 that
155 607 38 22 the
209 606 93 23 Saxons
315 614 61 14 were
390 605 118 28 defeated,
509 619 34 3 —
544 606 57 30 they
620 605 46 23 lost
684 606 40 22 the
744 605 55 30 day.
837 605 36 23 Of
889 606 40 23 the

88 644 48 18 two
149 641 75 29 signs,
236 640 40 22 the
289 640 57 26 first,
359 639 83 30 giving
455 639 65 29 sight
533 643 24 18 to
570 639 41 22 the
624 639 75 27 blind,
710 647 47 14 was
770 647 29 14 an
813 640 116 22 evidence

88 673 28 23 of
131 673 40 22 the
186 681 114 22 presence
317 672 27 23 of
359 680 81 23 power
450 682 5 17 ;
476 672 41 23 the
530 672 97 27 second,
643 672 108 31 refusing
770 676 25 19 to
813 673 54 26 rise,
881 681 48 15 was

88 715 28 15 an
131 707 115 22 evidence
260 706 27 23 of
301 706 41 23 the
360 706 104 22 absence
478 705 26 23 of
519 706 119 31 humility.
675 705 53 24 The
740 706 89 23 second
844 715 46 14 was
903 715 25 15 as

87 741 63 30 good
164 748 25 15 as
203 740 40 23 the
261 740 60 27 first,
336 740 56 27 and,
406 740 96 31 coming
516 739 52 27 last,
583 740 46 22 had
642 739 40 23 the
696 740 142 31 advantage.
875 740 53 23 The

87 774 74 30 Pope,
185 773 158 31 Augustine's
363 774 134 30 sovereign,
522 773 159 23 commanded
707 774 49 22 him
780 777 26 19 to
828 782 31 22 go
881 774 47 23 and

86 808 72 23 brills'
177 808 40 23 the
237 807 90 23 British
348 807 126 23 Churches
491 808 50 21 into
559 808 170 25 communion;
754 807 30 22 he
803 811 63 19 went
881 808 47 23 and

86 842 69 23 made
170 842 39 22 the
222 844 109 27 attempt,
344 841 31 22 he
388 841 72 23 could
474 841 30 22 do
519 848 30 15 no
562 840 53 23 less.
652 841 52 22 The
723 840 91 24 British
828 842 100 23 Church

86 876 70 22 stood
170 883 29 15 on
217 875 43 23 her
276 875 83 31 rights,
374 875 42 23 she
435 874 72 23 could
525 874 62 23 have
606 874 62 23 done
686 881 32 16 no
736 874 54 24 less.
828 874 102 24 Neither

85 909 50 21 side
147 909 19 21 is
178 914 25 16 to
216 909 86 21 blame.

138 942 52 23 The
204 950 155 23 repugnance
367 942 29 23 of
405 942 41 22 the
460 942 89 22 British
564 944 25 20 to
602 942 41 22 the
657 949 87 24 usages
756 941 76 23 ofthe
846 941 81 23 Saxon

86 975 100 24 Church
204 976 131 23 continued
355 976 122 22 unabated
501 975 117 31 certainly
639 979 24 19 to
684 975 40 23 the
750 975 63 23 close
835 975 28 22 of
887 976 40 22 the

85 1011 99 22 seventh
204 1014 102 27 century
317 1019 5 17 ;
341 1010 68 22 there
424 1010 18 21 is
455 1012 84 20 extant
556 1017 14 14 a
586 1009 77 27 letter,
677 1009 95 22 written
786 1009 23 22 in
823 1009 57 27 692,
894 1009 33 31 by

86 1044 114 26 Adhelni,
214 1044 140 22 afterwards
375 1043 89 30 Bishop
479 1042 28 23 of
522 1042 147 28 Sherborne,
684 1042 122 32 curiously
823 1043 104 23 illustra-

85 1078 48 23 tive
147 1078 28 23 of
185 1078 40 22 the
237 1078 105 30 existing
354 1077 143 22 differences
508 1085 5 14 :
532 1076 42 23 the
587 1077 81 22 writer
680 1085 47 14 was
740 1080 25 19 at
778 1077 51 22 that
842 1077 58 22 time
913 1085 14 15 a

88 1110 81 24 Saxon
188 1112 81 29 priest.
330 1110 52 23 The
398 1111 86 30 priests
497 1110 28 23 of
539 1111 40 22 the
593 1110 120 27 Demetæ,
730 1118 27 14 or
778 1110 149 24 South-west

85 1145 92 28 Wales,
191 1145 136 30 inhabiting
337 1144 97 31 beyond
448 1144 40 23 the
499 1144 46 30 bay
556 1143 28 23 of
596 1143 100 28 Severn,
709 1144 46 22 doe
768 1144 159 31 exceedingly

85 1179 91 23 abhorr
193 1179 155 23 communion
367 1178 57 23 with
438 1185 34 19 us,
487 1178 127 22 insomuch
631 1178 54 22 that
702 1177 57 31 they
773 1177 47 22 will
834 1178 93 23 neither

82 1212 60 31 joyn
156 1213 22 22 in
193 1219 88 24 prayer
295 1212 56 23 with
365 1220 27 14 us
405 1212 23 22 in
442 1212 40 22 the
502 1212 100 27 church,
617 1218 44 15 nor
679 1215 67 19 enter
765 1212 51 21 into
834 1212 93 30 society

86 1246 58 22 with
157 1254 28 14 us
198 1249 24 19 at
235 1246 40 22 the
288 1246 63 22 table
363 1255 5 17 ;
387 1252 52 24 yea,
453 1252 133 19 moreover,
600 1245 41 22 the
656 1244 131 30 fragments
800 1244 78 23 which
892 1252 35 16 we

85 1279 68 23 leave
166 1279 60 23 after
238 1279 115 22 refection
374 1279 57 30 they
451 1278 47 23 will
512 1281 42 20 not
567 1279 81 26 touch,
663 1279 44 21 but
720 1281 50 20 cast
783 1278 64 22 them
858 1281 25 20 to
896 1279 31 22 be

85 1313 123 23 devoured
221 1313 32 31 by
267 1312 77 32 doggs
363 1312 46 22 and
429 1312 101 22 unclean
550 1312 83 22 swine.
670 1311 53 23 The
742 1318 75 23 cupps
836 1312 49 22 also
902 1312 24 22 in

85 1347 79 22 which
186 1354 34 15 we
240 1347 60 21 have
321 1345 80 23 drunk
422 1345 58 31 they
501 1345 48 23 will
570 1349 43 18 not
632 1345 69 22 make
721 1352 41 15 use
776 1344 31 28 of,
821 1345 35 22 till
870 1345 57 32 they

84 1380 63 24 liave
165 1380 94 23 rubbed
277 1380 47 22 and
337 1379 110 23 cleansed
465 1379 65 22 them
548 1378 58 23 with
622 1378 57 23 sand
699 1386 27 14 or
745 1378 76 22 ashes.
857 1378 70 33 They

84 1414 81 23 refuse
180 1414 30 22 all
229 1413 57 24 civil
304 1413 149 26 salutations,
467 1420 27 15 or
511 1416 25 18 to
555 1412 55 30 give
629 1420 28 14 us
675 1411 41 23 the
734 1411 63 23 kisse
816 1411 28 24 of
857 1413 69 30 pious

84 1448 137 31 fraternity,
242 1450 113 28 contrary
375 1450 24 19 to
418 1446 40 22 the
481 1445 124 32 Apostle's
623 1449 109 27 precept,
755 1447 5 11 '
773 1445 83 24 Salute
881 1455 45 15 one

83 1483 104 22 another
206 1481 57 24 with
285 1489 14 15 a
319 1480 56 31 holy
398 1479 79 23 kisse.'
514 1479 70 32 They
603 1479 47 22 will
668 1483 42 19 not
722 1479 75 23 afford
812 1488 27 14 us
853 1484 74 20 water

83 1516 49 24 and
154 1524 14 15 a
188 1515 72 24 towel
278 1514 37 24 for
336 1522 44 16 our
399 1513 84 26 hands,
498 1521 44 15 nor
560 1522 14 15 a
592 1513 83 23 vessell
695 1516 23 21 to
735 1513 65 24 wash
813 1522 45 16 our
870 1516 55 22 feet.

483 1555 14 14 f
517 1548 14 21 2
