1023 1619
104 107 32 22 92

380 115 55 17 THE
450 118 89 14 WELSH
553 116 118 16 CHURCH.

105 174 118 29 opposite,
236 181 26 16 as
275 177 24 20 to
312 175 67 23 leave
392 176 35 23 his
441 177 74 26 mind,
527 176 53 22 who
594 175 18 22 is
627 174 83 23 bound
724 175 25 20 to
762 172 55 24 read
832 172 66 23 them
910 171 39 28 all,

106 207 24 22 in
148 214 16 16 a
183 210 61 20 state
265 208 29 22 of
310 217 57 23 very
385 209 192 24 uncomfortable
596 208 191 25 bewilderment,
805 207 100 30 tending
924 209 25 21 to

103 245 117 25 generate
232 248 15 15 a
258 241 88 32 feeling
364 243 28 22 of
406 244 113 26 distrust;
539 242 28 24 of
578 241 87 27 whicli,
680 241 120 26 however,
814 240 11 23 I
843 241 47 22 will
907 248 43 23 say

105 278 44 19 not
167 282 46 15 one
231 275 65 22 word
316 284 73 18 more,
402 276 37 23 for
452 277 11 23 I
477 276 80 23 would
577 280 42 18 not
638 274 35 23 for
689 274 42 23 the
745 274 74 23 world
838 274 52 23 that
908 274 41 23 the

105 308 87 23 reader
203 308 87 23 should
303 309 60 23 have
376 318 26 14 so
415 311 73 22 much
507 318 26 14 as
547 318 30 14 an
591 309 54 22 idea
658 308 64 23 what
735 308 99 23 distrust
846 308 20 22 is
879 308 70 22 while

105 341 32 24 he
150 342 19 22 is
183 342 55 22 with
253 350 44 15 me.
335 342 116 32 Happily,
466 343 10 23 I
496 352 37 14 am
553 346 43 20 not
615 342 112 31 required
746 346 25 18 to
790 350 32 22 go
840 342 50 22 into
909 341 40 23 the

105 376 98 31 general
217 377 112 30 question
346 376 28 23 of
390 378 40 22 the
450 377 90 22 British
556 377 133 23 Churches.
728 375 46 31 My
788 374 94 32 subject
899 376 19 22 is
937 383 14 15 a

105 410 78 30 single
209 410 99 24 Church
314 424 34 3 —
354 418 14 15 a
392 410 116 23 National
534 410 109 28 Church,
667 410 138 30 possessing
828 405 44 27 her
896 417 53 15 own

105 444 108 23 national
232 444 105 28 records,
357 443 28 24 of
387 457 34 4 —
422 452 68 23 pace,
511 444 95 23 Doctor
625 444 75 26 Giles,
720 444 47 22 and
784 446 63 20 most
866 442 27 24 of
905 451 45 15 our

106 477 103 31 English
218 478 80 23 critics
308 478 6 23 !
317 491 33 4 —
352 478 127 23 venerable
493 477 130 32 antiquity.
654 477 29 24 In
695 477 118 31 adopting
823 477 40 23 the
876 480 73 20 state-

105 514 80 20 ments
198 512 127 22 contained
344 512 23 22 in
385 512 67 22 these
472 512 104 28 records,
590 512 11 22 1
619 511 46 23 feel
681 512 52 22 that
749 511 10 23 1
773 519 39 15 am
825 510 124 31 following

105 544 51 23 safe
169 545 46 22 and
229 546 156 30 trustworthy
398 545 109 31 guides.*

157 578 28 23 In
208 579 40 22 the
269 578 139 32 eighteenth
430 579 75 22 Triad
526 587 36 15 we
584 579 61 22 have
666 579 67 22 three
754 578 56 32 holy
827 577 104 23 families
942 586 5 14 :

105 611 41 23 the
164 612 58 27 first,
264 613 40 22 the
321 612 81 32 family
418 612 28 23 of
466 612 61 23 Bran
546 613 39 22 the
605 612 101 27 blessed,
724 612 41 23 the
781 620 42 15 son
844 612 28 23 of
888 611 61 31 Llyr

105 644 121 24 Llediaith
236 655 6 17 ;
260 646 37 22 for
311 646 63 23 Bran
395 655 46 14 was
460 646 40 23 the
518 646 52 23 first
589 647 53 22 who
662 646 106 31 brought
786 646 41 22 the
847 645 58 23 faith
926 644 25 23 of

106 679 82 23 Christ
211 686 24 16 to
255 680 47 22 this
322 680 75 22 island
419 680 61 22 from
504 680 86 27 Rome,
610 680 79 23 where
710 679 29 23 he
757 687 47 15 was
827 680 22 21 in
866 679 81 31 prison

105 713 106 31 through
225 714 40 22 the
281 714 126 30 treachery
421 714 28 23 of
706 713 27 23 In
750 713 41 23 the
806 712 141 32 thirty-fifth

106 746 74 23 Triad
193 755 35 15 we
247 747 50 22 find
336 748 66 22 three
419 748 93 22 blessed
526 749 95 28 princes
638 747 28 23 of
676 747 40 23 the
733 747 48 23 Isle
800 746 27 24 of
839 746 93 23 Britain
942 755 5 14 :

105 780 60 28 first,
188 780 64 23 Bran
277 781 41 22 the
341 781 102 26 blessed,
464 788 43 16 son
532 781 28 23 of
581 781 61 29 Llyr
667 780 129 26 Lledimth,
818 780 53 23 who
896 780 53 23 first

105 814 108 30 brought
233 815 41 22 the
295 814 57 23 faith
373 814 27 23 of
415 814 82 24 Christ
515 818 25 20 to
558 815 42 22 the
618 814 145 23 Cambrians
781 813 63 24 from
861 814 87 27 Rome,

106 847 79 23 where
206 848 29 23 he
255 848 47 23 had
324 849 61 22 been
405 855 72 16 seven
498 856 79 22 years,
597 855 26 16 as
643 855 14 16 a
677 848 100 30 hostage
796 847 37 23 for
852 848 36 22 his
905 855 44 15 son

107 881 119 30 Caradog,
233 882 79 22 whom
323 882 40 22 the
374 882 106 22 Romans
490 885 44 27 put
544 882 23 22 in
579 882 88 30 prison,
674 882 62 22 after
748 882 73 30 being
830 881 119 30 betrayed

107 915 107 31 through
231 915 40 22 the
288 915 155 28 enticement,
463 915 85 27 deceit,
568 915 47 22 and
634 915 105 31 plotting
757 915 28 22 of
800 910 149 28 Cartisman-

214 948 52 23 The
305 948 143 32 Genealogy
463 948 76 23 ofthe
555 948 79 24 Saints
648 948 73 23 ofthe
734 948 48 23 Isle
795 948 28 23 of
834 949 93 22 Britain

106 985 73 19 states
192 982 52 22 that
285 981 73 28 Bran,
373 983 40 22 the
425 991 43 14 son
488 982 28 23 of
526 982 61 30 Llyr
600 982 132 28 Llediaith,
746 990 48 14 was
807 983 41 22 the
860 982 53 23 first
926 981 25 23 of

107 1015 40 23 the
162 1016 81 22 nation
263 1015 28 23 of
301 1016 40 22 the
355 1015 92 32 Cymry
460 1017 52 21 that
525 1017 127 22 embraced
673 1017 39 22 the
730 1015 59 23 faith
803 1016 23 22 in

106 1049 113 22 Another
231 1057 72 22 copy,
305 1063 34 3 —
441 1058 47 13 was
501 1050 40 22 the
555 1049 51 23 first
616 1050 54 22 who
684 1049 106 32 brought
804 1050 40 22 the
855 1049 93 24 Christ-

106 1082 37 22 ian
167 1082 58 23 faith
247 1086 23 19 to
292 1082 47 22 this
525 1083 54 22 The
598 1084 163 30 preservation
783 1083 28 23 of
825 1083 68 23 these
912 1091 37 15 re-

105 1115 124 23 markable
242 1115 61 23 facts
319 1116 19 22 is
357 1119 42 20 not
417 1120 24 19 at
457 1116 32 23 all
503 1117 134 30 surprising
647 1126 5 17 ;
672 1117 41 22 the
730 1117 104 30 especial
849 1117 61 30 duty
923 1116 28 23 of

105 1149 42 23 the
161 1149 75 22 Bards
249 1158 48 14 was
314 1152 25 20 to
356 1149 60 31 keep
429 1158 28 14 an
476 1150 125 23 authentic
616 1151 85 22 record
715 1151 137 29 respecting
866 1151 83 23 heroic

106 1183 100 27 actions,
220 1183 47 22 and
281 1184 143 29 everything
437 1183 27 23 of
474 1184 110 29 superior
595 1184 137 23 excellence
745 1183 27 23 of
783 1187 103 27 country
900 1185 49 22 and

106 1216 81 26 clan.f
225 1216 78 24 When
322 1217 19 22 it
357 1224 44 15 can
417 1218 29 22 be
459 1218 82 21 shown
557 1218 51 22 that
621 1218 68 23 there
703 1225 47 15 was
763 1225 47 23 any
823 1218 82 23 Greek
921 1225 28 16 or

107 1249 96 24 Roman
224 1249 152 31 functionary
396 1250 106 31 charged
522 1252 23 21 in
568 1258 13 15 a
602 1252 91 22 similar
710 1259 100 15 manner
828 1252 57 22 with
908 1252 41 22 the

106 1283 48 23 safe
167 1284 163 23 transmission
348 1283 27 24 of
385 1291 45 16 our
442 1287 68 28 great
525 1285 108 22 classical
651 1285 99 26 models,
764 1293 36 14 we
813 1285 48 22 will
878 1285 70 23 allow

107 1317 65 23 them
191 1321 23 19 to
234 1318 69 22 stand
322 1325 30 15 on
372 1325 29 15 an
420 1318 70 30 equal
511 1317 106 31 footing;
636 1318 37 23 till
688 1319 53 22 that
753 1327 44 14 can
811 1319 31 22 be
855 1319 93 28 shown,

107 1351 41 22 the
162 1351 83 22 Welsh
259 1351 87 22 Triads
364 1351 60 22 have
443 1352 41 22 the
502 1352 144 31 advantage.
683 1351 148 24 Caractacus
846 1353 47 22 and
912 1353 36 22 his

107 1384 84 30 family
205 1392 67 15 came
289 1388 25 19 to
328 1384 78 23 Rome
419 1392 51 15 a.d.
482 1385 30 22 51
526 1395 5 17 ;
551 1385 119 24 therefore
684 1386 71 26 Bran,
771 1386 40 23 the
831 1386 77 23 father
923 1385 28 24 of

107 1417 154 28 Caractacus,
279 1418 79 22 would
377 1419 61 22 have
454 1419 121 27 returned,
594 1420 114 31 bringing
725 1420 41 23 the
784 1420 57 31 glad
858 1420 90 31 tidings

107 1451 28 22 of
145 1451 40 22 the
198 1451 99 31 Gospel,
310 1452 75 22 about
398 1452 40 23 58.
476 1452 69 29 Now,
559 1453 17 23 it
593 1454 19 22 is
630 1454 82 23 rather
728 1462 13 14 a
757 1454 108 29 singular
882 1455 65 22 coin-

133 1520 13 14 *
160 1521 87 21 Ancient
257 1522 71 20 Welsh
339 1522 65 24 Laws,
415 1529 20 18 p.
446 1523 46 20 382.

602 1524 14 24 t
630 1524 120 20 Williams's
760 1523 83 26 Cymry,
855 1530 19 19 p.
885 1525 31 19 55.
