1023 1619
104 77 46 25 154

363 86 135 16 GIRALDUS
512 85 173 17 CAMBRENSIS.

101 144 82 30 pleted
195 143 48 24 and
256 144 93 23 revised
362 152 30 15 on
406 144 36 23 his
454 147 82 20 return
550 148 25 19 to
588 144 121 31 England.
746 143 75 23 What
834 141 111 24 followed

104 178 29 22 he
144 178 61 22 shall
223 178 42 22 tell
283 178 102 27 himself,
398 178 48 23 and
460 179 37 21 his
509 182 105 19 account
628 178 46 22 will
687 178 67 22 show
768 180 24 20 to
807 177 64 23 what
890 184 54 22 per-

102 211 90 23 fection
206 211 41 23 the
260 211 53 30 puff'
324 212 76 22 direct
413 212 48 22 had
473 212 107 23 attained
593 212 23 22 in
631 212 40 22 the
684 211 94 23 twelfth
792 214 118 27 century:
915 222 30 5 —

177 245 79 31 Being
277 245 106 23 desirous
403 250 42 18 not
466 249 25 19 to
510 250 45 26 put
575 253 15 15 a
614 245 92 31 lighted
726 244 86 23 candle
835 245 77 22 under
931 251 14 16 a

102 278 93 27 bushel,
210 279 44 22 but
272 283 25 18 to
315 278 68 31 place
403 279 18 23 it
439 279 23 22 in
480 287 14 15 a
507 278 149 23 candlestick
669 278 79 22 where
762 278 18 22 it
794 278 78 30 might
890 278 55 29 give

102 312 71 32 light,
199 311 11 23 I
235 312 150 22 determined
409 316 25 19 to
459 313 73 22 recite
558 320 39 23 my
622 312 66 22 work
714 311 84 23 before
823 319 14 14 a
862 311 83 30 public

102 346 118 23 audience
233 350 25 19 at
271 345 104 29 Oxford,
386 346 78 22 where
475 346 39 22 the
525 345 82 32 clergy
618 354 62 14 were
694 349 60 18 most
768 344 177 32 distinguished

103 379 38 24 for
161 380 61 23 their
242 379 87 23 talents
348 380 47 22 and
418 379 117 31 learning.
573 379 10 23 I
604 378 159 31 accordingly
790 378 98 27 recited,
909 377 37 23 for

102 413 68 24 three
183 413 134 23 successive
331 413 67 31 days,
411 414 41 22 the
465 414 68 23 three
546 413 112 30 chapters
671 413 50 22 into
735 412 77 23 which
827 412 40 23 the
880 411 65 24 book

102 448 20 22 is
139 447 104 23 divided.
281 446 39 24 On
340 447 40 23 the
398 447 52 23 first
467 448 48 29 day
533 447 9 23 I
561 447 151 23 entertained
730 446 55 23 with
806 446 139 31 hospitality

105 481 40 23 Ihe
162 489 60 22 poor
240 481 86 30 people
345 481 27 23 of
383 481 39 23 the
442 485 63 19 town
518 491 5 17 ;
542 488 30 19 on
590 481 40 23 the
643 480 98 28 second,
756 480 40 23 the
810 480 97 23 doctors
921 478 28 25 of

102 515 41 22 the
163 515 112 22 different
296 514 154 30 professions,
472 515 47 22 and
542 515 40 22 the
603 514 109 23 students
734 514 27 23 of
778 514 40 23 the
840 517 106 27 greatest

103 548 116 30 celebrity
230 558 5 17 ;
254 548 47 23 and
320 556 29 15 on
370 548 40 23 the
426 548 72 28 third,
518 548 40 23 the
577 548 137 23 remainder
732 547 29 24 of
775 548 41 23 the
829 548 116 27 scholars,

104 582 55 22 with
173 582 40 22 the
227 582 124 30 burghers,
365 582 47 22 and
426 582 85 22 militia
519 582 28 22 of
557 582 40 22 the
606 582 57 30 city.
691 582 64 23 Such
767 589 14 15 a
789 582 157 30 magnificent

103 616 47 22 and
167 620 143 26 sumptuous
329 615 94 23 festival
442 616 98 22 revived
556 616 41 22 the
618 616 97 22 ancient
733 616 68 22 times
816 615 29 23 of
861 615 84 22 classic

102 653 93 27 poetry,
210 649 46 22 and
277 657 46 14 was
343 650 88 31 wholly
445 650 123 22 unknown
588 650 24 22 in
632 649 114 31 England
765 649 77 22 either
860 649 23 22 in
903 648 42 23 the

103 687 53 26 past
169 691 27 14 or
209 687 95 25 present

155 716 27 23 In
199 717 63 22 1188
277 715 115 24 Giraldus
404 717 172 30 accompanied
592 717 156 30 Archbishop
762 716 117 26 Baldwin,
890 715 55 24 who

103 758 68 15 came
189 750 50 23 into
259 750 88 27 Wales,
367 751 40 21 the
426 751 51 22 first
498 751 157 29 Archbishop
674 750 28 23 of
716 750 153 30 Canterbury
891 750 54 23 who

104 784 45 22 had
163 792 56 15 ever
232 784 62 22 clone
308 792 35 16 so,
356 784 131 30 ostensibly
502 787 24 20 to
543 785 88 29 preach
646 792 14 14 a
672 784 109 26 crusade,
792 784 104 26 actually
912 784 33 29 by

103 818 101 30 subtilty
219 821 24 19 to
255 817 56 23 take
321 825 67 23 away
402 818 40 22 the
456 818 130 30 birthright
599 817 28 23 of
636 818 41 22 the
691 818 170 29 metropolitan
872 825 40 15 see
921 816 29 24 of

103 852 41 22 the
164 851 115 23 National
299 851 98 23 Church
416 851 28 23 of
456 851 87 23 Wales.
580 851 54 23 The
835 852 40 22 the
894 852 53 22 best

103 885 86 22 known
205 885 65 23 work
284 885 26 22 of
321 884 123 29 Giraldus,
459 885 66 30 gives
538 893 30 15 an
581 888 104 20 account
699 884 28 23 of
733 885 40 22 the
782 884 165 31 archbishop's

99 918 105 31 journey
218 919 105 28 through
339 919 89 22 Wales.
464 919 116 22 Giraldus
599 919 120 29 preached
733 919 41 22 the
787 919 116 27 Crusade,
917 919 29 22 he

104 952 52 22 tells
170 961 34 18 us,
218 952 57 22 with
293 953 183 29 extraordinary
490 952 133 31 eloquence
641 952 47 22 and
708 952 116 22 immense
836 960 110 19 success;

103 985 30 23 he
151 986 58 23 took
227 986 41 22 the
282 985 72 24 Cross
374 985 102 28 himself,
490 986 47 22 and
552 986 82 22 vowed
650 990 24 18 to
687 993 41 23 go,
746 986 44 22 but
808 985 39 23 did
862 989 49 23 not,
916 999 29 3 —

103 1020 137 30 something
254 1019 142 23 unforeseen
410 1020 139 29 prevented.
586 1020 85 22 About
691 1019 65 22 1190
770 1019 115 23 Giraldus
899 1027 48 15 was

104 1061 26 15 so
144 1053 57 30 high
215 1053 23 22 in
253 1053 83 22 favour
348 1057 25 18 at
386 1057 69 18 court
467 1061 25 14 as
506 1057 24 19 to
543 1053 30 22 be
586 1053 128 30 appointed
730 1052 127 31 coadjutor
867 1057 24 18 to
905 1053 41 23 the

105 1087 90 30 Bishop
209 1086 28 23 of
254 1087 45 30 Ely
312 1087 88 30 during
420 1086 67 31 King
507 1086 128 23 Richard's
652 1087 104 22 absence
775 1087 22 22 in
818 1087 41 22 the
879 1087 68 30 Holy

105 1120 78 23 Land.
218 1120 27 22 In
266 1121 35 21 his
317 1120 181 31 coadjutorship
516 1121 41 21 the
580 1120 139 30 Bishoprics
736 1120 28 23 of
784 1120 99 31 Bangor
899 1121 48 22 and

105 1153 35 24 St.
155 1154 83 30 Asaph
253 1153 39 24 fell
306 1157 87 20 vacant
403 1163 5 17 ;
422 1154 28 23 he
464 1162 47 14 was
525 1154 89 22 offered
625 1154 83 26 either,
720 1155 45 22 but
775 1154 94 23 refused
880 1155 67 22 them

105 1188 58 22 both
172 1195 6 15 :
192 1188 35 22 his
242 1188 67 23 heart
321 1195 47 15 was
381 1190 36 20 set
430 1195 30 15 on
475 1188 36 22 his
524 1187 51 23 first
588 1187 61 28 love,
665 1189 35 21 his
713 1188 58 23 dear
785 1188 35 23 St.
835 1187 110 24 David's.

104 1221 29 23 In
150 1222 9 21 1
168 1222 53 26 199,
231 1229 29 15 on
275 1222 40 22 the
325 1222 71 22 death
408 1221 27 23 of
443 1222 71 22 Peter
525 1222 28 22 de
564 1221 67 27 Leia,
643 1222 40 22 the
694 1222 107 30 chapter,
813 1222 134 23 assembled

105 1256 78 22 under
202 1256 40 22 the
264 1255 112 23 mandate
398 1255 27 23 of
447 1255 105 27 Hubert,
578 1256 146 29 archbishop
749 1255 29 23 of
801 1256 144 30 Caterbury,

104 1289 112 22 returned
227 1289 55 22 four
294 1296 90 19 names,
387 1302 31 3 —
421 1289 123 27 Giraldus,
558 1289 153 23 archdeacon
725 1289 28 22 of
761 1289 107 27 Brecon;
880 1289 66 23 Wal-

104 1325 44 24 ter,
166 1322 76 22 abbot
260 1322 28 22 of
299 1322 34 23 St.
353 1322 121 31 Dogmael
485 1332 5 18 ;
510 1322 78 28 Peter,
603 1323 76 22 abbot
696 1322 28 23 of
738 1323 127 23 Whitland
876 1333 5 17 ;
900 1324 47 22 and

105 1355 121 31 Reginald
240 1356 86 27 Foliot,
340 1364 30 14 an
385 1356 166 30 Englishman.
588 1355 53 24 The
654 1357 146 31 archbishop
810 1357 84 23 struck
905 1361 43 19 out

105 1389 39 22 the
155 1398 80 14 names
245 1389 159 28 ofGiraldus,
415 1385 100 32 Walter,
525 1390 46 22 and
583 1389 80 28 Peter,
674 1391 46 22 and
731 1392 88 29 setting
831 1391 116 23 Giraldus

104 1423 65 22 aside
181 1423 142 30 altogether,
343 1424 118 30 proposed
481 1427 46 19 two
541 1424 69 22 other
628 1432 82 15 names
730 1424 92 23 instead
840 1424 28 23 of
878 1425 69 23 those

104 1455 27 23 of
149 1456 93 23 Walter
260 1457 49 22 and
328 1456 80 24 Peter.
446 1457 52 23 The
518 1458 100 30 chapter
636 1458 55 23 held
711 1461 24 20 to
754 1458 63 23 their
837 1459 66 29 right
923 1458 27 23 of

104 1490 149 23 nomination
267 1491 47 22 and
327 1490 94 24 refused
432 1491 149 29 compliance
591 1501 5 18 ;
608 1492 41 23 the
660 1495 86 20 matter
757 1500 47 15 was
814 1492 134 23 submitted
