1023 1619
904 115 34 22 29

455 121 124 16 BARDISM.

95 179 70 27 tides,
179 179 48 23 and
244 179 100 24 marked
362 180 22 22 in
403 182 87 21 storms
507 180 32 31 by
553 180 107 23 horrible
867 180 72 24 From

92 221 16 15 a
119 215 91 21 certain
226 214 69 29 point
312 214 76 22 ofthe
403 214 131 27 mainland,
545 215 23 21 in
582 222 14 15 a
609 215 90 22 certain
714 218 61 19 state
788 214 28 23 of
826 215 39 22 the
879 215 58 27 tide,

93 247 41 22 the
152 247 128 23 candidate
297 247 131 23 embarked
445 248 24 22 in
487 255 13 15 a
518 248 104 27 coracle,
640 255 14 15 a
673 248 58 23 boat
750 248 70 23 made
838 248 28 22 of
876 249 64 22 osier

92 281 71 30 twigs
181 281 103 23 covered
304 281 58 23 with
381 281 64 26 hide,
467 281 46 23 and
536 281 47 23 still
603 281 23 23 in
647 289 42 15 use
710 289 30 15 on
761 282 40 22 the
821 282 75 22 rivers
915 281 28 24 of

92 313 91 24 Wales.
220 315 27 22 In
262 315 46 22 this
321 315 52 22 frail
386 315 62 22 craft
460 315 41 22 the
519 315 122 31 neophyte
659 315 69 22 made
746 315 36 22 his
799 323 100 23 passage
913 319 24 20 to

93 348 47 22 and
161 348 61 22 from
246 348 59 24 Sarn
325 348 98 31 Badrig.
460 348 53 23 The
530 357 94 23 voyage
644 348 91 23 thither
754 349 48 22 and
823 349 71 26 back,
915 350 24 22 in

93 382 80 22 which
191 382 19 22 it
222 390 47 15 was
282 390 14 14 a
308 382 109 31 singular
434 382 62 31 good
515 381 96 24 fortune
630 381 20 23 if
661 383 29 21 he
708 382 47 23 had
773 386 42 19 not
832 386 24 19 to
870 383 67 22 swim

93 414 39 24 for
151 416 36 22 his
205 415 47 27 life,
267 416 134 31 completed
416 416 35 22 his
465 416 136 31 probation.
634 415 28 23 In
677 424 13 14 a
702 424 71 22 poem
787 417 32 29 by
834 416 106 23 Taliesin

93 449 103 23 allusion
211 450 18 22 is
243 450 69 22 made
325 453 25 20 to
363 450 47 22 this
423 451 98 22 curious
539 450 47 23 and
603 450 143 30 unpleasant
760 449 88 23 ordeal.
886 450 53 23 The

93 484 165 29 probationer,
274 484 112 30 standing
404 491 30 15 on
454 484 40 23 the
511 484 78 27 shore,
608 484 47 22 and
674 484 75 22 about
768 486 25 20 to
812 487 68 19 enter
898 484 41 22 the

93 518 92 29 mystic
202 517 102 27 coracle,
319 518 129 29 observing
466 518 40 22 the
519 524 78 16 waves
616 517 86 30 rough,
716 517 47 23 and
780 517 41 22 the
838 516 59 24 rock
915 521 24 19 at

93 558 15 15 a
121 551 117 27 distance,
252 551 122 27 exclaims,
415 551 105 31 Though
534 551 11 23 I
559 551 54 23 love
626 551 40 22 the
684 551 141 27 sea-beach,
839 550 10 23 I
864 551 74 22 dread

94 585 40 22 the
148 592 61 22 open
324 584 11 23 I
349 584 95 23 confess
456 588 26 19 to
495 585 39 22 the
553 592 64 15 same
633 585 126 30 infirmity.
820 585 23 22 A
858 584 81 23 billow

93 625 56 23 may
158 625 67 15 come
240 618 146 30 undulating
399 626 58 14 over
468 618 42 22 the
641 618 36 22 To
688 618 47 22 this
744 618 41 22 the
794 618 146 29 hierophant

92 651 101 30 replies:
240 651 36 23 To
290 651 39 23 the
344 651 80 28 brave,
439 655 24 19 to
477 652 40 22 the
531 651 191 31 magnanimous,
737 656 23 18 to
774 651 41 23 the
827 651 110 28 amiable,

92 688 26 19 to
136 685 41 22 the
196 693 128 22 generous,
344 685 54 23 who
415 685 84 30 boldly
516 685 119 27 embarks,
655 685 40 22 the
716 685 182 31 landing-place
915 685 28 23 of

92 719 41 22 the
148 718 77 23 Bards
239 719 46 22 will
299 727 74 23 prove
387 719 41 23 the
442 719 106 23 harbour
561 719 26 22 of

145 753 22 21 A
186 753 91 22 certain
293 753 149 25 sacredness,
456 761 25 14 as
494 753 42 24 has
550 753 61 22 been
625 752 126 26 observed,
765 760 47 14 was
825 752 110 22 ascribed

92 789 26 20 to
137 785 68 24 lakes
226 786 48 23 and
293 790 110 19 streams.
440 786 54 23 The
516 787 63 21 river
599 786 54 23 Dee
670 794 47 14 was
739 786 40 22 the
799 785 95 30 subject
914 784 28 24 of

92 820 110 30 peculiar
220 821 113 29 sanctity.
371 820 87 30 Rising
479 819 62 23 from
562 823 49 19 two
633 820 95 30 springs
752 827 58 14 near
831 827 14 14 a
869 818 69 23 farm-

93 853 76 23 house
195 853 77 23 called
298 853 64 23 Pant
384 853 72 26 Gwn,
482 854 21 21 in
531 853 212 25 Merionethshire,
770 852 47 22 and
841 853 97 30 passing

93 886 107 31 through
219 887 41 22 the
277 887 54 22 lake
351 887 67 26 Bala,
434 887 106 22 without,
557 889 18 19 it
592 887 19 21 is
626 886 58 26 said,
698 886 92 30 mixing
804 886 28 22 its
846 889 91 23 waters,

93 920 42 23 the
149 920 61 24 Dee,
225 921 96 29 beyond
336 920 109 27 Chester,
458 920 62 22 loses
537 920 67 22 itself
613 920 23 22 in
655 919 41 23 the
716 919 61 23 Irish
799 918 54 24 Sea.
890 919 50 23 Mr.

93 953 113 24 Pennant
220 954 124 23 considers
357 954 52 22 that
426 954 47 22 this
490 953 78 23 famed
581 954 63 22 river
656 953 92 22 derives
761 953 30 22 its
804 961 77 18 name,
897 956 43 20 not

92 987 62 23 from
174 988 49 22 ddu
242 987 109 32 (black),
371 995 27 15 or
416 987 54 30 dwy
491 985 85 32 (two),
592 987 44 22 but
655 986 61 23 from
735 987 54 22 duw
803 985 113 32 (divine).
920 988 14 29 J

93 1021 106 29 Spenser
213 1021 43 22 has
274 1021 18 22 it
311 1029 89 22 among
419 1021 40 22 the
478 1021 127 22 attendant
622 1020 74 23 rivers
715 1028 29 15 on
763 1020 40 23 the
821 1021 117 30 marriage

92 1049 28 29 of
130 1055 41 22 the
185 1055 106 22 Thames
304 1055 47 22 and
366 1054 121 31 Medway,

257 1119 48 19 And
315 1119 103 24 following
428 1118 50 23 Dee,
489 1118 65 19 which
564 1118 82 19 Britons
655 1118 49 25 long
712 1124 64 19 ygone

258 1146 42 19 Did
309 1146 39 19 call
357 1146 73 23 divine,
442 1145 44 20 that
496 1145 49 19 doth
555 1145 27 24 by
592 1144 85 20 Chester

145 1204 99 27 Milton,
263 1204 59 27 also,
342 1204 23 22 in
382 1203 112 31 Lycidas,
509 1203 85 26 writes,
640 1202 53 23 Nor
710 1206 42 26 yet
770 1203 79 23 where
867 1202 69 24 Deva

92 1238 99 31 spreads
207 1238 43 23 her
263 1237 88 23 wizard
519 1237 53 22 The
590 1236 76 23 Bards
683 1237 48 22 had
749 1244 72 24 many
834 1237 102 31 striking

92 1280 94 22 usages.

146 1306 52 22 The
217 1313 75 23 grove
311 1304 28 23 of
355 1304 46 23 oak
415 1312 47 15 was
481 1304 82 23 sacred
575 1313 5 13 :
600 1311 14 15 a
627 1303 103 30 divinity
743 1303 94 31 hedged
856 1303 23 23 in
896 1303 41 24 the

91 1340 117 23 monarch
223 1339 28 22 of
261 1339 40 22 the
314 1338 81 23 forest.
431 1338 53 23 The
497 1337 119 32 principal
629 1341 50 19 tree
693 1333 110 27 received
821 1345 29 14 an
869 1345 68 23 espe-

92 1374 46 23 cial
152 1373 177 24 consecration.
368 1372 52 23 The
434 1372 100 26 Druids,
550 1372 55 22 with
625 1371 40 23 the
682 1370 97 32 general
797 1375 100 19 consent
913 1371 25 23 of

91 1408 41 22 the
147 1408 77 22 whole
242 1407 81 27 order,
336 1406 47 23 and
401 1406 32 23 all
452 1406 39 23 the
511 1405 208 31 neighbourhood,
733 1405 64 22 fixed
813 1413 64 23 upon
895 1405 40 23 the

91 1446 64 19 most
175 1441 116 23 beautiful
314 1445 57 22 tree,
390 1443 41 20 cut
450 1440 35 22 off
500 1440 31 23 all
550 1440 29 22 its
597 1439 51 23 side
666 1439 127 27 branches,
811 1440 48 22 and
877 1439 57 23 then

283 1504 13 14 *
311 1504 55 20 Tour
375 1504 21 19 in
407 1503 68 20 North
484 1503 77 22 Wales,
572 1503 39 19 vol.
622 1503 20 19 ii.
653 1509 19 19 p.
683 1502 47 21 274.

171 1533 15 23 f
202 1532 82 24 Davies,
294 1539 21 18 p.
329 1531 46 20 162.
553 1530 11 25 J
581 1530 98 24 Pennant,
691 1530 38 19 vol.
741 1530 20 20 ii.
773 1536 20 20 p.
805 1530 46 21 217.
