1023 1619
93 73 47 23 152

365 81 133 16 GIRALDUS
512 81 177 16 CAMBRENSIS.

91 147 42 15 ear
145 141 24 20 to
183 138 39 23 the
241 138 98 31 legate's
352 143 191 20 remonstrances
556 140 47 23 and
621 140 99 25 threats,
735 137 54 24 who
807 141 26 20 at
851 136 84 31 length

91 176 45 27 put
156 173 48 22 him
224 176 43 20 out
287 172 27 23 of
329 174 36 22 his
385 173 167 31 preferments,
565 174 55 26 and,
634 176 25 20 at
676 173 41 23 the
736 174 99 28 request
852 170 27 23 of
894 170 42 23 the

91 206 154 30 archbishop,
266 207 116 30 accepted
404 207 66 22 them
492 207 102 28 himself,
614 207 49 22 and
683 213 27 16 so
731 206 103 23 became
854 204 81 23 Arch-

92 240 92 23 deacon
206 239 28 24 of
250 240 104 23 Brecon.
400 240 43 24 Set
466 249 15 14 a
500 240 72 23 black
593 240 69 23 mark
684 240 96 30 against
799 238 137 25 Giraldus's

90 281 71 15 name
180 273 38 23 for
238 274 54 22 this.
334 274 38 23 To
393 274 60 23 send
473 274 41 22 the
537 281 60 23 poor
618 274 40 22 old
680 273 152 23 archdeacon
853 272 81 27 adrift,

90 307 104 23 because
214 307 30 23 he
262 307 80 23 would
360 312 44 19 not
421 307 96 23 forsake
536 307 40 23 the
591 307 54 22 wife
659 307 28 22 of
698 307 37 22 his
754 307 92 27 bosom,
861 313 48 16 was
921 313 15 16 a

89 340 106 30 burning
206 340 91 24 shame.

143 374 54 24 One
216 374 28 24 of
258 375 40 22 the
318 374 97 24 earliest
432 379 51 19 acts
503 374 28 24 of
544 374 42 23 the
608 382 53 15 new
682 373 153 24 archdeacon
855 381 48 15 was
922 381 14 15 a

89 409 100 30 spirited
201 409 116 23 assertion
331 408 76 23 ofthe
421 409 76 30 rights
509 408 77 23 ofthe
598 416 40 15 see
658 407 28 24 of
702 407 37 24 St.
753 407 92 23 David.
882 406 53 24 The

89 443 94 23 church
195 442 27 24 of
232 442 77 24 Keri*
323 443 69 22 stood
411 450 30 15 on
459 443 40 22 the
520 442 99 23 borders
631 442 28 23 of
670 441 36 24 St.
722 440 102 24 David's
837 441 47 23 and
899 441 36 23 St.

89 476 94 31 Asaph,
196 477 44 23 but
254 476 119 31 belonged
388 481 23 18 to
425 477 40 22 the
479 476 91 23 former
578 486 5 17 ;
601 476 41 23 the
656 475 91 31 Bishop
761 475 27 23 of
798 474 37 24 St.
850 475 84 31 Asaph

89 510 127 23 intimated
235 510 36 23 his
290 511 117 22 intention
428 514 24 19 to
471 511 56 22 take
546 510 135 30 possession
702 509 28 23 of
746 509 68 27 Keri,
828 509 47 23 and
894 509 41 23 the

89 544 78 23 whole
188 544 113 31 territory
322 544 109 23 between
453 544 40 22 the
515 544 62 31 Wye
599 544 48 22 and
670 544 40 22 the
734 543 101 23 Severn.
881 542 53 24 The

89 577 130 23 meditated
244 578 138 31 aggression
408 585 68 16 came
501 581 25 19 to
550 577 41 23 the
614 585 54 16 ears
692 577 29 23 of
741 577 116 23 Giraldus
868 586 6 18 ;
905 577 30 22 he

89 611 163 32 immediately
272 611 148 31 despatched
442 619 149 23 messengers
613 615 23 19 to
659 615 47 19 two
727 610 82 23 Welsh
829 610 105 31 princes,

88 644 89 24 Einion
200 645 64 31 Clyd
288 645 47 23 and
359 645 158 27 Cadwalhon,
540 645 107 31 begging
672 645 66 23 them
761 649 24 18 to
804 644 60 23 send
884 644 50 22 him

89 687 67 14 some
168 679 82 23 armed
264 679 134 26 horsemen,
412 687 25 15 as
456 679 18 23 it
487 687 48 15 was
553 679 113 31 reported
685 679 53 22 that
756 678 41 23 the
816 678 118 23 intrusive

89 712 90 31 prelate
199 712 78 23 would
298 713 29 22 be
348 712 113 24 attended
481 713 33 30 by
532 721 15 14 a
564 717 83 26 strong
667 713 64 30 body
752 711 28 24 of
795 720 55 14 men
869 711 65 24 from

89 746 88 23 Powis.
214 745 99 32 Having
327 746 71 23 taken
412 746 47 23 this
476 747 150 29 precaution,
641 747 29 22 he
684 750 35 19 set
738 748 44 21 out
801 749 47 19 two
865 745 68 31 days'

83 779 106 31 journey
206 783 25 20 to
249 780 68 27 Keri,
338 780 80 23 which
437 780 29 23 he
485 780 104 23 reached
608 787 30 16 on
658 787 15 16 a
692 779 100 31 Sunday
812 780 121 29 morning.

88 813 53 24 The
156 814 59 23 Keri
229 814 82 30 clergy
325 814 68 23 sided
404 813 58 23 with
476 814 41 23 the
531 814 92 29 Bishop
636 813 28 23 of
674 813 34 24 St.
723 813 94 30 Asaph,
829 814 49 22 and
891 813 43 23 hid

86 847 42 23 the
147 847 59 30 keys
227 847 28 23 of
271 848 41 22 the
332 847 91 23 church
432 857 6 17 ;
460 848 57 30 they
533 855 64 15 were
615 847 73 23 found
709 851 25 19 at
752 847 52 27 last,
824 847 47 23 and
891 847 43 23 the

86 881 152 22 archdeacon
251 881 100 23 entered
364 881 40 22 the
418 881 100 27 church,
532 881 102 22 ordered
646 881 40 22 the
700 881 60 22 bells
774 884 25 19 to
817 881 31 22 be
862 888 71 24 rung,

86 914 48 23 and
146 914 138 23 celebrated
303 922 62 15 mass
383 914 58 23 with
459 918 71 28 great
548 914 139 30 solemnity.
725 914 127 32 Presently
872 922 61 15 mes-

86 956 98 23 sengers
198 948 95 23 arrived
306 952 25 19 to
348 956 128 15 announce
492 949 42 22 the
553 949 122 31 approach
695 947 28 24 of
736 948 42 23 the
797 948 93 30 Bishop
908 947 28 24 of

88 981 35 24 St.
134 982 84 31 Asaph
228 986 25 19 to
266 982 41 23 the
320 982 136 23 dedication
470 981 28 24 of
508 982 40 23 the
562 982 92 23 church
668 981 28 23 of
706 981 69 24 Keri.
807 981 126 28 Giraldus,

87 1014 129 30 therefore,
238 1019 54 20 sent
312 1024 15 14 a
350 1016 142 31 deputation
514 1015 28 24 of
560 1016 41 23 the
626 1015 92 32 clergy,
741 1015 58 23 with
821 1016 37 23 his
879 1016 55 23 best

87 1052 113 27 respects,
214 1052 24 20 to
255 1049 41 23 the
310 1049 94 31 bishop,
417 1050 86 30 saying
517 1049 52 23 that
581 1050 31 22 he
625 1049 88 23 should
725 1049 30 23 be
769 1052 63 20 most
851 1049 83 31 happy

85 1085 26 20 to
124 1084 93 22 receive
231 1082 49 23 him
294 1091 25 14 as
332 1091 14 14 a
356 1082 79 24 friend
448 1083 47 23 and
509 1083 144 30 neighbour,
667 1083 44 23 but
728 1083 52 23 that
797 1082 22 24 if
835 1083 31 23 he
884 1083 50 23 had

85 1124 48 23 any
152 1117 70 22 other
237 1116 81 30 object
337 1116 23 23 in
382 1116 104 31 coming,
504 1117 31 23 he
550 1117 186 23 recommended
757 1117 50 23 him
828 1120 24 20 to
871 1117 62 31 keep

86 1157 76 24 away.
189 1150 53 23 The
255 1150 87 30 bishop
354 1153 54 20 sent
420 1157 92 16 answer
522 1151 52 22 that
587 1151 29 22 he
630 1158 49 15 was
691 1151 106 29 coming,
807 1158 26 16 as
846 1151 87 30 bishop

85 1183 27 23 of
121 1184 40 23 the
174 1184 103 27 diocese,
291 1187 25 19 to
329 1184 41 23 the
382 1184 139 23 dedication
535 1184 26 23 of
571 1184 41 23 the
626 1185 93 22 church
733 1184 29 23 of
773 1184 68 23 Keri.
879 1184 54 23 The

86 1217 86 30 bishop
193 1218 94 22 arrived
306 1221 26 19 at
351 1218 41 22 the
413 1221 56 27 gate
492 1217 27 23 of
536 1218 41 22 the
597 1218 164 31 churchyard,
784 1218 88 31 placed
896 1218 37 23 his

86 1251 70 22 mitre
174 1259 31 15 on
222 1251 38 22 his
278 1251 70 27 head,
361 1251 49 22 and
427 1251 58 23 with
503 1251 38 23 his
559 1251 105 31 pastoral
682 1251 59 23 staff
757 1252 24 22 in
801 1252 38 23 his
858 1252 76 27 hand,

84 1284 49 23 and
145 1284 121 31 preceded
277 1284 33 32 by
323 1285 37 22 his
372 1285 163 30 processional
548 1293 72 19 cross,
634 1285 127 24 advanced
774 1286 105 23 towards
892 1286 42 23 the

85 1318 84 23 sacred
188 1318 95 23 edifice.
319 1318 36 23 As
374 1319 40 23 the
432 1319 87 31 bishop
536 1319 100 23 entered
654 1319 42 24 the
714 1319 164 32 churchyard,
891 1319 42 24 the

84 1355 70 27 great
167 1351 71 24 doors
256 1351 28 24 of
299 1352 39 23 the
357 1352 93 24 church
463 1361 63 15 were
545 1353 94 23 thrown
658 1353 62 24 wide
739 1361 73 23 open,
824 1354 48 23 and
891 1353 42 23 the

85 1386 152 23 archdeacon
255 1386 80 23 issued
354 1385 65 24 forth
438 1387 59 23 with
515 1395 15 15 a
546 1387 62 23 train
621 1386 28 25 of
658 1387 83 31 clergy
755 1388 24 23 in
793 1388 64 23 their
869 1390 64 21 vest-

127 1469 9 10 *
151 1466 19 20 A
179 1466 72 27 village
261 1467 21 19 in
296 1467 208 27 Montgomeryshire,
515 1468 92 20 between
619 1468 99 26 Bishop's
733 1468 69 20 Castle
816 1468 41 20 and
871 1468 61 20 New-

87 1495 62 17 town.
