1023 1619
76 91 32 22 20

435 102 124 15 BARDISM.

78 157 84 24 Bards.
201 159 70 22 Then
291 159 41 24 the
350 160 148 23 exhibitions
516 167 63 15 were
600 157 77 24 called
698 156 43 24 for.
778 156 57 32 Any
857 157 64 23 Bard

77 192 53 22 who
145 192 44 22 had
204 193 117 32 anything
335 195 77 22 which
427 195 30 22 he
470 193 90 23 wished
574 197 25 18 to
611 191 102 27 exhibit,
728 191 123 23 exhibited
866 192 18 22 it
896 195 25 19 to

76 225 41 23 the
142 225 74 28 chair,
238 227 107 23 whether
364 232 94 26 poetry,
478 225 165 33 genealogical
664 225 65 28 rolls,
747 232 28 15 or
795 225 84 22 record
898 224 27 23 of

77 259 150 24 honourable
248 261 174 26 achievement,
443 269 26 14 or
489 261 178 31 improvement
679 258 23 23 in
717 258 143 32 knowledge
873 258 48 23 and

77 293 104 23 science.
219 293 71 24 After
310 295 40 23 the
372 295 142 26 exhibitors,
536 293 100 31 hearing
658 300 48 15 was
724 293 72 31 given
818 296 24 19 to
861 293 60 23 such

77 327 83 22 claims
172 327 48 23 and
233 328 97 30 appeals
343 336 26 16 as
382 336 61 15 were
457 328 107 30 brought
584 326 102 23 forward
695 336 6 17 ;
722 326 47 23 and
790 325 61 24 after
869 327 53 22 that

77 361 126 30 dialogues
221 362 47 22 and
288 362 242 29 chair-disputations
550 361 149 30 concerning
719 365 85 26 poetry
825 360 47 23 and
891 361 31 22 its

78 399 192 26 appurtenances
279 405 6 17 ;
310 396 46 22 and
377 395 140 23 afterwards
539 395 58 31 they
619 394 135 31 proceeded
780 397 24 19 to
829 394 56 23 hold
908 402 15 15 a

77 429 95 23 council
183 429 28 23 of
214 429 132 31 judgment
356 436 65 23 upon
432 429 40 23 the
483 429 82 23 merits
574 428 26 24 of
608 429 63 22 what
681 428 47 23 had
741 428 61 23 been
817 428 106 30 brought

77 463 84 22 before
174 463 40 22 the
228 463 68 22 chair
308 463 48 22 and
373 463 41 22 the
428 463 112 23 Gorsedd
550 472 5 17 ;
574 463 46 22 and
642 462 56 23 then
712 462 149 30 publication
876 469 47 16 was

76 496 70 23 made
168 496 26 23 of
212 497 42 22 the
274 497 108 23 decision
402 497 47 22 and
470 496 43 23 the
530 496 139 32 judgment,
688 496 47 22 and
754 496 41 22 the
814 499 109 27 presents

77 538 62 15 were
153 530 95 23 made.*
285 530 53 23 The
360 538 129 23 ceremony
507 530 116 23 observed
642 534 25 19 at
685 529 41 23 the
745 529 106 31 opening
868 529 28 23 of
909 537 14 15 a

77 565 145 22 convention
237 572 46 15 was
296 564 41 23 the
349 564 130 31 sheathing
492 564 50 23 ofa
554 564 77 23 sword
645 572 31 15 on
690 564 41 22 the
745 563 91 23 central
845 567 76 23 stone,

77 601 24 20 at
115 598 77 23 which
205 598 32 23 all
251 598 40 22 the
310 598 123 31 presiding
453 598 75 23 Bards
547 598 108 27 assisted,
668 597 174 30 accompanied
862 597 32 31 by
908 606 15 14 a

76 632 68 23 short
167 632 47 23 and
234 632 70 31 pithy
326 632 106 28 address,
453 632 134 31 beginning
611 631 46 23 and
683 632 91 30 ending
798 631 57 23 with
880 632 41 22 the

78 665 89 24 Bardic
179 669 84 23 motto,
304 665 78 24 Truth
396 666 94 30 against
503 666 40 23 the
691 665 54 23 The
759 665 106 30 meeting
873 673 48 15 was

77 700 81 22 closed
178 700 33 28 by
224 700 84 30 taking
327 707 32 22 up
378 700 43 22 but
439 702 43 20 not
500 699 163 31 unsheathing
681 699 41 23 the
735 699 87 28 sword,
836 698 57 24 with
907 706 15 16 a

77 733 47 22 few
145 733 154 31 appropriate
320 733 85 22 words.
443 733 54 22 The
522 733 76 22 Bards
622 737 25 18 at
671 733 68 22 these
761 733 160 22 conventions

77 767 88 31 always
182 766 121 31 appeared
322 766 152 23 bare-footed
490 766 47 23 and
558 766 170 27 bare-headed,
747 766 24 23 in
791 766 62 23 their
868 766 54 23 uni-

78 801 113 22 coloured
209 801 79 22 robes.
324 800 48 23 Isa
385 800 64 23 Bard
464 800 46 23 had
524 800 60 23 been
598 800 128 23 convicted
740 799 28 24 of
777 808 47 24 any
838 801 82 26 crime,

78 834 29 22 he
130 842 46 15 was
200 833 109 32 publicly
331 834 129 32 degraded,
482 833 48 24 and
555 834 72 23 could
653 842 74 15 never
749 833 62 23 after
831 833 31 23 be
885 842 37 14 re-

78 868 124 23 admitted.
239 867 40 24 On
292 868 67 23 these
371 867 93 32 painful
477 868 133 27 occasions,
621 868 78 22 which
713 875 61 15 were
789 875 57 23 very
861 875 61 19 rare,

78 902 39 23 the
130 902 147 23 convention
291 901 81 24 closed
386 902 31 30 by
432 902 40 23 the
487 901 76 23 Bards
576 902 116 30 covering
705 901 64 23 their
779 901 82 28 heads,
875 901 48 23 and

78 943 45 16 one
142 935 28 24 of
187 936 65 22 them
273 935 151 23 unsheathed
447 935 40 23 the
509 935 86 27 sword,
616 935 55 23 held
694 935 19 23 it
734 943 29 15 on
787 935 66 30 high,
875 936 48 22 and

78 970 88 30 having
179 969 85 23 named
279 969 40 23 the
329 969 78 31 guilty
417 976 86 23 person
514 969 72 23 aloud
597 969 67 23 three
675 969 77 27 times,
764 969 157 30 proclaimed,

103 1003 53 23 The
170 1003 78 23 sword
262 1003 19 22 is
294 1003 81 22 naked
388 1003 95 30 against

129 1037 35 22 At
177 1037 39 22 the
224 1043 65 16 same
299 1036 102 30 periods,
412 1039 25 20 to
450 1037 48 22 suit
511 1037 41 22 the
562 1036 83 30 public
656 1036 173 28 convenience,
839 1039 83 20 courts

77 1069 28 23 of
120 1070 145 30 judicature
287 1077 62 15 were
368 1069 63 23 held.
476 1069 53 23 The
552 1065 164 27 Arch-Druid
735 1069 111 30 presided
857 1078 5 17 ;
885 1069 38 23 his

72 1103 155 31 jurisdiction
242 1110 47 15 was
303 1110 57 24 very
374 1103 135 22 extensive:
524 1103 84 22 indeed
624 1103 18 22 it
654 1103 81 22 would
748 1103 30 22 be
796 1103 89 22 harder
897 1107 25 18 to

77 1136 40 23 tell
131 1136 63 23 what
207 1137 19 22 it
238 1136 39 23 did
292 1140 49 23 not,
355 1136 55 23 than
426 1136 64 23 what
503 1136 17 23 it
533 1136 41 23 did
584 1136 120 23 embrace.
741 1136 84 24 Csar
834 1137 89 26 writes,

103 1170 26 23 In
143 1170 85 23 almost
244 1170 29 22 all
288 1170 182 28 controversies,
482 1170 109 22 whether
607 1170 84 30 public
709 1178 28 15 or
756 1170 103 31 private,
881 1170 41 23 the

77 1204 106 23 decision
200 1204 19 22 is
240 1203 42 23 left
299 1207 25 19 to
345 1204 65 22 them
422 1212 6 18 ;
454 1204 47 22 and
521 1203 21 22 if
561 1212 47 23 any
629 1203 74 23 crime
727 1204 20 22 is
772 1204 150 27 committed,

76 1246 48 23 any
145 1238 96 22 murder
258 1237 161 31 perpetrated,
444 1237 21 22 if
487 1245 47 24 any
552 1237 96 31 dispute
669 1238 62 22 arise
752 1238 117 31 touching
891 1246 30 15 an

77 1272 158 25 inheritance,
254 1279 27 15 or
299 1271 40 23 the
354 1271 63 22 limit
433 1270 28 24 of
475 1279 30 15 an
524 1271 124 31 adjoining
668 1274 83 24 estate,
767 1272 24 22 in
811 1271 31 24 all
862 1272 61 23 such

77 1313 66 14 cases
156 1306 55 30 they
226 1313 40 15 are
281 1305 40 22 the
336 1312 111 23 supreme
610 1305 38 23 To
665 1305 94 30 qualify
774 1306 40 23 the
830 1305 93 23 Druids

76 1339 40 22 for
130 1339 46 22 this
199 1339 44 22 last
261 1339 68 29 duty,
353 1339 131 30 surveying
501 1339 48 22 and
567 1338 211 32 land-measuring
796 1339 93 24 formed
908 1346 15 16 a

77 1373 96 29 regular
189 1373 91 22 branch
297 1372 28 23 of
339 1372 63 23 their
418 1372 135 23 education.
592 1372 53 23 The
667 1373 168 28 Arch-Druid,
852 1373 70 23 when

76 1407 123 29 presiding
209 1407 23 22 in
244 1406 36 23 his
290 1409 81 25 court,
383 1413 64 16 wore
460 1406 40 23 the
510 1407 71 22 robes
589 1406 97 30 already
697 1407 135 22 described.
869 1407 53 22 The

117 1495 11 11 *
139 1494 60 19 Arch.
211 1495 72 18 Camb.
294 1495 49 18 Jan.
353 1495 58 18 1850.

523 1496 14 23 t
547 1495 120 21 Williams's
678 1495 83 25 Cymry,
772 1502 20 18 p.
805 1495 31 20 16.
