1023 1619
48 117 32 22 32

406 128 125 15 BARDISM.

50 190 41 15 ran
106 182 106 31 through
226 183 39 23 the
278 184 42 23 fire
332 185 47 22 and
392 185 40 23 the
446 186 90 27 smoke,
550 185 58 23 each
623 184 94 29 casting
732 189 14 15 a
761 183 68 20 stone
843 179 52 23 into

50 216 41 23 the
104 217 51 26 fire,
168 217 48 22 and
232 217 32 23 all
281 218 104 31 running
402 219 35 22 off
447 224 23 18 at
485 220 40 22 the
539 218 140 23 conclusion
693 219 25 19 to
732 221 86 22 escape
832 212 63 23 from

49 250 40 23 the
103 250 82 30 goblin
201 250 157 24 black-tailed
370 260 57 15 sow.
465 253 104 22 Various
585 251 75 22 rustic
674 251 79 28 sports
767 246 110 23 followed
889 254 5 14 :

50 284 57 23 here
122 284 77 30 might
213 284 59 23 have
286 285 61 23 been
365 294 55 14 seen
438 294 14 14 a
469 294 79 22 merry
562 292 78 23 group
653 283 116 29 catching
783 281 56 22 with
854 280 41 22 the

50 318 86 22 mouth
155 318 55 30 only
229 321 25 19 at
271 326 15 14 a
303 319 56 26 fine,
374 319 85 26 round,
475 319 94 22 smooth
585 318 80 30 apple,
679 314 138 32 suspended
837 314 31 30 by
882 322 13 14 a

50 351 91 30 string;
160 351 69 22 there
248 359 24 14 as
292 360 69 23 many
376 353 74 22 heads
469 352 109 30 bobbing
595 359 32 23 up
643 351 47 22 and
704 350 70 22 down
789 351 23 20 at
826 356 13 14 a
852 348 43 23 tub

50 384 28 24 of
88 389 82 23 water,
183 392 32 15 on
233 385 41 22 the
293 385 94 23 surface
407 385 28 23 of
445 386 78 22 which
541 385 99 26 floated,
654 392 27 14 or
699 387 24 19 at
742 383 41 23 the
801 383 95 22 bottom

50 418 27 24 of
90 418 78 23 which
184 418 40 32 lay
238 419 49 26 hid,
307 427 72 23 many
398 427 29 14 an
447 419 127 23 attractive
593 418 64 31 prize
668 426 6 14 :
693 417 58 23 then
765 424 72 23 every
850 423 45 16 one

50 456 97 27 present
159 453 77 22 threw
252 460 15 15 a
285 456 44 20 nut
347 453 51 22 into
415 453 42 23 the
475 453 44 22 fire
529 462 5 17 ;
553 452 68 23 those
635 451 78 23 which
728 451 73 22 burnt
815 450 82 30 bright

50 486 136 24 betokened
205 487 137 30 prosperity
361 490 25 20 to
408 487 40 23 the
470 494 93 15 owners
584 486 106 30 through
712 485 41 22 the
774 483 122 31 following

50 528 67 23 year,
132 521 67 22 those
212 521 53 22 that
278 521 74 23 burnt
365 521 71 23 black
449 521 46 22 and
509 520 103 24 cracked
625 519 107 23 denoted
747 517 148 24 misfortune.

51 554 40 23 On
111 555 40 22 the
171 557 56 20 next
246 555 119 29 morning,
385 555 83 22 search
488 562 48 15 was
556 554 68 23 made
645 553 37 24 for
701 553 39 23 the
759 556 81 19 stones
851 561 5 17 ;
879 551 20 23 if

50 596 46 22 any
111 595 61 15 were
192 588 106 30 missing,
312 588 47 22 this
378 588 97 22 betided
495 588 24 22 ill
538 591 25 20 to
581 588 70 22 those
668 587 54 22 who
741 586 75 23 threw
830 586 66 22 them

51 622 49 22 in.*
138 621 39 23 On
199 621 39 23 the
256 625 98 27 present
371 622 167 27 observances,
552 629 28 15 or
597 621 82 22 rather
696 621 68 22 those
784 619 26 23 of
819 620 76 29 thirty

51 663 28 15 or
92 654 63 32 forty
168 662 70 23 years
254 663 53 23 ago,
321 663 15 14 a
350 655 189 30 correspondent
551 656 23 21 in
590 655 40 22 the
666 653 206 24 Cambro-Briton

51 689 87 26 writes,
145 703 34 2 —
282 689 105 31 evening
409 688 28 23 of
453 689 47 22 this
519 689 47 31 day
585 688 19 22 is
625 691 71 27 spent
714 688 23 22 in
757 687 71 23 mirth
848 687 48 23 and

52 722 119 32 gladness.
206 722 111 23 Bonfires
335 731 40 14 are
394 722 98 23 kindled
503 732 5 17 ;
535 723 85 22 labour
638 723 19 21 is
675 721 137 31 suspended
824 730 5 18 ;
855 721 41 22 the

52 756 112 30 villagers
182 756 131 26 assemble;
334 757 47 22 and
399 757 42 22 the
460 764 82 23 young
561 756 47 23 and
627 756 79 23 active
725 755 76 23 dance
817 758 24 18 to
855 754 41 22 thc

53 791 76 22 music
148 789 28 23 of
191 790 41 22 the
251 790 66 30 harp,
337 798 26 14 or
376 798 53 22 pass
448 790 63 23 their
529 790 57 22 time
605 791 24 21 in
648 789 99 23 athletic
765 788 47 23 and
832 787 64 24 rural

52 831 90 23 games.
178 823 12 23 I
210 824 53 22 well
282 824 134 23 remember
428 824 58 22 with
501 824 63 22 what
583 831 70 23 eager
668 823 45 30 joy
732 822 12 23 I
762 830 48 15 was
824 826 72 22 wont,

53 858 89 29 during
155 864 39 24 my
208 857 85 31 boyish
307 858 66 29 days,
388 861 24 19 to
425 858 49 22 hail
492 858 40 22 the
552 857 122 30 approach
691 856 29 23 of
730 856 47 23 this
794 855 102 23 festival.

54 891 11 23 I
78 892 88 29 always
183 895 70 26 spent
272 892 18 22 it
308 894 24 20 at
350 892 42 22 the
410 891 124 23 rector's."
569 891 64 23 That
648 890 18 22 is
679 891 65 29 right
755 898 5 15 :
780 890 41 22 the
834 889 64 30 good

54 929 81 26 pastor
153 925 86 22 should
259 924 87 31 rejoice
359 925 57 22 with
436 925 67 22 those
519 925 54 22 who
591 925 32 22 do
642 924 96 30 rejoice,
757 931 26 16 as
801 923 54 23 well
873 931 25 15 as

53 966 68 22 weep
140 958 58 22 with
218 958 68 23 those
306 958 54 23 who
381 966 75 22 weep.
519 958 59 22 And
601 958 118 30 although
740 965 66 15 some
828 964 70 23 years

55 992 60 22 have
128 991 95 31 elapsed
237 992 66 22 since
315 991 53 23 that
380 991 89 32 joyous
481 992 92 30 period,
587 991 41 23 the
641 991 154 23 recollection
810 991 29 22 of
848 991 19 22 it
880 991 18 22 is

54 1029 42 27 yet
116 1025 73 27 vivid,
208 1025 47 22 and
275 1025 46 22 will
340 1033 74 15 never
431 1026 30 22 be
665 1024 39 23 He
723 1024 139 27 concludes,
865 1037 34 4 —

80 1058 46 23 We
139 1066 43 15 can
196 1059 86 22 almost
295 1059 61 30 hope
375 1059 52 22 that
445 1059 89 29 luxury
547 1058 48 22 and
608 1058 143 22 refinement
763 1058 47 22 will
824 1065 75 15 never

54 1095 125 28 penetrate
193 1092 50 22 into
260 1092 39 22 the
315 1093 125 21 mountain
455 1092 66 22 wilds
534 1092 27 22 of
571 1091 122 27 Cambria,
707 1095 24 19 to
745 1091 98 30 deprive
856 1091 42 23 the

55 1126 86 22 honest
160 1124 148 23 inhabitants
332 1124 28 23 of
377 1126 62 22 tlieir
458 1126 115 22 innocent
596 1125 46 22 and
668 1124 120 23 favourite
812 1124 85 31 enjoy-

165 1161 14 22 t
216 1158 72 23 Since
307 1159 66 22 these
391 1159 60 22 lines
469 1167 63 14 were
551 1159 103 27 written,
795 1158 48 23 and
862 1166 36 15 re-

55 1192 116 23 finement
204 1192 60 23 have
277 1192 87 23 turned
377 1200 59 15 over
445 1200 13 14 a
472 1201 51 14 new
534 1192 55 28 lea*',
600 1192 46 22 and
660 1192 48 22 find
720 1192 64 23 their
793 1196 106 19 account

55 1227 22 21 in
99 1226 104 30 keeping
221 1234 41 22 up,
282 1226 92 23 instead
392 1225 28 24 of
436 1227 97 29 putting
555 1226 78 27 down,
652 1226 42 23 the
716 1226 115 23 innocent
850 1226 49 23 and

55 1259 119 23 favourite
193 1259 150 31 enjoyments
362 1259 27 23 of
403 1260 40 22 the
462 1260 93 30 people.

108 1293 52 22 The
175 1293 82 30 kindly
268 1293 125 31 sympathy
406 1294 46 22 and
466 1293 240 31 good-neighbourly
716 1293 90 30 feeling
819 1294 80 22 which

56 1326 110 23 Bardism
187 1327 136 23 inculcated
341 1334 89 23 appear
449 1328 23 21 in
492 1327 62 23 their
567 1331 113 23 customs,
695 1327 47 23 still
762 1327 136 30 preserved,

56 1363 24 20 at
94 1361 138 30 marriages.
270 1360 32 23 So
320 1368 60 15 soon
399 1368 26 15 as
444 1361 39 22 the
502 1361 133 30 important
649 1361 174 30 preliminaries
837 1369 62 14 were

56 1394 94 26 settled,
171 1394 139 22 invitations
331 1402 61 14 were
413 1399 53 17 sent
486 1394 78 22 round
571 1409 33 3 —
610 1395 31 31 by
665 1394 41 23 the
728 1394 67 23 chief
814 1394 28 23 of
859 1395 40 22 the

56 1427 70 27 tribe,
148 1427 20 23 if
187 1427 39 23 the
243 1428 88 29 parties
354 1436 61 15 were
434 1427 27 24 of
475 1427 97 24 inferior
590 1428 60 22 rank
661 1438 5 17 ;
691 1429 32 31 by
744 1429 40 22 the
802 1433 97 26 parents

57 1461 168 29 respectively,
240 1461 20 22 if
270 1461 126 24 otherwise
398 1476 32 4 —
432 1466 25 18 to
469 1461 31 24 all
516 1461 89 23 friends
622 1470 27 15 or
663 1462 121 23 retainers.
821 1463 35 22 As
869 1470 30 15 an

81 1532 12 13 *
105 1532 110 25 Meyiick's
226 1532 161 25 Cardiganshire,
398 1539 19 18 p.
430 1533 65 20 cxxiv.
551 1534 14 23 f
575 1533 72 20 Camb.
659 1533 51 19 Brit.
720 1533 42 19 vol.
772 1533 12 19 i.
794 1539 20 18 p.
827 1534 45 20 351.
