1023 1619
62 87 30 22 12

420 98 123 15 BARDISM.

61 155 53 23 The
128 155 164 24 Arch-Druid
304 164 47 15 was
361 157 41 23 the
415 157 61 23 head
487 157 27 23 of
524 157 111 31 religion,
646 155 49 24 and
705 154 202 32 chief-justiciary

60 188 28 24 of
107 189 40 23 the
166 189 126 31 kingdom.
307 190 61 25 »He
386 191 20 22 is
424 191 121 30 supposed
568 195 24 18 to
612 191 61 22 have
695 189 103 27 resided,
817 193 26 19 at
860 195 48 15 one

59 223 85 31 period
157 227 24 19 at
196 223 31 22 all
240 227 90 24 events,
350 225 23 21 in
388 224 40 23 the
442 224 47 24 Isle
502 224 27 24 of
540 224 133 30 Anglesey,
689 224 22 22 in
726 231 28 15 or
770 231 59 15 near
843 222 65 22 what

60 258 20 21 is
100 265 54 15 now
177 257 41 22 the
240 258 79 29 parish
340 257 28 23 of
386 257 129 27 Llanidan,
533 258 24 22 in
581 258 80 23 which
681 258 19 22 is
722 256 128 32 preserved
866 256 42 22 the

60 298 71 15 name
154 289 69 24 Tre'r
245 290 84 31 Dryw,
349 299 28 15 or
397 291 101 23 Druid's
509 304 8 5 -
527 295 72 23 town,
624 292 49 22 and
698 291 78 23 which
796 289 112 24 abounds

60 325 59 22 with
140 324 104 22 remains
263 320 28 27 of
308 325 70 22 those
396 325 84 30 simple
499 325 45 23 but
560 326 104 22 massive
683 328 134 19 structures
837 324 23 22 in
881 331 28 15 or

61 358 94 23 around
176 357 77 23 which
272 358 42 22 the
332 359 98 22 ancient
452 358 97 23 Britons
568 358 154 30 worshipped
746 359 41 22 the
806 357 57 24 God
883 357 28 22 of

60 392 64 23 their
145 390 99 24 fathers.
291 391 128 29 Drewson,
443 399 27 16 or
496 391 188 27 Druid's-town,
709 392 24 22 in
759 390 150 24 Pembroke-

60 426 72 26 shire,
158 426 20 22 is
202 425 51 23 also
275 426 138 22 mentioned
435 432 27 16 as
484 432 14 16 a
522 426 68 29 place
614 428 25 20 at
658 425 79 23 which
761 425 42 23 the
828 425 82 22 Arch-

61 459 95 23 Druids
170 459 55 23 held
242 459 63 22 their
318 462 90 20 courts.
445 459 68 22 With
533 459 85 31 regard
637 462 25 19 to
680 459 42 22 the
741 459 67 22 ruins
826 461 24 20 at
869 458 41 23 the

61 492 145 24 last-named
231 492 77 31 place,
334 492 49 23 Mr.
404 492 104 28 Fenton,
531 493 23 22 in
582 492 37 23 his
644 492 112 23 valuable
809 492 101 30 History

61 526 28 23 of
359 527 79 22 writes
446 535 6 14 :
455 541 33 4 —
516 526 39 24 On
575 527 42 22 the
645 526 56 23 road
723 526 99 31 leading
848 525 62 23 from

64 560 138 30 Fishguard
214 565 25 18 to
253 560 63 23 Dale
326 560 68 24 there
408 568 86 15 occurs
507 569 14 14 a
533 560 151 23 remarkable
695 560 129 28 inclosure,
837 568 73 15 occu-

62 595 76 30 pying
160 594 84 31 nearly
264 602 30 15 an
314 602 55 15 acre
391 594 28 23 of
439 594 104 30 ground,
563 594 78 23 called
664 594 118 23 Drewson
806 593 103 31 Chapel.

64 628 53 23 The
130 632 81 19 stones
225 628 51 23 that
290 629 131 29 composed
435 628 40 23 the
491 628 128 23 Druidical
633 628 73 24 circle
719 636 62 15 were
794 628 116 23 removed

63 663 24 22 in
104 663 65 22 1740
181 665 25 20 to
220 662 68 23 build
303 662 64 28 with,
380 669 27 16 so
419 662 54 23 that
491 663 67 22 there
574 663 20 22 is
612 662 109 31 scarcely
733 663 120 29 anything
866 661 44 24 left

63 701 25 17 to
107 696 66 22 mark
193 696 41 22 the
251 696 114 22 situation
388 695 28 23 of
431 696 48 22 this
496 696 113 31 spacious
623 695 121 28 Gorsedd,
758 704 28 14 or
802 696 69 31 place
884 695 27 23 of

64 729 145 23 convention
231 729 38 22 for
287 729 96 23 various
553 733 15 13 *
606 729 22 23 A
647 729 92 23 similar
754 729 155 32 explanation

65 763 53 27 will,
132 762 12 23 I
159 762 57 28 fear,
235 767 104 19 account
358 762 37 24 for
413 763 41 23 the
469 763 188 32 disappearance
677 763 29 23 of
720 771 14 15 a
753 768 69 27 great
836 771 73 23 many

67 805 76 13 more.

115 830 54 23 The
183 832 101 21 maxims
302 829 28 24 of
346 831 45 23 law
404 831 48 22 and
465 831 85 31 equity
569 831 49 23 laid
635 831 71 23 down
728 831 31 31 by
773 831 42 23 the
828 830 82 23 Druid

65 864 85 31 judges
163 864 80 24 would
256 867 43 20 not
308 865 111 30 disgrace
430 865 171 23 Westminster
615 864 66 24 Hall.
718 865 54 23 The
784 864 127 31 following

65 898 87 23 Triads
165 906 40 15 are
219 897 62 24 from
294 898 41 23 the
348 894 56 27 laws
419 898 28 23 of
459 898 123 31 Dyvnwal
597 898 135 27 Moelmud,
746 907 15 15 a
773 899 138 23 celebrated

65 932 100 31 Cymric
181 933 84 29 prince
279 932 48 23 and
339 932 131 31 legislator,
485 932 53 23 who
551 932 132 24 flourished
696 933 76 23 about
785 933 50 23 440
847 939 48 16 B.C.
906 941 6 14 :

64 981 34 3 —
126 966 53 23 The
201 966 67 23 three
287 966 130 29 privileges
430 967 46 22 and
490 967 149 29 protections
652 966 51 23 ofa
721 967 73 22 social
807 971 70 22 state,
879 981 34 2 —

65 1000 106 30 security
182 999 27 23 of
224 999 40 23 life
276 1000 49 22 and
338 1007 95 22 person,
446 1000 107 30 security
567 1000 28 22 of
608 1000 132 30 possession
761 1000 47 22 and
828 1000 83 22 dwell-

65 1034 50 30 ing,
134 1033 107 30 security
258 1032 28 23 of
304 1033 107 22 national
430 1033 72 31 right.
539 1033 80 23 Three
639 1033 80 31 things
739 1033 51 23 that
809 1033 101 23 confirm

65 1067 42 22 the
120 1066 73 23 social
211 1070 70 24 state,
284 1080 30 3 —
318 1066 112 23 effectual
443 1067 106 31 security
564 1066 28 23 of
608 1072 122 26 property,
740 1067 52 30 just
811 1067 100 31 punish-

66 1105 66 18 ment
145 1101 80 21 where
238 1100 19 22 it
270 1101 19 21 is
302 1100 55 27 due,
371 1101 48 22 and
432 1108 82 23 mercy
528 1101 137 31 tempering
674 1100 91 32 justice
778 1101 80 23 where
871 1101 41 22 the

65 1134 114 23 occasion
198 1134 109 31 requires
325 1134 19 23 it
363 1134 23 22 in
405 1135 94 30 equity.
535 1134 54 23 The
602 1135 67 23 three
689 1135 116 23 elements
823 1134 28 24 of
867 1135 46 23 law

65 1176 40 14 are
126 1167 149 31 knowledge,
294 1167 107 23 national
419 1168 72 31 right,
511 1168 46 22 and
577 1169 244 23 conscientiousness.
859 1168 53 24 The

66 1203 68 21 three
154 1205 138 19 ornaments
305 1201 28 23 of
351 1209 14 15 a
382 1202 74 22 social
473 1205 68 23 state,
546 1215 31 3 —
580 1203 40 22 the
638 1202 97 24 learned
755 1203 102 26 scholar,
872 1203 41 22 the

66 1236 128 30 ingenious
207 1236 77 25 artist,
297 1235 47 23 and
358 1235 40 23 the
413 1235 53 30 just
480 1235 86 31 judge.
602 1236 54 23 The
676 1237 68 22 three
763 1236 81 30 proofs
857 1236 28 23 of
899 1244 14 15 a

62 1269 86 30 judge,
151 1283 32 4 —
187 1269 141 30 knowledge
349 1268 28 24 of
394 1269 40 23 the
457 1269 51 26 law,
528 1269 145 31 knowledge
694 1270 28 23 of
741 1270 41 23 the
805 1276 108 17 customs

66 1304 79 22 which
167 1304 41 22 the
228 1303 43 23 law
292 1304 57 22 does
370 1306 43 20 not
430 1304 138 29 supersede,
595 1304 48 22 and
667 1304 143 30 knowledge
835 1303 29 24 of
885 1305 28 21 its

67 1337 77 26 times,
166 1337 48 22 and
237 1337 39 22 the
298 1337 110 22 business
430 1337 94 22 thereto
546 1337 142 32 belonging.
732 1337 79 24 Three
832 1338 81 31 things

67 1370 80 23 which
169 1378 14 15 a
200 1370 77 32 judge
297 1370 78 31 ought
397 1370 88 32 always
506 1375 25 18 to
552 1371 82 32 study,
637 1386 33 3 —
672 1372 84 31 equity
770 1371 143 32 habitually,

71 1412 83 22 mercy
176 1404 212 32 conscientiously,
405 1405 47 22 and
473 1404 142 32 knowledge
630 1405 147 31 profoundly
801 1406 47 22 and
875 1413 38 15 ac-

68 1438 135 29 curately.f

191 1508 12 12 *
219 1507 52 23 Page
284 1508 43 19 157.

463 1508 14 22 t
492 1507 70 20 Camb.
575 1507 51 19 Brit.
638 1507 80 23 August
731 1507 56 18 1820.
