1023 1619
885 107 31 23 51

435 114 123 14 BARDISM.

72 172 59 24 Cot.
168 170 53 24 The
240 179 103 15 sorrows
359 171 54 23 that
431 171 173 32 encompassed
617 172 40 23 the
671 172 94 32 earthly
778 173 144 31 pilgrimage

71 205 31 24 of
111 205 132 31 Llywarch
256 205 62 23 have
337 205 118 31 imparted
474 210 23 18 to
516 201 36 27 his
565 208 87 29 poetry
663 214 16 15 a
690 207 61 31 deep
770 208 86 30 pathos
874 208 48 22 and

73 239 162 31 melancholy.
271 239 55 23 The
339 239 65 23 Bard
418 239 76 23 revels
507 240 24 22 in
545 238 68 32 grief.

125 272 24 24 It
161 273 20 22 is
194 273 77 23 worth
285 273 71 23 while
375 276 24 20 to
416 273 106 24 descend
535 280 14 16 a
561 276 102 28 century
677 281 27 16 or
722 277 55 25 two,
795 274 23 23 in
838 274 84 24 search

75 306 29 24 of
118 314 14 16 a
149 314 66 16 more
232 306 110 24 cheerful
361 306 104 32 subject.
503 307 55 23 One
576 307 27 23 of
613 308 40 22 the
674 312 62 18 most
754 308 103 31 popular
875 308 47 24 and

74 341 111 22 admired
200 340 77 23 Bards
296 340 28 23 of
334 341 41 22 the
392 341 69 22 ninth
478 344 102 28 century
594 348 47 15 was
655 341 110 28 Geraint,
779 350 28 15 or
820 341 103 24 Geraint

77 374 83 23 Bardd
182 374 71 28 Glas,
272 374 105 24 Geraint
398 374 40 23 the
458 374 61 23 Blue
541 374 73 23 Bard.
652 374 40 23 He
709 383 49 15 was
776 383 14 16 a
808 375 73 23 monk
900 376 28 23 of

77 408 42 23 the
130 408 158 23 Benedictine
302 408 72 23 order
386 407 27 23 of
421 407 36 24 St.
469 407 111 28 David's,
589 408 112 31 presided
713 412 26 20 at
748 417 31 15 an
793 409 131 31 important

77 442 158 28 convention,
254 442 80 23 which
353 441 146 24 established
519 442 41 23 the
580 442 118 31 principle
717 442 28 23 of
758 450 165 23 consonancy,

77 476 103 30 tending
200 479 25 20 to
247 476 109 30 improve
376 475 40 24 the
437 476 99 30 rhythm
554 475 27 24 of
595 476 84 23 Welsh
697 484 76 15 verse.
810 476 40 24 He
873 477 50 23 also

78 513 77 20 wrote
172 517 16 15 a
201 509 83 24 Welsh
298 509 137 27 Grammar,
448 510 79 23 which
547 510 43 23 has
607 517 64 23 gone
690 510 40 23 the
744 517 52 24 way
810 509 28 24 of
846 510 78 23 books

78 543 60 31 long
150 544 75 23 since.
262 543 12 23 I
287 551 55 23 pass
359 551 57 15 over
429 544 36 22 his
482 551 87 23 graver
585 544 178 29 compositions,
778 544 48 23 and
842 544 56 30 give
911 551 15 16 a

78 578 124 30 specimen
219 576 28 24 of
260 577 38 23 his
315 577 90 31 lighter
424 577 48 23 and
491 584 67 16 more
577 578 105 29 sportive
701 578 62 22 vein.
800 577 53 23 The
872 578 54 22 title

78 618 60 15 runs
150 611 65 28 thus,
218 624 33 4 —
277 610 54 23 The
344 611 86 22 choice
443 611 95 31 Things
551 610 28 23 of
590 611 103 23 Geraint
707 611 39 22 the
761 611 61 22 Blue

105 644 22 23 A
146 644 114 31 morning
281 644 83 31 bright
385 644 47 23 and
454 644 70 28 calm,
545 644 48 23 and
613 644 66 23 birds
696 644 98 31 joining
812 644 22 23 in
855 652 69 24 song.

79 678 106 23 Trefoils
203 678 126 31 sparkling
342 678 57 23 with
418 678 73 30 drops
508 678 28 23 of
550 678 97 32 passing
665 678 60 23 dew.
763 678 23 22 A
804 678 122 23 cloudless

77 711 99 29 welkin,
188 712 58 23 with
265 719 15 16 a
296 711 64 31 plain
379 711 28 23 of
420 712 95 23 smooth
534 711 57 24 turf.
635 711 53 23 The
707 712 149 30 matin-song
874 711 53 24 ofa

78 745 60 28 lark,
152 746 47 23 and
213 754 14 14 a
240 745 127 24 blackbird
384 754 30 14 on
434 746 41 22 the
493 746 70 22 bush.
600 745 53 23 The
672 745 91 32 trilling
784 745 67 23 shrill
871 749 56 20 note

79 779 30 24 of
119 780 40 22 the
178 779 152 31 nightingale
348 779 63 23 from
424 787 14 15 a
451 788 57 14 near
525 780 87 30 woody
630 787 67 16 cove.
735 780 22 21 A
772 779 155 31 pebble-bot-

80 813 83 24 tomed
177 813 107 31 rippling
297 813 86 27 brook,
398 813 47 23 and
458 816 98 27 pasture
569 813 93 24 decked
675 813 57 23 with
746 812 102 24 flowers.
873 812 55 24 The

82 847 123 23 discourse
225 846 28 24 of
265 847 74 27 birds,
353 847 58 22 with
425 847 105 22 weather
548 854 80 23 sunny
647 847 47 23 and
713 847 67 22 mild.
818 847 23 22 A
855 850 74 19 sweet

81 881 48 22 and
147 880 98 31 healthy
258 880 53 31 sky,
325 881 58 22 with
396 887 14 16 a
422 883 53 28 stag
493 887 31 16 on
537 888 15 15 a
564 881 116 29 spangled
697 880 66 30 path.
801 880 52 23 The
870 887 58 17 con-

82 918 53 19 cert
148 914 28 23 of
187 914 104 23 hounds.
328 914 54 23 The
396 915 68 22 voice
481 913 29 24 of
519 914 77 23 lambs
608 914 48 23 and
668 914 82 30 sheep.
781 914 22 22 A
817 914 111 30 sweetly-

82 948 78 22 tuned
174 948 67 30 harp,
254 948 49 22 and
316 955 14 15 a
342 948 272 30 sweetly-impassioned
628 948 46 31 lay.
701 948 22 22 A
734 955 61 23 song
808 947 28 23 of
842 948 87 22 ardent

82 981 56 23 love
151 981 63 23 from
227 981 41 23 the
281 985 74 19 sweet
368 981 32 31 lip
414 981 46 23 ofa
474 981 45 22 fair
531 981 74 23 maid.
641 983 23 21 A
679 988 73 25 grove
766 981 102 23 verdant
881 981 47 23 and

82 1014 89 32 lovely,
197 1015 47 23 and
268 1014 190 32 fondly-spoken
484 1015 86 23 words.
618 1014 59 28 Old,
698 1014 230 32 sweetly-savoured

83 1049 79 27 mead,
182 1049 48 23 and
247 1048 108 24 habitual
374 1048 122 23 kindness.
534 1049 23 22 A
575 1048 158 32 softly-sweet
745 1048 85 32 glance
847 1048 27 23 of
888 1048 40 23 the

83 1091 52 23 eye,
149 1083 49 23 and
210 1083 55 23 love
278 1083 103 22 without
391 1086 160 19 wantonness.
588 1082 54 23 The
655 1082 77 23 salute
745 1082 27 23 of
782 1090 14 15 a
808 1082 44 23 fair
864 1082 65 23 maid

83 1125 33 16 on
135 1125 15 15 a
170 1116 102 24 verdant
295 1116 81 31 glade.
413 1117 23 22 A
459 1116 242 31 faithfully-discreet
725 1116 205 31 love-messenger

83 1150 50 24 and
150 1158 15 16 a
183 1150 80 23 friend
282 1152 27 21 of
323 1150 65 31 good
406 1150 201 31 understanding.
643 1151 24 22 A
680 1150 115 23 secluded
812 1150 117 30 walking-

83 1185 70 30 place
166 1188 26 19 to
205 1191 79 17 caress
297 1192 45 16 one
356 1184 53 24 that
422 1185 19 22 is
453 1184 47 23 fair
509 1185 48 22 and
738 1183 54 24 The
804 1184 66 30 good
880 1183 49 24 Ge-

84 1219 64 22 raint
160 1218 57 31 only
232 1218 94 23 dreamt
343 1218 28 23 of
379 1218 92 23 several
484 1218 28 23 of
522 1218 67 23 these
602 1218 86 23 choice
701 1217 82 31 things
796 1218 23 22 in
833 1218 96 29 waking

84 1252 103 27 dreams,
201 1259 25 15 as
239 1251 63 23 from
315 1252 41 23 the
370 1252 84 31 grated
469 1252 103 22 window
585 1252 27 22 of
621 1252 36 22 his
675 1251 47 23 cell
739 1252 29 22 he
781 1251 90 23 looked
889 1255 42 19 out

84 1294 32 15 on
130 1286 41 22 the
188 1293 74 23 green
280 1286 48 22 and
345 1294 80 23 sunny
437 1285 70 23 fields
520 1285 113 23 beneath.
670 1285 67 22 Next
755 1285 57 22 time
829 1284 55 33 (for
895 1292 36 15 we

84 1319 62 23 shall
164 1327 39 15 see
216 1319 104 23 Geraint
337 1318 87 33 again)
438 1327 34 15 we
489 1318 49 24 will
556 1327 47 23 pay
617 1319 49 22 him
679 1327 15 14 a
706 1318 86 23 formal
804 1318 63 28 visit,
883 1318 48 23 and

83 1353 52 22 find
149 1353 49 22 him
212 1356 25 19 at
250 1353 37 22 his
300 1353 85 22 books.

139 1388 21 22 A
187 1386 67 24 Bard
277 1387 28 23 of
325 1387 68 30 royal
416 1387 88 30 degree
525 1385 60 24 shall
607 1385 66 24 close
697 1394 45 14 our
760 1385 46 28 list,
809 1400 34 4 —
845 1384 86 24 Owain

86 1420 135 33 Cyveilioc,
243 1421 83 30 prince
346 1420 29 24 of
392 1420 88 29 Powis,
499 1420 54 23 who
574 1420 56 22 died
653 1420 71 22 1197.
761 1419 40 24 He
823 1428 47 15 was
890 1420 42 23 the

83 1463 44 16 son
142 1454 28 24 of
181 1455 123 30 Gruffydh
320 1462 29 23 ap
364 1454 141 31 Meredyth,
514 1454 107 28 created,
635 1454 32 31 by
681 1453 68 32 King
762 1453 87 31 Henry
861 1453 33 24 II.
907 1453 27 24 of

357 1529 13 14 *
385 1528 71 20 Camb.
466 1529 52 19 Brit.
529 1528 73 20 March
613 1529 57 19 1822.
