1023 1619
447 101 124 15 BARDISM.

898 95 30 22 37

83 157 118 29 penalties
219 165 47 23 any
280 160 24 20 to
321 165 150 23 pronounce,
485 167 29 15 or
525 168 48 23 any
586 163 26 20 to
624 160 72 31 obey,
710 161 41 23 the
765 161 50 24 still
828 161 106 23 dreaded

83 191 247 27 excommunication,
341 192 46 23 and
403 193 144 23 denounced
558 195 22 21 in
591 194 41 23 the
642 194 120 31 language
772 195 27 23 of
806 196 128 29 indignant

82 224 129 32 humanity
224 225 41 22 the
279 225 94 32 cruelty
384 226 48 23 and
446 228 40 22 the
500 227 150 23 wickedness
663 228 27 22 of
701 228 89 23 human
804 229 129 22 sacrifices.

83 257 39 23 To
140 258 42 22 the
204 259 96 30 captive
320 268 28 14 or
369 260 80 23 exiled
472 261 100 31 Cymro,
595 261 63 29 who,
679 269 25 15 as
723 269 29 16 an
773 262 47 23 evil
840 262 94 31 destiny

83 291 110 24 directed
209 293 36 22 his
259 296 73 27 steps,
348 295 138 22 contended
499 303 14 15 a
525 295 129 30 gladiator,
668 302 27 16 or
708 294 87 32 fought
807 296 59 22 with
878 296 57 22 wild

83 325 81 24 beasts
177 327 25 21 in
215 326 41 23 the
269 334 80 21 arena,
363 335 29 16 or
404 329 104 30 perhaps
526 329 42 22 the
587 328 98 23 faithful
699 334 96 17 servant
812 333 25 18 to
856 337 15 14 a
887 329 47 22 dis-

83 360 93 30 graced
193 364 105 24 senator,
317 362 87 22 shared
425 362 41 23 the
483 365 43 20 not
544 362 117 32 unlikely,
674 362 97 32 equally
784 362 151 23 undeserved

84 394 64 26 ruin,
161 397 103 25 torture,
278 395 48 22 and
339 395 81 27 death,
440 396 18 22 it
475 400 66 19 must
557 396 61 23 have
637 396 91 31 proved
747 401 25 17 at
790 396 60 22 least
868 403 66 15 some

85 428 152 22 consolation
253 432 23 18 to
292 428 70 23 know
375 429 52 23 that
440 430 23 21 in
477 430 37 22 his
527 438 53 15 own
595 430 57 22 dear
664 430 80 22 native
754 429 63 27 land,
829 429 78 23 which
917 428 20 23 if

84 461 32 22 he
129 461 83 31 forgot
231 462 79 30 might
329 462 36 23 his
383 463 65 30 right
468 463 64 23 hand
552 463 79 31 forget
650 464 44 22 her
712 463 115 30 cunning,
844 463 91 22 human

84 495 124 23 sacrifices
228 503 64 15 were
313 496 147 30 prohibited,
487 497 48 22 and
558 497 41 23 the
623 496 40 23 life
688 495 28 24 of
737 504 54 14 man
816 497 119 30 precious.

85 528 81 23 These
186 529 132 23 vindictive
338 538 129 19 measures,
481 530 115 23 enforced
615 530 32 30 by
667 529 40 23 the
725 533 84 27 strong
828 529 64 22 hand
911 528 26 24 of

84 570 90 23 power,
196 563 125 31 produced
338 564 64 22 their
425 563 70 23 usual
514 563 87 23 results
611 572 5 17 ;
635 563 40 23 the
694 563 92 22 leaders
805 562 130 24 concealed

85 596 155 26 themselves,
255 604 27 15 or
299 596 49 23 fled
366 597 42 23 the
427 600 103 27 country
545 598 51 22 into
610 596 141 27 Caledonia,
765 596 103 27 Ireland,
888 597 47 22 and

84 630 42 22 the
144 630 73 23 lesser
232 630 90 23 British
342 630 62 28 isles,
419 631 79 23 where
517 631 59 29 they
590 630 169 23 endeavoured
779 633 24 20 to
822 638 111 22 preserve

84 664 64 22 their
160 664 119 23 beautiful
293 664 47 23 and
353 665 198 23 time-honoured
564 664 67 23 faith.
662 664 75 23 Their
750 664 119 30 disciples,
880 665 53 22 who

85 698 125 23 remained
232 698 83 23 bound
337 701 26 20 to
387 699 42 22 the
451 699 53 26 soil,
530 697 142 24 conformed
697 698 143 29 outwardly,
864 698 70 22 while

85 732 119 29 inwardly
218 732 58 30 they
290 732 74 30 clung
378 736 24 18 to
416 732 64 22 their
491 732 108 22 national
618 732 101 30 religion
738 731 57 23 with
814 738 14 16 a
846 731 88 30 deeper

85 765 70 28 love;
169 765 48 22 and
227 765 142 31 preserving
381 773 14 15 a
405 765 122 31 language
541 765 99 30 happily
650 765 176 30 unintelligible
837 767 24 20 to
872 765 63 22 their

85 798 109 31 political
214 802 107 24 masters,
336 799 40 22 the
395 799 122 22 doctrines
530 799 81 22 would
630 799 30 22 be
677 798 122 31 repeated,
812 798 123 22 wherever

86 833 144 22 confidence
251 833 73 22 could
347 833 28 22 be
398 832 92 30 placed,
511 832 48 23 and
580 832 56 22 thus
658 831 41 23 the
721 839 107 24 memory
850 831 28 22 of
893 831 40 23 the

88 866 85 22 sacred
195 874 85 22 poems
302 866 48 22 and
370 866 140 22 tiaditional
532 866 120 22 institutes
671 865 120 23 survived.
836 864 99 32 During

86 900 48 22 this
155 907 84 16 season
257 898 28 24 of
299 900 162 30 persecution,
479 907 14 15 a
510 899 90 24 Bardic
616 898 100 31 College
731 899 20 22 is
769 899 120 30 supposed
909 903 25 19 to

87 933 62 23 have
168 934 61 22 been
249 933 148 23 established
416 934 22 22 in
453 933 41 23 the
509 933 115 23 Marches
636 932 28 22 of
676 932 125 27 Scotland,
817 936 23 19 to
854 932 79 23 which

86 968 91 22 devout
189 975 99 22 persons
301 967 61 23 from
376 966 83 24 Wales
472 967 48 23 and
533 966 115 24 southern
663 965 93 23 Britain
774 966 109 30 repaired
902 974 31 15 on

85 1001 42 23 the
148 1001 93 23 solemn
265 1000 116 24 festivals.
427 1002 37 21 At
485 1008 14 15 a
522 1000 60 23 later
602 1000 91 30 period,
715 999 40 23 the
779 1000 155 30 languishing

86 1035 112 23 Bardism
212 1035 27 23 of
248 1035 40 23 the
302 1035 72 23 south
388 1042 48 15 was
449 1034 122 23 recruited
585 1033 59 23 from
662 1033 47 23 this
728 1033 99 31 healthy
839 1041 93 15 source.

86 1069 54 22 The
159 1069 117 26 Romans,
289 1072 25 19 to
327 1069 65 22 their
403 1069 77 22 credit
493 1069 31 22 be
537 1069 18 22 it
574 1068 86 26 stated,
674 1067 88 23 turned
779 1067 95 30 against
892 1067 42 23 the

84 1102 62 23 faith
171 1103 57 31 they
256 1102 73 23 hated
353 1109 16 15 a
392 1102 72 22 fairer
490 1102 47 22 and
563 1109 66 15 more
657 1100 144 24 formidable
825 1108 108 23 weapon.

87 1135 53 24 The
165 1136 96 23 schools
286 1135 48 23 and
358 1136 136 22 academies
519 1135 79 22 which
623 1135 58 30 they
706 1134 105 25 erected,
832 1142 36 15 we
892 1141 41 16 are

85 1170 61 27 told,
166 1170 94 30 greatly
280 1169 162 23 undermined
463 1169 41 23 the
523 1172 99 28 system.
657 1163 38 27 As
713 1168 154 30 tranquillity
885 1175 48 15 was

85 1204 117 26 restored,
227 1204 41 22 the
289 1211 148 23 conquerors
463 1203 100 23 became
587 1209 66 15 more
677 1201 92 23 lenient
781 1211 5 17 ;
813 1201 119 28 Bardism,

86 1245 74 16 never
173 1237 89 30 openly
274 1237 129 28 tolerated,
416 1245 48 14 was
480 1237 33 30 by
526 1237 102 30 degrees
645 1235 103 31 secretly
762 1234 120 23 connived
900 1239 33 18 at.

85 1271 25 23 If
127 1271 72 23 altars
221 1278 61 16 were
304 1271 122 23 inscribed
446 1270 132 30 ostensibly
600 1273 24 18 to
646 1268 73 23 Latin
742 1268 129 27 divinities,
892 1268 41 23 the

86 1310 74 18 terms
174 1305 22 22 in
211 1304 79 23 which
309 1304 41 23 the
369 1304 137 23 dedication
526 1311 42 15 ran
587 1310 63 15 were
668 1305 44 19 not
730 1301 119 32 critically
866 1302 65 27 read,

86 1346 45 15 nor
144 1339 40 22 the
199 1338 126 23 attendant
337 1338 149 22 ceremonies
497 1345 58 22 very
568 1336 89 31 closely
670 1335 113 31 inquired
801 1335 58 23 into.
895 1336 38 23 As

85 1373 42 22 the
133 1372 92 31 empire
231 1372 119 26 declined,
359 1371 47 23 and
415 1372 40 22 the
466 1371 75 30 Eagle
578 1369 130 24 unwonted
717 1369 71 23 mood
824 1369 109 31 drooped

85 1406 79 23 under
188 1406 103 22 disaster
315 1405 47 23 and
387 1405 88 26 defeat,
497 1404 142 30 misgivings
661 1403 98 22 entered
784 1403 77 22 minds
885 1411 47 16 one

84 1441 80 31 might
182 1440 61 23 have
262 1439 106 30 thought
385 1438 104 23 fortified
505 1439 95 29 against
618 1437 72 26 them,
710 1437 46 22 and
775 1437 42 22 the
835 1437 96 23 civilian

83 1475 49 24 and
146 1474 42 23 the
200 1473 98 27 soldier,
312 1473 60 22 born
387 1472 47 22 and
447 1471 116 23 nurtured
577 1478 30 16 on
622 1471 40 23 the
675 1470 76 23 banks
762 1470 75 24 ofthe
848 1470 82 29 Tiber,

84 1509 43 23 did
146 1511 43 21 not
208 1507 95 24 disdain
321 1510 26 20 to
365 1505 65 24 bend
449 1506 42 22 the
510 1505 70 27 knee,
599 1504 47 23 and
664 1511 47 24 pay
723 1505 42 22 the
781 1512 53 15 vow
851 1504 80 24 Genio
