1023 1619
86 72 27 21 14

439 84 124 15 bardism.

84 144 61 19 men,
168 137 72 23 could
263 140 129 23 constitute
410 141 48 22 him
479 150 14 14 a
512 142 128 23 candidate
650 150 5 18 ;
676 149 31 15 on
728 140 77 24 which
826 140 30 23 he
875 147 49 15 was

83 171 163 31 immediately
261 172 90 24 elected
370 174 30 31 by
415 175 82 23 ballot.
534 175 52 23 The
601 175 65 23 dress
680 175 26 22 of
716 175 41 23 the
771 174 90 32 Ovydd
876 181 48 15 was

83 212 81 23 green,
183 205 42 23 the
243 206 95 29 symbol
356 207 26 23 of
399 208 118 31 learning,
536 217 24 14 as
580 209 73 30 being
671 209 40 22 the
730 208 85 23 colour
833 207 29 24 of
884 208 40 22 the

83 239 110 30 clothing
205 238 28 23 of
245 244 98 23 nature;
360 242 46 22 and
426 243 18 22 it
460 250 48 15 was
526 243 115 22 unmixed
661 243 57 22 with
736 250 48 23 any
802 242 79 25 other,
900 245 25 19 to

82 273 66 22 show
162 272 52 23 that
227 273 18 22 it
258 281 47 15 was
318 274 103 24 uniform
434 275 48 23 like
496 276 90 23 truth.*
623 275 23 23 It
658 277 18 21 is
691 276 80 22 rather
784 275 104 23 difficult
901 279 25 19 to

83 306 62 32 light
158 313 31 15 on
208 314 14 15 a
235 306 74 23 Triad
322 309 132 30 peculiarly
469 309 153 30 appropriate
636 314 24 18 to
680 317 28 14 an
723 309 90 30 Ovydd
824 318 5 17 ;
847 308 12 23 I
879 309 47 22 will

84 341 47 22 cite
145 348 14 15 a
177 339 43 23 few
234 340 52 23 that
305 341 99 23 breathe
422 350 15 15 a
454 342 176 30 philosophical
647 343 69 29 spirit
724 350 6 15 :
732 355 33 3 —
792 342 54 23 The
859 343 68 22 three

84 374 202 23 demonstrations
311 374 28 24 of
359 376 40 22 the
425 375 134 23 usefulness
585 376 27 22 of
630 376 152 29 knowledge,
785 390 33 3 —
820 376 107 26 wisdom,

84 410 76 29 piety,
173 409 47 23 and
239 409 160 31 tranquillity.
429 409 80 23 Three
529 410 81 29 things
623 410 53 22 that
695 410 107 29 produce
823 413 105 19 correct-

84 451 60 19 ness,
146 458 34 3 —
182 443 82 29 bodily
283 450 88 23 power,
385 447 141 27 expertness
539 443 28 23 of
576 447 44 23 art,
635 444 46 22 and
700 450 14 16 a
727 443 91 31 willing
835 444 94 30 genius.

84 477 53 23 The
148 477 68 23 three
226 477 105 32 primary
343 477 110 23 teachers
463 477 27 23 of
498 485 63 19 man,
564 493 33 2 —
599 486 13 14 a
621 477 86 31 genius
718 477 83 31 loving
811 477 117 28 exertion,

84 511 150 24 considerate
248 519 92 19 reason,
354 512 47 22 and
415 520 14 14 a
443 512 74 23 moral
531 512 150 23 conscience.
702 511 79 23 Three
796 519 53 15 men
864 519 64 23 upon

84 546 79 23 whom
176 546 29 22 all
221 545 77 31 ought
316 549 25 19 to
360 546 56 22 look
436 546 56 23 with
513 545 122 28 affection,
638 560 31 3 —
673 546 29 22 he
715 545 54 23 who
785 545 67 24 looks
873 546 56 22 with

83 580 112 23 affection
216 587 30 16 on
266 580 41 22 the
321 579 51 24 face
386 579 28 24 of
424 580 40 23 the
483 580 76 26 earth,
580 580 28 23 he
623 580 53 23 who
695 580 19 22 is
733 579 124 31 delighted
871 580 57 22 with

84 614 101 23 rational
203 613 79 24 works
300 613 29 24 of
344 619 44 22 art,
409 615 46 22 and
476 615 28 22 he
525 614 52 23 who
597 614 67 23 looks
683 614 108 30 lovingly
813 621 31 15 on
867 613 61 24 little

84 648 115 22 children.
204 652 12 22 t
238 648 52 22 The
305 648 66 22 three
386 648 117 23 branches
513 648 29 23 of
548 648 41 23 the
600 648 60 31 duty
674 648 28 22 of
711 655 65 21 man,
780 661 30 4 —
813 648 115 22 devotion

83 682 104 23 towards
207 681 65 29 God,
291 682 163 23 benevolence
472 685 25 20 to
515 681 38 23 his
572 681 223 28 fellow-creatures,
814 681 47 23 and
887 682 41 22 the

84 717 175 30 improvement
283 715 27 25 of
330 716 41 22 the
532 717 14 30 J
586 715 52 24 The
664 715 87 23 Triads
775 715 103 31 relating
903 720 24 18 to

84 751 119 30 language
217 758 55 23 ma3'
287 750 56 23 with
359 758 66 16 more
438 750 119 31 certainty
570 751 31 22 be
614 750 110 23 ascribed
738 753 25 19 to
776 749 41 24 the
828 748 99 25 Ovates.

110 784 53 23 The
182 784 67 23 three
269 787 94 21 correct
382 785 111 30 qualities
512 785 29 22 of
559 792 14 15 a
590 784 128 31 language,
720 798 33 4 —
756 786 95 21 correct
869 792 60 14 con-

83 819 127 26 struction,
223 822 94 19 correct
330 819 151 30 etymology,
495 819 47 22 and
555 823 95 18 correct
659 818 196 30 pronunciation.
875 817 53 23 The

84 852 66 22 three
163 856 114 26 supports
290 852 28 23 of
327 852 127 32 language,
457 866 33 3 —
492 852 78 28 order,
583 852 119 31 strength,
717 852 46 22 and
783 859 146 23 synonymy.

84 886 53 22 The
144 886 67 23 three
218 886 81 31 things
306 886 52 23 that
367 887 130 22 constitute
503 886 53 31 just
564 886 155 30 description,
721 899 31 3 —
752 885 52 31 just
813 885 115 23 selection

83 919 28 23 of
122 920 85 27 words,
217 920 53 31 just
288 920 165 23 construction
467 919 27 24 of
504 921 128 31 language,
647 919 47 24 and
702 919 52 32 just
767 919 162 30 comparison.

84 953 53 23 The
150 954 68 23 three
232 955 51 22 best
294 954 81 26 things
387 954 168 31 appertaining
569 957 23 20 to
601 954 52 31 just
665 953 125 26 selection,
791 968 34 3 —
827 953 40 23 the
878 953 52 23 best

83 987 128 31 language,
226 988 40 22 the
281 988 52 23 best
345 988 79 28 order,
437 989 47 22 and
502 989 40 22 the
556 989 52 22 best
784 986 11 23 I
813 995 55 23 may
877 987 53 30 just

83 1022 107 22 mention
203 1022 102 23 another
315 1021 82 28 Triad,
409 1022 78 22 which
500 1022 70 22 tends
582 1024 26 20 to
618 1022 100 23 confirm
732 1022 41 22 the
786 1020 143 31 impression

83 1055 59 26 that,
152 1055 22 22 in
189 1056 68 22 those
271 1055 83 30 bright
366 1056 48 22 and
426 1055 118 23 beautiful
559 1056 68 29 days,
638 1056 95 22 science
743 1054 48 24 and
805 1055 124 22 literature

84 1092 42 19 not
147 1089 56 30 only
224 1089 92 23 carried
337 1096 67 23 away
427 1089 106 23 brilliant
552 1090 113 25 honours,
686 1090 43 22 but
747 1089 50 23 also
817 1089 112 22 received

84 1122 143 23 substantial
246 1122 111 27 rewards,
360 1137 33 3 —
394 1123 52 22 that
465 1123 60 22 solid
546 1122 57 23 beef
619 1123 46 22 and
684 1123 120 30 pudding,
824 1130 37 23 ay,
880 1123 49 22 and

84 1156 124 31 sparkling
227 1156 77 26 mead,
318 1156 78 23 which
416 1156 78 30 digest
513 1164 26 14 so
553 1156 59 27 well,
631 1156 48 23 and
697 1157 56 31 give
767 1160 24 18 to
811 1156 78 30 praise
902 1164 27 15 so

84 1190 127 31 agreeable
224 1198 14 14 a
250 1189 79 23 relish.
365 1190 23 22 A
403 1185 162 35 philosopher,
584 1190 79 23 unless
682 1190 29 23 he
730 1190 48 23 had
791 1190 138 31 something

84 1228 24 18 to
122 1224 57 26 lose,
194 1224 78 23 would
285 1227 42 19 not
344 1223 60 23 have
417 1224 105 22 dictated
540 1224 41 23 the
592 1223 125 32 following
730 1224 90 27 axiom,
835 1224 94 31 worthy

84 1258 76 22 ofthe
173 1258 109 30 sagacity
296 1257 50 23 ofa
365 1257 99 23 modern
478 1258 128 24 detective.
612 1260 8 28 ||
756 1258 68 23 three
838 1258 91 23 indica-

84 1292 63 22 tions
160 1291 28 23 of
198 1300 13 14 a
224 1291 69 27 thief,
295 1306 33 3 —
329 1299 30 15 an
373 1291 138 31 inquisitive
526 1295 99 28 tongue,
645 1300 13 15 a
678 1292 87 31 prying
784 1300 51 23 eye,
850 1293 47 22 and
916 1300 14 15 a

84 1326 68 22 timid
165 1326 114 30 avoiding
293 1328 165 21 countenance
469 1335 6 18 ;
493 1326 53 23 that
559 1327 25 26 is,
598 1326 41 23 the
658 1327 66 22 three
738 1327 84 22 united
840 1327 23 22 in
883 1334 46 15 one

84 1366 93 21 person.

139 1445 12 13 *
167 1445 111 25 Meyrick's
290 1445 115 23 Costumes,
416 1453 21 18 p.
451 1446 32 19 24.

139 1472 12 22 J
167 1471 71 20 Camb.
251 1472 50 19 Brit.
311 1472 48 19 Jan.
371 1473 61 19 1820.

534 1452 9 13 +
561 1446 71 19 Camb.
645 1446 52 19 Brit.
709 1446 54 19 June
775 1447 58 18 1822.

534 1475 9 21 §
560 1473 53 20 Ibid.
626 1473 53 20 Nov.
693 1474 58 19 1819.

141 1502 7 19 ||
167 1498 51 19 Ibid.
231 1498 46 20 Oct.
291 1499 57 19 1819.
