1023 1619
106 104 33 23 52

467 111 125 16 BARDISM.

108 170 123 31 England,
244 170 89 24 Prince
345 170 123 24 ofPowis.
505 170 53 24 The
572 170 85 24 favour
666 170 78 24 wliich
757 169 87 24 Owain
857 168 99 23 showed

108 204 42 23 the
164 204 103 31 English
280 205 20 22 is
313 204 54 23 thus
382 212 57 23 very
454 204 120 31 naturally
587 204 136 23 accounted
739 203 44 24 for.
821 203 50 23 But
884 203 71 22 when

108 238 41 22 the
167 241 85 28 patron
272 238 28 22 of
312 238 37 22 his
367 238 82 31 family
461 233 105 28 invaded
585 238 36 22 his
640 238 81 23 native
740 240 112 27 country,
868 236 87 24 Owain

107 271 45 23 felt
169 271 48 23 and
235 271 70 24 acted
323 279 25 15 as
367 280 13 15 a
398 272 90 31 patriot
500 271 95 28 should,
609 271 48 24 and
670 271 40 23 led
723 271 37 23 his
773 275 90 26 troops,
877 271 79 23 under

108 305 42 24 the
170 305 107 24 national
297 306 99 27 banner,
419 306 95 31 against
538 306 41 23 the
604 305 105 24 founder
729 305 28 22 of
775 305 36 22 his
836 304 118 23 fortunes.

108 339 61 23 This
182 339 84 24 Welsh
285 340 140 30 expedition
444 339 86 32 placed
549 348 31 14 no
600 339 64 23 fresh
682 338 89 24 laurels
790 346 30 15 on
841 338 40 23 the
904 344 52 16 mo-

108 372 94 25 narch's
215 374 76 23 brow.
327 373 119 24 Matthew
456 373 70 24 Paris
539 374 113 23 observes
666 381 29 15 on
710 373 41 22 the
764 371 95 31 subject
872 379 14 15 a
895 379 60 23 very

108 408 138 29 expressive
270 407 97 24 silence.
404 407 53 23 The
480 408 55 22 date
555 407 20 22 is
598 406 73 24 1165.
708 405 100 31 During
832 405 42 23 the
897 408 60 20 next

107 443 92 28 twenty
213 448 76 24 years,
302 448 67 16 more
383 449 27 15 or
422 441 54 26 less,
489 440 127 30 Cyveilioc
631 439 139 31 frequently
783 442 43 28 got
843 439 51 22 into
913 438 45 23 hot

107 478 75 20 water
195 476 56 22 with
271 475 36 23 his
326 475 164 30 neighbours;
509 475 45 22 but
570 481 26 16 as
614 474 46 22 this
673 481 48 15 was
738 468 42 28 the
793 476 163 27 temperature

107 509 24 22 in
150 509 78 22 which
247 509 41 22 the
307 512 186 27 contemporary
511 508 96 31 princes
626 508 65 23 liked
710 510 25 20 to
754 507 54 24 live,
828 506 47 23 and
892 514 64 15 were

107 546 43 19 not
163 542 80 32 happy
257 545 43 20 out
312 542 28 23 of
351 542 25 28 it,
391 550 34 15 we
439 542 61 22 have
521 549 30 15 no
569 540 65 32 right
650 544 25 20 to
693 548 94 16 assume
801 540 41 24 the
856 540 100 23 Prince-

107 575 67 24 Bard
195 580 25 18 to
242 576 61 23 have
325 576 62 23 been
408 583 67 15 more
497 575 108 23 irritable
622 575 57 22 than
699 575 36 22 his
754 574 93 31 equals.
884 574 26 23 If
925 574 31 23 he

108 617 71 19 were,
203 609 37 23 his
265 609 134 32 profession
424 609 28 23 of
472 613 66 28 poet,
563 617 31 15 on
620 608 109 23 classical
753 608 134 30 authority,
908 607 48 23 will

108 651 88 15 excuse
218 643 57 23 him.
312 643 45 23 We
378 644 58 22 hear
455 646 58 20 next
533 642 28 23 of
579 642 87 24 Owain
693 642 126 32 Cyveilioc
837 642 24 22 in
882 641 73 23 1188.

108 676 47 24 We
169 677 50 22 find
232 677 50 22 him
300 677 23 23 in
338 675 134 26 Giraldus's
486 676 69 24 black
570 676 84 27 books,
668 676 111 27 because,
798 675 75 31 being
890 683 65 14 sum-

108 711 89 22 moned
216 713 24 20 to
262 710 84 24 attend
367 710 118 28 Baldwin,
506 710 147 31 archbishop
672 709 27 24 of
717 710 164 30 Canterbury,
900 709 56 23 who

108 752 49 14 was
175 744 133 30 preaching
327 752 14 14 a
359 744 102 23 crusade
479 745 24 22 in
516 744 90 27 Wales,
621 744 29 23 he
667 743 98 23 refused
779 746 25 20 to
817 751 76 19 come,
908 742 47 24 and

108 785 50 16 was
173 777 119 24 therefore
313 778 235 23 excommunicated.
597 777 52 24 The
669 777 157 30 Archbishop
846 776 29 23 of
891 776 64 24 Can-

108 810 121 31 terbury's
243 811 154 30 jurisdiction
417 812 24 22 in
456 811 81 23 Wales
555 818 49 16 was
621 819 15 15 a
654 811 114 30 disputed
786 811 76 30 point,
880 818 27 16 so
920 818 36 15 we

108 845 63 23 need
196 850 42 18 not
258 848 37 20 set
316 844 127 30 Cyveilioc
465 845 69 22 down
555 852 26 15 as
603 852 13 15 a
635 852 58 23 very
714 844 136 31 irreligious
871 845 85 29 prince

109 879 106 22 because
236 878 31 23 he
289 878 110 23 declined
419 881 25 20 to
466 878 173 31 acknowledge
664 886 13 15 a
701 878 96 31 foreign
822 878 133 30 authority.

110 912 116 23 Giraldus
246 912 98 22 himself
358 919 56 23 says
433 912 28 22 of
477 912 133 31 Cyveilioc,
623 912 54 22 that
717 912 30 22 he
760 919 49 15 was
827 919 15 15 a
859 919 55 15 man
933 910 27 24 of

110 953 67 16 more
191 945 77 23 fluent
282 946 88 30 speech
389 945 58 23 than
463 945 36 23 his
518 950 187 27 contemporary
724 945 102 31 princes,
846 945 48 22 and
909 953 49 15 was

110 980 163 30 conspicuous
292 979 37 23 for
347 979 42 23 the
408 979 64 31 good
497 983 170 27 management
691 978 28 24 of
740 979 36 23 his

110 1013 101 31 Among
232 1013 68 23 three
323 1014 96 30 princes
440 1013 81 23 whom
542 1012 116 24 Giraldus
682 1018 136 25 represents
837 1020 26 15 as
908 1013 49 22 dis-

109 1047 141 31 tinguished
271 1046 38 23 for
329 1046 97 31 justice,
447 1047 108 27 wisdom,
577 1047 49 22 and
649 1046 110 32 princely

110 1080 128 31 Cyveilioe
257 1080 19 22 is
295 1080 124 23 instanced
438 1088 25 15 as
482 1088 55 15 one.

161 1113 48 23 His
223 1116 62 20 most
298 1113 94 23 famous
406 1114 160 30 composition
581 1122 46 15 was
640 1113 42 24 the
843 1122 16 15 a
874 1113 84 24 drink-

108 1147 44 31 ing
163 1155 69 23 song.
268 1146 183 24 Convivialities
470 1148 23 22 in
513 1147 59 31 days
590 1147 28 23 of
633 1155 60 22 yore
711 1148 100 23 entered
825 1155 26 16 as
863 1147 95 32 largely

109 1182 52 23 into
174 1181 39 23 the
227 1182 110 22 business
350 1180 27 24 of
384 1181 40 23 life
437 1189 25 15 as
475 1182 58 30 they
546 1182 31 22 do
590 1188 63 16 now.
689 1181 28 23 In
737 1181 41 24 the
791 1181 85 24 Welsh
890 1182 68 28 laws,

109 1216 43 22 the
164 1215 81 28 hirlas,
259 1222 27 16 or
299 1215 60 23 horn
371 1214 38 24 for
422 1215 40 23 the
476 1215 68 31 royal
556 1222 50 20 use,
621 1215 18 23 is
654 1216 115 30 required
787 1218 25 20 to
831 1216 31 22 be
880 1215 28 23 of
917 1216 41 22 the

109 1249 101 27 buffalo,
224 1249 47 22 and
290 1251 25 20 to
334 1248 40 23 the
387 1248 70 23 value
470 1249 28 22 of
506 1256 46 16 one
565 1249 89 30 pound,
693 1249 124 31 relatively
830 1249 128 32 speaking,

108 1289 16 17 a
141 1282 67 31 large
226 1290 53 15 sum
298 1282 24 23 in
341 1282 41 23 the
400 1290 119 24 currency
532 1282 28 23 of
569 1282 41 23 the
624 1290 54 23 age.
715 1282 55 24 The
781 1282 76 23 hirlas
870 1291 48 15 was
931 1291 27 16 so

109 1316 77 23 called
200 1315 62 23 from
276 1316 31 22 its
325 1315 74 32 shape
417 1316 47 23 and
483 1316 85 23 colour
577 1326 6 17 ;
628 1316 39 23 hir
704 1317 113 31 meaning
829 1316 66 32 long,
909 1317 49 24 and

134 1350 52 31 glas
221 1349 64 23 blue.
321 1349 24 23 It
355 1357 47 16 was
412 1350 94 31 usually
516 1350 67 23 filled
593 1350 56 23 with
661 1350 70 23 mead
744 1354 26 20 at
780 1351 40 23 the
830 1350 128 31 banquets,

109 1383 49 23 and
171 1383 92 24 carried
277 1383 77 23 round
368 1388 25 19 to
406 1384 41 23 the
459 1387 83 27 guests
554 1384 32 30 by
601 1384 40 23 the
654 1385 144 30 cupbearer.
837 1384 83 24 About
932 1388 26 20 to

108 1416 72 23 finish
201 1417 46 23 this
262 1417 102 31 chapter
376 1418 57 22 with
452 1426 30 15 an
502 1421 95 20 extract
613 1418 61 24 from
687 1419 41 23 the
891 1419 12 23 I
917 1419 41 23 de-

108 1453 99 28 precate
226 1450 42 23 the
290 1459 101 16 censure
411 1451 28 24 of
454 1452 52 23 that
526 1452 134 23 influential
679 1453 66 31 body
764 1453 24 22 in
809 1452 89 28 Wales,
918 1453 40 23 the

109 1484 128 29 respected
255 1485 121 22 members
395 1485 27 23 of
430 1486 42 22 the
489 1488 155 27 temperance
663 1489 146 20 movement.
847 1486 12 23 I
872 1486 48 32 beg
933 1490 25 19 to

109 1517 95 22 remind
217 1517 74 27 them,
305 1518 58 22 than
383 1519 24 22 in
426 1519 40 22 the
485 1519 93 22 twelfth
598 1523 102 27 century
719 1519 40 23 the
778 1519 120 31 tea-plant
911 1528 49 15 was
