1023 1619
94 88 29 23 10

448 98 130 16 BARDISM.

92 156 197 31 understanding,
302 156 47 23 and
362 157 108 23 increase
484 156 27 24 of
516 156 100 32 delight.
654 155 53 23 The
721 156 69 22 three
801 154 136 31 properties

92 189 28 23 of
130 198 13 14 a
152 189 51 32 just
216 191 163 31 imagination,
381 206 34 3 —
417 191 63 23 what
493 199 54 22 may
559 191 38 26 be,
611 190 65 23 what
688 190 78 31 ought
779 193 25 19 to
818 190 36 26 be,
869 189 68 22 what

92 224 20 22 is
130 224 89 31 seemly
236 228 25 19 to
280 225 36 22 be.
352 224 53 23 The
424 225 69 23 three
511 223 191 32 indispensables
720 223 27 24 of
760 222 105 32 poetical
884 223 51 22 lan-

92 266 86 23 guage,
180 272 33 4 —
215 259 90 30 purity,
326 259 164 30 copiousness,
510 258 48 23 and
578 266 62 15 ease.
681 257 80 23 Three
782 257 81 31 things
881 256 56 23 that

92 293 77 29 ought
182 295 24 20 to
219 293 30 22 be
263 292 51 23 well
328 293 148 23 understood
492 293 22 21 in
528 291 173 31 poetry,__the
718 295 76 27 great,
807 291 41 22 the
865 290 70 26 little,

93 326 48 23 and
160 326 63 23 their
241 326 215 30 correspondence.
495 326 80 23 Three
594 326 82 30 things
695 331 26 17 to
740 325 30 22 be
788 324 103 23 avoided
910 324 24 22 in

92 363 95 28 poetry,
188 373 31 4 —
222 360 40 23 the
274 367 79 21 mean,
368 360 40 22 the
418 360 110 26 obscure,
539 359 48 23 and
600 360 40 22 the
650 362 169 27 extravagant.
855 358 82 22 Three

92 394 81 31 things
186 398 24 19 to
224 394 28 23 be
270 394 88 30 chiefly
372 393 142 23 considered
531 393 24 22 in
564 392 104 31 poetical
682 392 154 28 illustration,
840 405 30 3 —
874 392 63 22 what

92 427 61 23 shall
169 427 30 23 be
216 427 128 31 obviously
357 434 65 20 seen,
436 427 64 22 what
512 427 60 22 shall
586 427 30 22 be
629 426 115 30 instantly
758 426 117 26 admired,
889 425 48 23 and

92 461 64 23 what
173 461 60 23 shall
252 462 29 22 be
300 460 132 30 eminently
445 460 191 23 characteristic.
674 459 53 23 The
741 459 69 23 three
823 459 115 31 dignities

92 495 27 23 of
129 499 91 27 poetry,
223 509 34 4 —
257 495 41 23 the
316 498 53 19 true
389 494 46 23 and
450 493 133 24 wonderful
602 493 93 28 united,
709 493 40 23 the
764 493 74 22 union
855 493 27 22 of
897 493 40 22 the

92 529 120 23 beautiful
224 529 47 23 and
280 529 40 23 the
333 529 66 27 wise,
409 528 47 23 and
471 528 40 22 the
522 528 74 22 union
611 526 27 24 of
648 532 36 18 art
698 527 47 23 and
757 530 94 19 nature.
883 526 55 23 The

92 563 69 23 three
178 563 146 31 advantages
341 561 29 24 of
379 566 93 26 poetry,
475 576 31 4 —
511 562 39 22 the
562 561 79 31 praise
655 561 27 23 of
689 561 130 31 goodness,
834 560 40 23 the
887 568 50 15 me-

93 604 69 23 mory
183 596 27 24 of
227 597 64 23 what
313 597 20 22 is
353 596 159 27 remarkable,
535 596 47 22 and
605 595 40 23 the
666 595 162 31 invigoration
851 595 29 22 of
896 594 41 23 the

93 631 132 22 affections.
263 630 53 23 The
335 630 69 23 three
422 630 101 30 purities
535 629 29 23 of
572 632 94 28 poetry,
669 643 34 4 —
703 636 61 23 pure
782 628 76 27 truth,
876 636 61 23 pure

94 664 128 31 language,
241 664 47 22 and
307 671 60 23 pure
388 664 153 29 conception.
578 663 81 23 Three
680 663 81 30 things
780 663 53 22 that
851 666 86 27 poetry

93 697 87 23 should
198 697 148 31 thoroughly
364 697 37 28 be,
405 711 32 4 —
439 697 145 31 thoroughly
603 697 106 27 learned,
723 696 150 31 thoroughly
887 697 51 22 ani-

95 731 86 27 mated,
196 731 147 31 thoroughly

147 764 53 24 The
213 764 93 23 Druids
319 773 61 14 were
399 765 41 22 the
454 764 89 23 second
556 764 78 27 order,
648 764 46 23 but
711 764 19 22 it
748 772 47 15 was
808 771 128 23 necessary

95 802 25 20 to
140 806 53 24 pass
212 798 105 31 through
335 799 42 22 the
396 798 50 23 first
465 802 24 19 to
508 798 72 23 reach
605 798 26 22 it.
667 798 65 23 That
757 798 18 22 is
797 801 25 19 to
846 805 52 22 say,
924 806 14 14 a

97 832 81 23 Druid
196 835 62 19 must
277 832 60 23 have
357 833 59 22 been
435 840 15 14 a
468 832 72 27 Bard,
556 832 93 31 though
667 832 19 23 it
699 840 48 14 was
760 832 32 31 by
805 839 32 15 no
855 839 82 15 means

96 866 113 30 required
224 866 53 22 that
289 874 14 14 a
316 865 65 23 Bard
397 865 87 23 should
501 866 30 22 be
544 873 13 15 a
570 865 89 23 Druid.
696 865 53 23 The
769 865 93 23 Druids
876 872 62 16 were

96 901 86 29 priests
196 900 47 23 and
252 899 89 31 judges
352 909 5 17 ;
376 899 47 23 this
436 900 75 22 union
531 900 23 22 in
573 900 62 22 their
653 907 100 23 persons
767 898 28 24 of
805 899 42 23 the
859 907 79 15 sacer-

97 934 67 23 dotal
182 934 48 23 and
246 933 105 31 judicial
372 932 123 24 functions
516 940 61 24 gave
597 934 66 22 them
688 936 69 27 great
782 933 88 30 weight
891 933 47 22 and

96 968 133 30 authority,
253 967 48 23 and
319 968 90 22 caused
427 967 63 23 their
508 967 69 23 office
595 971 26 19 to
640 968 30 22 be
690 967 71 23 much
787 967 24 22 in
833 971 104 26 request.

97 1001 53 23 The
164 1001 93 22 Druids
269 1001 32 22 do
314 1004 43 19 not
371 1008 90 23 appear
475 1004 25 20 to
513 1001 61 22 have
591 1001 47 22 had
657 1008 48 23 any
723 1001 65 22 fixed
802 1001 137 22 residences

97 1034 24 23 in
146 1034 106 30 parishes
277 1042 28 14 or
328 1034 112 27 districts,
463 1034 83 22 within
566 1034 78 22 which
667 1034 86 23 settled
778 1034 73 22 limits
877 1034 62 22 their

92 1068 177 22 ministrations
291 1075 62 15 were
377 1067 119 28 confined,
522 1067 44 23 but
586 1072 25 18 to
636 1067 61 23 have
718 1074 64 25 gone
805 1067 134 31 periodical

97 1102 98 23 circuits
219 1105 25 19 to
266 1101 102 22 instruct
389 1101 40 22 the
450 1100 93 31 people,
569 1100 47 23 and
641 1105 38 27 try
701 1108 92 20 causes,
814 1101 56 22 civil
890 1101 48 23 and

96 1134 117 24 criminal.
252 1134 53 23 The
323 1134 69 30 place
410 1133 29 23 of
455 1135 106 30 meeting
580 1134 26 23 of
622 1134 40 24 the
682 1134 93 23 Druids
795 1143 47 14 was
861 1135 77 22 called

97 1168 150 31 Gwyddfa,-j-
263 1168 79 23 which
361 1176 25 15 as
405 1168 40 23 the
464 1176 70 15 name
552 1168 101 31 implies,
666 1177 15 14 a
694 1168 68 31 place
775 1168 29 24 of
813 1177 125 22 presence,

96 1210 48 16 was
157 1210 29 16 an
200 1202 124 23 eminence
340 1202 78 23 either
435 1202 95 23 natural
542 1210 27 14 or
581 1202 118 27 artificial,
713 1202 133 31 according
860 1208 24 17 to
898 1203 40 22 the

97 1237 166 29 conveniency
282 1235 28 23 of
325 1236 40 22 the
384 1236 122 23 situation.
545 1235 66 23 Thus
630 1237 23 22 in
669 1236 88 27 Wales,
772 1237 80 22 where
871 1237 67 22 there

96 1270 73 24 could
182 1271 30 22 be
224 1277 32 16 no
269 1270 117 30 necessity
400 1269 35 23 for
450 1269 88 31 raising
550 1277 14 16 a
577 1270 97 26 mound,
688 1270 41 23 the
743 1271 120 29 meetings
876 1278 62 15 were

96 1303 57 24 held
172 1304 124 30 generally
312 1310 31 16 on
364 1310 66 17 some
450 1303 27 23 of
491 1304 40 23 the
551 1307 63 20 most
633 1304 151 23 remarkable
803 1304 62 23 hills.
901 1305 36 22 As

95 1338 41 22 the
155 1338 90 22 Bardic
264 1337 80 23 Order
356 1344 47 16 was
421 1338 41 22 the
476 1340 82 20 centre
577 1337 28 23 of
620 1338 41 22 the
680 1342 98 27 system,
798 1338 40 22 the
857 1338 80 22 Druid

96 1379 55 23 may
164 1371 30 22 be
208 1371 142 23 considered
362 1378 24 15 as
400 1371 40 22 the
453 1371 91 31 deputy
554 1376 53 18 sent
620 1379 89 24 among
723 1372 40 22 the
777 1371 85 32 people
876 1371 62 22 from

95 1404 41 23 the
150 1404 112 23 Gorsedd
275 1404 28 23 of
318 1404 39 23 the
370 1405 121 30 primitive
506 1404 83 28 Bards,
604 1404 36 24 for
655 1406 40 22 the
708 1405 57 23 sake
777 1405 28 23 of
821 1405 116 31 diffusing

97 1438 152 22 instruction.
286 1437 134 24 Therefore
442 1438 41 23 the
502 1438 124 30 Gwyddfa
638 1447 48 15 was
705 1448 13 14 a
739 1439 69 29 place
821 1438 116 30 designed

220 1492 9 9 »
246 1487 72 20 Camb.
330 1488 52 19 Brit.
395 1489 52 18 Nov.
460 1489 57 18 1820.

218 1515 13 23 t
246 1514 37 19 Dr.
296 1514 76 26 Pugh's
383 1515 126 25 Dictionary,
521 1519 19 16 at
550 1516 34 20 the
594 1516 55 20 word
