<?xml version="1.0" encoding="UTF-8"?>
<alto xmlns:xsi="http://www.w3.org/2001/XMLSchema-instance" xsi:noNamespaceSchemaLocation="http://www.bl.uk/schemas/alto/alto-1-4.xsd" xmlns:xlink="http://www.w3.org/1999/xlink">
	<Description>
		<MeasurementUnit>mm10</MeasurementUnit>
		<sourceImageInformation>
			<fileName>//head1/IN/2008-22/A0011651692/008548.jp2</fileName>
		</sourceImageInformation>
		<OCRProcessing ID="OCRPROCESSING_1">
			<preProcessingStep>
				<processingSoftware>
					<softwareCreator>CCS Content Conversion Specialists GmbH, Germany</softwareCreator>
					<softwareName>CCS docWORKS</softwareName>
					<softwareVersion>6.1-0.67</softwareVersion>
				</processingSoftware>
			</preProcessingStep>
			<ocrProcessingStep>
				<processingSoftware>
					<softwareCreator>ABBYY (BIT Software), Russia</softwareCreator>
					<softwareName>Finereader</softwareName>
				</processingSoftware>
			</ocrProcessingStep>
		</OCRProcessing>
	</Description>
	<Styles>
		<TextStyle ID="TXT_0" FONTSIZE="10" FONTFAMILY="Courier New"/>
		<TextStyle ID="TXT_1" FONTSIZE="9" FONTFAMILY="Courier New"/>
		<ParagraphStyle ID="PAR_LEFT" ALIGN="Left"/>
		<ParagraphStyle ID="PAR_CENTER" ALIGN="Center"/>
	</Styles>
	<Layout>
		<Page ID="P158" PHYSICAL_IMG_NR="158" HEIGHT="1619" WIDTH="1023" PRINTED_IMG_NR="144" POSITION="Left" ACCURACY="81.05">
			<TopMargin ID="P158_TM00001" HPOS="0" VPOS="0" WIDTH="1022" HEIGHT="138">
				<TextBlock ID="P158_TB00001" HPOS="106" VPOS="114" WIDTH="48" HEIGHT="23" STYLEREFS="TXT_0 PAR_LEFT">
					<TextLine ID="P158_TL00001" HPOS="106" VPOS="114" WIDTH="48" HEIGHT="23">
						<String ID="P158_ST00001" HPOS="106" VPOS="114" WIDTH="48" HEIGHT="23" CONTENT="144" WC="1.00" CC="000"/>
					</TextLine>
				</TextBlock>
				<TextBlock ID="P158_TB00002" HPOS="352" VPOS="120" WIDTH="347" HEIGHT="18" STYLEREFS="TXT_1 PAR_CENTER">
					<TextLine ID="P158_TL00002" HPOS="353" VPOS="121" WIDTH="346" HEIGHT="17">
						<String ID="P158_ST00002" HPOS="353" VPOS="123" WIDTH="133" HEIGHT="15" CONTENT="MONASTIC" WC="0.78" CC="50005070"/>
						<SP ID="P158_SP00001" HPOS="486" VPOS="138" WIDTH="14"/>
						<String ID="P158_ST00003" HPOS="500" VPOS="121" WIDTH="199" HEIGHT="17" CONTENT="INSTITUTIONS." WC="0.69" CC="0250302050963"/>
					</TextLine>
				</TextBlock>
			</TopMargin>
			<LeftMargin ID="P158_LM00001" HPOS="0" VPOS="138" WIDTH="103" HEIGHT="1416"/>
			<RightMargin ID="P158_RM00001" HPOS="951" VPOS="138" WIDTH="71" HEIGHT="1416"/>
			<BottomMargin ID="P158_BM00001" HPOS="0" VPOS="1554" WIDTH="1022" HEIGHT="64"/>
			<PrintSpace ID="P158_PS00001" HPOS="103" VPOS="138" WIDTH="848" HEIGHT="1416">
				<TextBlock ID="P158_TB00003" HPOS="103" VPOS="173" WIDTH="848" HEIGHT="1381" STYLEREFS="TXT_1 PAR_LEFT">
					<TextLine ID="P158_TL00003" HPOS="104" VPOS="174" WIDTH="847" HEIGHT="37">
						<String ID="P158_ST00004" HPOS="104" VPOS="180" WIDTH="19" HEIGHT="24" CONTENT="it" WC="0.70" CC="06"/>
						<String ID="P158_ST00005" HPOS="132" VPOS="190" WIDTH="6" HEIGHT="18" CONTENT=";" WC="0.98" CC="0"/>
						<SP ID="P158_SP00002" HPOS="138" VPOS="208" WIDTH="17"/>
						<String ID="P158_ST00006" HPOS="155" VPOS="180" WIDTH="49" HEIGHT="23" CONTENT="and" WC="0.77" CC="060"/>
						<SP ID="P158_SP00003" HPOS="204" VPOS="208" WIDTH="16"/>
						<String ID="P158_ST00007" HPOS="220" VPOS="180" WIDTH="63" HEIGHT="23" CONTENT="their" WC="0.56" CC="57151"/>
						<SP ID="P158_SP00004" HPOS="283" VPOS="208" WIDTH="17"/>
						<String ID="P158_ST00008" HPOS="300" VPOS="182" WIDTH="135" HEIGHT="29" CONTENT="reparation" WC="0.83" CC="0000300434"/>
						<SP ID="P158_SP00005" HPOS="435" VPOS="211" WIDTH="15"/>
						<String ID="P158_ST00009" HPOS="450" VPOS="184" WIDTH="63" HEIGHT="20" CONTENT="went" WC="0.72" CC="9010"/>
						<SP ID="P158_SP00006" HPOS="513" VPOS="211" WIDTH="12"/>
						<String ID="P158_ST00010" HPOS="525" VPOS="189" WIDTH="31" HEIGHT="15" CONTENT="on" WC="1.00" CC="00"/>
						<SP ID="P158_SP00007" HPOS="556" VPOS="211" WIDTH="13"/>
						<String ID="P158_ST00011" HPOS="569" VPOS="181" WIDTH="60" HEIGHT="23" CONTENT="with" WC="0.65" CC="0436"/>
						<SP ID="P158_SP00008" HPOS="629" VPOS="211" WIDTH="18"/>
						<String ID="P158_ST00012" HPOS="647" VPOS="188" WIDTH="27" HEIGHT="15" CONTENT="so" WC="0.60" CC="34"/>
						<SP ID="P158_SP00009" HPOS="674" VPOS="211" WIDTH="19"/>
						<String ID="P158_ST00013" HPOS="693" VPOS="179" WIDTH="85" HEIGHT="30" CONTENT="hearty" WC="0.80" CC="200008"/>
						<SP ID="P158_SP00010" HPOS="778" VPOS="211" WIDTH="13"/>
						<String ID="P158_ST00014" HPOS="791" VPOS="185" WIDTH="15" HEIGHT="14" CONTENT="a" WC="0.82" CC="1"/>
						<SP ID="P158_SP00011" HPOS="806" VPOS="211" WIDTH="11"/>
						<String ID="P158_ST00015" HPOS="817" VPOS="174" WIDTH="134" HEIGHT="33" CONTENT="good-will," WC="0.90" CC="0000000054"/>
					</TextLine>
					<TextLine ID="P158_TL00004" HPOS="105" VPOS="210" WIDTH="846" HEIGHT="36">
						<String ID="P158_ST00016" HPOS="105" VPOS="214" WIDTH="54" HEIGHT="23" CONTENT="that" WC="0.76" CC="0306"/>
						<SP ID="P158_SP00012" HPOS="159" VPOS="237" WIDTH="11"/>
						<String ID="P158_ST00017" HPOS="170" VPOS="214" WIDTH="67" HEIGHT="23" CONTENT="when" WC="0.75" CC="9000"/>
						<SP ID="P158_SP00013" HPOS="237" VPOS="237" WIDTH="18"/>
						<String ID="P158_ST00018" HPOS="255" VPOS="214" WIDTH="56" HEIGHT="31" CONTENT="they" WC="0.84" CC="0600"/>
						<SP ID="P158_SP00014" HPOS="311" VPOS="245" WIDTH="15"/>
						<String ID="P158_ST00019" HPOS="326" VPOS="215" WIDTH="47" HEIGHT="22" CONTENT="had" WC="0.89" CC="300"/>
						<SP ID="P158_SP00015" HPOS="373" VPOS="245" WIDTH="13"/>
						<String ID="P158_ST00020" HPOS="386" VPOS="215" WIDTH="102" HEIGHT="22" CONTENT="finished" WC="0.83" CC="22001510"/>
						<SP ID="P158_SP00016" HPOS="488" VPOS="245" WIDTH="14"/>
						<String ID="P158_ST00021" HPOS="502" VPOS="215" WIDTH="18" HEIGHT="23" CONTENT="it" WC="0.71" CC="50"/>
						<SP ID="P158_SP00017" HPOS="520" VPOS="245" WIDTH="16"/>
						<String ID="P158_ST00022" HPOS="536" VPOS="215" WIDTH="58" HEIGHT="31" CONTENT="they" WC="0.85" CC="0050"/>
						<SP ID="P158_SP00018" HPOS="594" VPOS="246" WIDTH="14"/>
						<String ID="P158_ST00023" HPOS="608" VPOS="213" WIDTH="77" HEIGHT="24" CONTENT="found" WC="0.75" CC="00650"/>
						<SP ID="P158_SP00019" HPOS="685" VPOS="246" WIDTH="17"/>
						<String ID="P158_ST00024" HPOS="702" VPOS="213" WIDTH="53" HEIGHT="23" CONTENT="that" WC="0.81" CC="4002"/>
						<SP ID="P158_SP00020" HPOS="755" VPOS="246" WIDTH="17"/>
						<String ID="P158_ST00025" HPOS="772" VPOS="211" WIDTH="57" HEIGHT="29" CONTENT="they" WC="0.55" CC="1509"/>
						<SP ID="P158_SP00021" HPOS="829" VPOS="246" WIDTH="16"/>
						<String ID="P158_ST00026" HPOS="845" VPOS="210" WIDTH="46" HEIGHT="22" CONTENT="had" WC="0.74" CC="700"/>
						<SP ID="P158_SP00022" HPOS="891" VPOS="246" WIDTH="18"/>
						<String ID="P158_ST00027" HPOS="909" VPOS="212" WIDTH="42" HEIGHT="28" CONTENT="got" WC="0.72" CC="610"/>
					</TextLine>
					<TextLine ID="P158_TL00005" HPOS="105" VPOS="243" WIDTH="846" HEIGHT="36">
						<String ID="P158_ST00028" HPOS="105" VPOS="255" WIDTH="14" HEIGHT="15" CONTENT="a" WC="1.00" CC="0"/>
						<SP ID="P158_SP00023" HPOS="119" VPOS="270" WIDTH="13"/>
						<String ID="P158_ST00029" HPOS="132" VPOS="255" WIDTH="51" HEIGHT="15" CONTENT="new" WC="1.00" CC="000"/>
						<SP ID="P158_SP00024" HPOS="183" VPOS="270" WIDTH="15"/>
						<String ID="P158_ST00030" HPOS="198" VPOS="248" WIDTH="90" HEIGHT="22" CONTENT="church" WC="0.77" CC="062003"/>
						<SP ID="P158_SP00025" HPOS="288" VPOS="270" WIDTH="20"/>
						<String ID="P158_ST00031" HPOS="308" VPOS="248" WIDTH="141" HEIGHT="31" CONTENT="altogether," WC="0.74" CC="06005036500"/>
						<SP ID="P158_SP00026" HPOS="449" VPOS="279" WIDTH="18"/>
						<String ID="P158_ST00032" HPOS="467" VPOS="248" WIDTH="94" HEIGHT="31" CONTENT="though" WC="0.75" CC="244300"/>
						<SP ID="P158_SP00027" HPOS="561" VPOS="279" WIDTH="19"/>
						<String ID="P158_ST00033" HPOS="580" VPOS="248" WIDTH="69" HEIGHT="22" CONTENT="small" WC="0.83" CC="04040"/>
						<SP ID="P158_SP00028" HPOS="649" VPOS="279" WIDTH="18"/>
						<String ID="P158_ST00034" HPOS="667" VPOS="247" WIDTH="48" HEIGHT="23" CONTENT="and" WC="0.84" CC="400"/>
						<SP ID="P158_SP00029" HPOS="715" VPOS="279" WIDTH="19"/>
						<String ID="P158_ST00035" HPOS="734" VPOS="244" WIDTH="106" HEIGHT="30" CONTENT="homely," WC="0.74" CC="5100190"/>
						<SP ID="P158_SP00030" HPOS="840" VPOS="279" WIDTH="15"/>
						<String ID="P158_ST00036" HPOS="855" VPOS="243" WIDTH="48" HEIGHT="22" CONTENT="like" WC="0.88" CC="0400"/>
						<SP ID="P158_SP00031" HPOS="903" VPOS="279" WIDTH="19"/>
						<String ID="P158_ST00037" HPOS="922" VPOS="243" WIDTH="29" HEIGHT="23" CONTENT="its" WC="0.54" CC="146"/>
					</TextLine>
					<TextLine ID="P158_TL00006" HPOS="105" VPOS="276" WIDTH="846" HEIGHT="36">
						<String ID="P158_ST00038" HPOS="105" VPOS="281" WIDTH="163" HEIGHT="31" CONTENT="predecessor." WC="0.93" CC="400000040000"/>
						<SP ID="P158_SP00032" HPOS="268" VPOS="312" WIDTH="36"/>
						<String ID="P158_ST00039" HPOS="304" VPOS="281" WIDTH="60" HEIGHT="23" CONTENT="This" WC="0.92" CC="0003"/>
						<SP ID="P158_SP00033" HPOS="364" VPOS="312" WIDTH="19"/>
						<String ID="P158_ST00040" HPOS="383" VPOS="282" WIDTH="101" HEIGHT="27" CONTENT="church," WC="0.82" CC="0423010"/>
						<SP ID="P158_SP00034" HPOS="484" VPOS="312" WIDTH="14"/>
						<String ID="P158_ST00041" HPOS="498" VPOS="282" WIDTH="23" HEIGHT="22" CONTENT="in" WC="0.63" CC="16"/>
						<SP ID="P158_SP00035" HPOS="521" VPOS="312" WIDTH="18"/>
						<String ID="P158_ST00042" HPOS="539" VPOS="281" WIDTH="72" HEIGHT="27" CONTENT="1108," WC="0.95" CC="00200"/>
						<SP ID="P158_SP00036" HPOS="611" VPOS="312" WIDTH="14"/>
						<String ID="P158_ST00043" HPOS="625" VPOS="281" WIDTH="94" HEIGHT="26" CONTENT="Urban," WC="0.70" CC="036080"/>
						<SP ID="P158_SP00037" HPOS="719" VPOS="312" WIDTH="15"/>
						<String ID="P158_ST00044" HPOS="734" VPOS="279" WIDTH="87" HEIGHT="30" CONTENT="bishop" WC="0.75" CC="002750"/>
						<SP ID="P158_SP00038" HPOS="821" VPOS="312" WIDTH="18"/>
						<String ID="P158_ST00045" HPOS="839" VPOS="276" WIDTH="28" HEIGHT="24" CONTENT="of" WC="0.84" CC="30"/>
						<SP ID="P158_SP00039" HPOS="867" VPOS="312" WIDTH="10"/>
						<String ID="P158_ST00046" HPOS="877" VPOS="276" WIDTH="74" HEIGHT="24" CONTENT="Llan" SUBS_TYPE="HypPart1" SUBS_CONTENT="Llandaff," WC="0.87" CC="50001"/>
						<HYP CONTENT="-"/>
					</TextLine>
					<TextLine ID="P158_TL00007" HPOS="107" VPOS="310" WIDTH="844" HEIGHT="35">
						<String ID="P158_ST00047" HPOS="107" VPOS="315" WIDTH="55" HEIGHT="27" CONTENT="daff," SUBS_TYPE="HypPart2" SUBS_CONTENT="Llandaff," WC="1.00" CC="00000"/>
						<SP ID="P158_SP00040" HPOS="162" VPOS="342" WIDTH="18"/>
						<String ID="P158_ST00048" HPOS="180" VPOS="315" WIDTH="46" HEIGHT="22" CONTENT="and" WC="0.91" CC="020"/>
						<SP ID="P158_SP00041" HPOS="226" VPOS="342" WIDTH="17"/>
						<String ID="P158_ST00049" HPOS="243" VPOS="315" WIDTH="132" HEIGHT="27" CONTENT="Rameline," WC="0.79" CC="040105600"/>
						<SP ID="P158_SP00042" HPOS="375" VPOS="342" WIDTH="18"/>
						<String ID="P158_ST00050" HPOS="393" VPOS="315" WIDTH="87" HEIGHT="30" CONTENT="bishop" WC="0.75" CC="026500"/>
						<SP ID="P158_SP00043" HPOS="480" VPOS="345" WIDTH="19"/>
						<String ID="P158_ST00051" HPOS="499" VPOS="315" WIDTH="29" HEIGHT="22" CONTENT="of" WC="0.55" CC="62"/>
						<SP ID="P158_SP00044" HPOS="528" VPOS="345" WIDTH="13"/>
						<String ID="P158_ST00052" HPOS="541" VPOS="315" WIDTH="132" HEIGHT="26" CONTENT="Hereford," WC="0.84" CC="008004100"/>
						<SP ID="P158_SP00045" HPOS="673" VPOS="345" WIDTH="17"/>
						<String ID="P158_ST00053" HPOS="690" VPOS="312" WIDTH="120" HEIGHT="30" CONTENT="solemnly" WC="0.70" CC="20000289"/>
						<SP ID="P158_SP00046" HPOS="810" VPOS="345" WIDTH="14"/>
						<String ID="P158_ST00054" HPOS="824" VPOS="310" WIDTH="127" HEIGHT="24" CONTENT="dedicated" WC="0.95" CC="000020100"/>
					</TextLine>
					<TextLine ID="P158_TL00008" HPOS="105" VPOS="344" WIDTH="846" HEIGHT="34">
						<String ID="P158_ST00055" HPOS="105" VPOS="352" WIDTH="27" HEIGHT="19" CONTENT="to" WC="0.65" CC="06"/>
						<SP ID="P158_SP00047" HPOS="132" VPOS="371" WIDTH="12"/>
						<String ID="P158_ST00056" HPOS="144" VPOS="348" WIDTH="41" HEIGHT="23" CONTENT="the" WC="0.85" CC="040"/>
						<SP ID="P158_SP00048" HPOS="185" VPOS="371" WIDTH="14"/>
						<String ID="P158_ST00057" HPOS="199" VPOS="348" WIDTH="94" HEIGHT="22" CONTENT="honour" WC="0.90" CC="000230"/>
						<SP ID="P158_SP00049" HPOS="293" VPOS="371" WIDTH="11"/>
						<String ID="P158_ST00058" HPOS="304" VPOS="348" WIDTH="28" HEIGHT="23" CONTENT="of" WC="0.64" CC="15"/>
						<SP ID="P158_SP00050" HPOS="332" VPOS="371" WIDTH="10"/>
						<String ID="P158_ST00059" HPOS="342" VPOS="348" WIDTH="35" HEIGHT="24" CONTENT="St." WC="0.93" CC="002"/>
						<SP ID="P158_SP00051" HPOS="377" VPOS="372" WIDTH="12"/>
						<String ID="P158_ST00060" HPOS="389" VPOS="348" WIDTH="66" HEIGHT="23" CONTENT="John" WC="0.75" CC="0306"/>
						<SP ID="P158_SP00052" HPOS="455" VPOS="372" WIDTH="14"/>
						<String ID="P158_ST00061" HPOS="469" VPOS="348" WIDTH="41" HEIGHT="22" CONTENT="the" WC="0.59" CC="570"/>
						<SP ID="P158_SP00053" HPOS="510" VPOS="372" WIDTH="14"/>
						<String ID="P158_ST00062" HPOS="524" VPOS="348" WIDTH="103" HEIGHT="30" CONTENT="Baptist." WC="0.70" CC="30066402"/>
						<SP ID="P158_SP00054" HPOS="627" VPOS="378" WIDTH="37"/>
						<String ID="P158_ST00063" HPOS="664" VPOS="347" WIDTH="50" HEIGHT="23" CONTENT="Mr." WC="0.97" CC="000"/>
						<SP ID="P158_SP00055" HPOS="714" VPOS="378" WIDTH="15"/>
						<String ID="P158_ST00064" HPOS="729" VPOS="346" WIDTH="109" HEIGHT="24" CONTENT="Roberts" WC="0.85" CC="0000027"/>
						<SP ID="P158_SP00056" HPOS="838" VPOS="378" WIDTH="18"/>
						<String ID="P158_ST00065" HPOS="856" VPOS="344" WIDTH="95" HEIGHT="31" CONTENT="conjec" SUBS_TYPE="HypPart1" SUBS_CONTENT="conjectures" WC="0.80" CC="0061400"/>
						<HYP CONTENT="-"/>
					</TextLine>
					<TextLine ID="P158_TL00009" HPOS="105" VPOS="379" WIDTH="846" HEIGHT="34">
						<String ID="P158_ST00066" HPOS="105" VPOS="386" WIDTH="66" HEIGHT="19" CONTENT="tures" SUBS_TYPE="HypPart2" SUBS_CONTENT="conjectures" WC="0.94" CC="00003"/>
						<SP ID="P158_SP00057" HPOS="171" VPOS="405" WIDTH="17"/>
						<String ID="P158_ST00067" HPOS="188" VPOS="382" WIDTH="41" HEIGHT="22" CONTENT="the" WC="0.81" CC="050"/>
						<SP ID="P158_SP00058" HPOS="229" VPOS="405" WIDTH="14"/>
						<String ID="P158_ST00068" HPOS="243" VPOS="386" WIDTH="96" HEIGHT="27" CONTENT="present" WC="0.72" CC="0005606"/>
						<SP ID="P158_SP00059" HPOS="339" VPOS="413" WIDTH="17"/>
						<String ID="P158_ST00069" HPOS="356" VPOS="382" WIDTH="80" HEIGHT="31" CONTENT="parish" WC="0.71" CC="040570"/>
						<SP ID="P158_SP00060" HPOS="436" VPOS="413" WIDTH="17"/>
						<String ID="P158_ST00070" HPOS="453" VPOS="381" WIDTH="92" HEIGHT="23" CONTENT="church" WC="0.80" CC="008102"/>
						<SP ID="P158_SP00061" HPOS="545" VPOS="413" WIDTH="18"/>
						<String ID="P158_ST00071" HPOS="563" VPOS="381" WIDTH="28" HEIGHT="22" CONTENT="of" WC="0.75" CC="05"/>
						<SP ID="P158_SP00062" HPOS="591" VPOS="413" WIDTH="8"/>
						<String ID="P158_ST00072" HPOS="599" VPOS="381" WIDTH="141" HEIGHT="30" CONTENT="Llanthony" WC="0.76" CC="000005509"/>
						<SP ID="P158_SP00063" HPOS="740" VPOS="413" WIDTH="14"/>
						<String ID="P158_ST00073" HPOS="754" VPOS="384" WIDTH="24" HEIGHT="19" CONTENT="to" WC="0.79" CC="40"/>
						<SP ID="P158_SP00064" HPOS="778" VPOS="413" WIDTH="18"/>
						<String ID="P158_ST00074" HPOS="796" VPOS="380" WIDTH="30" HEIGHT="23" CONTENT="be" WC="1.00" CC="00"/>
						<SP ID="P158_SP00065" HPOS="826" VPOS="413" WIDTH="13"/>
						<String ID="P158_ST00075" HPOS="839" VPOS="379" WIDTH="40" HEIGHT="23" CONTENT="the" WC="0.61" CC="560"/>
						<SP ID="P158_SP00066" HPOS="879" VPOS="413" WIDTH="15"/>
						<String ID="P158_ST00076" HPOS="894" VPOS="386" WIDTH="57" HEIGHT="24" CONTENT="very" WC="0.65" CC="5008"/>
					</TextLine>
					<TextLine ID="P158_TL00010" HPOS="106" VPOS="415" WIDTH="448" HEIGHT="32">
						<String ID="P158_ST00077" HPOS="106" VPOS="415" WIDTH="92" HEIGHT="24" CONTENT="church" WC="0.72" CC="013307"/>
						<SP ID="P158_SP00067" HPOS="198" VPOS="439" WIDTH="14"/>
						<String ID="P158_ST00078" HPOS="212" VPOS="415" WIDTH="63" HEIGHT="23" CONTENT="built" WC="0.60" CC="35550"/>
						<SP ID="P158_SP00068" HPOS="275" VPOS="439" WIDTH="12"/>
						<String ID="P158_ST00079" HPOS="287" VPOS="415" WIDTH="32" HEIGHT="32" CONTENT="by" WC="1.00" CC="00"/>
						<SP ID="P158_SP00069" HPOS="319" VPOS="447" WIDTH="13"/>
						<String ID="P158_ST00080" HPOS="332" VPOS="415" WIDTH="41" HEIGHT="23" CONTENT="the" WC="0.95" CC="010"/>
						<SP ID="P158_SP00070" HPOS="373" VPOS="447" WIDTH="13"/>
						<String ID="P158_ST00081" HPOS="386" VPOS="420" WIDTH="49" HEIGHT="18" CONTENT="two" WC="0.91" CC="002"/>
						<SP ID="P158_SP00071" HPOS="435" VPOS="447" WIDTH="12"/>
						<String ID="P158_ST00082" HPOS="447" VPOS="415" WIDTH="107" HEIGHT="23" CONTENT="hermits." WC="0.74" CC="60015240"/>
					</TextLine>
					<TextLine ID="P158_TL00011" HPOS="159" VPOS="446" WIDTH="792" HEIGHT="34">
						<String ID="P158_ST00083" HPOS="159" VPOS="449" WIDTH="76" HEIGHT="31" CONTENT="Hugh" WC="1.00" CC="0000"/>
						<SP ID="P158_SP00072" HPOS="235" VPOS="480" WIDTH="14"/>
						<String ID="P158_ST00084" HPOS="249" VPOS="449" WIDTH="29" HEIGHT="23" CONTENT="de" WC="1.00" CC="00"/>
						<SP ID="P158_SP00073" HPOS="278" VPOS="480" WIDTH="14"/>
						<String ID="P158_ST00085" HPOS="292" VPOS="449" WIDTH="75" HEIGHT="31" CONTENT="Lacy," WC="0.93" CC="03000"/>
						<SP ID="P158_SP00074" HPOS="367" VPOS="480" WIDTH="16"/>
						<String ID="P158_ST00086" HPOS="383" VPOS="448" WIDTH="125" HEIGHT="24" CONTENT="William's" WC="0.73" CC="630700015"/>
						<SP ID="P158_SP00075" HPOS="508" VPOS="480" WIDTH="21"/>
						<String ID="P158_ST00087" HPOS="529" VPOS="448" WIDTH="40" HEIGHT="24" CONTENT="old" WC="0.72" CC="170"/>
						<SP ID="P158_SP00076" HPOS="569" VPOS="480" WIDTH="17"/>
						<String ID="P158_ST00088" HPOS="586" VPOS="451" WIDTH="98" HEIGHT="25" CONTENT="master," WC="0.85" CC="0040040"/>
						<SP ID="P158_SP00077" HPOS="684" VPOS="480" WIDTH="14"/>
						<String ID="P158_ST00089" HPOS="698" VPOS="447" WIDTH="40" HEIGHT="23" CONTENT="did" WC="1.00" CC="000"/>
						<SP ID="P158_SP00078" HPOS="738" VPOS="480" WIDTH="19"/>
						<String ID="P158_ST00090" HPOS="757" VPOS="450" WIDTH="44" HEIGHT="20" CONTENT="not" WC="0.72" CC="602"/>
						<SP ID="P158_SP00079" HPOS="801" VPOS="480" WIDTH="17"/>
						<String ID="P158_ST00091" HPOS="818" VPOS="447" WIDTH="50" HEIGHT="22" CONTENT="lose" WC="0.72" CC="0460"/>
						<SP ID="P158_SP00080" HPOS="868" VPOS="480" WIDTH="19"/>
						<String ID="P158_ST00092" HPOS="887" VPOS="446" WIDTH="64" HEIGHT="31" CONTENT="sight" WC="0.56" CC="95060"/>
					</TextLine>
					<TextLine ID="P158_TL00012" HPOS="106" VPOS="480" WIDTH="845" HEIGHT="34">
						<String ID="P158_ST00093" HPOS="106" VPOS="482" WIDTH="29" HEIGHT="25" CONTENT="of" WC="0.65" CC="42"/>
						<SP ID="P158_SP00081" HPOS="135" VPOS="507" WIDTH="13"/>
						<String ID="P158_ST00094" HPOS="148" VPOS="483" WIDTH="57" HEIGHT="23" CONTENT="him." WC="0.80" CC="4200"/>
						<SP ID="P158_SP00082" HPOS="205" VPOS="507" WIDTH="38"/>
						<String ID="P158_ST00095" HPOS="243" VPOS="483" WIDTH="59" HEIGHT="23" CONTENT="This" WC="0.70" CC="0523"/>
						<SP ID="P158_SP00083" HPOS="302" VPOS="507" WIDTH="14"/>
						<String ID="P158_ST00096" HPOS="316" VPOS="483" WIDTH="76" HEIGHT="31" CONTENT="Hugh" WC="0.81" CC="4003"/>
						<SP ID="P158_SP00084" HPOS="392" VPOS="514" WIDTH="20"/>
						<String ID="P158_ST00097" HPOS="412" VPOS="483" WIDTH="30" HEIGHT="23" CONTENT="de" WC="1.00" CC="00"/>
						<SP ID="P158_SP00085" HPOS="442" VPOS="514" WIDTH="19"/>
						<String ID="P158_ST00098" HPOS="461" VPOS="482" WIDTH="67" HEIGHT="31" CONTENT="Lacy" WC="0.75" CC="3240"/>
						<SP ID="P158_SP00086" HPOS="528" VPOS="514" WIDTH="19"/>
						<String ID="P158_ST00099" HPOS="547" VPOS="490" WIDTH="48" HEIGHT="15" CONTENT="was" WC="0.88" CC="003"/>
						<SP ID="P158_SP00087" HPOS="595" VPOS="514" WIDTH="20"/>
						<String ID="P158_ST00100" HPOS="615" VPOS="490" WIDTH="14" HEIGHT="15" CONTENT="a" WC="1.00" CC="0"/>
						<SP ID="P158_SP00088" HPOS="629" VPOS="514" WIDTH="18"/>
						<String ID="P158_ST00101" HPOS="647" VPOS="481" WIDTH="65" HEIGHT="32" CONTENT="good" WC="0.93" CC="0200"/>
						<SP ID="P158_SP00089" HPOS="712" VPOS="514" WIDTH="18"/>
						<String ID="P158_ST00102" HPOS="730" VPOS="489" WIDTH="63" HEIGHT="19" CONTENT="man," WC="0.70" CC="5410"/>
						<SP ID="P158_SP00090" HPOS="793" VPOS="514" WIDTH="21"/>
						<String ID="P158_ST00103" HPOS="814" VPOS="480" WIDTH="27" HEIGHT="24" CONTENT="of" WC="1.00" CC="00"/>
						<SP ID="P158_SP00091" HPOS="841" VPOS="514" WIDTH="15"/>
						<String ID="P158_ST00104" HPOS="856" VPOS="489" WIDTH="14" HEIGHT="14" CONTENT="a" WC="1.00" CC="0"/>
						<SP ID="P158_SP00092" HPOS="870" VPOS="514" WIDTH="17"/>
						<String ID="P158_ST00105" HPOS="887" VPOS="480" WIDTH="64" HEIGHT="31" CONTENT="good" WC="1.00" CC="0000"/>
					</TextLine>
					<TextLine ID="P158_TL00013" HPOS="105" VPOS="514" WIDTH="845" HEIGHT="32">
						<String ID="P158_ST00106" HPOS="105" VPOS="517" WIDTH="70" HEIGHT="24" CONTENT="stock" WC="0.74" CC="35400"/>
						<SP ID="P158_SP00093" HPOS="175" VPOS="541" WIDTH="10"/>
						<String ID="P158_ST00107" HPOS="185" VPOS="525" WIDTH="5" HEIGHT="18" CONTENT=";" WC="0.79" CC="2"/>
						<SP ID="P158_SP00094" HPOS="190" VPOS="543" WIDTH="19"/>
						<String ID="P158_ST00108" HPOS="209" VPOS="517" WIDTH="36" HEIGHT="23" CONTENT="his" WC="0.70" CC="610"/>
						<SP ID="P158_SP00095" HPOS="245" VPOS="543" WIDTH="13"/>
						<String ID="P158_ST00109" HPOS="258" VPOS="517" WIDTH="78" HEIGHT="23" CONTENT="father" WC="0.88" CC="201002"/>
						<SP ID="P158_SP00096" HPOS="336" VPOS="543" WIDTH="12"/>
						<String ID="P158_ST00110" HPOS="348" VPOS="517" WIDTH="47" HEIGHT="23" CONTENT="had" WC="0.79" CC="600"/>
						<SP ID="P158_SP00097" HPOS="395" VPOS="543" WIDTH="13"/>
						<String ID="P158_ST00111" HPOS="408" VPOS="516" WIDTH="62" HEIGHT="24" CONTENT="built" WC="0.91" CC="00004"/>
						<SP ID="P158_SP00098" HPOS="470" VPOS="543" WIDTH="12"/>
						<String ID="P158_ST00112" HPOS="482" VPOS="516" WIDTH="48" HEIGHT="23" CONTENT="and" WC="0.89" CC="030"/>
						<SP ID="P158_SP00099" HPOS="530" VPOS="543" WIDTH="13"/>
						<String ID="P158_ST00113" HPOS="543" VPOS="516" WIDTH="118" HEIGHT="23" CONTENT="endowed" WC="0.88" CC="0800000"/>
						<SP ID="P158_SP00100" HPOS="661" VPOS="543" WIDTH="13"/>
						<String ID="P158_ST00114" HPOS="674" VPOS="524" WIDTH="14" HEIGHT="15" CONTENT="a" WC="1.00" CC="0"/>
						<SP ID="P158_SP00101" HPOS="688" VPOS="543" WIDTH="13"/>
						<String ID="P158_ST00115" HPOS="701" VPOS="518" WIDTH="146" HEIGHT="28" CONTENT="monastery." WC="0.85" CC="0400400203"/>
						<SP ID="P158_SP00102" HPOS="847" VPOS="546" WIDTH="25"/>
						<String ID="P158_ST00116" HPOS="872" VPOS="514" WIDTH="78" HEIGHT="31" CONTENT="Hugh" WC="0.88" CC="0300"/>
					</TextLine>
					<TextLine ID="P158_TL00014" HPOS="106" VPOS="549" WIDTH="845" HEIGHT="31">
						<String ID="P158_ST00117" HPOS="106" VPOS="559" WIDTH="49" HEIGHT="15" CONTENT="was" WC="0.80" CC="005"/>
						<SP ID="P158_SP00103" HPOS="155" VPOS="574" WIDTH="12"/>
						<String ID="P158_ST00118" HPOS="167" VPOS="551" WIDTH="49" HEIGHT="23" CONTENT="also" WC="0.64" CC="0760"/>
						<SP ID="P158_SP00104" HPOS="216" VPOS="574" WIDTH="14"/>
						<String ID="P158_ST00119" HPOS="230" VPOS="551" WIDTH="59" HEIGHT="27" CONTENT="rich," WC="0.74" CC="50061"/>
						<SP ID="P158_SP00105" HPOS="289" VPOS="578" WIDTH="11"/>
						<String ID="P158_ST00120" HPOS="300" VPOS="551" WIDTH="46" HEIGHT="23" CONTENT="and" WC="0.54" CC="660"/>
						<SP ID="P158_SP00106" HPOS="346" VPOS="578" WIDTH="13"/>
						<String ID="P158_ST00121" HPOS="359" VPOS="551" WIDTH="126" HEIGHT="27" CONTENT="childless;" WC="0.93" CC="0000000050"/>
						<SP ID="P158_SP00107" HPOS="485" VPOS="578" WIDTH="12"/>
						<String ID="P158_ST00122" HPOS="497" VPOS="558" WIDTH="27" HEIGHT="16" CONTENT="so" WC="0.59" CC="61"/>
						<SP ID="P158_SP00108" HPOS="524" VPOS="578" WIDTH="14"/>
						<String ID="P158_ST00123" HPOS="538" VPOS="549" WIDTH="20" HEIGHT="24" CONTENT="if" WC="1.00" CC="00"/>
						<SP ID="P158_SP00109" HPOS="558" VPOS="578" WIDTH="6"/>
						<String ID="P158_ST00124" HPOS="564" VPOS="550" WIDTH="30" HEIGHT="23" CONTENT="he" WC="0.72" CC="50"/>
						<SP ID="P158_SP00110" HPOS="594" VPOS="578" WIDTH="11"/>
						<String ID="P158_ST00125" HPOS="605" VPOS="550" WIDTH="73" HEIGHT="23" CONTENT="chose" WC="0.68" CC="06350"/>
						<SP ID="P158_SP00111" HPOS="678" VPOS="578" WIDTH="12"/>
						<String ID="P158_ST00126" HPOS="690" VPOS="553" WIDTH="26" HEIGHT="20" CONTENT="to" WC="0.94" CC="01"/>
						<SP ID="P158_SP00112" HPOS="716" VPOS="578" WIDTH="13"/>
						<String ID="P158_ST00127" HPOS="729" VPOS="549" WIDTH="77" HEIGHT="31" CONTENT="spend" WC="0.94" CC="10100"/>
						<SP ID="P158_SP00113" HPOS="806" VPOS="580" WIDTH="11"/>
						<String ID="P158_ST00128" HPOS="817" VPOS="549" WIDTH="35" HEIGHT="22" CONTENT="his" WC="0.74" CC="006"/>
						<SP ID="P158_SP00114" HPOS="852" VPOS="580" WIDTH="12"/>
						<String ID="P158_ST00129" HPOS="864" VPOS="556" WIDTH="87" HEIGHT="24" CONTENT="money" WC="1.00" CC="00000"/>
					</TextLine>
					<TextLine ID="P158_TL00015" HPOS="106" VPOS="582" WIDTH="845" HEIGHT="33">
						<String ID="P158_ST00130" HPOS="106" VPOS="585" WIDTH="24" HEIGHT="22" CONTENT="in" WC="0.59" CC="25"/>
						<SP ID="P158_SP00115" HPOS="130" VPOS="607" WIDTH="13"/>
						<String ID="P158_ST00131" HPOS="143" VPOS="585" WIDTH="138" HEIGHT="30" CONTENT="promoting" WC="0.79" CC="020020174"/>
						<SP ID="P158_SP00116" HPOS="281" VPOS="615" WIDTH="18"/>
						<String ID="P158_ST00132" HPOS="299" VPOS="585" WIDTH="110" HEIGHT="30" CONTENT="religion," WC="0.68" CC="050076430"/>
						<SP ID="P158_SP00117" HPOS="409" VPOS="615" WIDTH="14"/>
						<String ID="P158_ST00133" HPOS="423" VPOS="592" WIDTH="31" HEIGHT="15" CONTENT="no" WC="0.64" CC="33"/>
						<SP ID="P158_SP00118" HPOS="454" VPOS="615" WIDTH="18"/>
						<String ID="P158_ST00134" HPOS="472" VPOS="592" WIDTH="46" HEIGHT="15" CONTENT="one" WC="0.85" CC="040"/>
						<SP ID="P158_SP00119" HPOS="518" VPOS="615" WIDTH="20"/>
						<String ID="P158_ST00135" HPOS="538" VPOS="584" WIDTH="46" HEIGHT="23" CONTENT="had" WC="0.82" CC="500"/>
						<SP ID="P158_SP00120" HPOS="584" VPOS="615" WIDTH="19"/>
						<String ID="P158_ST00136" HPOS="603" VPOS="591" WIDTH="48" HEIGHT="23" CONTENT="any" WC="0.98" CC="000"/>
						<SP ID="P158_SP00121" HPOS="651" VPOS="615" WIDTH="14"/>
						<String ID="P158_ST00137" HPOS="665" VPOS="583" WIDTH="109" HEIGHT="23" CONTENT="business" WC="0.77" CC="00605050"/>
						<SP ID="P158_SP00122" HPOS="774" VPOS="615" WIDTH="14"/>
						<String ID="P158_ST00138" HPOS="788" VPOS="586" WIDTH="24" HEIGHT="20" CONTENT="to" WC="0.88" CC="02"/>
						<SP ID="P158_SP00123" HPOS="812" VPOS="615" WIDTH="13"/>
						<String ID="P158_ST00139" HPOS="825" VPOS="582" WIDTH="52" HEIGHT="23" CONTENT="find" WC="0.86" CC="0050"/>
						<SP ID="P158_SP00124" HPOS="877" VPOS="615" WIDTH="14"/>
						<String ID="P158_ST00140" HPOS="891" VPOS="582" WIDTH="60" HEIGHT="23" CONTENT="fault" WC="0.92" CC="30000"/>
					</TextLine>
					<TextLine ID="P158_TL00016" HPOS="106" VPOS="616" WIDTH="844" HEIGHT="33">
						<String ID="P158_ST00141" HPOS="106" VPOS="618" WIDTH="58" HEIGHT="22" CONTENT="with" WC="0.67" CC="9030"/>
						<SP ID="P158_SP00125" HPOS="164" VPOS="640" WIDTH="13"/>
						<String ID="P158_ST00142" HPOS="177" VPOS="618" WIDTH="57" HEIGHT="23" CONTENT="him." WC="0.70" CC="2090"/>
						<SP ID="P158_SP00126" HPOS="234" VPOS="641" WIDTH="40"/>
						<String ID="P158_ST00143" HPOS="274" VPOS="618" WIDTH="75" HEIGHT="31" CONTENT="Hugh" WC="0.97" CC="1000"/>
						<SP ID="P158_SP00127" HPOS="349" VPOS="649" WIDTH="15"/>
						<String ID="P158_ST00144" HPOS="364" VPOS="618" WIDTH="78" HEIGHT="22" CONTENT="would" WC="0.69" CC="62500"/>
						<SP ID="P158_SP00128" HPOS="442" VPOS="649" WIDTH="15"/>
						<String ID="P158_ST00145" HPOS="457" VPOS="617" WIDTH="47" HEIGHT="23" CONTENT="fain" WC="0.94" CC="0002"/>
						<SP ID="P158_SP00129" HPOS="504" VPOS="649" WIDTH="16"/>
						<String ID="P158_ST00146" HPOS="520" VPOS="617" WIDTH="60" HEIGHT="23" CONTENT="have" WC="0.93" CC="2000"/>
						<SP ID="P158_SP00130" HPOS="580" VPOS="649" WIDTH="14"/>
						<String ID="P158_ST00147" HPOS="594" VPOS="617" WIDTH="116" HEIGHT="23" CONTENT="endowed" WC="0.69" CC="7205060"/>
						<SP ID="P158_SP00131" HPOS="710" VPOS="649" WIDTH="15"/>
						<String ID="P158_ST00148" HPOS="725" VPOS="617" WIDTH="41" HEIGHT="23" CONTENT="the" WC="0.70" CC="610"/>
						<SP ID="P158_SP00132" HPOS="766" VPOS="649" WIDTH="13"/>
						<String ID="P158_ST00149" HPOS="779" VPOS="617" WIDTH="100" HEIGHT="22" CONTENT="hermits" WC="0.72" CC="0437030"/>
						<SP ID="P158_SP00133" HPOS="879" VPOS="649" WIDTH="14"/>
						<String ID="P158_ST00150" HPOS="893" VPOS="616" WIDTH="57" HEIGHT="23" CONTENT="with" WC="0.73" CC="0073"/>
					</TextLine>
					<TextLine ID="P158_TL00017" HPOS="105" VPOS="649" WIDTH="846" HEIGHT="33">
						<String ID="P158_ST00151" HPOS="105" VPOS="651" WIDTH="69" HEIGHT="23" CONTENT="lands" WC="0.73" CC="60006"/>
						<SP ID="P158_SP00134" HPOS="174" VPOS="674" WIDTH="14"/>
						<String ID="P158_ST00152" HPOS="188" VPOS="651" WIDTH="47" HEIGHT="23" CONTENT="and" WC="0.82" CC="050"/>
						<SP ID="P158_SP00135" HPOS="235" VPOS="674" WIDTH="12"/>
						<String ID="P158_ST00153" HPOS="247" VPOS="651" WIDTH="79" HEIGHT="28" CONTENT="tithes," WC="0.84" CC="0001710"/>
						<SP ID="P158_SP00136" HPOS="326" VPOS="679" WIDTH="15"/>
						<String ID="P158_ST00154" HPOS="341" VPOS="651" WIDTH="44" HEIGHT="23" CONTENT="but" WC="0.78" CC="006"/>
						<SP ID="P158_SP00137" HPOS="385" VPOS="679" WIDTH="12"/>
						<String ID="P158_ST00155" HPOS="397" VPOS="651" WIDTH="57" HEIGHT="31" CONTENT="they" WC="0.72" CC="6500"/>
						<SP ID="P158_SP00138" HPOS="454" VPOS="682" WIDTH="10"/>
						<String ID="P158_ST00156" HPOS="464" VPOS="651" WIDTH="80" HEIGHT="23" CONTENT="would" WC="0.87" CC="00140"/>
						<SP ID="P158_SP00139" HPOS="544" VPOS="682" WIDTH="14"/>
						<String ID="P158_ST00157" HPOS="558" VPOS="654" WIDTH="43" HEIGHT="20" CONTENT="not" WC="0.63" CC="703"/>
						<SP ID="P158_SP00140" HPOS="601" VPOS="682" WIDTH="12"/>
						<String ID="P158_ST00158" HPOS="613" VPOS="651" WIDTH="55" HEIGHT="23" CONTENT="take" WC="1.00" CC="0000"/>
						<SP ID="P158_SP00141" HPOS="668" VPOS="682" WIDTH="14"/>
						<String ID="P158_ST00159" HPOS="682" VPOS="651" WIDTH="65" HEIGHT="23" CONTENT="them" WC="0.84" CC="0600"/>
						<SP ID="P158_SP00142" HPOS="747" VPOS="682" WIDTH="10"/>
						<String ID="P158_ST00160" HPOS="757" VPOS="659" WIDTH="6" HEIGHT="14" CONTENT=":" WC="1.00" CC="0"/>
						<SP ID="P158_SP00143" HPOS="763" VPOS="682" WIDTH="14"/>
						<String ID="P158_ST00161" HPOS="777" VPOS="651" WIDTH="58" HEIGHT="29" CONTENT="they" WC="0.65" CC="0390"/>
						<SP ID="P158_SP00144" HPOS="835" VPOS="682" WIDTH="11"/>
						<String ID="P158_ST00162" HPOS="846" VPOS="650" WIDTH="47" HEIGHT="22" CONTENT="had" WC="0.61" CC="740"/>
						<SP ID="P158_SP00145" HPOS="893" VPOS="682" WIDTH="13"/>
						<String ID="P158_ST00163" HPOS="906" VPOS="649" WIDTH="45" HEIGHT="23" CONTENT="left" WC="0.51" CC="6067"/>
					</TextLine>
					<TextLine ID="P158_TL00018" HPOS="106" VPOS="683" WIDTH="844" HEIGHT="28">
						<String ID="P158_ST00164" HPOS="106" VPOS="685" WIDTH="41" HEIGHT="23" CONTENT="the" WC="0.77" CC="060"/>
						<SP ID="P158_SP00146" HPOS="147" VPOS="708" WIDTH="13"/>
						<String ID="P158_ST00165" HPOS="160" VPOS="685" WIDTH="82" HEIGHT="26" CONTENT="world," WC="0.93" CC="012000"/>
						<SP ID="P158_SP00147" HPOS="242" VPOS="711" WIDTH="14"/>
						<String ID="P158_ST00166" HPOS="256" VPOS="685" WIDTH="47" HEIGHT="22" CONTENT="and" WC="0.88" CC="210"/>
						<SP ID="P158_SP00148" HPOS="303" VPOS="711" WIDTH="14"/>
						<String ID="P158_ST00167" HPOS="317" VPOS="693" WIDTH="61" HEIGHT="14" CONTENT="were" WC="0.95" CC="0010"/>
						<SP ID="P158_SP00149" HPOS="378" VPOS="711" WIDTH="19"/>
						<String ID="P158_ST00168" HPOS="397" VPOS="685" WIDTH="50" HEIGHT="22" CONTENT="loth" WC="0.86" CC="5000"/>
						<SP ID="P158_SP00150" HPOS="447" VPOS="711" WIDTH="21"/>
						<String ID="P158_ST00169" HPOS="468" VPOS="685" WIDTH="51" HEIGHT="22" CONTENT="that" WC="0.70" CC="3403"/>
						<SP ID="P158_SP00151" HPOS="519" VPOS="711" WIDTH="18"/>
						<String ID="P158_ST00170" HPOS="537" VPOS="685" WIDTH="41" HEIGHT="22" CONTENT="the" WC="0.98" CC="000"/>
						<SP ID="P158_SP00152" HPOS="578" VPOS="711" WIDTH="13"/>
						<String ID="P158_ST00171" HPOS="591" VPOS="685" WIDTH="74" HEIGHT="22" CONTENT="world" WC="0.88" CC="00150"/>
						<SP ID="P158_SP00153" HPOS="665" VPOS="711" WIDTH="20"/>
						<String ID="P158_ST00172" HPOS="685" VPOS="684" WIDTH="87" HEIGHT="23" CONTENT="should" WC="0.58" CC="073850"/>
						<SP ID="P158_SP00154" HPOS="772" VPOS="711" WIDTH="19"/>
						<String ID="P158_ST00173" HPOS="791" VPOS="683" WIDTH="79" HEIGHT="24" CONTENT="follow" WC="0.57" CC="800347"/>
						<SP ID="P158_SP00155" HPOS="870" VPOS="711" WIDTH="13"/>
						<String ID="P158_ST00174" HPOS="883" VPOS="684" WIDTH="67" HEIGHT="22" CONTENT="them" WC="0.76" CC="0009"/>
					</TextLine>
					<TextLine ID="P158_TL00019" HPOS="106" VPOS="717" WIDTH="843" HEIGHT="32">
						<String ID="P158_ST00175" HPOS="106" VPOS="722" WIDTH="25" HEIGHT="20" CONTENT="to" WC="0.94" CC="01"/>
						<SP ID="P158_SP00156" HPOS="131" VPOS="742" WIDTH="14"/>
						<String ID="P158_ST00176" HPOS="145" VPOS="719" WIDTH="62" HEIGHT="23" CONTENT="their" WC="0.77" CC="47000"/>
						<SP ID="P158_SP00157" HPOS="207" VPOS="742" WIDTH="9"/>
						<String ID="P158_ST00177" HPOS="216" VPOS="718" WIDTH="110" HEIGHT="31" CONTENT="peaceful" WC="0.83" CC="05000061"/>
						<SP ID="P158_SP00158" HPOS="326" VPOS="749" WIDTH="11"/>
						<String ID="P158_ST00178" HPOS="337" VPOS="718" WIDTH="51" HEIGHT="24" CONTENT="vale" WC="0.75" CC="9000"/>
						<SP ID="P158_SP00159" HPOS="388" VPOS="749" WIDTH="10"/>
						<String ID="P158_ST00179" HPOS="398" VPOS="718" WIDTH="57" HEIGHT="23" CONTENT="with" WC="0.80" CC="0340"/>
						<SP ID="P158_SP00160" HPOS="455" VPOS="749" WIDTH="14"/>
						<String ID="P158_ST00180" HPOS="469" VPOS="719" WIDTH="30" HEIGHT="22" CONTENT="its" WC="1.00" CC="000"/>
						<SP ID="P158_SP00161" HPOS="499" VPOS="749" WIDTH="14"/>
						<String ID="P158_ST00181" HPOS="513" VPOS="726" WIDTH="67" HEIGHT="15" CONTENT="cares" WC="0.78" CC="06004"/>
						<SP ID="P158_SP00162" HPOS="580" VPOS="749" WIDTH="9"/>
						<String ID="P158_ST00182" HPOS="589" VPOS="718" WIDTH="47" HEIGHT="22" CONTENT="and" WC="1.00" CC="000"/>
						<SP ID="P158_SP00163" HPOS="636" VPOS="749" WIDTH="11"/>
						<String ID="P158_ST00183" HPOS="647" VPOS="718" WIDTH="170" HEIGHT="22" CONTENT="deceitfulness" WC="0.74" CC="0000050556063"/>
						<SP ID="P158_SP00164" HPOS="817" VPOS="749" WIDTH="13"/>
						<String ID="P158_ST00184" HPOS="830" VPOS="717" WIDTH="26" HEIGHT="23" CONTENT="of" WC="1.00" CC="00"/>
						<SP ID="P158_SP00165" HPOS="856" VPOS="749" WIDTH="6"/>
						<String ID="P158_ST00185" HPOS="862" VPOS="718" WIDTH="87" HEIGHT="22" CONTENT="riches." WC="0.81" CC="3005040"/>
					</TextLine>
					<TextLine ID="P158_TL00020" HPOS="108" VPOS="751" WIDTH="842" HEIGHT="31">
						<String ID="P158_ST00186" HPOS="108" VPOS="751" WIDTH="71" HEIGHT="24" CONTENT="After" WC="0.92" CC="00003"/>
						<SP ID="P158_SP00166" HPOS="179" VPOS="775" WIDTH="12"/>
						<String ID="P158_ST00187" HPOS="191" VPOS="761" WIDTH="14" HEIGHT="14" CONTENT="a" WC="1.00" CC="0"/>
						<SP ID="P158_SP00167" HPOS="205" VPOS="775" WIDTH="12"/>
						<String ID="P158_ST00188" HPOS="217" VPOS="752" WIDTH="78" HEIGHT="28" CONTENT="while," WC="0.75" CC="030550"/>
						<SP ID="P158_SP00168" HPOS="295" VPOS="780" WIDTH="19"/>
						<String ID="P158_ST00189" HPOS="314" VPOS="753" WIDTH="18" HEIGHT="21" CONTENT="it" WC="0.71" CC="05"/>
						<SP ID="P158_SP00169" HPOS="332" VPOS="780" WIDTH="18"/>
						<String ID="P158_ST00190" HPOS="350" VPOS="752" WIDTH="117" HEIGHT="23" CONTENT="occurred" WC="0.87" CC="30005000"/>
						<SP ID="P158_SP00170" HPOS="467" VPOS="780" WIDTH="19"/>
						<String ID="P158_ST00191" HPOS="486" VPOS="756" WIDTH="24" HEIGHT="18" CONTENT="to" WC="0.71" CC="05"/>
						<SP ID="P158_SP00171" HPOS="510" VPOS="780" WIDTH="18"/>
						<String ID="P158_ST00192" HPOS="528" VPOS="751" WIDTH="79" HEIGHT="23" CONTENT="Ernisi" WC="0.61" CC="044076"/>
						<SP ID="P158_SP00172" HPOS="607" VPOS="780" WIDTH="19"/>
						<String ID="P158_ST00193" HPOS="626" VPOS="751" WIDTH="53" HEIGHT="23" CONTENT="that" WC="0.86" CC="0500"/>
						<SP ID="P158_SP00173" HPOS="679" VPOS="780" WIDTH="18"/>
						<String ID="P158_ST00194" HPOS="697" VPOS="751" WIDTH="19" HEIGHT="23" CONTENT="it" WC="1.00" CC="00"/>
						<SP ID="P158_SP00174" HPOS="716" VPOS="780" WIDTH="13"/>
						<String ID="P158_ST00195" HPOS="729" VPOS="751" WIDTH="80" HEIGHT="23" CONTENT="would" WC="0.96" CC="00010"/>
						<SP ID="P158_SP00175" HPOS="809" VPOS="780" WIDTH="19"/>
						<String ID="P158_ST00196" HPOS="828" VPOS="751" WIDTH="29" HEIGHT="22" CONTENT="be" WC="0.60" CC="43"/>
						<SP ID="P158_SP00176" HPOS="857" VPOS="780" WIDTH="14"/>
						<String ID="P158_ST00197" HPOS="871" VPOS="759" WIDTH="13" HEIGHT="14" CONTENT="a" WC="1.00" CC="0"/>
						<SP ID="P158_SP00177" HPOS="884" VPOS="780" WIDTH="13"/>
						<String ID="P158_ST00198" HPOS="897" VPOS="751" WIDTH="53" HEIGHT="31" CONTENT="pity" WC="0.83" CC="0420"/>
					</TextLine>
					<TextLine ID="P158_TL00021" HPOS="107" VPOS="784" WIDTH="842" HEIGHT="32">
						<String ID="P158_ST00199" HPOS="107" VPOS="786" WIDTH="52" HEIGHT="23" CONTENT="that" WC="1.00" CC="0000"/>
						<SP ID="P158_SP00178" HPOS="159" VPOS="809" WIDTH="12"/>
						<String ID="P158_ST00200" HPOS="171" VPOS="786" WIDTH="63" HEIGHT="22" CONTENT="their" WC="0.81" CC="20033"/>
						<SP ID="P158_SP00179" HPOS="234" VPOS="809" WIDTH="12"/>
						<String ID="P158_ST00201" HPOS="246" VPOS="785" WIDTH="64" HEIGHT="31" CONTENT="good" WC="0.73" CC="9010"/>
						<SP ID="P158_SP00180" HPOS="310" VPOS="816" WIDTH="14"/>
						<String ID="P158_ST00202" HPOS="324" VPOS="785" WIDTH="83" HEIGHT="31" CONTENT="design" WC="0.76" CC="010506"/>
						<SP ID="P158_SP00181" HPOS="407" VPOS="816" WIDTH="19"/>
						<String ID="P158_ST00203" HPOS="426" VPOS="785" WIDTH="87" HEIGHT="23" CONTENT="should" WC="0.81" CC="033050"/>
						<SP ID="P158_SP00182" HPOS="513" VPOS="816" WIDTH="19"/>
						<String ID="P158_ST00204" HPOS="532" VPOS="785" WIDTH="38" HEIGHT="22" CONTENT="die" WC="0.87" CC="030"/>
						<SP ID="P158_SP00183" HPOS="570" VPOS="816" WIDTH="13"/>
						<String ID="P158_ST00205" HPOS="583" VPOS="785" WIDTH="57" HEIGHT="22" CONTENT="with" WC="0.88" CC="0040"/>
						<SP ID="P158_SP00184" HPOS="640" VPOS="816" WIDTH="20"/>
						<String ID="P158_ST00206" HPOS="660" VPOS="785" WIDTH="73" HEIGHT="23" CONTENT="them." WC="0.81" CC="72000"/>
						<SP ID="P158_SP00185" HPOS="733" VPOS="816" WIDTH="38"/>
						<String ID="P158_ST00207" HPOS="771" VPOS="784" WIDTH="39" HEIGHT="23" CONTENT="He" WC="1.00" CC="00"/>
						<SP ID="P158_SP00186" HPOS="810" VPOS="816" WIDTH="19"/>
						<String ID="P158_ST00208" HPOS="829" VPOS="784" WIDTH="120" HEIGHT="31" CONTENT="proposed" WC="0.76" CC="04400630"/>
					</TextLine>
					<TextLine ID="P158_TL00022" HPOS="107" VPOS="817" WIDTH="842" HEIGHT="33">
						<String ID="P158_ST00209" HPOS="107" VPOS="823" WIDTH="25" HEIGHT="20" CONTENT="to" WC="0.68" CC="60"/>
						<SP ID="P158_SP00187" HPOS="132" VPOS="843" WIDTH="10"/>
						<String ID="P158_ST00210" HPOS="142" VPOS="819" WIDTH="106" HEIGHT="23" CONTENT="William" WC="0.88" CC="0150100"/>
						<SP ID="P158_SP00188" HPOS="248" VPOS="843" WIDTH="11"/>
						<String ID="P158_ST00211" HPOS="259" VPOS="823" WIDTH="23" HEIGHT="19" CONTENT="to" WC="1.00" CC="00"/>
						<SP ID="P158_SP00189" HPOS="282" VPOS="843" WIDTH="11"/>
						<String ID="P158_ST00212" HPOS="293" VPOS="819" WIDTH="60" HEIGHT="23" CONTENT="form" WC="0.75" CC="0450"/>
						<SP ID="P158_SP00190" HPOS="353" VPOS="843" WIDTH="11"/>
						<String ID="P158_ST00213" HPOS="364" VPOS="827" WIDTH="14" HEIGHT="15" CONTENT="a" WC="1.00" CC="0"/>
						<SP ID="P158_SP00191" HPOS="378" VPOS="843" WIDTH="10"/>
						<String ID="P158_ST00214" HPOS="388" VPOS="818" WIDTH="145" HEIGHT="24" CONTENT="conventual" WC="0.90" CC="0310010201"/>
						<SP ID="P158_SP00192" HPOS="533" VPOS="843" WIDTH="10"/>
						<String ID="P158_ST00215" HPOS="543" VPOS="819" WIDTH="105" HEIGHT="31" CONTENT="society;" WC="0.79" CC="60035000"/>
						<SP ID="P158_SP00193" HPOS="648" VPOS="850" WIDTH="15"/>
						<String ID="P158_ST00216" HPOS="663" VPOS="818" WIDTH="108" HEIGHT="23" CONTENT="William" WC="0.97" CC="0000000"/>
						<SP ID="P158_SP00194" HPOS="771" VPOS="850" WIDTH="10"/>
						<String ID="P158_ST00217" HPOS="781" VPOS="826" WIDTH="48" HEIGHT="15" CONTENT="was" WC="0.77" CC="006"/>
						<SP ID="P158_SP00195" HPOS="829" VPOS="850" WIDTH="10"/>
						<String ID="P158_ST00218" HPOS="839" VPOS="817" WIDTH="110" HEIGHT="32" CONTENT="strongly" WC="0.59" CC="50593800"/>
					</TextLine>
					<TextLine ID="P158_TL00023" HPOS="107" VPOS="851" WIDTH="842" HEIGHT="33">
						<String ID="P158_ST00219" HPOS="107" VPOS="854" WIDTH="95" HEIGHT="30" CONTENT="against" WC="0.86" CC="0004004"/>
						<SP ID="P158_SP00196" HPOS="202" VPOS="884" WIDTH="13"/>
						<String ID="P158_ST00220" HPOS="215" VPOS="853" WIDTH="46" HEIGHT="23" CONTENT="this" WC="0.91" CC="3000"/>
						<SP ID="P158_SP00197" HPOS="261" VPOS="884" WIDTH="18"/>
						<String ID="P158_ST00221" HPOS="279" VPOS="856" WIDTH="25" HEIGHT="20" CONTENT="at" WC="1.00" CC="00"/>
						<SP ID="P158_SP00198" HPOS="304" VPOS="884" WIDTH="16"/>
						<String ID="P158_ST00222" HPOS="320" VPOS="853" WIDTH="59" HEIGHT="26" CONTENT="first," WC="0.76" CC="003900"/>
						<SP ID="P158_SP00199" HPOS="379" VPOS="884" WIDTH="14"/>
						<String ID="P158_ST00223" HPOS="393" VPOS="853" WIDTH="44" HEIGHT="23" CONTENT="but" WC="0.86" CC="004"/>
						<SP ID="P158_SP00200" HPOS="437" VPOS="884" WIDTH="19"/>
						<String ID="P158_ST00224" HPOS="456" VPOS="852" WIDTH="140" HEIGHT="24" CONTENT="afterwards" WC="0.76" CC="0041390004"/>
						<SP ID="P158_SP00201" HPOS="596" VPOS="884" WIDTH="18"/>
						<String ID="P158_ST00225" HPOS="614" VPOS="852" WIDTH="141" HEIGHT="23" CONTENT="consented." WC="0.81" CC="0156040000"/>
						<SP ID="P158_SP00202" HPOS="755" VPOS="884" WIDTH="37"/>
						<String ID="P158_ST00226" HPOS="792" VPOS="851" WIDTH="157" HEIGHT="32" CONTENT="Archbishop" WC="0.70" CC="0227106610"/>
					</TextLine>
					<TextLine ID="P158_TL00024" HPOS="110" VPOS="885" WIDTH="840" HEIGHT="32">
						<String ID="P158_ST00227" HPOS="110" VPOS="887" WIDTH="108" HEIGHT="27" CONTENT="Anselm," WC="0.69" CC="5070620"/>
						<SP ID="P158_SP00203" HPOS="218" VPOS="914" WIDTH="9"/>
						<String ID="P158_ST00228" HPOS="227" VPOS="886" WIDTH="81" HEIGHT="24" CONTENT="before" WC="0.93" CC="003000"/>
						<SP ID="P158_SP00204" HPOS="308" VPOS="914" WIDTH="10"/>
						<String ID="P158_ST00229" HPOS="318" VPOS="887" WIDTH="78" HEIGHT="22" CONTENT="whom" WC="0.83" CC="0600"/>
						<SP ID="P158_SP00205" HPOS="396" VPOS="914" WIDTH="13"/>
						<String ID="P158_ST00230" HPOS="409" VPOS="887" WIDTH="40" HEIGHT="22" CONTENT="the" WC="0.67" CC="530"/>
						<SP ID="P158_SP00206" HPOS="449" VPOS="914" WIDTH="11"/>
						<String ID="P158_ST00231" HPOS="460" VPOS="886" WIDTH="56" HEIGHT="31" CONTENT="plan" WC="1.00" CC="0000"/>
						<SP ID="P158_SP00207" HPOS="516" VPOS="917" WIDTH="11"/>
						<String ID="P158_ST00232" HPOS="527" VPOS="894" WIDTH="47" HEIGHT="15" CONTENT="was" WC="1.00" CC="000"/>
						<SP ID="P158_SP00208" HPOS="574" VPOS="917" WIDTH="14"/>
						<String ID="P158_ST00233" HPOS="588" VPOS="886" WIDTH="55" HEIGHT="27" CONTENT="laid," WC="0.93" CC="30000"/>
						<SP ID="P158_SP00209" HPOS="643" VPOS="917" WIDTH="14"/>
						<String ID="P158_ST00234" HPOS="657" VPOS="885" WIDTH="124" HEIGHT="31" CONTENT="approved" WC="0.94" CC="00030000"/>
						<SP ID="P158_SP00210" HPOS="781" VPOS="917" WIDTH="14"/>
						<String ID="P158_ST00235" HPOS="795" VPOS="885" WIDTH="27" HEIGHT="23" CONTENT="of" WC="1.00" CC="00"/>
						<SP ID="P158_SP00211" HPOS="822" VPOS="917" WIDTH="8"/>
						<String ID="P158_ST00236" HPOS="830" VPOS="886" WIDTH="26" HEIGHT="22" CONTENT="it." WC="1.00" CC="000"/>
						<SP ID="P158_SP00212" HPOS="856" VPOS="917" WIDTH="33"/>
						<String ID="P158_ST00237" HPOS="889" VPOS="885" WIDTH="61" HEIGHT="23" CONTENT="Now" WC="0.55" CC="318"/>
					</TextLine>
					<TextLine ID="P158_TL00025" HPOS="108" VPOS="919" WIDTH="842" HEIGHT="32">
						<String ID="P158_ST00238" HPOS="108" VPOS="920" WIDTH="77" HEIGHT="31" CONTENT="Hugh" WC="0.73" CC="3006"/>
						<SP ID="P158_SP00213" HPOS="185" VPOS="951" WIDTH="14"/>
						<String ID="P158_ST00239" HPOS="199" VPOS="921" WIDTH="30" HEIGHT="22" CONTENT="de" WC="1.00" CC="00"/>
						<SP ID="P158_SP00214" HPOS="229" VPOS="951" WIDTH="13"/>
						<String ID="P158_ST00240" HPOS="242" VPOS="919" WIDTH="67" HEIGHT="32" CONTENT="Lacy" WC="0.50" CC="4059"/>
						<SP ID="P158_SP00215" HPOS="309" VPOS="951" WIDTH="14"/>
						<String ID="P158_ST00241" HPOS="323" VPOS="928" WIDTH="47" HEIGHT="15" CONTENT="was" WC="0.85" CC="040"/>
						<SP ID="P158_SP00216" HPOS="370" VPOS="951" WIDTH="14"/>
						<String ID="P158_ST00242" HPOS="384" VPOS="921" WIDTH="92" HEIGHT="30" CONTENT="happy;" WC="1.00" CC="000000"/>
						<SP ID="P158_SP00217" HPOS="476" VPOS="951" WIDTH="18"/>
						<String ID="P158_ST00243" HPOS="494" VPOS="920" WIDTH="41" HEIGHT="23" CONTENT="the" WC="0.95" CC="010"/>
						<SP ID="P158_SP00218" HPOS="535" VPOS="951" WIDTH="13"/>
						<String ID="P158_ST00244" HPOS="548" VPOS="920" WIDTH="105" HEIGHT="23" CONTENT="recluses" WC="0.80" CC="44004002"/>
						<SP ID="P158_SP00219" HPOS="653" VPOS="951" WIDTH="14"/>
						<String ID="P158_ST00245" HPOS="667" VPOS="922" WIDTH="63" HEIGHT="20" CONTENT="must" WC="0.72" CC="0820"/>
						<SP ID="P158_SP00220" HPOS="730" VPOS="951" WIDTH="13"/>
						<String ID="P158_ST00246" HPOS="743" VPOS="919" WIDTH="56" HEIGHT="23" CONTENT="take" WC="1.00" CC="0000"/>
						<SP ID="P158_SP00221" HPOS="799" VPOS="951" WIDTH="13"/>
						<String ID="P158_ST00247" HPOS="812" VPOS="920" WIDTH="37" HEIGHT="22" CONTENT="his" WC="0.81" CC="005"/>
						<SP ID="P158_SP00222" HPOS="849" VPOS="951" WIDTH="13"/>
						<String ID="P158_ST00248" HPOS="862" VPOS="927" WIDTH="88" HEIGHT="23" CONTENT="money" WC="0.63" CC="74500"/>
					</TextLine>
					<TextLine ID="P158_TL00026" HPOS="107" VPOS="953" WIDTH="843" HEIGHT="31">
						<String ID="P158_ST00249" HPOS="107" VPOS="957" WIDTH="25" HEIGHT="20" CONTENT="to" WC="0.73" CC="05"/>
						<SP ID="P158_SP00223" HPOS="132" VPOS="977" WIDTH="13"/>
						<String ID="P158_ST00250" HPOS="145" VPOS="954" WIDTH="68" HEIGHT="23" CONTENT="build" WC="0.81" CC="01610"/>
						<SP ID="P158_SP00224" HPOS="213" VPOS="977" WIDTH="13"/>
						<String ID="P158_ST00251" HPOS="226" VPOS="954" WIDTH="62" HEIGHT="23" CONTENT="their" WC="0.81" CC="06003"/>
						<SP ID="P158_SP00225" HPOS="288" VPOS="977" WIDTH="14"/>
						<String ID="P158_ST00252" HPOS="302" VPOS="955" WIDTH="73" HEIGHT="22" CONTENT="house" WC="0.80" CC="40050"/>
						<SP ID="P158_SP00226" HPOS="375" VPOS="977" WIDTH="18"/>
						<String ID="P158_ST00253" HPOS="393" VPOS="955" WIDTH="47" HEIGHT="22" CONTENT="and" WC="0.74" CC="330"/>
						<SP ID="P158_SP00227" HPOS="440" VPOS="977" WIDTH="13"/>
						<String ID="P158_ST00254" HPOS="453" VPOS="955" WIDTH="30" HEIGHT="22" CONTENT="its" WC="0.76" CC="051"/>
						<SP ID="P158_SP00228" HPOS="483" VPOS="977" WIDTH="17"/>
						<String ID="P158_ST00255" HPOS="500" VPOS="957" WIDTH="207" HEIGHT="27" CONTENT="appurtenances;" WC="0.82" CC="00004501060061"/>
						<SP ID="P158_SP00229" HPOS="707" VPOS="984" WIDTH="19"/>
						<String ID="P158_ST00256" HPOS="726" VPOS="954" WIDTH="48" HEIGHT="22" CONTENT="and" WC="1.00" CC="000"/>
						<SP ID="P158_SP00230" HPOS="774" VPOS="984" WIDTH="13"/>
						<String ID="P158_ST00257" HPOS="787" VPOS="953" WIDTH="58" HEIGHT="30" CONTENT="they" WC="0.91" CC="0030"/>
						<SP ID="P158_SP00231" HPOS="845" VPOS="984" WIDTH="14"/>
						<String ID="P158_ST00258" HPOS="859" VPOS="953" WIDTH="41" HEIGHT="23" CONTENT="did" WC="0.91" CC="020"/>
						<SP ID="P158_SP00232" HPOS="900" VPOS="984" WIDTH="15"/>
						<String ID="P158_ST00259" HPOS="915" VPOS="961" WIDTH="35" HEIGHT="16" CONTENT="so." WC="0.68" CC="603"/>
					</TextLine>
					<TextLine ID="P158_TL00027" HPOS="108" VPOS="986" WIDTH="842" HEIGHT="32">
						<String ID="P158_ST00260" HPOS="108" VPOS="988" WIDTH="53" HEIGHT="22" CONTENT="The" WC="0.77" CC="060"/>
						<SP ID="P158_SP00233" HPOS="161" VPOS="1010" WIDTH="11"/>
						<String ID="P158_ST00261" HPOS="172" VPOS="988" WIDTH="81" HEIGHT="22" CONTENT="Order" WC="0.86" CC="05001"/>
						<SP ID="P158_SP00234" HPOS="253" VPOS="1010" WIDTH="10"/>
						<String ID="P158_ST00262" HPOS="263" VPOS="988" WIDTH="56" HEIGHT="30" CONTENT="they" WC="0.40" CC="6709"/>
						<SP ID="P158_SP00235" HPOS="319" VPOS="1018" WIDTH="7"/>
						<String ID="P158_ST00263" HPOS="326" VPOS="988" WIDTH="65" HEIGHT="22" CONTENT="fixed" WC="1.00" CC="00000"/>
						<SP ID="P158_SP00236" HPOS="391" VPOS="1018" WIDTH="9"/>
						<String ID="P158_ST00264" HPOS="400" VPOS="995" WIDTH="31" HEIGHT="15" CONTENT="on" WC="0.92" CC="10"/>
						<SP ID="P158_SP00237" HPOS="431" VPOS="1018" WIDTH="11"/>
						<String ID="P158_ST00265" HPOS="442" VPOS="987" WIDTH="38" HEIGHT="23" CONTENT="for" WC="0.88" CC="030"/>
						<SP ID="P158_SP00238" HPOS="480" VPOS="1018" WIDTH="9"/>
						<String ID="P158_ST00266" HPOS="489" VPOS="988" WIDTH="63" HEIGHT="22" CONTENT="their" WC="0.79" CC="45000"/>
						<SP ID="P158_SP00239" HPOS="552" VPOS="1018" WIDTH="9"/>
						<String ID="P158_ST00267" HPOS="561" VPOS="988" WIDTH="79" HEIGHT="30" CONTENT="abbey" WC="0.78" CC="05400"/>
						<SP ID="P158_SP00240" HPOS="640" VPOS="1018" WIDTH="10"/>
						<String ID="P158_ST00268" HPOS="650" VPOS="995" WIDTH="47" HEIGHT="15" CONTENT="was" WC="0.83" CC="004"/>
						<SP ID="P158_SP00241" HPOS="697" VPOS="1018" WIDTH="10"/>
						<String ID="P158_ST00269" HPOS="707" VPOS="988" WIDTH="53" HEIGHT="22" CONTENT="that" WC="0.93" CC="0020"/>
						<SP ID="P158_SP00242" HPOS="760" VPOS="1018" WIDTH="7"/>
						<String ID="P158_ST00270" HPOS="767" VPOS="987" WIDTH="28" HEIGHT="23" CONTENT="of" WC="0.68" CC="32"/>
						<SP ID="P158_SP00243" HPOS="795" VPOS="1018" WIDTH="7"/>
						<String ID="P158_ST00271" HPOS="802" VPOS="987" WIDTH="40" HEIGHT="23" CONTENT="the" WC="0.68" CC="450"/>
						<SP ID="P158_SP00244" HPOS="842" VPOS="1018" WIDTH="10"/>
						<String ID="P158_ST00272" HPOS="852" VPOS="986" WIDTH="98" HEIGHT="24" CONTENT="Canons" WC="0.79" CC="003026"/>
					</TextLine>
					<TextLine ID="P158_TL00028" HPOS="108" VPOS="1021" WIDTH="842" HEIGHT="31">
						<String ID="P158_ST00273" HPOS="108" VPOS="1021" WIDTH="109" HEIGHT="31" CONTENT="Regular" WC="0.72" CC="5005700"/>
						<SP ID="P158_SP00245" HPOS="217" VPOS="1052" WIDTH="12"/>
						<String ID="P158_ST00274" HPOS="229" VPOS="1021" WIDTH="29" HEIGHT="22" CONTENT="of" WC="1.00" CC="00"/>
						<SP ID="P158_SP00246" HPOS="258" VPOS="1052" WIDTH="11"/>
						<String ID="P158_ST00275" HPOS="269" VPOS="1021" WIDTH="34" HEIGHT="23" CONTENT="St." WC="0.86" CC="400"/>
						<SP ID="P158_SP00247" HPOS="303" VPOS="1052" WIDTH="15"/>
						<String ID="P158_ST00276" HPOS="318" VPOS="1021" WIDTH="147" HEIGHT="31" CONTENT="Augustine." WC="0.73" CC="0602804500"/>
						<SP ID="P158_SP00248" HPOS="465" VPOS="1052" WIDTH="36"/>
						<String ID="P158_ST00277" HPOS="501" VPOS="1021" WIDTH="115" HEIGHT="27" CONTENT="William," WC="0.83" CC="00501060"/>
						<SP ID="P158_SP00249" HPOS="616" VPOS="1052" WIDTH="14"/>
						<String ID="P158_ST00278" HPOS="630" VPOS="1021" WIDTH="55" HEIGHT="22" CONTENT="who" WC="0.70" CC="053"/>
						<SP ID="P158_SP00250" HPOS="685" VPOS="1052" WIDTH="13"/>
						<String ID="P158_ST00279" HPOS="698" VPOS="1021" WIDTH="47" HEIGHT="22" CONTENT="had" WC="0.83" CC="500"/>
						<SP ID="P158_SP00251" HPOS="745" VPOS="1052" WIDTH="13"/>
						<String ID="P158_ST00280" HPOS="758" VPOS="1021" WIDTH="60" HEIGHT="22" CONTENT="been" WC="0.77" CC="3022"/>
						<SP ID="P158_SP00252" HPOS="818" VPOS="1052" WIDTH="15"/>
						<String ID="P158_ST00281" HPOS="833" VPOS="1021" WIDTH="117" HEIGHT="22" CONTENT="admitted" WC="1.00" CC="00000000"/>
					</TextLine>
					<TextLine ID="P158_TL00029" HPOS="107" VPOS="1054" WIDTH="842" HEIGHT="32">
						<String ID="P158_ST00282" HPOS="107" VPOS="1059" WIDTH="25" HEIGHT="18" CONTENT="to" WC="0.84" CC="03"/>
						<SP ID="P158_SP00253" HPOS="132" VPOS="1077" WIDTH="11"/>
						<String ID="P158_ST00283" HPOS="143" VPOS="1054" WIDTH="92" HEIGHT="31" CONTENT="priest's" WC="0.85" CC="00500005"/>
						<SP ID="P158_SP00254" HPOS="235" VPOS="1085" WIDTH="13"/>
						<String ID="P158_ST00284" HPOS="248" VPOS="1055" WIDTH="83" HEIGHT="22" CONTENT="orders" WC="0.72" CC="230009"/>
						<SP ID="P158_SP00255" HPOS="331" VPOS="1085" WIDTH="12"/>
						<String ID="P158_ST00285" HPOS="343" VPOS="1055" WIDTH="92" HEIGHT="31" CONTENT="shortly" WC="0.84" CC="0000550"/>
						<SP ID="P158_SP00256" HPOS="435" VPOS="1086" WIDTH="11"/>
						<String ID="P158_ST00286" HPOS="446" VPOS="1055" WIDTH="62" HEIGHT="22" CONTENT="after" WC="0.76" CC="00505"/>
						<SP ID="P158_SP00257" HPOS="508" VPOS="1086" WIDTH="8"/>
						<String ID="P158_ST00287" HPOS="516" VPOS="1055" WIDTH="30" HEIGHT="22" CONTENT="he" WC="0.84" CC="30"/>
						<SP ID="P158_SP00258" HPOS="546" VPOS="1086" WIDTH="9"/>
						<String ID="P158_ST00288" HPOS="555" VPOS="1055" WIDTH="99" HEIGHT="22" CONTENT="became" WC="0.85" CC="440000"/>
						<SP ID="P158_SP00259" HPOS="654" VPOS="1086" WIDTH="14"/>
						<String ID="P158_ST00289" HPOS="668" VPOS="1062" WIDTH="14" HEIGHT="15" CONTENT="a" WC="1.00" CC="0"/>
						<SP ID="P158_SP00260" HPOS="682" VPOS="1086" WIDTH="13"/>
						<String ID="P158_ST00290" HPOS="695" VPOS="1055" WIDTH="94" HEIGHT="26" CONTENT="hermit," WC="0.78" CC="6017000"/>
						<SP ID="P158_SP00261" HPOS="789" VPOS="1086" WIDTH="12"/>
						<String ID="P158_ST00291" HPOS="801" VPOS="1055" WIDTH="47" HEIGHT="22" CONTENT="and" WC="0.98" CC="000"/>
						<SP ID="P158_SP00262" HPOS="848" VPOS="1086" WIDTH="13"/>
						<String ID="P158_ST00292" HPOS="861" VPOS="1054" WIDTH="88" HEIGHT="28" CONTENT="Ernisi," WC="0.74" CC="0431620"/>
					</TextLine>
					<TextLine ID="P158_TL00030" HPOS="107" VPOS="1088" WIDTH="843" HEIGHT="31">
						<String ID="P158_ST00293" HPOS="107" VPOS="1088" WIDTH="92" HEIGHT="22" CONTENT="invited" WC="0.72" CC="6600600"/>
						<SP ID="P158_SP00263" HPOS="199" VPOS="1110" WIDTH="17"/>
						<String ID="P158_ST00294" HPOS="216" VPOS="1088" WIDTH="162" HEIGHT="31" CONTENT="God-fearing" WC="0.91" CC="00000002600"/>
						<SP ID="P158_SP00264" HPOS="378" VPOS="1119" WIDTH="19"/>
						<String ID="P158_ST00295" HPOS="397" VPOS="1096" WIDTH="52" HEIGHT="14" CONTENT="men" WC="0.74" CC="501"/>
						<SP ID="P158_SP00265" HPOS="449" VPOS="1119" WIDTH="19"/>
						<String ID="P158_ST00296" HPOS="468" VPOS="1088" WIDTH="61" HEIGHT="22" CONTENT="from" WC="0.73" CC="0640"/>
						<SP ID="P158_SP00266" HPOS="529" VPOS="1119" WIDTH="18"/>
						<String ID="P158_ST00297" HPOS="547" VPOS="1088" WIDTH="41" HEIGHT="22" CONTENT="the" WC="1.00" CC="000"/>
						<SP ID="P158_SP00267" HPOS="588" VPOS="1119" WIDTH="19"/>
						<String ID="P158_ST00298" HPOS="607" VPOS="1092" WIDTH="116" HEIGHT="19" CONTENT="convents" WC="0.72" CC="06600304"/>
						<SP ID="P158_SP00268" HPOS="723" VPOS="1119" WIDTH="17"/>
						<String ID="P158_ST00299" HPOS="740" VPOS="1088" WIDTH="28" HEIGHT="22" CONTENT="of" WC="1.00" CC="00"/>
						<SP ID="P158_SP00269" HPOS="768" VPOS="1119" WIDTH="16"/>
						<String ID="P158_ST00300" HPOS="784" VPOS="1088" WIDTH="99" HEIGHT="22" CONTENT="Merton" WC="0.81" CC="000407"/>
						<SP ID="P158_SP00270" HPOS="883" VPOS="1119" WIDTH="19"/>
						<String ID="P158_ST00301" HPOS="902" VPOS="1088" WIDTH="48" HEIGHT="23" CONTENT="and" WC="0.76" CC="070"/>
					</TextLine>
					<TextLine ID="P158_TL00031" HPOS="108" VPOS="1121" WIDTH="842" HEIGHT="32">
						<String ID="P158_ST00302" HPOS="108" VPOS="1121" WIDTH="105" HEIGHT="31" CONTENT="Trinity," WC="0.74" CC="03024090"/>
						<SP ID="P158_SP00271" HPOS="213" VPOS="1152" WIDTH="13"/>
						<String ID="P158_ST00303" HPOS="226" VPOS="1129" WIDTH="58" HEIGHT="15" CONTENT="near" WC="0.72" CC="3502"/>
						<SP ID="P158_SP00272" HPOS="284" VPOS="1152" WIDTH="11"/>
						<String ID="P158_ST00304" HPOS="295" VPOS="1121" WIDTH="102" HEIGHT="23" CONTENT="London" WC="0.84" CC="100043"/>
						<SP ID="P158_SP00273" HPOS="397" VPOS="1152" WIDTH="15"/>
						<String ID="P158_ST00305" HPOS="412" VPOS="1121" WIDTH="48" HEIGHT="23" CONTENT="and" WC="0.67" CC="027"/>
						<SP ID="P158_SP00274" HPOS="460" VPOS="1152" WIDTH="14"/>
						<String ID="P158_ST00306" HPOS="474" VPOS="1121" WIDTH="149" HEIGHT="27" CONTENT="Colchester," WC="0.80" CC="00005093020"/>
						<SP ID="P158_SP00275" HPOS="623" VPOS="1152" WIDTH="11"/>
						<String ID="P158_ST00307" HPOS="634" VPOS="1126" WIDTH="24" HEIGHT="18" CONTENT="to" WC="1.00" CC="00"/>
						<SP ID="P158_SP00276" HPOS="658" VPOS="1152" WIDTH="9"/>
						<String ID="P158_ST00308" HPOS="667" VPOS="1121" WIDTH="52" HEIGHT="32" CONTENT="join" WC="1.00" CC="0000"/>
						<SP ID="P158_SP00277" HPOS="719" VPOS="1153" WIDTH="14"/>
						<String ID="P158_ST00309" HPOS="733" VPOS="1121" WIDTH="73" HEIGHT="24" CONTENT="them." WC="0.70" CC="55030"/>
						<SP ID="P158_SP00278" HPOS="806" VPOS="1153" WIDTH="39"/>
						<String ID="P158_ST00310" HPOS="845" VPOS="1121" WIDTH="33" HEIGHT="23" CONTENT="So" WC="0.73" CC="05"/>
						<SP ID="P158_SP00279" HPOS="878" VPOS="1153" WIDTH="12"/>
						<String ID="P158_ST00311" HPOS="890" VPOS="1129" WIDTH="60" HEIGHT="16" CONTENT="soon" WC="0.61" CC="6053"/>
					</TextLine>
					<TextLine ID="P158_TL00032" HPOS="107" VPOS="1154" WIDTH="842" HEIGHT="33">
						<String ID="P158_ST00312" HPOS="107" VPOS="1163" WIDTH="25" HEIGHT="15" CONTENT="as" WC="0.34" CC="57"/>
						<SP ID="P158_SP00280" HPOS="132" VPOS="1178" WIDTH="14"/>
						<String ID="P158_ST00313" HPOS="146" VPOS="1156" WIDTH="56" HEIGHT="31" CONTENT="they" WC="0.94" CC="0200"/>
						<SP ID="P158_SP00281" HPOS="202" VPOS="1187" WIDTH="13"/>
						<String ID="P158_ST00314" HPOS="215" VPOS="1155" WIDTH="47" HEIGHT="23" CONTENT="had" WC="0.75" CC="700"/>
						<SP ID="P158_SP00282" HPOS="262" VPOS="1187" WIDTH="14"/>
						<String ID="P158_ST00315" HPOS="276" VPOS="1159" WIDTH="42" HEIGHT="27" CONTENT="got" WC="0.96" CC="001"/>
						<SP ID="P158_SP00283" HPOS="318" VPOS="1187" WIDTH="13"/>
						<String ID="P158_ST00316" HPOS="331" VPOS="1155" WIDTH="112" HEIGHT="31" CONTENT="together" WC="1.00" CC="00000000"/>
						<SP ID="P158_SP00284" HPOS="443" VPOS="1187" WIDTH="13"/>
						<String ID="P158_ST00317" HPOS="456" VPOS="1163" WIDTH="13" HEIGHT="15" CONTENT="a" WC="0.64" CC="3"/>
						<SP ID="P158_SP00285" HPOS="469" VPOS="1187" WIDTH="13"/>
						<String ID="P158_ST00318" HPOS="482" VPOS="1154" WIDTH="44" HEIGHT="24" CONTENT="few" WC="1.00" CC="000"/>
						<SP ID="P158_SP00286" HPOS="526" VPOS="1187" WIDTH="14"/>
						<String ID="P158_ST00319" HPOS="540" VPOS="1155" WIDTH="127" HEIGHT="27" CONTENT="members," WC="0.83" CC="60000410"/>
						<SP ID="P158_SP00287" HPOS="667" VPOS="1187" WIDTH="13"/>
						<String ID="P158_ST00320" HPOS="680" VPOS="1156" WIDTH="48" HEIGHT="22" CONTENT="and" WC="1.00" CC="000"/>
						<SP ID="P158_SP00288" HPOS="728" VPOS="1187" WIDTH="13"/>
						<String ID="P158_ST00321" HPOS="741" VPOS="1163" WIDTH="62" HEIGHT="16" CONTENT="were" WC="0.87" CC="0050"/>
						<SP ID="P158_SP00289" HPOS="803" VPOS="1187" WIDTH="14"/>
						<String ID="P158_ST00322" HPOS="817" VPOS="1154" WIDTH="91" HEIGHT="31" CONTENT="perfect" WC="0.77" CC="0019040"/>
						<SP ID="P158_SP00290" HPOS="908" VPOS="1187" WIDTH="17"/>
						<String ID="P158_ST00323" HPOS="925" VPOS="1155" WIDTH="24" HEIGHT="23" CONTENT="in" WC="0.61" CC="42"/>
					</TextLine>
					<TextLine ID="P158_TL00033" HPOS="107" VPOS="1188" WIDTH="843" HEIGHT="32">
						<String ID="P158_ST00324" HPOS="107" VPOS="1189" WIDTH="41" HEIGHT="23" CONTENT="the" WC="0.88" CC="030"/>
						<SP ID="P158_SP00291" HPOS="148" VPOS="1212" WIDTH="12"/>
						<String ID="P158_ST00325" HPOS="160" VPOS="1189" WIDTH="144" HEIGHT="31" CONTENT="knowledge" WC="0.77" CC="001055070"/>
						<SP ID="P158_SP00292" HPOS="304" VPOS="1220" WIDTH="18"/>
						<String ID="P158_ST00326" HPOS="322" VPOS="1188" WIDTH="27" HEIGHT="23" CONTENT="of" WC="1.00" CC="00"/>
						<SP ID="P158_SP00293" HPOS="349" VPOS="1220" WIDTH="9"/>
						<String ID="P158_ST00327" HPOS="358" VPOS="1190" WIDTH="40" HEIGHT="22" CONTENT="the" WC="0.78" CC="060"/>
						<SP ID="P158_SP00294" HPOS="398" VPOS="1220" WIDTH="19"/>
						<String ID="P158_ST00328" HPOS="417" VPOS="1189" WIDTH="119" HEIGHT="23" CONTENT="monastic" WC="0.75" CC="00206064"/>
						<SP ID="P158_SP00295" HPOS="536" VPOS="1220" WIDTH="18"/>
						<String ID="P158_ST00329" HPOS="554" VPOS="1189" WIDTH="87" HEIGHT="27" CONTENT="duties," WC="0.76" CC="0306060"/>
						<SP ID="P158_SP00296" HPOS="641" VPOS="1220" WIDTH="15"/>
						<String ID="P158_ST00330" HPOS="656" VPOS="1189" WIDTH="56" HEIGHT="31" CONTENT="they" WC="0.74" CC="3700"/>
						<SP ID="P158_SP00297" HPOS="712" VPOS="1220" WIDTH="15"/>
						<String ID="P158_ST00331" HPOS="727" VPOS="1189" WIDTH="127" HEIGHT="31" CONTENT="presented" WC="0.88" CC="040600000"/>
						<SP ID="P158_SP00298" HPOS="854" VPOS="1220" WIDTH="15"/>
						<String ID="P158_ST00332" HPOS="869" VPOS="1188" WIDTH="81" HEIGHT="24" CONTENT="Ernisi" WC="0.65" CC="090064"/>
					</TextLine>
					<TextLine ID="P158_TL00034" HPOS="107" VPOS="1222" WIDTH="843" HEIGHT="31">
						<String ID="P158_ST00333" HPOS="107" VPOS="1222" WIDTH="38" HEIGHT="23" CONTENT="for" WC="1.00" CC="000"/>
						<SP ID="P158_SP00299" HPOS="145" VPOS="1245" WIDTH="18"/>
						<String ID="P158_ST00334" HPOS="163" VPOS="1223" WIDTH="41" HEIGHT="22" CONTENT="the" WC="0.55" CC="067"/>
						<SP ID="P158_SP00300" HPOS="204" VPOS="1245" WIDTH="18"/>
						<String ID="P158_ST00335" HPOS="222" VPOS="1223" WIDTH="158" HEIGHT="30" CONTENT="approbation" WC="0.77" CC="00730600024"/>
						<SP ID="P158_SP00301" HPOS="380" VPOS="1253" WIDTH="20"/>
						<String ID="P158_ST00336" HPOS="400" VPOS="1222" WIDTH="28" HEIGHT="24" CONTENT="of" WC="0.83" CC="30"/>
						<SP ID="P158_SP00302" HPOS="428" VPOS="1253" WIDTH="10"/>
						<String ID="P158_ST00337" HPOS="438" VPOS="1223" WIDTH="40" HEIGHT="22" CONTENT="the" WC="0.85" CC="400"/>
						<SP ID="P158_SP00303" HPOS="478" VPOS="1253" WIDTH="17"/>
						<String ID="P158_ST00338" HPOS="495" VPOS="1222" WIDTH="94" HEIGHT="31" CONTENT="bishop," WC="0.69" CC="5015502"/>
						<SP ID="P158_SP00304" HPOS="589" VPOS="1253" WIDTH="18"/>
						<String ID="P158_ST00339" HPOS="607" VPOS="1226" WIDTH="24" HEIGHT="19" CONTENT="to" WC="0.82" CC="03"/>
						<SP ID="P158_SP00305" HPOS="631" VPOS="1253" WIDTH="19"/>
						<String ID="P158_ST00340" HPOS="650" VPOS="1223" WIDTH="30" HEIGHT="22" CONTENT="be" WC="0.76" CC="40"/>
						<SP ID="P158_SP00306" HPOS="680" VPOS="1253" WIDTH="16"/>
						<String ID="P158_ST00341" HPOS="696" VPOS="1222" WIDTH="125" HEIGHT="31" CONTENT="Superior," WC="0.80" CC="250006400"/>
						<SP ID="P158_SP00307" HPOS="821" VPOS="1253" WIDTH="14"/>
						<String ID="P158_ST00342" HPOS="835" VPOS="1222" WIDTH="54" HEIGHT="23" CONTENT="who" WC="0.91" CC="020"/>
						<SP ID="P158_SP00308" HPOS="889" VPOS="1253" WIDTH="14"/>
						<String ID="P158_ST00343" HPOS="903" VPOS="1230" WIDTH="47" HEIGHT="16" CONTENT="was" WC="0.52" CC="904"/>
					</TextLine>
					<TextLine ID="P158_TL00035" HPOS="109" VPOS="1256" WIDTH="841" HEIGHT="24">
						<String ID="P158_ST00344" HPOS="109" VPOS="1256" WIDTH="131" HEIGHT="24" CONTENT="confirmed" WC="0.78" CC="001331900"/>
						<SP ID="P158_SP00309" HPOS="240" VPOS="1280" WIDTH="12"/>
						<String ID="P158_ST00345" HPOS="252" VPOS="1257" WIDTH="22" HEIGHT="21" CONTENT="in" WC="0.70" CC="05"/>
						<SP ID="P158_SP00310" HPOS="274" VPOS="1280" WIDTH="10"/>
						<String ID="P158_ST00346" HPOS="284" VPOS="1256" WIDTH="36" HEIGHT="23" CONTENT="his" WC="0.61" CC="325"/>
						<SP ID="P158_SP00311" HPOS="320" VPOS="1280" WIDTH="9"/>
						<String ID="P158_ST00347" HPOS="329" VPOS="1256" WIDTH="76" HEIGHT="23" CONTENT="office." WC="0.78" CC="0733000"/>
						<SP ID="P158_SP00312" HPOS="405" VPOS="1280" WIDTH="29"/>
						<String ID="P158_ST00348" HPOS="434" VPOS="1256" WIDTH="52" HEIGHT="23" CONTENT="The" WC="1.00" CC="000"/>
						<SP ID="P158_SP00313" HPOS="486" VPOS="1280" WIDTH="9"/>
						<String ID="P158_ST00349" HPOS="495" VPOS="1256" WIDTH="56" HEIGHT="23" CONTENT="date" WC="1.00" CC="0000"/>
						<SP ID="P158_SP00314" HPOS="551" VPOS="1280" WIDTH="13"/>
						<String ID="P158_ST00350" HPOS="564" VPOS="1256" WIDTH="27" HEIGHT="23" CONTENT="of" WC="0.52" CC="36"/>
						<SP ID="P158_SP00315" HPOS="591" VPOS="1280" WIDTH="7"/>
						<String ID="P158_ST00351" HPOS="598" VPOS="1256" WIDTH="47" HEIGHT="23" CONTENT="this" WC="0.64" CC="4054"/>
						<SP ID="P158_SP00316" HPOS="645" VPOS="1280" WIDTH="8"/>
						<String ID="P158_ST00352" HPOS="653" VPOS="1259" WIDTH="72" HEIGHT="20" CONTENT="event" WC="0.76" CC="07040"/>
						<SP ID="P158_SP00317" HPOS="725" VPOS="1280" WIDTH="9"/>
						<String ID="P158_ST00353" HPOS="734" VPOS="1264" WIDTH="47" HEIGHT="16" CONTENT="was" WC="0.80" CC="005"/>
						<SP ID="P158_SP00318" HPOS="781" VPOS="1280" WIDTH="9"/>
						<String ID="P158_ST00354" HPOS="790" VPOS="1257" WIDTH="76" HEIGHT="22" CONTENT="about" WC="0.70" CC="05072"/>
						<SP ID="P158_SP00319" HPOS="866" VPOS="1280" WIDTH="11"/>
						<String ID="P158_ST00355" HPOS="877" VPOS="1257" WIDTH="73" HEIGHT="23" CONTENT="1110." WC="0.68" CC="46310"/>
					</TextLine>
					<TextLine ID="P158_TL00036" HPOS="108" VPOS="1289" WIDTH="842" HEIGHT="32">
						<String ID="P158_ST00356" HPOS="108" VPOS="1289" WIDTH="80" HEIGHT="24" CONTENT="Ernisi" WC="0.58" CC="406660"/>
						<SP ID="P158_SP00320" HPOS="188" VPOS="1313" WIDTH="15"/>
						<String ID="P158_ST00357" HPOS="203" VPOS="1297" WIDTH="47" HEIGHT="16" CONTENT="was" WC="0.77" CC="006"/>
						<SP ID="P158_SP00321" HPOS="250" VPOS="1313" WIDTH="12"/>
						<String ID="P158_ST00358" HPOS="262" VPOS="1297" WIDTH="14" HEIGHT="15" CONTENT="a" WC="1.00" CC="0"/>
						<SP ID="P158_SP00322" HPOS="276" VPOS="1313" WIDTH="13"/>
						<String ID="P158_ST00359" HPOS="289" VPOS="1291" WIDTH="55" HEIGHT="22" CONTENT="wise" WC="0.84" CC="0050"/>
						<SP ID="P158_SP00323" HPOS="344" VPOS="1313" WIDTH="18"/>
						<String ID="P158_ST00360" HPOS="362" VPOS="1290" WIDTH="47" HEIGHT="23" CONTENT="and" WC="1.00" CC="000"/>
						<SP ID="P158_SP00324" HPOS="409" VPOS="1313" WIDTH="17"/>
						<String ID="P158_ST00361" HPOS="426" VPOS="1290" WIDTH="104" HEIGHT="30" CONTENT="prudent" WC="0.95" CC="0100001"/>
						<SP ID="P158_SP00325" HPOS="530" VPOS="1320" WIDTH="17"/>
						<String ID="P158_ST00362" HPOS="547" VPOS="1290" WIDTH="70" HEIGHT="26" CONTENT="head," WC="0.95" CC="20000"/>
						<SP ID="P158_SP00326" HPOS="617" VPOS="1320" WIDTH="7"/>
						<String ID="P158_ST00363" HPOS="624" VPOS="1303" WIDTH="33" HEIGHT="4" CONTENT="" WC="0.20" CC="8"/>
						<SP ID="P158_SP00327" HPOS="657" VPOS="1320" WIDTH="7"/>
						<String ID="P158_ST00364" HPOS="664" VPOS="1289" WIDTH="137" HEIGHT="32" CONTENT='"frequent' WC="0.88" CC="004003020"/>
						<SP ID="P158_SP00328" HPOS="801" VPOS="1321" WIDTH="13"/>
						<String ID="P158_ST00365" HPOS="814" VPOS="1291" WIDTH="22" HEIGHT="21" CONTENT="in" WC="0.61" CC="06"/>
						<SP ID="P158_SP00329" HPOS="836" VPOS="1321" WIDTH="14"/>
						<String ID="P158_ST00366" HPOS="850" VPOS="1297" WIDTH="100" HEIGHT="23" CONTENT="prayers" WC="0.68" CC="0409007"/>
					</TextLine>
					<TextLine ID="P158_TL00037" HPOS="107" VPOS="1323" WIDTH="843" HEIGHT="33">
						<String ID="P158_ST00367" HPOS="107" VPOS="1324" WIDTH="48" HEIGHT="22" CONTENT="and" WC="1.00" CC="000"/>
						<SP ID="P158_SP00330" HPOS="155" VPOS="1346" WIDTH="13"/>
						<String ID="P158_ST00368" HPOS="168" VPOS="1324" WIDTH="139" HEIGHT="29" CONTENT="preaching," WC="0.93" CC="0000000600"/>
						<SP ID="P158_SP00331" HPOS="307" VPOS="1353" WIDTH="14"/>
						<String ID="P158_ST00369" HPOS="321" VPOS="1326" WIDTH="112" HEIGHT="21" CONTENT="constant" WC="0.83" CC="04200040"/>
						<SP ID="P158_SP00332" HPOS="433" VPOS="1353" WIDTH="13"/>
						<String ID="P158_ST00370" HPOS="446" VPOS="1324" WIDTH="23" HEIGHT="22" CONTENT="in" WC="1.00" CC="00"/>
						<SP ID="P158_SP00333" HPOS="469" VPOS="1353" WIDTH="15"/>
						<String ID="P158_ST00371" HPOS="484" VPOS="1323" WIDTH="96" HEIGHT="31" CONTENT="fasting," WC="0.78" CC="50206200"/>
						<SP ID="P158_SP00334" HPOS="580" VPOS="1354" WIDTH="14"/>
						<String ID="P158_ST00372" HPOS="594" VPOS="1329" WIDTH="129" HEIGHT="18" CONTENT="courteous" WC="0.87" CC="045000000"/>
						<SP ID="P158_SP00335" HPOS="723" VPOS="1354" WIDTH="20"/>
						<String ID="P158_ST00373" HPOS="743" VPOS="1325" WIDTH="24" HEIGHT="22" CONTENT="in" WC="0.86" CC="02"/>
						<SP ID="P158_SP00336" HPOS="767" VPOS="1354" WIDTH="18"/>
						<String ID="P158_ST00374" HPOS="785" VPOS="1325" WIDTH="165" HEIGHT="31" CONTENT="entertaining" WC="0.76" CC="005004005606"/>
					</TextLine>
					<TextLine ID="P158_TL00038" HPOS="106" VPOS="1357" WIDTH="844" HEIGHT="32">
						<String ID="P158_ST00375" HPOS="106" VPOS="1361" WIDTH="130" HEIGHT="27" CONTENT="strangers," WC="0.96" CC="0000000040"/>
						<SP ID="P158_SP00337" HPOS="236" VPOS="1388" WIDTH="13"/>
						<String ID="P158_ST00376" HPOS="249" VPOS="1357" WIDTH="48" HEIGHT="23" CONTENT="and" WC="0.77" CC="060"/>
						<SP ID="P158_SP00338" HPOS="297" VPOS="1388" WIDTH="13"/>
						<String ID="P158_ST00377" HPOS="310" VPOS="1358" WIDTH="23" HEIGHT="22" CONTENT="in" WC="0.55" CC="53"/>
						<SP ID="P158_SP00339" HPOS="333" VPOS="1388" WIDTH="14"/>
						<String ID="P158_ST00378" HPOS="347" VPOS="1364" WIDTH="73" HEIGHT="24" CONTENT="every" WC="0.85" CC="04020"/>
						<SP ID="P158_SP00340" HPOS="420" VPOS="1388" WIDTH="13"/>
						<String ID="P158_ST00379" HPOS="433" VPOS="1360" WIDTH="94" HEIGHT="28" CONTENT="respect" WC="0.76" CC="1050603"/>
						<SP ID="P158_SP00341" HPOS="527" VPOS="1388" WIDTH="13"/>
						<String ID="P158_ST00380" HPOS="540" VPOS="1358" WIDTH="114" HEIGHT="30" CONTENT="qualified" WC="0.84" CC="060700000"/>
						<SP ID="P158_SP00342" HPOS="654" VPOS="1388" WIDTH="20"/>
						<String ID="P158_ST00381" HPOS="674" VPOS="1358" WIDTH="38" HEIGHT="22" CONTENT="for" WC="0.95" CC="001"/>
						<SP ID="P158_SP00343" HPOS="712" VPOS="1388" WIDTH="17"/>
						<String ID="P158_ST00382" HPOS="729" VPOS="1358" WIDTH="41" HEIGHT="22" CONTENT="the" WC="0.90" CC="020"/>
						<SP ID="P158_SP00344" HPOS="770" VPOS="1388" WIDTH="19"/>
						<String ID="P158_ST00383" HPOS="789" VPOS="1362" WIDTH="161" HEIGHT="27" CONTENT="government" WC="0.84" CC="0300430022"/>
					</TextLine>
					<TextLine ID="P158_TL00039" HPOS="107" VPOS="1390" WIDTH="843" HEIGHT="32">
						<String ID="P158_ST00384" HPOS="107" VPOS="1390" WIDTH="29" HEIGHT="23" CONTENT="of" WC="1.00" CC="00"/>
						<SP ID="P158_SP00345" HPOS="136" VPOS="1413" WIDTH="8"/>
						<String ID="P158_ST00385" HPOS="144" VPOS="1391" WIDTH="38" HEIGHT="22" CONTENT="his" WC="0.71" CC="222"/>
						<SP ID="P158_SP00346" HPOS="182" VPOS="1413" WIDTH="12"/>
						<String ID="P158_ST00386" HPOS="194" VPOS="1390" WIDTH="65" HEIGHT="23" CONTENT="flock" WC="0.92" CC="00300"/>
						<String ID="P158_ST00387" HPOS="268" VPOS="1401" WIDTH="6" HEIGHT="16" CONTENT=";" WC="0.78" CC="2"/>
						<SP ID="P158_SP00347" HPOS="274" VPOS="1417" WIDTH="19"/>
						<String ID="P158_ST00388" HPOS="293" VPOS="1391" WIDTH="37" HEIGHT="22" CONTENT="for" WC="0.85" CC="210"/>
						<SP ID="P158_SP00348" HPOS="330" VPOS="1417" WIDTH="18"/>
						<String ID="P158_ST00389" HPOS="348" VPOS="1391" WIDTH="52" HEIGHT="22" CONTENT="that" WC="0.86" CC="0500"/>
						<SP ID="P158_SP00349" HPOS="400" VPOS="1417" WIDTH="14"/>
						<String ID="P158_ST00390" HPOS="414" VPOS="1391" WIDTH="77" HEIGHT="22" CONTENT="which" WC="0.70" CC="85000"/>
						<SP ID="P158_SP00350" HPOS="491" VPOS="1417" WIDTH="15"/>
						<String ID="P158_ST00391" HPOS="506" VPOS="1391" WIDTH="30" HEIGHT="22" CONTENT="he" WC="0.80" CC="40"/>
						<SP ID="P158_SP00351" HPOS="536" VPOS="1417" WIDTH="12"/>
						<String ID="P158_ST00392" HPOS="548" VPOS="1391" WIDTH="87" HEIGHT="31" CONTENT="taught" WC="0.87" CC="003020"/>
						<SP ID="P158_SP00352" HPOS="635" VPOS="1422" WIDTH="16"/>
						<String ID="P158_ST00393" HPOS="651" VPOS="1391" WIDTH="25" HEIGHT="23" CONTENT="in" WC="0.54" CC="44"/>
						<SP ID="P158_SP00353" HPOS="676" VPOS="1422" WIDTH="14"/>
						<String ID="P158_ST00394" HPOS="690" VPOS="1391" WIDTH="66" HEIGHT="23" CONTENT="word" WC="0.75" CC="0450"/>
						<SP ID="P158_SP00354" HPOS="756" VPOS="1422" WIDTH="13"/>
						<String ID="P158_ST00395" HPOS="769" VPOS="1391" WIDTH="30" HEIGHT="23" CONTENT="he" WC="0.72" CC="50"/>
						<SP ID="P158_SP00355" HPOS="799" VPOS="1422" WIDTH="18"/>
						<String ID="P158_ST00396" HPOS="817" VPOS="1391" WIDTH="133" HEIGHT="24" CONTENT="confirmed" WC="0.89" CC="020006000"/>
					</TextLine>
					<TextLine ID="P158_TL00040" HPOS="107" VPOS="1424" WIDTH="229" HEIGHT="31">
						<String ID="P158_ST00397" HPOS="107" VPOS="1424" WIDTH="34" HEIGHT="31" CONTENT="by" WC="1.00" CC="00"/>
						<SP ID="P158_SP00356" HPOS="141" VPOS="1455" WIDTH="12"/>
						<String ID="P158_ST00398" HPOS="153" VPOS="1424" WIDTH="64" HEIGHT="30" CONTENT="good" WC="0.96" CC="0010"/>
						<SP ID="P158_SP00357" HPOS="217" VPOS="1455" WIDTH="14"/>
						<String ID="P158_ST00399" HPOS="231" VPOS="1424" WIDTH="105" HEIGHT="23" CONTENT='works."' WC="0.90" CC="0020004"/>
					</TextLine>
					<TextLine ID="P158_TL00041" HPOS="159" VPOS="1457" WIDTH="791" HEIGHT="33">
						<String ID="P158_ST00400" HPOS="159" VPOS="1457" WIDTH="69" HEIGHT="31" CONTENT="They" WC="1.00" CC="0000"/>
						<SP ID="P158_SP00358" HPOS="228" VPOS="1488" WIDTH="17"/>
						<String ID="P158_ST00401" HPOS="245" VPOS="1458" WIDTH="48" HEIGHT="22" CONTENT="had" WC="0.77" CC="600"/>
						<SP ID="P158_SP00359" HPOS="293" VPOS="1488" WIDTH="18"/>
						<String ID="P158_ST00402" HPOS="311" VPOS="1465" WIDTH="73" HEIGHT="24" CONTENT="many" WC="0.90" CC="0040"/>
						<SP ID="P158_SP00360" HPOS="384" VPOS="1489" WIDTH="12"/>
						<String ID="P158_ST00403" HPOS="396" VPOS="1458" WIDTH="96" HEIGHT="23" CONTENT="visitors" WC="0.61" CC="00647255"/>
						<SP ID="P158_SP00361" HPOS="492" VPOS="1489" WIDTH="18"/>
						<String ID="P158_ST00404" HPOS="510" VPOS="1458" WIDTH="28" HEIGHT="23" CONTENT="of" WC="0.95" CC="10"/>
						<SP ID="P158_SP00362" HPOS="538" VPOS="1489" WIDTH="14"/>
						<String ID="P158_ST00405" HPOS="552" VPOS="1458" WIDTH="60" HEIGHT="32" CONTENT="high" WC="0.55" CC="1096"/>
						<SP ID="P158_SP00363" HPOS="612" VPOS="1490" WIDTH="19"/>
						<String ID="P158_ST00406" HPOS="631" VPOS="1458" WIDTH="88" HEIGHT="32" CONTENT="degree" WC="0.85" CC="040300"/>
						<SP ID="P158_SP00364" HPOS="719" VPOS="1490" WIDTH="11"/>
						<String ID="P158_ST00407" HPOS="730" VPOS="1469" WIDTH="5" HEIGHT="17" CONTENT=";" WC="1.00" CC="0"/>
						<SP ID="P158_SP00365" HPOS="735" VPOS="1490" WIDTH="19"/>
						<String ID="P158_ST00408" HPOS="754" VPOS="1467" WIDTH="90" HEIGHT="23" CONTENT="among" WC="1.00" CC="00000"/>
						<SP ID="P158_SP00366" HPOS="844" VPOS="1490" WIDTH="17"/>
						<String ID="P158_ST00409" HPOS="861" VPOS="1459" WIDTH="89" HEIGHT="27" CONTENT="others," WC="0.63" CC="6360351"/>
					</TextLine>
					<TextLine ID="P158_TL00042" HPOS="108" VPOS="1489" WIDTH="842" HEIGHT="35">
						<String ID="P158_ST00410" HPOS="108" VPOS="1489" WIDTH="91" HEIGHT="32" CONTENT="Roger," WC="0.89" CC="020040"/>
						<SP ID="P158_SP00367" HPOS="199" VPOS="1521" WIDTH="14"/>
						<String ID="P158_ST00411" HPOS="213" VPOS="1491" WIDTH="85" HEIGHT="30" CONTENT="bishop" WC="0.78" CC="005700"/>
						<SP ID="P158_SP00368" HPOS="298" VPOS="1521" WIDTH="14"/>
						<String ID="P158_ST00412" HPOS="312" VPOS="1491" WIDTH="28" HEIGHT="22" CONTENT="of" WC="1.00" CC="00"/>
						<SP ID="P158_SP00369" HPOS="340" VPOS="1521" WIDTH="11"/>
						<String ID="P158_ST00413" HPOS="351" VPOS="1491" WIDTH="133" HEIGHT="32" CONTENT="Salisbury," WC="0.78" CC="4930210000"/>
						<SP ID="P158_SP00370" HPOS="484" VPOS="1523" WIDTH="13"/>
						<String ID="P158_ST00414" HPOS="497" VPOS="1492" WIDTH="41" HEIGHT="23" CONTENT="the" WC="0.85" CC="300"/>
						<SP ID="P158_SP00371" HPOS="538" VPOS="1523" WIDTH="14"/>
						<String ID="P158_ST00415" HPOS="552" VPOS="1492" WIDTH="78" HEIGHT="31" CONTENT="king's" WC="0.67" CC="032039"/>
						<SP ID="P158_SP00372" HPOS="630" VPOS="1523" WIDTH="17"/>
						<String ID="P158_ST00416" HPOS="647" VPOS="1493" WIDTH="77" HEIGHT="31" CONTENT="prime" WC="0.98" CC="00000"/>
						<SP ID="P158_SP00373" HPOS="724" VPOS="1524" WIDTH="19"/>
						<String ID="P158_ST00417" HPOS="743" VPOS="1493" WIDTH="117" HEIGHT="28" CONTENT="minister," WC="0.84" CC="000060043"/>
						<SP ID="P158_SP00374" HPOS="860" VPOS="1524" WIDTH="14"/>
						<String ID="P158_ST00418" HPOS="874" VPOS="1501" WIDTH="76" HEIGHT="20" CONTENT="came," WC="0.96" CC="00002"/>
					</TextLine>
					<TextLine ID="P158_TL00043" HPOS="106" VPOS="1524" WIDTH="844" HEIGHT="30">
						<String ID="P158_ST00419" HPOS="106" VPOS="1524" WIDTH="47" HEIGHT="22" CONTENT="and" WC="0.76" CC="150"/>
						<SP ID="P158_SP00375" HPOS="153" VPOS="1546" WIDTH="13"/>
						<String ID="P158_ST00420" HPOS="166" VPOS="1531" WIDTH="61" HEIGHT="23" CONTENT="gave" WC="0.99" CC="0000"/>
						<SP ID="P158_SP00376" HPOS="227" VPOS="1554" WIDTH="13"/>
						<String ID="P158_ST00421" HPOS="240" VPOS="1524" WIDTH="58" HEIGHT="23" CONTENT="such" WC="0.69" CC="4007"/>
						<SP ID="P158_SP00377" HPOS="298" VPOS="1554" WIDTH="15"/>
						<String ID="P158_ST00422" HPOS="313" VPOS="1532" WIDTH="11" HEIGHT="14" CONTENT="a" WC="0.35" CC="6"/>
						<SP ID="P158_SP00378" HPOS="324" VPOS="1554" WIDTH="14"/>
						<String ID="P158_ST00423" HPOS="338" VPOS="1524" WIDTH="106" HEIGHT="30" CONTENT="glowing" WC="0.69" CC="9650000"/>
						<SP ID="P158_SP00379" HPOS="444" VPOS="1554" WIDTH="14"/>
						<String ID="P158_ST00424" HPOS="458" VPOS="1525" WIDTH="145" HEIGHT="29" CONTENT="description" WC="0.88" CC="00500000106"/>
						<SP ID="P158_SP00380" HPOS="603" VPOS="1554" WIDTH="15"/>
						<String ID="P158_ST00425" HPOS="618" VPOS="1534" WIDTH="30" HEIGHT="14" CONTENT="on" WC="1.00" CC="00"/>
						<SP ID="P158_SP00381" HPOS="648" VPOS="1554" WIDTH="15"/>
						<String ID="P158_ST00426" HPOS="663" VPOS="1526" WIDTH="36" HEIGHT="23" CONTENT="his" WC="0.55" CC="706"/>
						<SP ID="P158_SP00382" HPOS="699" VPOS="1554" WIDTH="17"/>
						<String ID="P158_ST00427" HPOS="716" VPOS="1529" WIDTH="91" HEIGHT="25" CONTENT="return," WC="0.67" CC="0435630"/>
						<SP ID="P158_SP00383" HPOS="807" VPOS="1554" WIDTH="14"/>
						<String ID="P158_ST00428" HPOS="821" VPOS="1535" WIDTH="25" HEIGHT="15" CONTENT="as" WC="1.00" CC="00"/>
						<SP ID="P158_SP00384" HPOS="846" VPOS="1554" WIDTH="20"/>
						<String ID="P158_ST00429" HPOS="866" VPOS="1530" WIDTH="24" HEIGHT="20" CONTENT="to" WC="0.77" CC="04"/>
						<SP ID="P158_SP00385" HPOS="890" VPOS="1554" WIDTH="20"/>
						<String ID="P158_ST00430" HPOS="910" VPOS="1535" WIDTH="40" HEIGHT="15" CONTENT="en-" WC="0.87" CC="030"/>
					</TextLine>
				</TextBlock>
			</PrintSpace>
		</Page>
	</Layout>
</alto>
