1023 1619
894 115 31 23 87

351 119 56 16 THE
421 119 79 16 KINGS
515 120 32 15 OF
561 120 96 16 WALES.

81 178 66 30 king.
185 176 40 24 He
239 185 47 15 was
300 178 123 30 generally
442 178 191 30 acknowledged
646 178 52 22 lord
712 183 153 25 paramount,
879 179 49 23 and

80 216 47 19 two
142 211 106 22 fortified
262 211 80 31 places
352 211 28 22 of
390 214 69 28 great
468 212 112 30 strength
591 219 30 14 on
631 212 40 22 the
685 211 108 29 frontier,
805 212 122 32 Diganwy

81 245 48 24 and
143 245 141 27 Rhuddlan,
299 245 52 22 that
363 245 47 22 had
428 245 60 22 been
501 245 141 31 garrisoned
661 246 32 31 by
706 246 41 23 the
762 246 109 31 English,
885 246 42 24 fell

81 280 51 22 into
146 279 35 22 his
196 279 83 23 hands.
316 278 53 23 The
387 279 178 23 conscientious
578 279 115 31 scruples,
707 279 20 23 if
741 280 57 31 they
812 281 46 22 had
871 288 55 23 any,

81 313 28 23 of
125 313 40 23 the
186 314 94 29 princes
294 312 27 23 of
337 313 77 23 South
428 313 89 27 Wales,
532 312 46 23 had
598 313 61 23 been
677 316 37 20 set
728 317 25 19 at
769 319 47 18 rest
834 315 33 29 by
887 315 39 22 the

82 347 87 30 Pope's
182 347 136 23 absolution
328 356 5 17 ;
351 347 45 22 but
409 346 68 31 King
482 346 64 24 John
556 347 91 30 having
656 348 69 22 made
736 348 35 22 his
782 348 146 23 submission

81 385 26 19 to
121 382 40 22 the
177 381 66 30 Holy
259 380 53 27 See,
325 381 42 22 the
379 381 110 29 spiritual
506 381 108 30 artillery
627 381 51 22 that
693 381 45 23 had
752 382 61 22 been
826 382 102 30 pointed

82 415 96 31 against
196 415 40 22 the
255 415 156 22 stiff-necked
431 415 116 22 monarch
567 422 47 15 was
633 422 53 15 now
699 419 25 18 at
739 415 41 22 the
799 416 91 22 service
904 415 28 23 of

82 449 40 23 the
136 448 70 24 meek
216 448 47 23 and
272 448 115 23 obedient
400 448 76 23 vassal
487 457 5 18 ;
511 448 46 22 and
571 448 157 31 accordingly
738 448 127 31 Llywelyn
880 449 47 23 and

83 482 31 23 all
129 483 35 22 his
173 482 129 23 adherents
315 490 62 15 were
387 482 58 32 duly
458 482 47 22 and
519 481 110 32 formally
643 483 233 26 excommunicated,
891 482 38 23 for

84 516 40 23 the
137 517 101 22 heinous
251 516 149 23 wickedness
407 530 31 3 —
445 516 77 23 which
534 516 40 23 the
587 516 65 31 Pope
666 516 46 22 had
726 516 122 31 expressly
862 524 65 15 com-

84 551 104 22 manded
194 564 31 4 —
231 550 28 23 of
270 550 98 31 making
381 558 49 15 war
442 558 31 15 on
487 550 63 23 their
559 550 62 31 liege
634 550 60 23 lord.
721 549 61 24 Now
792 549 135 32 Llywelyn,

83 585 73 29 being
173 592 14 15 a
204 584 85 30 simple
313 584 105 30 layman,
439 584 71 23 could
532 587 42 20 not
596 585 29 22 be
644 584 119 30 expected
781 586 24 20 to
825 585 29 22 be
874 584 55 23 able

84 621 25 20 to
123 618 78 23 follow
213 626 57 22 very
281 618 89 31 closely
381 619 41 22 the
433 619 110 29 turnings
556 618 47 23 and
617 618 119 30 windings
746 617 27 23 of
782 618 35 22 his
831 618 97 30 ghostly

84 651 80 24 father
175 662 5 17 ;
202 660 25 15 so
241 652 11 23 I
265 660 37 15 am
317 656 43 19 not
372 652 122 30 surprised
512 656 24 19 to
550 652 50 23 find
614 652 52 23 that
679 652 30 22 he
721 652 93 30 quietly
827 652 101 30 ignored

83 686 42 22 the
144 685 86 32 Pope's
246 686 246 27 excommunication,
511 686 47 22 and
576 686 137 30 proceeded
732 686 56 22 with
807 686 36 22 his
860 688 70 28 great

84 720 107 22 national
204 720 132 30 enterprise
345 719 52 31 just
409 727 25 15 as
444 719 21 22 if
475 719 103 31 nothing
589 719 46 23 had
645 719 118 23 occurred
777 723 24 18 to
810 720 120 29 interrupt

85 754 27 22 it.
149 753 29 23 In
202 754 64 22 1215
287 753 30 23 he
335 753 60 23 took
413 753 41 22 the
473 757 63 18 town
556 753 47 22 and
622 753 74 22 castle
716 752 27 23 of
761 752 168 32 Shrewsbury,

85 787 123 30 anciently
230 787 142 31 Pengwern,
391 787 42 22 the
455 786 88 31 capital
563 787 26 22 of
605 787 41 22 the
664 787 116 30 province
798 786 26 22 of
840 786 90 28 Powis,

86 821 49 23 and
147 829 27 14 so
188 821 82 22 within
285 817 36 26 his
334 820 99 31 rightful
445 828 152 23 supremacy.
634 820 86 22 About
732 820 40 23 the
786 828 65 14 same
863 821 67 26 time,

88 862 26 15 as
126 862 15 15 a
153 854 82 23 stroke
248 854 28 22 of
292 854 90 30 policy,
396 854 29 22 he
444 862 61 22 gave
527 854 36 22 his
583 853 120 31 daughter
724 854 23 21 in
768 854 119 30 marriage
905 857 25 19 to

88 887 123 31 Reginald
231 888 30 22 de
280 887 88 27 Bruce,
382 895 30 15 an
430 887 102 30 English
550 887 74 23 baron
643 886 27 23 of
687 890 68 27 great
773 887 120 23 influence
906 888 25 22 in

89 921 78 24 South
183 921 90 23 Wales.
309 921 70 23 Then
393 921 90 30 having
495 921 105 23 reduced
614 921 41 22 the
668 921 86 23 castles
767 922 23 21 in
804 921 126 23 Caermar-

88 955 125 23 thenshire
226 956 48 22 and
288 955 194 30 Cardiganshire,
493 955 30 22 he
537 955 114 22 returned
664 954 79 23 home.
768 954 163 31 Throughout

89 989 40 22 the
152 989 77 22 whole
248 989 29 22 of
295 989 40 22 the
356 989 139 30 expedition
514 989 29 22 he
563 989 47 22 had
628 989 62 22 been
707 989 173 29 accompanied
899 989 32 30 by

87 1023 42 22 the
150 1023 119 30 tributary
289 1023 96 30 princes
406 1022 47 22 and
473 1022 63 22 their
556 1022 124 22 retainers.
717 1022 68 22 Thus
803 1022 127 31 Llywelyn

88 1064 54 15 won
162 1057 46 22 and
230 1064 63 15 wore
312 1056 39 23 the
368 1056 51 22 title
437 1056 52 22 that
502 1056 47 22 had
567 1056 61 22 been
642 1056 41 22 the
696 1056 141 31 day-dream
852 1056 27 22 of
895 1056 36 22 his

87 1090 126 27 ambition,
234 1091 45 22 but
297 1090 48 23 had
362 1090 105 22 hitherto
482 1090 60 22 been
556 1089 55 32 only
626 1090 112 26 nominal,
742 1105 34 2 —
777 1089 66 31 King
856 1089 27 23 of
893 1089 38 22 All

89 1124 90 23 Wales.
217 1124 74 31 Upon
315 1124 41 22 the
378 1124 71 23 death
470 1123 28 23 of
520 1122 68 32 King
607 1123 65 24 John
693 1123 48 23 and
761 1124 123 23 accession
906 1122 27 24 of

90 1157 87 31 Henry
188 1157 48 23 III.
252 1157 126 31 Llywelyn
392 1157 76 23 found
483 1157 95 23 himself
592 1157 107 31 opposed
712 1160 25 20 to
750 1166 29 14 an
793 1158 138 30 antagonist

90 1192 93 30 worthy
205 1191 29 23 of
251 1192 58 27 him,
331 1186 41 28 the
392 1194 70 28 great
487 1191 56 23 Earl
565 1190 28 23 of
615 1186 137 28 Pembroke
764 1200 5 17 ;
795 1192 47 21 this
862 1191 70 30 high-

89 1225 100 23 minded
201 1233 62 18 man,
277 1226 91 30 guided
382 1226 32 30 by
427 1226 40 22 the
480 1228 83 27 purest
580 1225 142 29 patriotism,
737 1225 46 22 had
803 1224 129 30 composed

90 1260 41 22 the
150 1259 142 23 differences
312 1260 107 22 between
439 1259 40 22 the
498 1258 108 23 revolted
625 1259 87 22 barons
726 1259 45 21 and
786 1259 62 21 their
865 1265 67 16 sove-

90 1293 76 30 reign,
189 1293 47 22 and
257 1293 121 30 proposed
397 1297 25 18 to
442 1292 97 23 include
561 1291 126 31 Llywelyn
708 1292 24 22 in
754 1292 40 22 the
814 1294 118 28 amnesty,

91 1326 118 32 provided
223 1326 51 22 that
287 1326 31 22 he
330 1326 109 22 restored
451 1326 32 22 all
495 1326 42 22 the
555 1326 81 29 places
654 1321 29 27 he
696 1325 47 22 had
762 1326 79 22 seized
854 1326 24 22 in
892 1321 40 27 the

90 1368 58 15 war.
184 1359 35 23 To
233 1360 40 22 the
286 1359 53 23 first
351 1367 123 15 summons
487 1363 25 18 to
525 1366 90 24 appear
627 1363 23 18 at
665 1358 130 29 Hereford,
806 1358 127 32 Llywelyn

90 1394 57 31 paid
158 1401 31 15 no
202 1394 94 30 regard.
333 1392 49 24 But
394 1402 25 14 as
432 1393 41 23 the
486 1397 100 26 capture
599 1392 27 23 of
642 1392 117 23 Caerleon
773 1392 33 30 by
821 1393 39 22 the
876 1392 56 23 Earl

91 1428 28 24 of
130 1427 139 24 Pembroke
287 1427 96 22 seemed
396 1431 25 18 to
434 1426 105 23 indicate
556 1434 31 14 an
603 1425 174 23 unfavourable
790 1430 55 18 turn
859 1427 24 21 in
897 1426 36 23 his

92 1462 117 26 fortunes,
224 1462 22 21 in
268 1461 63 22 1218
347 1460 30 23 he
390 1460 119 30 complied
529 1460 58 22 with
606 1459 41 23 the
666 1460 88 22 second
774 1468 122 15 summons
909 1464 24 20 to

90 1504 92 24 appear
195 1495 83 24 before
291 1495 41 23 the
346 1502 83 23 young
443 1494 57 29 king
513 1497 25 19 at
551 1492 152 29 Gloucester,
716 1494 48 22 and
778 1494 105 30 perform
897 1494 35 23 his

91 1531 104 30 homage
208 1530 23 22 in
244 1530 41 22 the
302 1536 115 23 presence
430 1527 28 23 of
470 1528 41 23 the
528 1527 96 24 council
636 1527 47 23 and
696 1528 40 23 the
749 1527 86 32 Pope's
848 1529 85 30 legate.
