1023 1619
362 115 54 16 THE
430 116 90 16 WELSH
535 116 116 16 CHURCH.

896 110 31 22 95

89 172 107 23 Romans
217 172 42 23 the
279 172 141 24 meanwhile
443 173 49 22 had
517 173 165 23 consolidated
707 174 63 23 their
789 177 139 28 conquests,

87 206 144 23 introduced
244 207 63 22 their
320 207 130 30 municipal
464 210 166 27 government,
645 208 155 26 civilization,
811 209 46 21 and
870 211 58 20 arts.

87 239 53 24 The
154 244 128 19 treatment
293 241 78 23 which
382 249 35 15 we
431 241 70 23 know
513 241 134 24 Christians
658 245 24 19 to
696 242 61 23 have
769 242 159 29 experienced

86 274 24 22 in
124 275 70 22 other
206 278 66 26 parts
285 274 27 23 of
321 275 40 23 the
375 276 97 28 empire,
487 282 35 15 we
536 282 54 24 may
604 275 70 31 fairly
688 275 118 24 conclude
819 276 66 22 them
903 279 25 20 to

85 307 63 24 have
161 309 160 28 experienced
332 309 23 22 in
365 309 89 22 Wales.
486 309 148 31 Personally,
645 310 57 29 they
713 316 61 16 were
787 317 58 22 very
856 310 72 22 much

85 341 67 23 liked
163 341 36 23 for
209 342 62 23 their
283 342 103 23 amiable
397 343 45 22 and
454 343 137 30 exemplary
602 343 105 22 conduct
718 353 5 17 ;
735 343 132 30 politically
880 343 47 22 and

87 375 180 31 theologically,
281 376 58 31 they
354 384 62 14 were
434 376 144 30 persecuted
591 380 24 18 to
628 376 41 22 the
683 376 80 23 death.
799 376 52 23 The
870 380 58 18 next

87 409 85 22 visible
194 409 51 22 link
266 410 25 21 in
312 417 46 15 our
379 410 91 30 history
492 410 19 21 is
531 410 39 22 the
590 410 207 30 correspondence
819 410 108 22 between

87 442 68 31 King
177 442 92 23 Lucius
287 443 47 23 and
355 443 65 31 Pope
441 442 162 28 Eleutherius,
620 443 28 23 of
666 443 79 23 which
764 444 41 22 the
829 443 55 23 date
908 443 20 23 is

86 476 124 31 variously
223 477 110 30 assigned
354 476 59 23 from
435 477 47 22 173
501 481 24 18 to
547 477 55 22 189.
640 477 59 22 This
713 477 121 26 monarch,
849 477 78 22 whom

85 517 67 15 some
166 510 48 22 will
233 510 60 23 have
308 514 24 19 to
352 511 60 22 have
425 511 61 22 been
500 518 14 14 a
527 511 65 31 myth
613 510 103 23 hatched
729 511 23 21 in
767 510 40 22 the
821 511 67 22 brain
902 510 26 22 of

86 550 14 15 a
118 543 126 31 dreaming
263 544 133 27 anchorite,
410 544 43 22 but
473 544 77 22 whom
571 544 10 22 I
602 544 55 23 hold
676 547 25 19 to
719 544 60 22 have
799 544 59 22 been
878 544 48 22 real

85 576 59 23 flesh
164 578 47 22 and
231 577 81 28 blood,
326 577 89 31 figures
434 578 23 21 in
475 578 41 21 the
536 577 87 22 Triads
641 586 25 14 as
682 578 41 22 the
741 577 89 23 second
849 576 26 23 of
885 577 41 22 the

84 611 140 30 sovereigns
244 612 54 21 who
320 611 127 23 conferred
470 611 123 30 blessings.
630 610 53 23 The
704 611 52 22 first
777 618 47 15 was
846 610 63 23 Bran
920 620 6 15 ;

111 644 41 23 the
171 645 97 26 second,
288 644 112 30 Lleirvvg,
415 645 40 22 the
470 652 44 14 son
533 643 28 24 of
572 644 67 27 Coel,
654 644 53 23 who
719 652 48 15 was
779 644 41 22 the
839 652 41 14 son
901 644 27 23 of

84 677 93 30 Cyllin,
190 678 130 23 surnamed
334 678 106 23 Lleuver
457 677 86 27 Mawr,
558 678 54 22 who
629 678 69 23 made
712 678 39 22 the
768 678 53 22 first
834 678 90 23 church

83 716 25 18 at
133 711 120 27 Llandaff,
278 712 48 22 and
350 712 54 22 that
427 719 48 15 was
499 711 41 23 the
564 711 53 23 first
641 712 23 22 in
689 712 41 22 the
755 711 47 23 Isle
825 711 27 23 of
872 711 52 23 Bri-

83 745 58 27 tain,
155 746 49 22 and
219 746 53 22 who
288 746 122 22 bestowed
425 746 39 22 the
478 745 117 30 privilege
608 745 28 22 of
646 748 110 27 country,
770 745 47 22 and
833 746 91 25 nation,

83 779 48 22 and
146 779 138 30 judgment,
299 779 46 22 and
359 779 101 29 validity
474 778 28 23 of
511 779 64 27 oath,
596 786 64 22 upon
678 779 69 22 those
765 779 54 22 who
838 779 86 22 should

84 812 31 22 be
129 812 76 22 ofthe
220 812 59 22 faith
299 812 28 22 of
485 812 112 22 Another
611 812 81 27 Triad,
712 812 117 30 speaking
847 811 78 23 ofthe

83 845 70 22 three
170 845 195 30 archbishoprics
383 845 76 22 ofthe
473 845 47 22 Isle
532 845 28 22 of
571 845 102 28 Britain,
685 849 81 22 states,
873 845 52 22 first

84 886 48 15 was
145 878 121 28 Llandaff,
279 878 28 23 of
318 879 39 22 the
370 879 46 30 gift
429 879 27 22 of
465 878 113 31 Lleirwg,
592 879 40 22 the
646 886 42 15 son
702 878 26 23 of
738 878 67 27 Coel,
823 878 39 23 the
880 886 43 15 son

84 912 28 22 of
122 912 88 31 Cyllin,
225 913 54 22 who
293 912 51 22 first
356 920 61 23 gave
431 912 68 23 lands
512 912 46 22 and
572 912 56 23 civil
641 912 129 30 privileges
784 915 23 19 to
826 912 59 22 such
898 920 26 14 as

83 945 53 23 first
150 946 128 23 embraced
293 946 39 22 the
345 945 59 23 faitii
425 946 23 22 in
611 941 52 27 The
678 946 152 30 explanation
845 946 78 22 which

84 979 50 22 Mr.
149 979 120 23 Williams
288 980 66 30 gives
368 979 26 23 of
404 980 40 22 the
463 979 70 22 latter
550 982 52 28 part
616 979 27 22 of
653 979 40 23 the
707 979 85 22 Triads
804 987 77 14 seeins
899 983 24 19 to

83 1013 75 31 imply
172 1013 50 23 that
237 1013 109 23 Bardism
360 1014 48 22 and
422 1012 159 31 Christianity
596 1013 46 22 had
656 1013 79 28 begun
749 1016 25 19 to
784 1012 72 26 clash,
871 1013 54 22 that

83 1046 67 23 there
172 1055 48 14 was
243 1055 67 14 some
326 1047 113 30 jealousy
460 1046 126 31 displayed
610 1046 103 23 towards
737 1047 41 22 the
801 1046 121 23 Christian

82 1081 128 26 ministers,
223 1081 48 22 and
283 1080 53 23 that
349 1081 64 22 what
426 1079 98 27 Lucius,
536 1080 56 23 with
603 1080 40 22 the
654 1083 99 20 consent
763 1079 50 24 ofa
825 1080 98 30 general

83 1115 145 22 convention
248 1115 49 26 did,
312 1122 47 15 was
372 1117 25 20 to
416 1114 103 23 confirm
538 1114 40 22 the
597 1114 66 30 right
680 1113 28 24 of
718 1114 40 22 the
771 1114 107 22 teachers
897 1113 29 23 of

83 1148 40 23 the
137 1148 93 29 Gospel
249 1152 24 19 to
292 1148 70 30 equal
382 1148 146 23 immunities
545 1147 57 23 with
622 1147 68 24 those
709 1147 103 31 enjoyed
830 1148 32 29 by
882 1147 41 23 the

81 1182 97 22 ancient
199 1182 98 27 Druids,
319 1182 78 22 which
418 1189 61 15 were
524 1181 47 23 five
592 1188 67 16 acres
679 1181 28 23 of
723 1181 56 23 land
796 1181 49 23 free
856 1190 5 17 ;
880 1188 42 15 ex-

81 1215 107 31 emption
201 1215 62 22 from
277 1215 110 31 personal
399 1215 144 22 attendance
555 1215 23 22 in
592 1222 49 15 war
652 1224 5 17 ;
674 1215 141 29 permission
829 1218 25 19 to
868 1221 54 22 pass

81 1248 152 23 unmolested
252 1248 61 23 from
332 1257 46 14 one
398 1249 93 22 district
510 1252 24 19 to
553 1248 102 23 another
673 1248 23 22 in
716 1248 57 22 time
790 1248 28 22 of
827 1255 55 19 war,
896 1255 26 15 as

80 1282 53 23 well
147 1291 25 14 as
186 1290 88 23 peace;
293 1286 100 27 support
403 1282 47 23 and
464 1282 166 22 maintenance
642 1282 121 22 wherever
775 1281 59 30 they
847 1285 74 24 went;

80 1317 139 30 exemption
240 1315 61 24 from
324 1316 125 27 land-tax;
474 1315 46 23 and
542 1323 15 15 a
578 1316 164 22 contribution
764 1315 61 22 from
847 1323 74 22 every

79 1350 93 31 plough
193 1351 22 21 in
238 1350 40 22 the
299 1350 94 23 district
413 1351 22 21 in
459 1349 78 23 which
560 1349 57 31 they
639 1357 62 14 were
722 1349 41 22 the
782 1348 138 23 authorised

269 1383 36 31 By
465 1383 28 23 of
609 1383 41 22 the
671 1383 154 22 substitution
847 1382 28 22 of
890 1390 29 14 an

78 1419 59 22 oath
150 1425 30 16 on
194 1418 41 23 the
249 1417 133 30 decalogue
395 1416 37 24 for
446 1417 40 23 the
499 1417 39 22 old
553 1416 78 23 Druid
642 1417 56 22 oath
710 1416 19 22 is
742 1417 105 30 meant.-)-
874 1416 46 23 We

118 1471 14 14 *
146 1470 122 21 Williams's
279 1469 83 27 Cymry,
373 1477 21 19 p.
407 1469 73 21 66-71.

118 1500 15 21 f
148 1499 44 19 The
201 1498 33 19 old
246 1497 102 20 Christian
359 1497 51 19 form
421 1497 23 20 of
451 1497 47 20 oath
509 1497 20 19 in
537 1497 67 19 Wales
614 1503 40 12 was
664 1503 27 13 on
701 1497 34 18 the
745 1497 42 18 Ten
796 1497 120 19 Command-

77 1529 74 21 ments,
163 1526 35 19 the
209 1525 76 25 Gospel
296 1525 23 19 of
327 1524 30 20 St.
368 1524 63 24 John,
443 1525 39 19 and
493 1524 34 19 the
538 1524 83 19 Blessed
632 1524 67 19 Cross.
