1023 1619
891 90 46 23 135

345 98 133 16 MONASTIC
493 98 195 16 INSTITUTIONS.

97 159 24 21 to
134 156 40 23 the
184 164 51 22 eye,
246 155 79 24 which
336 157 107 22 receives
453 157 153 29 impressions
616 164 67 16 more
692 157 90 31 vividly
793 158 46 22 and
850 157 87 23 retains

97 190 64 23 them
184 190 92 30 longer,
296 190 41 23 the
359 190 94 22 natural
474 190 106 31 equality
602 190 29 23 of
645 198 64 15 man.
746 191 53 23 The
817 194 121 27 spectator

97 224 100 22 beholds
216 231 53 15 men
289 223 47 23 and
356 231 92 15 women
467 224 54 22 who
540 224 48 22 had
606 224 143 32 everything
768 229 24 18 al
810 224 128 23 command

97 257 78 23 which
195 257 39 23 the
252 257 76 23 world
346 257 71 23 could
436 257 63 30 give,
519 257 47 23 and
585 257 70 23 knew
673 261 42 19 not
735 258 64 23 what
817 258 19 22 it
853 266 47 14 was
914 261 23 19 to

97 291 61 22 have
183 299 14 14 a
220 291 58 22 wish
302 290 147 31 ungratified
463 300 5 17 ;
493 291 71 30 kings
588 291 48 22 and
661 299 98 23 queens,
784 291 83 23 nobles
890 291 48 23 and

99 325 114 26 warriors,
229 324 103 31 prelates
353 324 47 23 and
420 327 138 24 statesmen,
582 324 124 32 forsaking
729 325 39 23 the
786 333 86 23 pomps
890 324 47 23 and

97 359 102 22 vanities
212 357 78 24 ofthe
303 357 81 27 world,
399 357 84 31 taking
496 366 65 22 upon
576 358 64 22 them
655 358 40 22 the
709 357 61 24 form
784 358 28 23 of
821 363 115 23 servants,

97 392 46 23 and
159 392 129 31 becoming
306 391 114 24 obedient
440 399 59 15 even
522 395 58 19 unto
600 392 73 22 death
693 391 38 23 for
753 392 100 23 Christ's
873 392 64 23 sake.

98 425 52 24 The
163 426 110 30 growing
285 429 60 19 taste
365 424 37 24 for
420 425 154 31 archæology
593 425 42 23 has
653 425 40 23 led
708 429 24 19 to
751 426 41 22 the
809 426 127 23 collection

98 459 28 24 of
144 467 70 23 many
231 459 142 30 interesting
395 459 84 23 details
500 459 103 30 relating
623 462 26 20 to
671 459 40 23 the
735 460 97 23 ancient
853 459 83 24 Welsh

97 493 160 23 monasteries.
294 493 12 23 I
319 493 47 22 will
378 494 138 22 endeavour
528 496 26 20 to
566 492 50 23 find
629 500 67 16 room
710 492 35 23 for
757 500 14 17 a
783 492 65 24 brief
856 494 80 22 notice

98 526 27 23 of
135 527 67 22 three
214 534 27 15 or
254 527 59 22 four.

150 561 85 22 About
246 561 35 22 six
296 561 86 22 miles*
395 560 62 23 from
477 561 40 22 the
534 560 76 30 rocky
623 560 47 23 and
683 560 137 31 dangerous
832 563 67 20 coast
912 559 28 24 of

99 594 226 28 Caernarvonshire,
343 594 58 23 rises
420 602 29 14 an
470 594 75 23 island
565 594 121 31 anciently
699 594 77 22 called
789 593 147 28 Ynis-Enlli,

98 628 40 23 the
152 628 45 23 Isle
214 628 27 23 of
256 628 40 23 the
312 628 112 27 Current,
439 627 61 23 from
520 627 41 23 the
579 628 68 31 rapid
668 631 88 19 stream
777 627 52 23 that
848 631 47 19 sets
912 627 24 23 in

98 662 107 23 between
218 663 26 26 it,
258 662 46 23 and
318 662 40 23 the
372 661 62 31 lofty
444 666 156 27 promontory
615 662 51 23 that
681 661 51 32 juts
747 665 43 20 out
802 661 103 23 towards
918 661 18 23 it

97 695 60 24 from
176 696 41 23 the
239 696 128 23 mainland.
412 695 27 23 In
461 696 41 22 the
524 695 99 24 calmest
643 695 105 23 weather
771 695 41 23 the
834 703 102 24 voyage,

98 730 66 22 short
183 738 24 14 as
226 730 19 23 it
262 731 27 26 is,
308 730 20 23 is
345 729 36 23 far
399 729 59 23 from
478 729 113 31 pleasant,
605 729 49 23 and
669 730 24 22 in
707 729 47 23 bad
768 729 106 23 weather
886 730 19 22 it
917 729 19 23 is

98 771 57 23 very
169 764 135 30 dangerous
317 764 46 22 and
377 763 66 23 often
462 763 188 30 impracticable.
688 762 65 24 Such
766 771 13 15 a
793 766 54 27 spot
859 763 78 23 would

99 797 30 23 be
141 797 40 23 the
195 805 57 23 very
265 797 46 23 last
325 804 31 17 on
369 796 79 24 which
461 804 15 15 a
489 797 98 23 modern
605 796 102 23 colonist
719 797 79 22 would
811 797 41 26 fix,
862 797 45 22 but
920 797 18 22 it

98 831 126 31 possessed
243 831 41 23 the
306 831 95 30 highest
425 830 233 23 recommendations
678 833 25 20 to
724 830 40 23 the
785 830 105 24 recluses
914 829 27 24 of

100 865 96 22 ancient
216 865 67 30 days.
321 864 173 31 Accordingly,
513 864 47 23 this
580 864 77 23 island
674 864 19 23 is
710 864 108 23 believed
836 867 24 20 to
877 865 60 22 have

99 898 61 23 been
178 898 124 23 inhabited
318 898 60 22 from
397 906 15 14 a
429 905 59 24 very
506 902 91 18 remote
616 898 83 30 period
717 898 33 31 by
766 898 40 22 the
826 898 111 28 Culdees,

100 932 41 23 the
153 936 142 27 prototypes
308 931 28 23 of
346 931 91 23 British
447 931 106 22 hermits.
589 931 53 23 The
656 931 85 28 Bards,
754 931 51 23 first
815 935 24 19 to
852 939 86 23 escape

99 966 42 22 the
158 966 150 30 oppressions
335 965 28 23 of
384 965 41 23 the
446 964 115 28 Romans,
586 964 46 24 and
655 964 140 24 afterwards
821 964 29 24 of
870 965 69 23 other

99 1000 119 27 invaders,
239 999 46 23 fled
305 999 90 23 thither
405 1008 5 18 ;
428 999 77 23 hence
525 999 41 23 the
586 999 75 22 island
681 999 109 23 received
809 999 40 23 the
869 1007 69 15 name

100 1034 79 22 which
197 1034 18 22 it
230 1033 47 23 still
290 1041 124 23 preserves
419 1047 33 4 —
457 1032 116 32 Bardsey.
609 1033 36 22 At
656 1032 42 23 the
712 1033 133 31 beginning
862 1032 76 24 ofthe

100 1068 63 22 sixth
173 1072 109 25 century,
294 1075 13 15 a
318 1066 45 24 few
373 1075 69 23 years
452 1065 82 25 before
548 1066 40 23 the
604 1065 83 32 Synod
700 1066 28 23 of
738 1062 79 31 Brevi,
830 1062 107 32 Cadvan,

100 1102 173 30 accompanied
286 1101 32 31 by
331 1108 14 16 a
357 1101 104 23 number
478 1099 28 24 of
522 1100 113 31 religious
648 1108 106 22 persons,
768 1101 133 30 emigrated
913 1103 25 21 to

102 1135 80 23 Wales
192 1135 60 23 from
267 1135 136 27 Armorica,
417 1134 119 23 attracted
550 1135 31 30 by
594 1134 41 23 the
652 1134 104 23 solitude
769 1134 47 23 and
832 1135 106 30 serenity

101 1168 28 23 of
140 1168 116 31 Bardsey,
269 1169 108 30 guarded
390 1169 32 30 by
435 1168 41 23 the
489 1168 55 23 wild
557 1175 79 16 waves
653 1168 28 23 of
689 1168 41 23 the
744 1168 117 23 Atlantic.
898 1167 40 24 He

100 1202 70 23 made
187 1202 53 23 that
256 1202 76 23 island
349 1202 35 22 his
401 1202 79 27 home,
494 1202 48 22 and
555 1202 67 22 there
636 1201 108 23 founded
760 1209 15 15 a
793 1203 145 28 monastery.

100 1235 52 24 The
172 1236 90 23 second
282 1236 83 28 abbot,
386 1235 22 23 if
429 1235 100 24 Cadvan
554 1235 31 22 be
605 1235 121 22 reckoned
747 1235 40 22 the
808 1234 60 28 first,
892 1241 48 16 was

101 1269 121 24 Lleudath
235 1278 27 15 or
274 1269 135 24 Laudatus.
446 1268 41 23 He
500 1269 19 22 is
533 1269 50 22 said
597 1271 24 20 to
635 1268 61 22 have
710 1267 97 23 refused
820 1270 24 20 to
857 1268 83 22 attend

101 1303 40 23 the
156 1303 84 31 Synod
250 1303 27 24 of
288 1303 72 23 Brevi
369 1311 6 18 ;
393 1302 107 23 whether
512 1301 61 23 from
583 1309 45 24 age
638 1301 46 22 and
693 1301 142 27 infirmities,
849 1308 27 15 or
889 1301 52 22 that

101 1337 29 24 he
141 1345 47 15 was
202 1340 42 20 not
257 1345 13 15 a
282 1337 64 30 good
355 1336 79 27 sailor,
443 1344 27 14 or
479 1336 54 22 that
542 1335 30 23 he
581 1334 71 23 loved
665 1342 73 22 peace
751 1334 47 22 and
811 1334 129 30 quietness,

101 1378 27 16 or
137 1371 53 23 that
202 1371 30 23 he
246 1370 105 24 inclined
364 1373 25 20 to
403 1369 169 31 Pelagianism,
575 1382 33 3 —
609 1368 121 22 whatever
739 1375 54 24 may
806 1367 61 23 have
880 1367 61 23 been

101 1405 41 23 the
161 1412 85 16 reason
265 1403 28 24 of
308 1404 37 22 his
364 1403 110 27 absence,
487 1410 35 15 we
536 1410 55 21 may
604 1401 29 23 be
647 1409 54 15 sure
717 1401 52 23 that
787 1401 29 23 he
829 1408 47 16 was
890 1401 51 23 well

356 1476 12 13 *
384 1476 61 20 Arch.
456 1475 73 20 Camb.
540 1474 40 20 vol.
591 1474 21 20 ii.
624 1480 20 19 p.
656 1474 32 20 53.
