1023 1619
71 118 32 24 88

342 128 53 15 THE
409 128 79 15 KINGS
503 128 32 15 OF
548 128 96 15 WALES.

72 184 38 30 By
134 184 122 23 whatever
280 189 88 27 cogent
391 192 139 26 arguments
554 186 113 29 induced,
669 201 35 3 —
710 185 111 30 wrought
846 192 65 22 upon

72 218 104 30 perhaps
193 219 31 30 by
243 219 39 22 the
295 219 95 32 ghostly
406 221 162 22 admonitions
581 220 28 23 of
622 220 41 23 the
677 219 85 31 Pope's
777 221 135 28 represent-

72 252 71 26 ative,
158 252 133 30 Llywelyn,
306 253 87 31 having
412 254 59 22 been
490 254 112 22 absolved
617 254 32 31 by
663 253 40 23 the
715 253 86 31 legate,
816 252 69 22 made
899 259 14 15 a

72 285 44 23 full
135 285 47 23 and
201 285 108 23 absolute
329 287 102 30 promise
446 291 24 19 to
484 291 90 19 restore
587 287 31 22 all
631 288 52 21 that
702 281 47 27 had
765 287 60 22 been
840 285 71 23 taken

72 319 61 22 from
155 319 40 22 the
215 319 78 31 king's
311 321 87 23 vassals
413 321 22 22 in
450 321 41 22 the
510 321 47 22 late
575 328 55 18 war,
646 320 46 22 and
711 324 64 18 went
793 327 26 14 so
835 319 37 22 far
888 327 25 14 as

73 356 25 19 to
117 360 42 23 say
178 353 53 22 that
245 353 31 22 all
293 353 40 23 the
353 354 103 30 nobility
471 355 22 21 in
507 354 83 22 Wales
611 354 87 22 should
718 353 30 22 do
768 353 103 30 homage
889 356 25 19 to

73 385 87 32 Henry
173 394 25 14 as
213 390 24 19 to
255 387 64 22 their
334 387 62 31 liege
414 387 61 26 lord,
489 388 47 22 and
553 387 53 23 that
622 387 122 22 whatever
761 386 98 31 injuries
875 385 40 23 the

73 419 59 32 king
151 421 78 30 might
249 421 101 26 receive,
364 422 30 22 he
414 421 79 23 would
514 429 92 22 avenge
625 421 66 22 them
713 429 26 14 as
758 419 21 23 if
796 420 56 31 they
869 419 46 23 had

73 454 60 21 been
148 454 62 21 done
224 457 24 18 to
261 455 103 20 himself.

125 488 46 23 We
190 489 61 22 have
266 489 84 29 passed
367 489 42 23 the
427 488 159 31 culminating
599 488 68 30 point
680 488 23 22 in
718 487 39 23 the
771 486 108 24 fortunes
893 486 27 24 of

73 521 136 31 Llywelyn.
245 522 163 31 Throughout
420 523 41 22 the
472 523 136 22 remainder
618 522 28 23 of
653 522 37 22 his
702 521 42 23 life
758 521 29 23 he
801 521 113 31 pursued,

73 556 59 22 with
152 556 96 22 various
268 563 106 21 success,
397 556 40 22 the
458 556 117 31 phantom
596 555 28 24 of
641 563 111 22 supreme
772 563 89 23 power,
876 555 40 23 the

73 589 128 22 substance
215 589 28 22 of
252 590 78 22 which
344 590 30 22 he
387 590 45 22 had
447 590 60 22 been
521 589 128 32 permitted
663 597 60 14 once
737 594 25 17 to
774 597 79 22 grasp,
868 589 47 22 and

74 622 47 22 had
132 626 39 19 too
182 623 64 31 early
260 623 33 23 let
305 632 43 22 go:
369 623 47 23 still
427 628 24 18 to
464 624 40 22 the
514 624 43 26 last
571 624 29 22 he
611 622 146 23 maintained
768 623 40 22 the
820 623 96 22 honour

74 656 47 22 and
138 657 94 31 dignity
249 656 28 24 of
293 657 37 22 his
349 665 70 15 name
439 657 47 22 and
506 658 90 25 nation,
609 657 48 22 and
674 657 23 21 in
714 656 40 23 the
777 656 56 23 civil
854 664 61 15 wars

74 690 78 22 which
167 690 113 23 harassed
300 690 114 32 England
428 691 106 31 through
548 691 40 23 the
602 690 138 31 protracted
753 690 68 31 reign
835 689 79 23 ofthe

75 724 109 22 virtuous
209 725 44 22 but
277 723 78 24 feeble
381 724 86 31 Henry
490 724 62 23 III.*
579 719 137 28 whichever
739 724 51 22 side
812 724 45 22 had
878 724 36 22 his

75 761 101 26 support
194 757 43 23 felt
256 759 89 22 nerved
364 762 25 19 to
411 759 40 22 the
471 761 94 20 contest
586 758 56 23 with
662 766 14 14 a
690 757 53 31 just
765 757 149 23 confidence.

75 790 125 31 Llywelyn
221 799 47 16 was
293 795 42 20 not
359 792 80 30 happy
464 792 24 22 in
511 792 36 23 his
571 791 93 30 family.
702 791 47 22 His
768 791 76 23 eldest
861 799 53 19 son,

76 821 140 34 Gryffydth,
232 832 52 16 rose
301 826 22 22 in
342 833 62 15 arms
420 827 94 29 against
532 826 56 26 him,
602 821 48 27 and
668 825 112 30 expiated
795 825 22 22 in
833 832 13 15 a
858 825 58 30 long

75 859 184 29 imprisonment
276 860 42 22 the
337 860 35 22 sin
395 859 28 23 of
439 860 58 22 filial
519 859 177 23 disobedience.
734 858 46 23 His
795 859 60 26 wife,
876 859 40 23 the

77 891 111 24 Princess
200 893 71 26 Joan,
285 893 119 30 daughter
417 893 27 22 of
454 893 68 31 King
534 893 75 27 John,
623 893 46 22 and
689 893 54 22 who
760 895 24 20 at
797 899 15 16 a
824 893 93 22 critical

75 926 83 29 period
181 926 46 22 had
249 927 71 30 given
344 926 39 23 the
403 930 120 27 strongest
543 926 81 31 proof's
643 926 28 22 of
693 926 42 22 her
754 926 94 30 fidelity
869 926 47 22 and

76 959 121 28 affection,
206 960 98 22 became
319 960 39 22 the
370 960 95 31 subject
475 960 28 23 of
513 968 28 15 an
557 959 140 24 unfounded
707 959 120 31 jealousy,
839 959 77 23 whicli

77 992 111 23 wreaked
203 994 29 22 its
249 993 66 23 blind
336 1002 137 22 vengeance
489 994 23 22 in
531 994 41 22 the
591 994 165 30 ignominious
773 993 72 23 death
860 992 29 24 of
903 1001 14 15 a

77 1026 70 23 noble
166 1026 101 31 English
287 1028 114 29 prisoner,
416 1027 107 22 William
540 1028 29 22 de
587 1026 87 23 Bruce.
712 1026 64 23 That
789 1026 127 32 Llywelyn

76 1060 115 30 repented
210 1060 29 23 of
255 1061 36 21 his
309 1061 81 31 unjust
404 1061 134 30 suspicions
557 1069 54 22 may
632 1061 30 22 be
679 1059 107 23 inferred
800 1059 61 24 from
875 1061 41 22 the

76 1097 94 26 respect
182 1094 78 22 which
273 1094 29 22 he
315 1094 97 22 showed
425 1097 25 20 to
461 1095 42 21 her
515 1102 116 22 memory,
641 1094 32 31 by
682 1094 108 31 erecting
803 1102 58 14 over
874 1094 43 23 her

76 1134 81 23 grave,
174 1135 25 14 as
217 1135 15 15 a
252 1128 84 22 tender
352 1128 123 22 memorial
494 1127 27 23 of
538 1128 36 22 his
591 1127 93 31 regard,
702 1136 15 14 a
734 1130 140 28 monastery
891 1127 29 24 of

77 1160 149 23 bare-footed
246 1161 75 23 friars.
358 1161 135 31 Llywelyn,
510 1165 25 19 to
554 1161 122 23 whatever
691 1164 84 20 extent
794 1161 37 23 his
850 1162 66 22 mind

77 1202 55 22 may
145 1194 60 23 have
219 1195 60 22 been
293 1195 138 30 perplexed,
444 1196 46 22 and
508 1195 36 23 his
563 1202 85 16 course
662 1194 27 23 of
703 1196 81 22 action
804 1196 113 29 impeded

77 1227 32 31 by
122 1227 81 24 feudal
221 1229 153 30 obligations,
389 1229 46 22 had
452 1229 40 23 the
510 1229 99 22 interest
624 1229 47 22 and
690 1229 184 30 independence
892 1229 28 23 of

77 1261 36 22 his
131 1265 101 27 country
257 1266 140 26 uppermost
416 1263 23 22 in
462 1263 35 22 his
519 1263 123 30 thoughts,
645 1276 34 3 —
680 1270 54 20 was,
758 1263 10 22 I
794 1263 60 22 shall
876 1267 42 18 not

77 1294 100 24 hesitate
191 1299 24 19 to
229 1296 44 22 call
292 1291 56 32 him,
363 1304 14 14 a
393 1296 166 22 true-hearted
574 1296 148 22 Welshman.
760 1296 39 22 He
818 1296 56 23 died
893 1297 24 22 in

79 1328 72 28 1240,
166 1329 88 31 having
276 1330 98 30 reigned
394 1329 113 32 forty-six
525 1337 77 23 years,
615 1329 48 23 and
674 1338 48 14 was
734 1330 87 22 buried
834 1330 32 30 by
881 1330 36 23 his

77 1368 54 16 own
149 1362 78 23 desire
245 1364 24 21 in
289 1364 40 22 the
348 1363 88 32 Abbey
456 1362 28 24 of
502 1363 114 32 Conway,
631 1364 88 22 amidst
736 1363 42 24 the
796 1363 121 23 universal

77 1400 91 26 regrets
188 1396 28 23 of
234 1397 37 22 his
290 1400 168 27 countrymen.
496 1397 36 30 By
550 1398 41 22 the
605 1397 77 23 Bards
699 1397 27 23 of
740 1398 38 22 his
796 1406 54 21 age,
863 1398 54 22 who

117 1455 13 13 *
145 1456 21 19 It
175 1463 39 13 was
224 1463 12 13 a
245 1458 40 18 fine
295 1457 56 26 reply
362 1457 103 26 Llywelyn
475 1464 50 13 once
540 1457 64 24 made,
616 1457 58 20 when
688 1457 118 20 threatened
819 1458 48 19 with
883 1458 34 19 the

77 1482 74 24 weight
161 1484 23 18 of
196 1484 34 19 the
245 1484 92 25 spiritual
352 1490 50 17 arm,
404 1495 27 4 —
436 1485 44 19 that
514 1485 25 19 he
549 1485 97 25 regarded
657 1491 55 13 more
722 1485 34 19 the
766 1485 55 26 piety
831 1485 23 19 of
862 1484 55 27 King

77 1508 78 25 Henry,
167 1511 39 18 and
221 1511 34 19 the
270 1511 50 19 alms
331 1511 24 19 he
365 1517 56 20 gave,
433 1511 49 20 than
495 1511 24 20 he
533 1512 34 19 did
581 1512 42 19 fear
638 1512 31 19 his
683 1518 74 20 power,
773 1518 23 13 or
811 1511 61 20 dread
886 1512 31 19 his
