1023 1619
91 93 47 22 108

364 103 54 17 THE
432 104 88 16 WELSH
535 104 116 17 CHURCH.

90 159 69 24 three
171 160 24 23 in
210 160 98 32 Saxony
319 171 6 17 ;
342 161 37 23 for
392 170 39 22 my
446 161 89 24 friends
548 162 80 31 hoped
641 161 53 23 that
706 161 58 31 they
777 158 88 25 should
878 167 52 16 sus-

89 194 48 22 tain
153 194 45 22 less
211 194 141 23 tribulation
371 196 48 22 and
438 196 67 22 harm
522 195 60 23 from
601 195 67 31 King
686 194 106 23 Hemeid
805 193 28 33 (a
846 194 84 30 prince

88 226 28 23 of
134 227 77 22 South
225 227 103 33 Wales),
343 228 54 23 who
415 228 65 24 often
499 229 133 30 plundered
654 229 52 22 that
725 233 137 26 monastery
881 227 49 23 and

87 260 41 23 the
148 261 78 30 parish
249 261 29 22 of
297 261 35 23 St.
351 262 103 32 Deguus
475 262 55 32 (the
551 263 96 22 diocese
664 261 28 24 of
709 261 35 23 St.
757 260 104 32 David),
881 261 47 23 and

87 294 138 23 sometimes
238 295 109 30 expelled
360 296 41 23 the
413 296 111 31 prelates,
537 304 25 14 as
575 296 59 30 they
647 295 110 31 expelled
772 295 158 31 Archbishop

88 327 84 27 Novis,
186 336 40 24 my
248 329 108 27 relation,
375 330 47 22 and
442 328 93 32 myself,
557 329 19 22 if
593 330 23 21 in
637 336 47 24 any
704 336 101 15 manner
822 327 12 23 I
856 328 72 23 could

86 369 84 15 secure
183 362 41 22 the
236 362 81 23 notice
329 363 47 22 and
390 362 132 31 friendship
535 362 27 22 of
573 362 40 23 the

138 395 60 23 This
217 396 115 23 evidence
345 399 24 20 to
382 397 42 22 the
442 399 61 20 state
516 395 29 24 of
557 396 129 22 education
702 395 24 23 in
743 394 84 24 Wales
845 395 23 22 in
888 395 41 23 the

86 429 68 22 ninth
170 432 109 27 century,
294 437 53 23 may
361 429 71 32 fairly
444 430 31 23 be
488 433 36 20 set
537 430 94 30 against
644 429 40 23 the
697 429 97 30 printed
812 428 117 24 evidence

85 462 28 23 of
124 463 41 22 the
178 466 61 21 state
253 463 28 23 of
288 464 129 23 education
432 464 23 22 in
469 464 82 22 Wales
566 464 21 22 in
602 464 41 22 the
656 462 142 24 nineteenth
816 465 111 29 century.

85 495 156 30 Remember,
254 497 53 23 that
325 498 69 22 when
414 497 82 23 Wales
513 504 60 24 gave
591 497 76 23 Asser
679 500 24 20 to
717 496 88 23 Alfred
821 496 42 23 she
880 504 47 16 was

83 531 65 22 what
158 531 41 22 she
210 531 47 22 had
268 531 69 22 made
351 531 95 22 herself.
480 531 81 22 When
572 531 42 22 she
628 531 67 30 helps
709 534 24 19 to
744 530 94 23 furnish
852 533 75 20 mate-

83 564 55 22 rials
152 564 36 22 for
201 572 14 15 a
227 564 65 31 huge
307 564 123 32 unsightly
447 564 57 23 blue
520 564 73 27 book,
607 564 43 23 she
668 565 19 21 is
704 564 65 22 what
783 571 34 15 we
832 563 95 23 Saxons

82 597 61 23 have
158 598 68 23 made
239 598 49 23 her.
325 598 67 23 With
407 606 13 15 a
433 606 63 15 mass
505 597 29 24 of
540 602 62 19 most
614 597 142 31 interesting
769 597 155 23 information

82 630 82 24 before
177 640 47 20 me,
238 631 78 24 which
330 631 11 23 I
355 636 89 19 cannot
457 640 49 19 use,
518 632 11 23 I
543 631 46 23 feel
602 640 26 14 as
640 640 15 14 a
667 639 61 24 poor
740 639 54 15 man
809 631 78 31 might
899 631 23 23 in

82 664 104 32 feasting
198 666 37 22 his
247 673 57 23 eyes
317 673 30 15 on
361 666 58 30 piles
437 665 27 23 of
477 665 58 32 gold
547 665 78 23 which
645 665 29 23 he
692 665 47 22 had
753 673 31 14 no
803 672 82 15 means
898 664 29 24 of

82 699 113 31 carrying
213 707 75 23 away.
327 699 130 29 However,
470 699 11 23 I
496 699 61 23 have
572 699 122 23 indicated
713 699 80 22 where
806 698 40 23 the
860 702 61 19 trea-

82 740 54 15 sure
149 733 50 26 lies,
214 733 46 22 and
279 732 12 23 I
310 735 62 21 trust
391 734 51 22 that
458 733 82 23 others
554 740 67 16 more
634 733 53 23 able
700 732 57 23 than
771 731 90 31 myself
874 732 47 23 will

81 766 56 23 seek
150 766 46 23 and
210 766 50 23 find
275 767 24 28 it,
313 767 46 23 and
373 767 95 29 employ
481 767 20 23 it
513 766 38 24 for
563 767 41 22 the
617 774 112 16 common
742 766 72 30 good.
