1023 1619
881 100 46 23 133

351 108 137 16 MONASTIC
503 109 195 16 INSTITUTIONS.

88 165 147 24 admonition
253 164 28 24 of
291 173 29 14 an
340 165 80 31 angel,
434 166 40 23 the
488 166 57 31 holy
558 167 64 22 maid
640 166 112 24 returned
767 169 23 21 to
804 166 40 24 the
859 166 68 30 place

88 199 27 24 of
125 200 43 22 her
182 199 110 30 nativity,
306 199 86 27 where,
407 207 30 15 on
452 199 39 23 the
506 203 41 27 top
566 200 27 23 of
607 208 13 15 a
639 201 98 27 hillock,
750 201 82 22 seated
848 204 24 19 at
888 201 39 22 the

88 233 50 23 foot
149 233 46 23 ofa
204 233 57 30 high
272 233 133 27 mountain,
415 233 43 23 she
469 233 68 23 made
546 241 13 15 a
568 234 61 22 little
637 234 134 23 habitation
782 234 36 23 for
826 233 101 28 herself;

88 267 54 27 and,
157 267 32 30 by
204 267 42 23 her
262 274 99 23 prayers
377 270 26 20 to
421 266 64 28 God,
502 267 113 23 obtained
629 275 14 15 a
655 268 82 31 spring
756 268 67 22 there
837 272 24 18 to
875 267 52 23 flow

88 305 43 18 out
149 300 27 23 of
193 296 132 33 the^earth,
345 300 86 28 which,
451 301 31 31 by
502 301 40 22 the
561 301 82 22 merits
662 301 27 22 of
706 301 39 23 the
765 301 56 32 holy
840 301 87 31 virgin,

88 334 116 23 affordeth
227 334 80 23 health
329 337 24 20 to
375 334 80 22 divers
476 334 141 23 infirmities.
655 334 52 23 The
729 334 93 24 Mount
845 334 29 23 of
891 334 35 24 St.

88 367 108 24 Michael
210 368 18 22 is
242 367 39 24 the
295 376 69 14 name
382 367 28 23 of
427 376 14 15 a
458 367 41 23 hill
512 376 57 15 near
583 368 190 32 Abergavenny,
788 369 78 22 which
879 367 48 24 still

88 403 88 22 retains
193 402 30 23 its
242 401 83 24 sacred
344 401 133 24 character.
514 401 28 23 In
557 402 40 22 the
610 410 65 14 same
693 402 201 31 neighbourhood
908 402 19 22 is

88 436 39 23 the
145 436 80 30 parish
244 435 27 23 of
284 435 151 31 Llangeneu,
454 436 24 22 in
492 436 86 27 which,
593 435 132 31 according
744 439 24 20 to
782 435 49 23 Mr.
846 436 80 22 Theo-

88 469 78 31 philus
179 470 83 28 Jones,
281 470 19 22 is
318 472 25 20 to
361 470 31 22 be
410 468 75 24 found
502 470 40 22 the
557 469 51 23 well
627 469 29 24 of
671 470 40 23 the
729 470 77 27 saint;
819 470 47 22 and
885 469 41 23 the

88 504 111 23 situation
214 503 28 24 of
252 503 41 23 her
306 506 96 28 oratory
416 511 55 23 may
484 506 41 27 yet
538 503 30 23 be

138 537 53 23 The
212 538 91 29 history
325 537 28 23 of
373 536 34 24 St.
425 536 165 24 Wenefrede's
611 537 59 28 well,
688 536 54 24 who
761 538 83 22 knows
861 539 43 21 not
913 537 11 23 ?

88 571 63 22 How
174 571 38 23 the
233 571 58 30 holy
309 571 71 28 maid,
403 571 67 23 niece
489 574 24 19 to
534 571 34 23 St.
586 571 92 28 Beuno,
695 578 48 15 was
764 570 162 31 passionately

88 604 69 23 loved
176 605 32 32 by
221 604 87 24 Prince
321 604 111 24 Caradoc
442 615 6 17 ;
466 604 47 23 and
529 604 62 28 how,
606 604 67 23 when
694 604 39 23 the
751 604 82 23 chaste
847 604 79 31 virgin

88 638 103 32 rejected
209 639 36 22 his
263 638 120 23 advances
396 639 56 22 with
472 638 85 23 horror
574 638 46 23 and
640 638 54 28 fled,
713 638 41 23 the
770 638 54 23 love
844 637 27 24 of
885 638 40 23 the

88 673 81 30 prince
178 672 85 23 turned
273 676 24 19 to
305 672 92 27 hatred,
408 672 46 23 and
466 672 30 23 he
506 672 106 31 pursued
622 672 62 23 after
692 672 47 23 and
748 672 115 23 overtook
875 672 50 27 her,

88 707 45 22 and
153 709 40 21 cut
211 707 37 22 off
257 707 42 22 her
318 706 61 23 head
392 706 57 23 with
463 706 36 23 his
512 706 77 23 sword
598 716 5 17 ;
622 707 47 22 and
708 706 53 23 how
773 706 40 23 the
826 705 100 24 severed

88 740 60 23 head
162 740 56 24 took
235 741 30 22 its
278 748 52 23 way
343 741 71 22 down
433 740 41 23 the
493 740 51 28 hill,
557 740 48 23 and
617 743 65 28 stopt
695 748 57 15 near
764 740 41 22 the
819 740 92 23 church
920 749 6 18 ;

87 774 40 23 the
140 774 86 31 valley,
240 774 77 24 which
336 773 61 24 from
410 775 30 22 its
452 781 147 16 uncommon
617 774 99 31 dryness
729 781 48 16 was
790 773 136 24 heretofore

87 808 77 23 called
184 808 134 31 Sychnant,
330 808 47 23 lost
391 808 29 22 its
440 815 70 16 name
519 817 5 18 ;
543 815 14 15 a
569 808 83 30 spring
671 807 28 23 of
714 815 145 15 uncommon
878 808 48 23 size

87 842 68 22 burst
168 841 62 23 from
242 842 40 22 the
295 841 68 31 place
375 842 80 22 where
469 842 39 22 the
522 841 63 23 head
597 842 78 22 rested
687 851 5 17 ;
711 841 39 23 the
768 849 62 15 moss
849 849 29 15 on
897 842 30 22 its

88 875 62 22 sides
170 875 102 23 diffused
291 883 14 14 a
323 875 108 31 fragrant
449 875 68 22 smell
528 885 5 17 ;
552 875 54 22 how
623 875 43 22 her
681 875 74 22 blood
773 875 93 30 spotted
886 875 40 23 the

87 912 89 24 stones,
195 908 79 23 which
293 908 114 32 annually
420 912 187 19 commemorate
625 909 41 23 the
684 908 55 28 fact,
759 908 33 31 by
805 909 122 31 assuming

88 942 95 24 colours
204 942 122 24 unknown
348 946 25 19 to
394 942 64 23 them
479 947 25 18 at
524 943 70 22 other
615 943 69 22 times
695 952 5 17 ;
718 942 54 23 how
793 941 34 24 St.
840 942 87 23 Beuno

88 976 57 24 took
159 985 31 22 up
204 977 40 22 the
258 976 70 28 head,
336 976 92 23 carried
443 977 19 22 it
474 980 24 20 to
512 977 40 22 the
566 984 92 23 corpse,
669 976 46 23 and
729 976 103 31 offering
844 985 32 22 up
889 976 38 23 his

88 1011 133 27 devotions,
242 1010 84 31 joined
352 1011 17 22 it
393 1010 81 31 nicely
496 1014 24 19 to
545 1010 40 23 the
610 1010 72 31 body,
708 1010 78 23 which
811 1010 115 31 instantly

88 1045 119 28 reunited,
220 1045 40 22 the
273 1044 69 31 place
358 1044 74 31 being
444 1044 86 23 visible
543 1044 57 31 only
613 1044 32 31 by
657 1052 15 14 a
687 1044 95 23 slender
795 1044 71 23 white
878 1044 49 23 line

88 1078 132 31 encircling
242 1078 42 23 her
447 1078 23 23 It
489 1078 18 23 is
526 1074 115 34 objected
658 1081 23 20 to
701 1078 40 23 the
762 1078 121 31 antiquity
904 1077 26 24 of

88 1112 46 22 this
147 1112 95 31 legend,
256 1112 52 22 that
323 1111 23 23 in
364 1112 39 22 the
423 1111 140 31 Domesday
579 1112 68 22 Book
662 1119 29 15 no
705 1112 107 22 mention
826 1112 18 22 is
857 1112 70 22 made

88 1145 27 23 of
134 1145 92 23 church
248 1153 27 15 or
294 1145 61 28 well,
377 1145 93 32 though
492 1145 79 31 places
592 1145 28 23 of
634 1145 46 23 less
699 1149 56 19 note
773 1152 40 16 are
832 1145 95 23 named.

88 1179 162 32 Considering
270 1179 39 23 the
331 1179 105 31 existing
455 1179 108 31 hostility
585 1179 108 23 between
716 1179 40 22 the
777 1179 83 22 Welsh
880 1179 48 22 and

88 1213 40 23 the
149 1213 108 32 English,
276 1213 40 23 the
335 1213 88 23 silence
442 1212 28 23 of
485 1213 41 23 the
542 1212 141 31 Domesday
697 1212 70 22 Book
783 1212 18 22 is
820 1215 42 19 not
875 1219 52 15 sur-

88 1247 98 31 prising.
223 1246 49 24 Mr.
286 1246 111 24 Pennant
413 1246 81 23 thinks
535 1247 52 22 that
600 1246 40 22 the
653 1245 87 31 legend
754 1245 27 22 of
792 1245 35 23 St.
840 1245 89 23 Wene-

88 1280 66 24 frede
165 1289 47 15 was
226 1281 87 23 known
326 1280 115 31 previous
450 1283 25 20 to
489 1280 52 23 that
552 1287 88 23 survey
651 1289 6 17 ;
675 1278 38 23 for
726 1279 40 22 the
779 1286 60 22 very
851 1286 78 20 name,

89 1314 66 32 Holy
176 1315 73 28 Well,
270 1315 19 22 is
310 1314 91 28 Saxon,
421 1313 120 31 probably
558 1312 123 23 bestowed
698 1320 30 14 on
750 1312 17 22 it
787 1311 83 23 before
889 1312 41 22 the

89 1348 133 31 Conquest,
241 1355 31 16 on
292 1351 104 20 account
414 1346 27 24 of
457 1347 40 23 the
516 1346 110 31 imputed
644 1346 104 30 sanctity
761 1344 28 23 of
800 1345 41 23 the

88 1381 54 24 The
156 1389 70 16 name
239 1382 19 22 is
272 1380 92 28 Saxon,
374 1380 46 23 and
435 1384 53 26 part
501 1379 74 24 ofthe
589 1380 100 29 history,
700 1378 11 23 I
724 1379 113 30 imagine,
850 1378 80 23 Saxon

88 1416 58 22 also.
184 1415 11 23 I
217 1414 145 30 distinguish
384 1414 41 22 the
441 1414 48 22 line
534 1412 10 23 I
564 1412 86 23 should
671 1416 42 18 not
732 1411 45 23 call
793 1412 18 22 it
827 1420 14 15 a
859 1412 71 23 white

88 1449 50 22 line
189 1448 53 23 that
260 1450 121 27 separates
400 1447 41 22 the
460 1445 103 32 original
579 1444 119 24 beautiful
718 1445 96 31 legend,
833 1446 47 23 and
901 1446 29 23 its

202 1519 13 24 t
231 1517 111 21 Pennant's
352 1517 130 20 Whitefourd
491 1516 40 20 and
541 1516 56 27 Holy
607 1516 61 25 WeU,
679 1523 34 20 pp.
724 1516 98 21 225-229.
