1023 1619
92 104 46 23 100

368 112 53 17 THE
434 113 90 16 WELSH
537 112 117 17 CHURCH.

90 172 33 30 by
142 170 84 31 saying
249 171 51 23 that
349 171 30 23 he
404 172 54 22 who
479 172 19 22 is
519 171 131 24 converted
671 170 61 24 from
750 170 36 23 sin
808 177 56 23 may
885 168 48 24 live

90 204 103 23 without
205 205 35 22 sin
254 204 33 31 by
300 204 36 23 his
353 212 52 15 own
424 205 81 23 efforts
520 205 47 23 and
587 204 76 24 God's
680 211 79 24 grace,
774 204 45 23 but
836 203 53 23 that
902 202 30 23 he

90 238 20 23 is
123 241 49 23 not,
181 237 38 23 for
231 238 47 22 this
291 246 91 20 reason,
392 238 83 31 placed
487 238 95 32 beyond
596 238 40 23 the
647 238 72 22 reach
730 237 28 23 of

91 271 40 24 On
153 271 74 31 being
252 271 110 31 required
386 276 25 19 to
435 272 174 23 anathematise
627 271 68 23 those
714 271 55 22 who
786 271 88 30 taught
891 271 42 23 the

90 309 123 26 contrary,
238 305 30 22 he
294 305 92 30 replies,
438 305 11 23 I
474 305 119 23 condemn
615 305 66 22 them
700 311 25 16 as
750 304 69 27 fools,
841 307 43 20 not
907 312 26 15 as

255 338 53 23 The
327 343 134 26 opponents
480 338 28 23 of
524 338 112 31 Pelagius
655 338 86 30 appeal
760 340 24 20 to
802 337 67 30 Pope
891 337 42 23 In-

90 376 96 23 nocent,
209 371 62 29 who,
295 371 82 32 dying,
399 372 80 23 leaves
504 372 40 22 the
569 379 71 15 cause
665 374 25 19 to
717 371 30 22 be
775 371 101 22 decided
902 371 31 31 by

90 406 121 23 Zozimus.
248 405 60 23 This
326 405 93 31 pontiff,
433 405 84 22 misled
537 405 32 30 by
587 413 13 14 a
616 404 119 31 plausible
753 404 71 22 letter
841 407 54 19 sent
909 408 24 19 to

90 441 50 22 him
163 440 32 30 by
221 438 122 32 Pelagius,
365 438 106 24 declares
495 439 25 22 in
544 438 37 23 his
607 437 94 29 favour,
725 438 48 23 and
797 437 72 23 sends
894 437 39 24 the

90 474 135 30 appellants
244 481 13 15 a
276 473 71 30 sharp
366 472 77 31 reply,
446 487 32 3 —
505 472 92 22 Would
619 472 51 23 that
689 479 66 15 some
774 471 27 23 of
815 479 49 22 you
887 472 46 23 had

90 508 61 23 been
172 510 96 27 present
285 507 70 23 when
375 506 40 23 the
433 506 71 23 letter
522 514 48 15 was
588 506 57 23 read
658 505 5 23 !
684 505 53 23 how
759 504 105 32 rejoiced
886 505 47 23 and

90 541 122 30 surprised
231 548 62 16 were
315 540 30 23 all
364 540 41 23 the
427 540 69 31 pious
515 548 55 15 men
596 540 54 23 who
670 539 72 23 heard
769 539 17 23 it
796 539 5 23 I
826 539 107 31 scarcely

90 575 72 23 could
181 582 66 15 some
267 574 85 23 refrain
372 574 60 23 from
454 577 72 24 tears,
545 577 25 20 to
590 574 51 22 find
662 581 53 15 men
736 581 27 15 so
784 573 148 30 thoroughly

90 608 121 24 orthodox
229 608 71 23 could
322 610 41 29 yet
384 608 31 22 be
438 608 71 22 made
534 607 92 30 objects
650 606 29 24 of
699 607 131 31 suspicion.
875 607 58 23 Was

90 642 67 23 there
181 650 14 15 a
218 641 77 32 single
320 649 100 23 passage
443 641 23 23 in
492 641 40 23 the
558 641 71 23 letter
649 641 80 23 where
749 648 72 23 grace
843 648 28 16 or
892 641 41 23 the

90 676 91 23 Divine
200 676 129 23 assistance
349 683 46 14 was
417 678 43 19 not
712 674 129 28 However,
867 682 64 22 upon

90 710 78 22 better
181 709 162 26 information,
357 708 113 23 Zozimus
481 708 110 31 changed
602 708 35 23 his
651 708 74 27 mind,
735 708 48 22 and
796 708 136 30 ultimately

91 743 101 23 decided
211 743 95 31 against
326 742 112 31 Pelagius
457 742 31 31 by
506 750 30 14 an
555 741 132 31 encyclical
706 741 77 27 letter,
802 741 130 31 published

90 777 58 27 418,
170 777 25 22 in
216 776 78 23 which
316 776 30 23 he
370 775 59 23 both
449 775 150 23 condemned
622 775 40 23 the
681 775 121 23 doctrines
821 775 47 23 and
891 775 41 23 the

91 811 118 27 teachers,
228 810 114 30 Pelagius
363 809 47 23 and
433 809 127 24 Celestius.
603 808 125 24 Recusant
752 809 99 30 bishops
870 817 62 15 were

90 847 26 21 to
128 845 30 23 be
172 844 114 30 deprived
300 843 46 23 and
363 842 114 24 banished
487 851 6 14 :
518 851 14 14 a
550 846 114 20 sentence
682 843 93 23 carried
795 843 137 31 rigorously

90 879 51 22 into
154 878 136 23 execution.
327 876 73 24 After
413 877 47 22 this
472 884 35 15 we
520 876 58 23 hear
592 884 30 15 no
636 884 65 15 more
714 876 28 23 of
753 876 121 29 Pelagius.

141 912 29 22 In
194 911 108 30 Chapter
327 910 47 23 III.
396 910 11 23 I
429 910 91 23 viewed
540 910 41 23 the
601 910 113 30 Pelagian
732 913 158 28 controversy
908 911 23 22 in

91 945 93 22 Britain
211 952 25 15 as
258 952 14 15 a
301 944 54 23 trial
381 943 27 24 of
427 944 110 30 strength
564 944 107 23 between
700 944 40 23 the
766 944 90 23 Bardic
885 944 47 23 and

90 978 157 31 Evangelical
271 981 71 27 party
362 978 23 22 in
411 978 40 22 the
476 977 89 23 British
588 977 108 29 Church,
715 977 47 23 and
784 978 47 22 this
855 985 77 15 seems

91 1016 23 19 to
135 1013 61 22 have
217 1012 61 22 been
298 1011 40 22 the
362 1010 57 23 fact.
462 1011 53 22 The
538 1011 83 27 scales,
648 1011 78 22 which
750 1011 67 26 rank,
843 1019 88 22 power,

90 1046 47 22 and
162 1045 120 23 influence
306 1045 48 22 had
376 1045 89 22 caused
487 1047 23 20 to
533 1044 88 23 incline
642 1047 25 20 to
692 1045 39 22 the
752 1044 89 23 Bardic
865 1045 52 22 side
926 1055 5 17 ;

91 1079 40 23 the
161 1082 136 27 opportune
327 1078 94 26 arrival,
451 1078 24 22 in
499 1078 58 27 429,
582 1077 28 23 of
636 1078 42 22 the
703 1077 94 23 French
824 1078 106 30 bishops,

90 1112 138 24 Germanus
241 1111 87 30 bishop
342 1111 27 22 of
382 1111 120 26 Auxerre,
515 1111 47 22 and
576 1110 86 31 Lupus
675 1111 86 30 bishop
775 1111 28 22 of
813 1111 117 32 Troyes,*

90 1146 88 23 turned
205 1146 23 21 in
253 1144 87 23 favour
365 1144 28 22 of
415 1144 39 22 the
482 1144 101 30 popular
605 1152 79 15 cause.
719 1144 139 24 Germanus
884 1153 47 15 was

90 1188 14 15 a
122 1180 79 22 native
218 1178 26 23 of
255 1178 137 27 Armorica,
409 1177 40 23 the
466 1177 147 23 inhabitants
631 1177 28 23 of
670 1177 77 24 which
767 1182 103 28 countiy
884 1179 47 23 and

90 1213 40 24 the
149 1213 97 23 ancient
259 1211 97 23 Britons
374 1210 75 32 spoke
461 1219 15 15 a
488 1218 111 16 common
616 1211 127 31 language.
781 1212 32 23 So
827 1221 58 14 soon
906 1221 25 15 as

89 1247 68 23 these
174 1246 65 30 good
253 1245 103 31 prelates
368 1252 75 19 came,
460 1244 57 32 they
531 1249 35 18 set
581 1249 23 18 to
618 1245 66 22 work
702 1246 23 22 in
746 1249 109 24 earnest;
874 1247 57 30 they

89 1280 122 31 preached
223 1280 23 22 in
261 1280 40 22 the
314 1278 124 27 churches,
452 1278 76 27 fields,
539 1278 47 23 and
598 1279 132 31 highways,
745 1280 24 22 in
789 1280 85 27 which,
890 1283 42 20 not

90 1314 129 30 excepting
238 1313 40 23 the
297 1312 59 27 first,
377 1312 19 22 it
416 1311 80 23 would
515 1320 64 15 seem
601 1312 52 23 that
672 1321 109 15 sermons
801 1314 45 22 had
869 1314 61 23 been

89 1348 92 22 seldom
206 1347 74 22 heard
303 1345 91 24 before.
443 1345 100 31 Having
565 1345 56 23 thus
646 1345 40 24 felt
711 1347 62 23 their
797 1354 52 24 way
874 1348 58 31 they

89 1381 119 29 proposed
226 1387 13 16 a
261 1380 83 30 public
363 1378 152 24 conference.
553 1379 10 23 I
581 1379 95 24 confess
696 1383 23 20 to
741 1388 29 15 an
794 1381 138 22 indifferent

90 1414 99 29 opinion
219 1413 28 23 of
272 1412 114 31 platform
416 1413 154 27 discussions,
600 1413 80 23 where
710 1421 97 16 success
836 1414 96 23 attends

89 1448 110 29 strength
212 1447 29 23 of
250 1454 73 16 nerve
336 1447 81 23 rather
429 1447 58 23 than
499 1446 79 24 sound
587 1447 138 30 reasoning.
761 1448 53 23 The
824 1455 72 16 scene
907 1448 27 23 of

312 1517 12 13 *
339 1517 120 20 Williams's
470 1518 83 25 Cymry,
564 1525 34 18 pp.
611 1519 101 20 102-105.
