1023 1619
890 115 32 22 67

347 118 56 16 THE
417 119 82 16 KINGS
514 119 32 16 OF
560 119 96 16 WALES.

78 174 40 23 the
131 182 93 15 rescue.
256 173 37 25 To
306 178 68 20 avert
387 175 143 29 bloodshed,
543 176 41 23 the
597 176 85 31 clergy
695 177 139 31 interposed
843 187 6 17 ;
862 177 63 23 their

78 208 112 24 counsels
204 215 62 16 were
283 208 159 32 respectfully
458 209 102 23 listened
579 213 25 20 to
623 210 48 22 and
689 210 112 24 followed
813 219 5 18 ;
839 210 86 25 Melva

78 242 116 27 restored,
211 242 49 23 and
271 242 95 23 Arthur
384 243 119 27 received,
520 243 41 23 the
580 243 122 24 abducted
718 252 94 24 queen;
831 245 48 22 and
896 253 27 15 so

77 276 98 31 pleased
191 284 63 15 were
272 276 60 23 both
351 276 70 31 kings
435 277 57 23 with
509 277 41 23 the
569 277 82 28 result,
669 278 54 23 that
740 278 57 31 they
814 278 111 31 liberally

78 309 123 24 rewarded
216 309 39 24 the
272 310 87 23 monks
377 310 29 23 of
415 310 168 32 Glastonbury
595 310 39 24 for
653 311 62 23 their
733 315 136 27 opportune
888 313 35 22 in-

78 343 157 24 terference.*
271 344 97 23 Arthur
384 345 110 23 received
514 345 102 23 another
635 346 95 27 wound,
744 348 43 21 not
803 353 26 16 so
846 346 75 31 easily

78 377 95 27 healed,
183 377 60 24 from
254 386 14 15 a
277 378 64 23 hand
354 379 31 22 he
398 379 72 23 could
483 378 60 24 least
552 379 61 23 have
626 380 157 30 anticipated.
808 379 115 27 Medrod,

79 411 118 24 Arthur's
209 412 108 30 nephew,
331 420 43 15 son
392 413 28 22 of
430 413 36 22 his
479 413 57 30 only
548 413 70 23 sister
632 413 81 27 Anna,
727 414 19 22 is
757 413 129 23 described
899 420 26 16 as

79 453 47 16 one
145 445 29 24 of
188 445 41 24 the
247 446 68 23 three
335 446 83 30 kingly
437 447 98 30 knights
553 446 27 23 of
593 447 48 22 this
659 447 92 31 gallant
769 450 76 21 court.
883 447 42 23 He

79 487 49 15 was
146 487 15 15 a
178 486 55 16 man
253 480 27 22 of
289 488 58 23 very
359 480 144 31 fascinating
525 487 111 16 manners
647 490 5 17 ;
673 480 50 28 but,
740 480 24 23 in
784 488 29 15 an
834 488 45 23 age
898 480 26 23 in

80 513 80 23 which
179 513 111 30 morality
305 522 48 14 was
371 518 25 18 at
409 521 13 15 a
435 513 45 23 low
497 514 122 27 standard,
636 513 40 23 fell
696 522 59 15 even
774 513 82 24 lower.
893 513 29 23 In

80 547 59 31 high
158 547 85 22 favour
255 547 58 23 with
332 547 36 22 his
387 547 77 28 uncle,
479 548 80 23 whose
578 547 142 24 confidence
738 548 30 23 he
786 548 136 30 possessed,

80 588 31 16 on
131 588 30 15 an
180 581 113 23 occasion
306 581 69 23 when
390 582 96 22 Arthur
497 589 48 15 was
565 582 85 23 absent
666 581 38 23 for
721 582 41 22 the
782 581 100 24 defence
901 580 28 24 of

81 614 36 23 his
136 618 112 28 country,
262 614 106 24 Medrod
387 615 166 31 incestuously
566 615 59 23 stole
644 616 41 23 the
703 616 126 23 affections
847 614 27 24 of
888 615 37 23 his

81 656 88 23 queen,
183 648 56 27 and,
253 649 106 30 availing
371 648 99 24 himself
481 648 27 24 of
519 650 36 22 his
573 650 105 29 position
697 657 26 15 as
741 652 86 28 regent
845 649 29 23 of
884 649 41 23 the

81 682 116 30 kingdom
219 682 23 23 in
260 681 116 24 Arthur's
392 683 111 28 absence,
522 684 129 29 conspired
669 684 57 23 with
748 684 103 22 another
868 683 56 23 trai-

81 719 83 20 torous
177 716 145 28 counsellor,
336 716 86 31 Iddog,
436 720 25 20 to
475 717 52 23 ruin
541 718 40 22 the
598 718 135 30 sovereign,
746 717 118 27 kinsman,
878 717 48 22 and

81 749 144 24 benefactor
243 751 80 22 whom
342 750 29 23 he
391 751 47 22 had
457 750 149 31 irreparably
624 751 103 30 injured.
772 751 97 29 Seizing
889 751 37 22 his

82 784 170 30 opportunity,
266 784 108 22 Medrod
386 784 77 22 threw
475 784 35 22 off
520 784 41 22 the
575 784 74 27 mask,
663 784 46 22 and
724 784 47 22 laid
784 787 72 19 waste
869 783 59 23 with

82 817 44 22 fire
139 817 48 22 and
199 817 79 22 sword
292 817 36 22 his
341 817 92 23 uncle's
449 818 148 29 possessions
609 818 24 21 in
648 817 130 23 Cornwall.
817 817 32 22 So
867 824 60 16 soon

83 858 27 15 as
128 850 154 31 intelligence
301 850 105 24 reached
420 851 95 22 Arthur
533 850 28 23 of
575 851 46 22 this
640 850 139 31 ungrateful
797 850 129 27 defection,

83 884 32 23 he
128 883 127 24 retaliated
269 892 30 15 on
313 884 41 23 the
366 887 88 20 estates
467 884 28 23 of
505 884 115 23 Medrod.
658 884 60 23 This
730 884 64 27 civil,
807 892 27 15 or
847 884 81 23 rather

85 918 117 23 domestic
221 917 67 29 feud,
306 926 62 23 gave
381 926 14 14 a
407 926 82 15 severe
509 917 64 24 blow
591 922 25 19 to
630 917 90 23 British
739 918 189 30 independence,

85 952 67 23 since
166 952 18 22 it
196 951 47 23 lost
256 955 25 19 to
294 952 37 22 his
344 956 104 27 country
461 952 41 23 the
514 951 104 23 services
631 950 28 24 of
669 952 43 22 her
724 955 67 28 great
804 950 124 24 defender.

86 985 30 23 In
136 986 50 22 542
202 985 95 23 Arthur
314 984 41 24 fell
374 986 24 22 in
420 986 41 23 the
480 985 75 23 battle
575 984 27 24 of
619 985 109 26 Camlan,
747 986 24 22 in
792 985 78 23 which
892 985 36 23 his

86 1019 156 23 treacherous
260 1019 102 30 nephew
374 1019 87 30 fought
474 1020 23 22 in
515 1020 40 22 the
569 1018 82 24 Saxon
669 1019 81 23 ranks.
785 1018 54 23 The
858 1027 70 15 scene

86 1052 28 25 of
123 1050 48 26 tfiis
184 1053 153 30 catastrophe
350 1060 48 16 was
416 1060 59 16 near
487 1052 148 27 Camelford,
649 1060 31 15 on
696 1053 41 23 the
756 1052 76 23 banks
851 1052 78 24 ofthe

86 1087 84 23 Camel
190 1094 27 16 or
231 1086 73 28 Alan,
321 1087 123 30 anciently
458 1087 76 23 called
553 1086 127 24 Camblan.
717 1086 105 23 Medrod
840 1086 89 30 reaped

87 1121 41 22 the
141 1121 52 30 just
209 1121 92 22 reward
319 1121 28 22 of
356 1121 36 22 his
404 1121 101 30 perfidy,
520 1121 47 22 and
580 1120 76 23 found
669 1128 30 15 on
713 1121 41 22 the
768 1127 65 16 same
845 1120 59 23 field
916 1127 15 16 a

87 1154 91 30 bloody
197 1162 81 23 grave.
315 1154 112 23 Another
445 1158 106 19 account
569 1162 117 23 supposes
706 1154 95 22 Arthur
823 1157 24 19 to
870 1154 60 22 have

87 1188 62 23 been
163 1187 112 32 mortally
288 1188 120 22 wounded
420 1192 26 19 at
459 1188 109 27 Camlan,
582 1188 45 22 but
639 1190 25 20 to
678 1187 61 23 have
752 1187 55 22 died
821 1191 24 18 at
858 1187 72 23 Glas-

88 1221 113 32 tonbury,
216 1221 101 23 whither
336 1222 29 22 he
382 1222 47 22 had
447 1222 60 22 been
526 1221 164 30 immediately
704 1220 125 31 conveyed
848 1220 33 31 by
894 1220 37 22 his

87 1255 100 29 friends,
206 1256 48 22 and
271 1255 80 23 where
370 1256 36 22 his
425 1255 66 31 body
505 1263 48 15 was
565 1255 114 23 interred.
715 1254 53 23 The
781 1253 150 24 soldier-like

87 1289 121 31 qualities,
221 1289 42 23 the
281 1289 53 22 skill
353 1289 47 22 and
419 1290 85 30 genius
523 1289 29 23 of
563 1289 102 26 Arthur,
679 1288 113 26 arrested,
807 1288 44 22 but
868 1295 63 15 were

87 1323 109 31 unequal
215 1326 25 19 to
258 1326 108 27 prevent,
385 1322 40 23 the
446 1322 156 31 subjugation
623 1321 28 23 of
667 1322 36 22 his
720 1325 113 27 country.
869 1321 24 23 It
912 1321 19 23 is

87 1358 74 22 much
176 1360 24 20 to
214 1357 30 23 be
257 1356 59 28 said,
327 1356 52 23 that
390 1357 152 30 throughout
554 1356 37 23 his
604 1355 40 23 life
658 1355 30 23 he
702 1355 56 31 kept
767 1355 40 23 the
821 1355 110 23 invaders

88 1395 25 20 at
127 1391 57 30 bay.

140 1424 54 24 The
214 1424 103 31 portrait
333 1423 29 24 of
371 1423 115 24 Arthur's
502 1426 70 21 court
584 1430 106 23 conveys
708 1425 25 21 to
751 1422 40 24 the
810 1422 67 23 mind
891 1422 38 24 the

87 1459 56 24 idea
161 1458 28 24 of
199 1466 14 15 a
226 1458 98 30 gallant,
344 1457 200 30 discriminating,
564 1457 186 23 noble-hearted
768 1457 90 30 prince,
877 1456 52 24 who

275 1529 13 14 *
303 1528 98 21 Turner's
411 1529 168 25 Anglo-Saxons,
589 1528 41 20 vol.
641 1528 12 19 i.
665 1535 19 19 p.
695 1529 45 19 285.
