1023 1619
874 114 46 23 143

328 121 133 16 MONASTIC
477 121 196 16 INSTITUTIONS.

79 178 74 24 tholic
172 182 123 20 ancestors
316 179 47 23 had
387 179 117 31 designed
525 183 24 21 to
569 181 61 23 have
650 182 159 30 perpetuated
826 181 36 23 for
880 181 41 23 the

80 212 107 31 spiritual
201 212 47 23 and
262 213 116 30 temporal
392 213 91 23 benefit
493 213 28 23 of
526 215 153 30 generations
689 218 42 28 yet
741 215 102 23 unborn.
869 215 52 22 The

80 246 52 24 first
144 246 74 31 thirty
231 254 70 24 years
317 246 28 23 of
356 247 39 23 the
414 248 122 22 existence
554 247 26 23 of
590 247 138 32 Llanthony
742 257 39 14 are
801 249 40 22 the
861 252 62 19 most

81 279 106 25 eventful
197 290 5 17 ;
222 280 82 23 within
317 281 53 22 that
382 281 92 30 period,
488 281 95 27 indeed,
598 281 17 23 it
629 289 54 23 may
698 282 31 22 be
748 283 50 22 said
817 286 25 18 to
861 282 60 22 have

81 321 44 16 run
145 315 29 22 its
194 321 91 20 course,
304 315 134 30 beginning
455 322 24 15 as
493 322 14 15 a
520 315 60 22 little
601 315 141 31 hermitage,
760 317 109 29 growing
888 323 32 23 up

82 348 50 23 into
151 355 14 15 a
182 348 86 31 stately
285 348 93 27 edifice,
399 348 46 22 and
465 348 56 23 then
541 348 133 32 dwindling
693 357 67 23 away
774 350 50 22 into
837 358 14 14 a
864 356 58 23 neg-

82 381 84 27 lected,
187 381 97 27 forlorn,
301 381 148 31 dilapidated
466 381 118 32 building.
622 382 53 23 The
693 382 91 31 beauty
802 383 46 22 and
867 382 56 23 soli-

84 416 56 23 tude
152 414 72 24 ofthe
234 415 53 23 vale
301 414 27 23 of
338 415 84 32 Ewyas
433 415 46 23 had
493 416 117 23 attracted
623 416 90 22 thither
726 425 13 14 a
752 421 68 26 great
832 416 90 23 ascetic

84 448 27 24 of
120 450 39 22 the
173 449 63 22 sixth
249 453 109 27 century.
395 449 23 23 A
431 448 73 32 lowly
517 449 84 31 chapel
618 450 24 22 in
660 450 73 26 ruins,
748 450 102 23 covered
864 449 58 23 with

84 491 62 15 moss
157 483 46 23 and
214 483 47 30 ivy,
272 483 106 27 marked,
388 486 25 19 to
423 483 41 22 the
477 483 133 31 beginning
624 483 73 23 ofthe
707 483 93 24 twelfth
811 487 111 26 century,

85 517 39 23 the
134 517 111 23 identical
256 521 53 26 spot
318 517 78 22 where
406 516 35 24 St.
450 516 83 23 David
546 517 46 23 had
607 518 59 22 been
678 520 64 20 wont
755 521 25 19 to
793 517 69 23 kneel
875 516 48 24 and

85 558 67 24 pray.
190 551 83 22 About
290 551 69 25 1100,
376 550 104 23 William
486 564 34 3 —
525 551 36 22 his
578 558 112 16 surname
708 551 18 22 is
744 551 120 23 unknown
872 563 31 4 —
909 558 15 14 a

86 585 104 22 retainer
201 584 28 23 of
240 584 76 31 Hugh
329 585 29 24 de
372 584 75 31 Lacy,
461 592 14 15 a
488 584 110 23 Norman
612 584 85 31 knight
717 585 23 22 in
758 585 40 22 the
816 585 68 30 reign
897 582 29 24 of

86 618 106 22 William
207 618 85 28 Rufus,
306 626 47 14 was
372 618 103 31 hunting
494 618 22 22 in
536 618 40 22 the
596 618 76 22 Black
690 618 150 27 Mountains,
853 618 70 22 when

86 652 32 31 by
132 652 98 27 chance,
244 659 28 15 or
287 660 14 14 a
317 651 159 31 providential
498 651 125 28 direction,
643 651 29 23 he
690 651 75 23 found
785 651 100 23 himself
899 651 25 23 in

87 686 40 22 the
140 685 52 23 vale
211 685 28 23 of
249 685 95 31 Ewyas.
381 685 96 23 Heated
496 685 47 23 and
556 685 69 27 tired,
638 685 29 22 he
680 685 48 23 laid
745 686 70 22 down
835 693 29 15 on
884 685 41 22 the

88 727 66 24 grass
170 719 24 22 in
207 728 13 13 a
233 719 74 32 shady
322 719 76 31 place.
436 719 36 22 As
490 719 30 23 he
538 719 49 31 lay,
600 719 37 22 his
655 727 56 23 eyes
724 719 126 22 wandered
869 726 58 15 over

87 753 42 23 the
147 753 108 31 winding
275 753 88 31 valley,
383 753 39 22 the
447 752 59 31 lofty
528 752 143 26 mountains,
693 752 41 22 the
753 752 61 22 dark
832 751 94 28 forests,

89 787 77 22 which
180 787 58 22 then
252 786 98 23 clothed
363 786 40 22 the
417 786 108 30 heights;
544 785 66 23 there
625 793 47 14 was
685 794 13 14 a
710 785 110 27 stillness,
834 786 93 22 broken

91 820 53 30 only
159 820 33 30 by
208 820 40 22 the
267 820 84 22 hoarse
370 819 69 22 voice
457 819 27 22 of
494 819 39 22 the
551 823 92 18 torrent
659 819 77 22 which
756 822 75 27 swept
848 819 81 30 along.

93 853 75 24 Amid
186 861 84 15 scenes
286 853 48 22 like
350 852 67 23 these
434 853 41 21 the
494 852 89 22 human
601 852 65 22 mind
684 853 19 21 is
722 852 101 23 attuned
836 856 24 18 to
874 852 55 23 hea-

92 887 71 30 venly
177 887 136 22 haimonies
324 896 5 16 ;
348 886 41 23 the
408 886 96 30 musing
522 886 88 22 hunter
625 885 67 23 lifted
704 894 33 22 up
751 886 36 21 his
806 894 62 22 eyes,
882 885 48 23 and

93 921 81 30 espied
192 921 40 22 the
251 920 85 30 chapel
353 919 26 23 of
390 919 34 24 St.
439 919 97 26 David;
555 919 36 22 his
610 919 130 22 resolution
753 927 49 14 was
820 919 72 22 taken
898 932 32 4 —

92 955 32 22 he
135 955 83 22 vowed
231 957 25 20 to
267 954 100 23 become
380 961 13 15 a
407 954 93 26 hermit,
511 953 54 26 and,
575 953 135 30 dismissing
720 952 37 22 his
768 953 163 30 companions,

93 996 14 15 a
120 988 87 23 hermit
220 988 29 22 he
262 988 109 22 became.
409 987 59 22 This
487 987 94 29 change
599 994 77 15 seems
689 994 57 22 very
759 986 88 30 abrupt
860 989 24 20 to
897 994 35 19 us,

94 1022 44 23 but
152 1022 17 22 it
180 1030 47 14 was
240 1029 66 14 more
319 1028 110 16 common
444 1021 65 26 then,
520 1021 46 22 and
580 1020 44 23 less
638 1020 104 30 thought
754 1019 33 23 of.
826 1019 107 23 William

94 1055 48 24 laid
152 1063 65 23 upon
231 1055 99 22 himself
339 1062 83 15 severe
433 1062 119 22 penances
565 1053 38 23 for
615 1054 36 22 his
664 1054 55 26 sins,
730 1053 49 23 real
792 1060 27 16 or
831 1053 102 30 imagin-

95 1098 50 23 ary.
184 1088 124 32 Stripping
327 1088 100 22 himself
435 1088 27 22 of
472 1088 39 22 the
530 1088 109 30 clothing
658 1088 29 22 he
707 1087 91 31 usually
813 1094 72 20 wore,
904 1086 31 23 he

95 1126 44 28 put
152 1131 29 15 on
196 1131 14 14 a
222 1123 52 22 hair
292 1123 60 22 shirt
369 1121 101 27 instead,
484 1121 48 23 and
544 1121 103 23 because
660 1121 36 22 his
709 1128 97 15 armour
817 1128 46 15 was
876 1120 60 23 hard

96 1157 46 23 and
157 1157 84 30 heavy,
255 1156 30 23 he
299 1156 40 22 did
352 1159 43 19 not
407 1155 67 23 leave
488 1155 51 23 that
553 1155 38 27 off,
605 1155 45 22 but
663 1154 58 31 kept
733 1155 18 21 it
765 1162 30 14 on
809 1154 35 22 till
858 1154 17 22 it
888 1161 48 15 was

96 1198 66 16 worn
184 1194 43 20 out
245 1190 56 23 with
322 1198 45 23 age
388 1189 48 23 and
457 1193 59 19 rust.
556 1188 109 23 William
685 1187 64 23 lived
770 1188 55 21 thus
845 1187 92 22 several

96 1232 76 24 years,
186 1224 47 23 and
247 1223 85 32 widely
345 1223 86 31 spread
444 1231 48 15 was
505 1223 39 22 the
557 1222 62 23 fame
632 1221 28 23 of
671 1222 40 22 the
726 1221 86 22 hermit
825 1220 28 23 of
864 1220 72 22 Llan-

97 1259 84 29 thony,
196 1258 46 23 and
259 1265 71 23 many
345 1258 67 22 there
428 1264 62 15 were
505 1257 52 22 who
573 1263 67 16 came
660 1258 24 19 to
703 1262 39 15 see
758 1254 47 23 and
823 1262 115 14 converse

98 1292 57 23 with
176 1292 57 22 him.
274 1292 100 30 Among
395 1291 81 23 others
498 1291 67 22 there
588 1296 67 16 came
676 1288 87 26 Ernisi,
783 1287 111 31 ehaplain
913 1291 25 19 to

100 1325 100 28 Maude,
214 1333 79 24 queen
312 1325 27 22 of
351 1325 96 29 Henry.
486 1323 40 24 He
538 1323 49 23 had
601 1330 60 15 once
674 1321 64 23 lived
751 1329 14 15 a
777 1321 88 22 hermit
878 1321 60 22 him-

99 1359 50 28 self,
163 1368 58 14 near
233 1359 41 23 the
286 1358 74 24 forest
373 1358 27 22 of
409 1358 125 23 Canothus
544 1366 5 17 ;
562 1356 48 23 and
623 1356 68 23 when
706 1355 30 22 he
748 1363 46 14 saw
805 1354 47 23 and
865 1354 75 31 spoke

99 1394 57 23 with
179 1394 113 26 William,
313 1393 37 22 his
372 1391 39 23 old
433 1391 116 31 thoughts
571 1397 67 16 came
660 1388 62 24 back
744 1388 79 31 again,
842 1388 46 22 and
910 1388 31 23 he

99 1427 96 31 begged
209 1427 108 22 William
330 1430 25 19 to
368 1425 94 23 receive
476 1424 49 23 him
538 1431 26 16 as
577 1431 14 15 a
604 1423 143 29 companion
761 1421 48 23 and
821 1422 82 22 sharer
916 1422 24 22 in

102 1461 34 23 St.
152 1461 101 23 David's
274 1460 53 24 cell.
363 1458 109 24 William
489 1457 138 27 consented,
645 1456 47 23 aud
714 1456 40 22 the
776 1458 47 19 two
844 1455 97 23 hermits

101 1496 72 22 dwelt
182 1495 113 30 together
307 1494 23 22 in
345 1501 45 15 one
404 1493 68 21 heart
483 1491 46 22 and
540 1491 23 22 in
577 1498 46 15 one
636 1489 73 23 mind.
736 1489 21 23 It
768 1489 97 30 grieved
876 1489 65 23 them

101 1533 25 20 to
141 1537 39 15 see
196 1528 35 23 St.
244 1527 102 24 David's
360 1525 84 30 chapel
458 1525 24 23 in
496 1524 74 27 ruins,
584 1531 26 16 so
623 1524 59 31 they
691 1525 35 21 set
739 1523 75 23 about
827 1526 24 20 to
864 1523 78 31 repair
