1023 1619
93 115 34 22 30

453 124 124 17 BARDISM.

91 178 85 32 joined
190 182 47 20 two
251 179 28 23 of
289 179 64 24 them
373 183 23 21 to
416 182 40 22 the
475 182 86 31 higher
573 181 51 23 side
644 180 28 23 of
683 179 40 23 the
743 177 81 27 trunk,
838 183 27 15 so
878 182 26 16 as
917 178 25 20 to

94 212 63 24 form
174 213 56 22 with
248 213 18 23 it
285 213 40 24 the
347 214 77 31 figure
443 215 27 22 of
484 223 14 14 a
516 223 73 15 cross.
629 214 88 23 Above
736 211 48 23 and
804 210 77 23 below
902 209 40 23 the

95 247 114 22 insertion
224 246 28 23 of
263 247 65 23 these
343 248 124 28 branches,
481 248 57 30 they
553 252 41 19 cut
613 248 23 22 in
656 248 42 22 the
717 244 60 24 bark
797 243 27 23 of
833 243 41 22 the
892 246 51 19 tree

94 280 42 24 the
158 280 66 23 word
246 280 69 24 Thau
338 281 93 32 (God).
469 281 86 24 Under
576 281 46 23 this
647 285 51 19 tree
723 280 59 28 they
804 276 138 32 performed

94 314 64 23 their
176 317 63 20 most
256 315 84 22 sacred
359 315 79 22 rites.*
476 315 28 22 In
524 315 91 22 several
634 315 80 30 plants
727 312 112 31 precious
853 311 90 22 virtues

95 355 63 15 were
176 348 120 30 supposed
318 352 25 19 to
364 348 78 23 reside
451 357 6 14 :
485 349 41 22 the
548 348 119 22 mistletoe
686 354 48 16 was
757 346 47 23 had
823 346 23 22 in
865 344 78 31 signal

94 381 103 23 honour.
237 381 70 23 From
326 382 40 22 the
379 382 104 30 scarcity
497 381 28 22 of
535 381 47 22 this
600 381 130 30 parasite,f
746 387 66 16 some
826 379 117 23 botanists

95 415 61 23 have
178 414 157 32 conjectured
360 416 41 22 the
425 414 143 24 Loranthus
589 414 149 31 Europæus,
761 413 79 23 which
865 420 78 24 grows

95 449 74 31 freely
183 458 30 14 on
233 449 41 23 the
292 449 54 26 oak,
361 453 24 19 to
405 449 61 22 have
485 448 60 23 been
567 449 58 22 used
645 448 32 31 by
691 448 40 22 the
751 447 99 23 Druids.
889 447 21 22 It
925 447 18 22 is

95 486 54 20 true
167 483 52 23 that
238 484 46 22 this
302 483 67 30 plant
389 483 18 22 is
428 486 41 19 not
487 486 25 19 to
532 483 29 22 be
582 486 48 19 met
643 482 55 23 with
714 481 91 23 further
818 480 124 23 westward

94 517 58 23 than
164 518 40 22 the
213 517 90 31 garden
313 517 28 23 of
348 516 186 27 Schoenbrunn,
546 524 58 16 near
612 516 109 26 Vienna;
736 516 43 22 but
781 529 32 3 —
815 515 68 22 when
896 522 47 15 was

94 551 95 23 science
202 555 24 19 at
239 559 13 14 a
266 551 47 23 loss
327 551 36 23 for
376 558 29 15 an
420 551 141 30 hypothesis
571 551 10 23 ?
584 563 33 4 —
619 550 47 23 this
680 549 119 31 difficulty
812 549 19 23 is
841 548 101 32 bridged

95 585 31 31 by
149 593 14 14 a
185 585 72 29 really
282 592 57 23 very
361 585 104 29 possible
489 585 109 26 surmise,
621 584 53 23 that
695 584 69 23 when
791 583 40 24 the
854 582 88 23 Bardic

95 618 104 30 worship
213 626 47 14 was
274 621 44 28 put
330 618 79 27 down,
420 625 27 15 or
460 621 81 19 meant
553 621 25 19 to
593 618 59 22 have
667 618 60 22 been
740 625 34 19 so,
788 617 41 23 the
843 616 99 24 Loran-

94 651 56 24 thus
164 660 45 14 was
223 652 135 30 extirpated
372 651 61 23 from
446 651 31 23 all
491 651 69 23 those
573 655 65 26 parts
656 651 28 23 of
695 651 98 30 Europe
808 651 79 22 where
901 650 41 23 the

96 685 93 23 Druids
203 694 61 15 were
277 686 96 22 known.
412 685 127 27 However,
554 685 40 23 the
611 685 104 30 scarcity
729 685 76 22 ofthe
822 684 120 23 mistletoe

96 719 57 23 does
166 724 42 18 not
221 719 97 23 weaken
333 720 29 22 its
375 718 70 24 claim
459 723 25 18 to
496 719 98 23 ancient
612 726 137 19 reverence,
763 718 47 23 and
824 718 10 22 I
848 718 55 22 bow
916 723 26 17 to

96 753 29 22 its
138 753 157 31 prescriptive
306 753 103 31 dignity.
440 752 53 23 The
506 753 117 22 blossoms
637 752 73 24 ofthe
721 752 120 23 mistletoe
852 759 90 24 appear

96 787 83 22 within
193 795 11 14 a
219 786 45 23 few
275 787 60 30 days
349 787 28 22 of
387 787 40 22 the
440 795 106 14 summer
558 786 97 23 solstice
666 796 6 17 ;
689 786 42 23 the
744 786 99 28 berries,
858 785 83 23 within

96 828 14 15 a
123 820 46 23 few
182 821 59 30 days
259 820 28 24 of
300 821 40 23 the
354 820 84 23 winter
450 820 102 23 solstice.
590 820 80 23 These
683 820 146 23 indications
843 819 99 23 marked

96 854 40 23 the
157 857 83 20 return
261 854 28 24 of
307 858 47 19 two
376 853 28 24 of
418 854 40 23 the
478 854 68 23 usual
564 861 96 15 seasons
678 854 37 23 for
733 854 100 29 holding
854 853 88 23 Bardic

97 889 165 22 conventions.
311 888 79 23 When
419 888 41 23 the
484 888 84 23 sacred
593 888 57 22 rites
675 894 62 16 were
762 887 114 27 finished,
901 887 41 23 the

97 921 98 31 Ovydd,
210 922 53 22 who
277 922 78 30 might
367 922 30 22 be
416 929 14 15 a
445 922 134 30 physician,
594 922 58 22 took
665 929 68 23 away
747 922 41 22 the
801 921 91 23 berries
904 920 39 24 for

97 950 127 28 medicinal
244 963 125 23 purposes.
407 955 52 22 The
479 955 119 23 mistletoe
611 963 48 14 was
672 955 23 22 in
710 959 89 18 esteem
820 962 25 15 as
863 962 13 15 a
889 962 53 23 spe-

97 988 54 23 cific
161 989 94 30 against
263 989 102 31 sterility
374 997 27 15 so
413 988 48 24 late
473 997 26 14 as
512 989 41 22 the
567 988 133 32 beginning
713 988 75 23 ofthe
800 988 142 31 eighteenth

97 1026 111 28 century.
245 1022 28 23 In
291 1023 40 22 the
350 1022 156 23 seventeenth
523 1026 104 26 century
640 1022 67 23 Lord
721 1022 83 23 Bacon
819 1022 87 27 writes,
910 1035 33 4 —

123 1055 113 23 Misletoe
257 1056 109 30 groweth
389 1055 88 32 chiefly
499 1064 29 14 on
555 1056 139 26 crab-trees,
716 1055 156 31 apple-trees,
895 1055 47 23 and

97 1090 137 22 sometimes
253 1097 63 23 upon
337 1089 86 27 hazels,
443 1089 47 22 and
510 1089 77 31 rarely
606 1097 65 22 upon
690 1089 67 28 oaks,
773 1089 40 22 the
832 1089 110 23 misletoe

97 1122 110 23 whereof
221 1123 19 22 is
258 1123 105 22 counted
378 1131 56 22 very
448 1123 136 23 medicinal.
621 1123 22 22 It
663 1123 19 22 is
701 1131 142 23 evergreen,
858 1123 85 23 winter

97 1156 47 23 and
164 1164 112 19 summer,
294 1157 47 22 and
361 1156 97 23 beareth
478 1164 15 15 a
511 1156 79 27 white,
605 1156 127 31 glistering
752 1157 69 31 berry
833 1166 6 18 ;
858 1158 47 22 and
925 1157 18 23 it

97 1190 20 22 is
142 1198 13 15 a
179 1190 67 30 plant
269 1190 90 31 utterly
384 1190 111 30 differing
519 1189 63 24 from
607 1191 40 22 the
672 1191 67 29 plant
763 1198 30 15 on
819 1191 81 23 which
925 1191 18 23 it

284 1223 78 24 Shorn
388 1223 28 24 of
433 1225 29 21 its
485 1224 40 23 old
549 1224 115 30 sanctity,
683 1224 42 23 the
749 1224 121 24 mistletoe
894 1224 49 24 still

97 1257 73 30 keeps
190 1259 29 21 its
238 1258 68 30 place
324 1257 28 23 of
368 1257 94 24 honour
481 1258 22 22 in
523 1265 45 16 our
582 1257 134 24 Christmas
732 1257 127 24 festivities
870 1268 6 17 ;
895 1259 48 22 and

98 1291 23 22 in
136 1292 40 22 the
213 1291 54 23 love
429 1299 29 15 on
474 1291 78 23 which
570 1292 18 22 it
605 1292 161 32 approvingly
781 1292 68 23 looks
863 1292 79 28 down,

97 1325 148 23 remembers
257 1325 29 22 its
299 1325 92 31 prolific
404 1325 97 22 virtues.

150 1358 68 22 With
236 1358 108 31 scarcely
358 1358 44 23 less
422 1358 146 24 observance
582 1367 46 14 was
647 1359 41 23 the
706 1359 89 31 selago,
813 1368 27 14 or
853 1359 89 32 hedge-

98 1391 97 32 hyssop,
214 1392 125 31 regarded.
376 1392 68 23 With
464 1397 69 26 great
553 1400 54 16 care
625 1393 48 23 and
692 1402 131 15 reverence
842 1393 41 23 did
903 1394 40 23 the

140 1452 13 12 *
167 1452 113 25 Meyrick's
291 1452 114 24 Costumes,
416 1460 21 19 p.
449 1453 34 19 25.

139 1480 14 22 f
168 1479 20 18 It
198 1480 16 17 is
224 1485 48 19 very
281 1486 94 13 common
385 1486 27 13 on
422 1480 34 20 the
466 1480 39 19 oak
514 1480 21 20 in
546 1480 65 21 South
622 1481 99 21 Carolina.
722 1493 27 3 —
753 1482 161 25 Correspondent
924 1485 18 17 to

98 1506 65 18 Notes
172 1506 42 18 and
225 1507 89 20 Queries.

141 1533 12 24 X
167 1532 79 19 Bohn's
257 1532 34 19 Six
303 1533 125 24 Chronicles,
439 1540 20 18 p.
471 1535 47 22 433,
529 1537 54 17 note.
