<?xml version="1.0" encoding="UTF-8"?>
<alto xmlns:xsi="http://www.w3.org/2001/XMLSchema-instance" xsi:noNamespaceSchemaLocation="http://www.bl.uk/schemas/alto/alto-1-4.xsd" xmlns:xlink="http://www.w3.org/1999/xlink">
	<Description>
		<MeasurementUnit>mm10</MeasurementUnit>
		<sourceImageInformation>
			<fileName>//head1/IN/2008-22/A0011651692/008501.jp2</fileName>
		</sourceImageInformation>
		<OCRProcessing ID="OCRPROCESSING_1">
			<preProcessingStep>
				<processingSoftware>
					<softwareCreator>CCS Content Conversion Specialists GmbH, Germany</softwareCreator>
					<softwareName>CCS docWORKS</softwareName>
					<softwareVersion>6.1-0.67</softwareVersion>
				</processingSoftware>
			</preProcessingStep>
			<ocrProcessingStep>
				<processingSoftware>
					<softwareCreator>ABBYY (BIT Software), Russia</softwareCreator>
					<softwareName>Finereader</softwareName>
				</processingSoftware>
			</ocrProcessingStep>
		</OCRProcessing>
	</Description>
	<Styles>
		<TextStyle ID="TXT_0" FONTSIZE="9" FONTFAMILY="Courier New"/>
		<TextStyle ID="TXT_1" FONTSIZE="10" FONTFAMILY="Courier New"/>
		<ParagraphStyle ID="PAR_RIGHT" ALIGN="Right"/>
		<ParagraphStyle ID="PAR_LEFT" ALIGN="Left"/>
		<ParagraphStyle ID="PAR_CENTER" ALIGN="Center"/>
	</Styles>
	<Layout>
		<Page ID="P113" PHYSICAL_IMG_NR="113" HEIGHT="1619" WIDTH="1023" PRINTED_IMG_NR="99" POSITION="Right" ACCURACY="78.57">
			<TopMargin ID="P113_TM00001" HPOS="0" VPOS="0" WIDTH="1022" HEIGHT="130">
				<TextBlock ID="P113_TB00001" HPOS="397" VPOS="108" WIDTH="294" HEIGHT="19" STYLEREFS="TXT_0 PAR_RIGHT">
					<TextLine ID="P113_TL00001" HPOS="398" VPOS="110" WIDTH="293" HEIGHT="17">
						<String ID="P113_ST00001" HPOS="398" VPOS="110" WIDTH="55" HEIGHT="16" CONTENT="THE" WC="0.75" CC="052"/>
						<SP ID="P113_SP00001" HPOS="453" VPOS="126" WIDTH="14"/>
						<String ID="P113_ST00002" HPOS="467" VPOS="111" WIDTH="91" HEIGHT="16" CONTENT="WELSH" WC="0.71" CC="05503"/>
						<SP ID="P113_SP00002" HPOS="558" VPOS="127" WIDTH="15"/>
						<String ID="P113_ST00003" HPOS="573" VPOS="111" WIDTH="118" HEIGHT="16" CONTENT="CHURCH." WC="0.76" CC="0049002"/>
					</TextLine>
				</TextBlock>
				<TextBlock ID="P113_TB00002" HPOS="930" VPOS="105" WIDTH="32" HEIGHT="23" STYLEREFS="TXT_1 PAR_RIGHT">
					<TextLine ID="P113_TL00002" HPOS="930" VPOS="105" WIDTH="32" HEIGHT="23">
						<String ID="P113_ST00004" HPOS="930" VPOS="105" WIDTH="32" HEIGHT="23" CONTENT="99" WC="1.00" CC="00"/>
					</TextLine>
				</TextBlock>
			</TopMargin>
			<LeftMargin ID="P113_LM00001" HPOS="0" VPOS="130" WIDTH="120" HEIGHT="1406"/>
			<RightMargin ID="P113_RM00001" HPOS="968" VPOS="130" WIDTH="54" HEIGHT="1406"/>
			<BottomMargin ID="P113_BM00001" HPOS="0" VPOS="1536" WIDTH="1022" HEIGHT="82"/>
			<PrintSpace ID="P113_PS00001" HPOS="120" VPOS="130" WIDTH="848" HEIGHT="1406">
				<TextBlock ID="P113_TB00003" HPOS="120" VPOS="165" WIDTH="848" HEIGHT="1309" STYLEREFS="TXT_0 PAR_LEFT">
					<TextLine ID="P113_TL00003" HPOS="122" VPOS="166" WIDTH="842" HEIGHT="36">
						<String ID="P113_ST00005" HPOS="122" VPOS="166" WIDTH="28" HEIGHT="24" CONTENT="of" WC="0.50" CC="09"/>
						<SP ID="P113_SP00003" HPOS="150" VPOS="190" WIDTH="10"/>
						<String ID="P113_ST00006" HPOS="160" VPOS="168" WIDTH="36" HEIGHT="22" CONTENT="his" WC="0.56" CC="741"/>
						<SP ID="P113_SP00004" HPOS="196" VPOS="190" WIDTH="14"/>
						<String ID="P113_ST00007" HPOS="210" VPOS="168" WIDTH="90" HEIGHT="31" CONTENT="having" WC="0.51" CC="705249"/>
						<SP ID="P113_SP00005" HPOS="300" VPOS="199" WIDTH="12"/>
						<String ID="P113_ST00008" HPOS="312" VPOS="168" WIDTH="62" HEIGHT="23" CONTENT="been" WC="1.00" CC="0000"/>
						<SP ID="P113_SP00006" HPOS="374" VPOS="199" WIDTH="13"/>
						<String ID="P113_ST00009" HPOS="387" VPOS="168" WIDTH="123" HEIGHT="32" CONTENT="baptized," WC="0.69" CC="540604060"/>
						<SP ID="P113_SP00007" HPOS="510" VPOS="200" WIDTH="14"/>
						<String ID="P113_ST00010" HPOS="524" VPOS="177" WIDTH="27" HEIGHT="15" CONTENT="or" WC="0.80" CC="03"/>
						<SP ID="P113_SP00008" HPOS="551" VPOS="200" WIDTH="12"/>
						<String ID="P113_ST00011" HPOS="563" VPOS="168" WIDTH="91" HEIGHT="32" CONTENT="having" WC="0.77" CC="700600"/>
						<SP ID="P113_SP00009" HPOS="654" VPOS="200" WIDTH="18"/>
						<String ID="P113_ST00012" HPOS="672" VPOS="168" WIDTH="116" HEIGHT="33" CONTENT="partaken" WC="0.55" CC="90650426"/>
						<SP ID="P113_SP00010" HPOS="788" VPOS="201" WIDTH="15"/>
						<String ID="P113_ST00013" HPOS="803" VPOS="169" WIDTH="28" HEIGHT="23" CONTENT="of" WC="0.67" CC="60"/>
						<SP ID="P113_SP00011" HPOS="831" VPOS="201" WIDTH="11"/>
						<String ID="P113_ST00014" HPOS="842" VPOS="169" WIDTH="41" HEIGHT="24" CONTENT="the" WC="0.94" CC="001"/>
						<SP ID="P113_SP00012" HPOS="883" VPOS="201" WIDTH="13"/>
						<String ID="P113_ST00015" HPOS="896" VPOS="169" WIDTH="68" HEIGHT="33" CONTENT="Holy" WC="0.68" CC="5060"/>
					</TextLine>
					<TextLine ID="P113_TL00004" HPOS="122" VPOS="201" WIDTH="842" HEIGHT="33">
						<String ID="P113_ST00016" HPOS="122" VPOS="201" WIDTH="104" HEIGHT="31" CONTENT="Supper," WC="0.78" CC="0509000"/>
						<SP ID="P113_SP00013" HPOS="226" VPOS="232" WIDTH="13"/>
						<String ID="P113_ST00017" HPOS="239" VPOS="210" WIDTH="26" HEIGHT="14" CONTENT="as" WC="0.68" CC="06"/>
						<SP ID="P113_SP00014" HPOS="265" VPOS="232" WIDTH="13"/>
						<String ID="P113_ST00018" HPOS="278" VPOS="205" WIDTH="24" HEIGHT="19" CONTENT="to" WC="0.72" CC="50"/>
						<SP ID="P113_SP00015" HPOS="302" VPOS="232" WIDTH="15"/>
						<String ID="P113_ST00019" HPOS="317" VPOS="202" WIDTH="106" HEIGHT="31" CONTENT="imagine" WC="0.75" CC="0606201"/>
						<SP ID="P113_SP00016" HPOS="423" VPOS="233" WIDTH="19"/>
						<String ID="P113_ST00020" HPOS="442" VPOS="203" WIDTH="52" HEIGHT="23" CONTENT="that" WC="0.95" CC="0200"/>
						<SP ID="P113_SP00017" HPOS="494" VPOS="233" WIDTH="20"/>
						<String ID="P113_ST00021" HPOS="514" VPOS="203" WIDTH="55" HEIGHT="24" CONTENT="God" WC="0.75" CC="240"/>
						<SP ID="P113_SP00018" HPOS="569" VPOS="233" WIDTH="15"/>
						<String ID="P113_ST00022" HPOS="584" VPOS="203" WIDTH="79" HEIGHT="23" CONTENT="would" WC="0.84" CC="01600"/>
						<SP ID="P113_SP00019" HPOS="663" VPOS="233" WIDTH="19"/>
						<String ID="P113_ST00023" HPOS="682" VPOS="203" WIDTH="99" HEIGHT="31" CONTENT="indulge" WC="0.66" CC="0706530"/>
						<SP ID="P113_SP00020" HPOS="781" VPOS="234" WIDTH="19"/>
						<String ID="P113_ST00024" HPOS="800" VPOS="204" WIDTH="48" HEIGHT="22" CONTENT="him" WC="0.52" CC="607"/>
						<SP ID="P113_SP00021" HPOS="848" VPOS="234" WIDTH="14"/>
						<String ID="P113_ST00025" HPOS="862" VPOS="205" WIDTH="22" HEIGHT="21" CONTENT="in" WC="0.72" CC="05"/>
						<SP ID="P113_SP00022" HPOS="884" VPOS="234" WIDTH="16"/>
						<String ID="P113_ST00026" HPOS="900" VPOS="212" WIDTH="64" HEIGHT="15" CONTENT="com" SUBS_TYPE="HypPart1" SUBS_CONTENT="committing" WC="1.00" CC="0000"/>
						<HYP CONTENT="-"/>
					</TextLine>
					<TextLine ID="P113_TL00005" HPOS="122" VPOS="235" WIDTH="841" HEIGHT="32">
						<String ID="P113_ST00027" HPOS="122" VPOS="235" WIDTH="99" HEIGHT="31" CONTENT="mitting" SUBS_TYPE="HypPart2" SUBS_CONTENT="committing" WC="0.72" CC="6060500"/>
						<SP ID="P113_SP00023" HPOS="221" VPOS="266" WIDTH="12"/>
						<String ID="P113_ST00028" HPOS="233" VPOS="236" WIDTH="36" HEIGHT="22" CONTENT="sin" WC="0.71" CC="602"/>
						<SP ID="P113_SP00024" HPOS="269" VPOS="266" WIDTH="10"/>
						<String ID="P113_ST00029" HPOS="279" VPOS="244" WIDTH="5" HEIGHT="14" CONTENT=":" WC="1.00" CC="0"/>
						<SP ID="P113_SP00025" HPOS="284" VPOS="266" WIDTH="26"/>
						<String ID="P113_ST00030" HPOS="310" VPOS="236" WIDTH="39" HEIGHT="23" CONTENT="the" WC="1.00" CC="000"/>
						<SP ID="P113_SP00026" HPOS="349" VPOS="266" WIDTH="15"/>
						<String ID="P113_ST00031" HPOS="364" VPOS="236" WIDTH="103" HEIGHT="31" CONTENT="Apostle" WC="0.84" CC="0005050"/>
						<SP ID="P113_SP00027" HPOS="467" VPOS="267" WIDTH="19"/>
						<String ID="P113_ST00032" HPOS="486" VPOS="237" WIDTH="83" HEIGHT="30" CONTENT="brings" WC="0.85" CC="005101"/>
						<SP ID="P113_SP00028" HPOS="569" VPOS="267" WIDTH="17"/>
						<String ID="P113_ST00033" HPOS="586" VPOS="236" WIDTH="105" HEIGHT="24" CONTENT="forward" WC="0.85" CC="0050050"/>
						<SP ID="P113_SP00029" HPOS="691" VPOS="267" WIDTH="18"/>
						<String ID="P113_ST00034" HPOS="709" VPOS="238" WIDTH="48" HEIGHT="22" CONTENT="this" WC="0.60" CC="0716"/>
						<SP ID="P113_SP00030" HPOS="757" VPOS="267" WIDTH="17"/>
						<String ID="P113_ST00035" HPOS="774" VPOS="238" WIDTH="110" HEIGHT="29" CONTENT="example" WC="0.60" CC="6087050"/>
						<SP ID="P113_SP00031" HPOS="884" VPOS="267" WIDTH="18"/>
						<String ID="P113_ST00036" HPOS="902" VPOS="237" WIDTH="61" HEIGHT="24" CONTENT="from" WC="0.67" CC="0237"/>
					</TextLine>
					<TextLine ID="P113_TL00006" HPOS="121" VPOS="268" WIDTH="844" HEIGHT="33">
						<String ID="P113_ST00037" HPOS="121" VPOS="269" WIDTH="41" HEIGHT="23" CONTENT="the" WC="0.77" CC="600"/>
						<SP ID="P113_SP00032" HPOS="162" VPOS="292" WIDTH="15"/>
						<String ID="P113_ST00038" HPOS="177" VPOS="268" WIDTH="108" HEIGHT="28" CONTENT="Fathers," WC="0.86" CC="00500230"/>
						<SP ID="P113_SP00033" HPOS="285" VPOS="296" WIDTH="12"/>
						<String ID="P113_ST00039" HPOS="297" VPOS="272" WIDTH="24" HEIGHT="21" CONTENT="to" WC="0.64" CC="15"/>
						<SP ID="P113_SP00034" HPOS="321" VPOS="296" WIDTH="13"/>
						<String ID="P113_ST00040" HPOS="334" VPOS="270" WIDTH="65" HEIGHT="22" CONTENT="show" WC="0.77" CC="5300"/>
						<SP ID="P113_SP00035" HPOS="399" VPOS="296" WIDTH="15"/>
						<String ID="P113_ST00041" HPOS="414" VPOS="271" WIDTH="31" HEIGHT="30" CONTENT="by" WC="0.63" CC="70"/>
						<SP ID="P113_SP00036" HPOS="445" VPOS="301" WIDTH="11"/>
						<String ID="P113_ST00042" HPOS="456" VPOS="270" WIDTH="19" HEIGHT="23" CONTENT="it" WC="0.92" CC="10"/>
						<SP ID="P113_SP00037" HPOS="475" VPOS="301" WIDTH="12"/>
						<String ID="P113_ST00043" HPOS="487" VPOS="271" WIDTH="52" HEIGHT="22" CONTENT="that" WC="0.79" CC="4003"/>
						<SP ID="P113_SP00038" HPOS="539" VPOS="301" WIDTH="13"/>
						<String ID="P113_ST00044" HPOS="552" VPOS="270" WIDTH="67" HEIGHT="23" CONTENT="those" WC="0.74" CC="06060"/>
						<SP ID="P113_SP00039" HPOS="619" VPOS="301" WIDTH="14"/>
						<String ID="P113_ST00045" HPOS="633" VPOS="271" WIDTH="57" HEIGHT="22" CONTENT="rites" WC="0.82" CC="30500"/>
						<SP ID="P113_SP00040" HPOS="690" VPOS="301" WIDTH="13"/>
						<String ID="P113_ST00046" HPOS="703" VPOS="271" WIDTH="48" HEIGHT="22" CONTENT="will" WC="0.67" CC="8300"/>
						<SP ID="P113_SP00041" HPOS="751" VPOS="301" WIDTH="12"/>
						<String ID="P113_ST00047" HPOS="763" VPOS="271" WIDTH="87" HEIGHT="23" CONTENT="indeed" WC="0.72" CC="760300"/>
						<SP ID="P113_SP00042" HPOS="850" VPOS="301" WIDTH="14"/>
						<String ID="P113_ST00048" HPOS="864" VPOS="272" WIDTH="56" HEIGHT="22" CONTENT="then" WC="0.72" CC="5401"/>
						<SP ID="P113_SP00043" HPOS="920" VPOS="301" WIDTH="14"/>
						<String ID="P113_ST00049" HPOS="934" VPOS="272" WIDTH="31" HEIGHT="23" CONTENT="be" WC="1.00" CC="00"/>
					</TextLine>
					<TextLine ID="P113_TL00007" HPOS="122" VPOS="302" WIDTH="843" HEIGHT="34">
						<String ID="P113_ST00050" HPOS="122" VPOS="302" WIDTH="64" HEIGHT="31" CONTENT="truly" WC="0.91" CC="00040"/>
						<SP ID="P113_SP00044" HPOS="186" VPOS="333" WIDTH="13"/>
						<String ID="P113_ST00051" HPOS="199" VPOS="303" WIDTH="127" HEIGHT="30" CONTENT="profitable" WC="0.78" CC="0057700010"/>
						<SP ID="P113_SP00045" HPOS="326" VPOS="333" WIDTH="18"/>
						<String ID="P113_ST00052" HPOS="344" VPOS="304" WIDTH="68" HEIGHT="23" CONTENT="when" WC="0.85" CC="0005"/>
						<SP ID="P113_SP00046" HPOS="412" VPOS="333" WIDTH="19"/>
						<String ID="P113_ST00053" HPOS="431" VPOS="304" WIDTH="40" HEIGHT="23" CONTENT="the" WC="0.92" CC="020"/>
						<SP ID="P113_SP00047" HPOS="471" VPOS="333" WIDTH="18"/>
						<String ID="P113_ST00054" HPOS="489" VPOS="305" WIDTH="207" HEIGHT="23" CONTENT="commandments" WC="0.76" CC="007005050332"/>
						<SP ID="P113_SP00048" HPOS="696" VPOS="333" WIDTH="16"/>
						<String ID="P113_ST00055" HPOS="712" VPOS="312" WIDTH="40" HEIGHT="16" CONTENT="are" WC="0.94" CC="010"/>
						<SP ID="P113_SP00049" HPOS="752" VPOS="333" WIDTH="19"/>
						<String ID="P113_ST00056" HPOS="771" VPOS="304" WIDTH="120" HEIGHT="32" CONTENT='obeyed."' WC="0.84" CC="05005001"/>
						<SP ID="P113_SP00050" HPOS="891" VPOS="336" WIDTH="37"/>
						<String ID="P113_ST00057" HPOS="928" VPOS="305" WIDTH="37" HEIGHT="23" CONTENT="To" WC="0.60" CC="07"/>
					</TextLine>
					<TextLine ID="P113_TL00008" HPOS="122" VPOS="336" WIDTH="843" HEIGHT="33">
						<String ID="P113_ST00058" HPOS="122" VPOS="344" WIDTH="44" HEIGHT="15" CONTENT="use" WC="1.00" CC="000"/>
						<SP ID="P113_SP00051" HPOS="166" VPOS="359" WIDTH="12"/>
						<String ID="P113_ST00059" HPOS="178" VPOS="337" WIDTH="42" HEIGHT="22" CONTENT="the" WC="0.57" CC="066"/>
						<SP ID="P113_SP00052" HPOS="220" VPOS="359" WIDTH="15"/>
						<String ID="P113_ST00060" HPOS="235" VPOS="336" WIDTH="153" HEIGHT="24" CONTENT="Sacraments" WC="0.77" CC="1004030255"/>
						<SP ID="P113_SP00053" HPOS="388" VPOS="360" WIDTH="12"/>
						<String ID="P113_ST00061" HPOS="400" VPOS="345" WIDTH="26" HEIGHT="16" CONTENT="as" WC="1.00" CC="00"/>
						<SP ID="P113_SP00054" HPOS="426" VPOS="361" WIDTH="13"/>
						<String ID="P113_ST00062" HPOS="439" VPOS="338" WIDTH="102" HEIGHT="26" CONTENT="charms," WC="0.86" CC="0006020"/>
						<SP ID="P113_SP00055" HPOS="541" VPOS="364" WIDTH="14"/>
						<String ID="P113_ST00063" HPOS="555" VPOS="338" WIDTH="47" HEIGHT="23" CONTENT="and" WC="0.92" CC="020"/>
						<SP ID="P113_SP00056" HPOS="602" VPOS="364" WIDTH="20"/>
						<String ID="P113_ST00064" HPOS="622" VPOS="342" WIDTH="24" HEIGHT="19" CONTENT="to" WC="0.76" CC="40"/>
						<SP ID="P113_SP00057" HPOS="646" VPOS="364" WIDTH="13"/>
						<String ID="P113_ST00065" HPOS="659" VPOS="346" WIDTH="43" HEIGHT="15" CONTENT="use" WC="0.68" CC="530"/>
						<SP ID="P113_SP00058" HPOS="702" VPOS="364" WIDTH="15"/>
						<String ID="P113_ST00066" HPOS="717" VPOS="339" WIDTH="65" HEIGHT="22" CONTENT="them" WC="0.94" CC="0002"/>
						<SP ID="P113_SP00059" HPOS="782" VPOS="364" WIDTH="14"/>
						<String ID="P113_ST00067" HPOS="796" VPOS="346" WIDTH="24" HEIGHT="15" CONTENT="as" WC="0.59" CC="16"/>
						<SP ID="P113_SP00060" HPOS="820" VPOS="364" WIDTH="14"/>
						<String ID="P113_ST00068" HPOS="834" VPOS="339" WIDTH="131" HEIGHT="30" CONTENT="appointed" WC="0.93" CC="000006000"/>
					</TextLine>
					<TextLine ID="P113_TL00009" HPOS="123" VPOS="370" WIDTH="842" HEIGHT="32">
						<String ID="P113_ST00069" HPOS="123" VPOS="377" WIDTH="83" HEIGHT="16" CONTENT="means" WC="0.68" CC="90006"/>
						<SP ID="P113_SP00061" HPOS="206" VPOS="393" WIDTH="19"/>
						<String ID="P113_ST00070" HPOS="225" VPOS="370" WIDTH="27" HEIGHT="23" CONTENT="of" WC="0.67" CC="06"/>
						<SP ID="P113_SP00062" HPOS="252" VPOS="393" WIDTH="13"/>
						<String ID="P113_ST00071" HPOS="265" VPOS="378" WIDTH="81" HEIGHT="23" CONTENT="grace," WC="0.85" CC="003202"/>
						<SP ID="P113_SP00063" HPOS="346" VPOS="401" WIDTH="13"/>
						<String ID="P113_ST00072" HPOS="359" VPOS="378" WIDTH="40" HEIGHT="16" CONTENT="are" WC="1.00" CC="000"/>
						<SP ID="P113_SP00064" HPOS="399" VPOS="401" WIDTH="21"/>
						<String ID="P113_ST00073" HPOS="420" VPOS="378" WIDTH="56" HEIGHT="24" CONTENT="very" WC="0.82" CC="0150"/>
						<SP ID="P113_SP00065" HPOS="476" VPOS="402" WIDTH="14"/>
						<String ID="P113_ST00074" HPOS="490" VPOS="372" WIDTH="112" HEIGHT="22" CONTENT="different" WC="0.95" CC="000002020"/>
						<SP ID="P113_SP00066" HPOS="602" VPOS="402" WIDTH="16"/>
						<String ID="P113_ST00075" HPOS="618" VPOS="372" WIDTH="81" HEIGHT="30" CONTENT="things" WC="0.57" CC="047706"/>
						<String ID="P113_ST00076" HPOS="708" VPOS="382" WIDTH="5" HEIGHT="17" CONTENT=";" WC="0.73" CC="2"/>
						<SP ID="P113_SP00067" HPOS="713" VPOS="402" WIDTH="20"/>
						<String ID="P113_ST00077" HPOS="733" VPOS="372" WIDTH="47" HEIGHT="22" CONTENT="and" WC="0.85" CC="040"/>
						<SP ID="P113_SP00068" HPOS="780" VPOS="402" WIDTH="14"/>
						<String ID="P113_ST00078" HPOS="794" VPOS="372" WIDTH="117" HEIGHT="30" CONTENT="certainly" WC="0.82" CC="002020009"/>
						<SP ID="P113_SP00069" HPOS="911" VPOS="402" WIDTH="13"/>
						<String ID="P113_ST00079" HPOS="924" VPOS="372" WIDTH="41" HEIGHT="23" CONTENT="the" WC="1.00" CC="000"/>
					</TextLine>
					<TextLine ID="P113_TL00010" HPOS="125" VPOS="403" WIDTH="840" HEIGHT="34">
						<String ID="P113_ST00080" HPOS="125" VPOS="403" WIDTH="167" HEIGHT="24" CONTENT="Sacramental" WC="0.62" CC="09041043356"/>
						<SP ID="P113_SP00070" HPOS="292" VPOS="427" WIDTH="13"/>
						<String ID="P113_ST00081" HPOS="305" VPOS="408" WIDTH="97" HEIGHT="27" CONTENT="system," WC="0.89" CC="5020000"/>
						<SP ID="P113_SP00071" HPOS="402" VPOS="435" WIDTH="15"/>
						<String ID="P113_ST00082" HPOS="417" VPOS="413" WIDTH="25" HEIGHT="14" CONTENT="as" WC="0.83" CC="03"/>
						<SP ID="P113_SP00072" HPOS="442" VPOS="435" WIDTH="13"/>
						<String ID="P113_ST00083" HPOS="455" VPOS="405" WIDTH="98" HEIGHT="22" CONTENT="worked" WC="0.90" CC="002030"/>
						<SP ID="P113_SP00073" HPOS="553" VPOS="435" WIDTH="13"/>
						<String ID="P113_ST00084" HPOS="566" VPOS="409" WIDTH="25" HEIGHT="18" CONTENT="at" WC="0.04" CC="99"/>
						<SP ID="P113_SP00074" HPOS="591" VPOS="435" WIDTH="17"/>
						<String ID="P113_ST00085" HPOS="608" VPOS="405" WIDTH="39" HEIGHT="22" CONTENT="the" WC="0.76" CC="150"/>
						<SP ID="P113_SP00075" HPOS="647" VPOS="435" WIDTH="19"/>
						<String ID="P113_ST00086" HPOS="666" VPOS="409" WIDTH="96" HEIGHT="27" CONTENT="present" WC="0.90" CC="0001050"/>
						<SP ID="P113_SP00076" HPOS="762" VPOS="436" WIDTH="17"/>
						<String ID="P113_ST00087" HPOS="779" VPOS="405" WIDTH="53" HEIGHT="32" CONTENT="day," WC="0.98" CC="0000"/>
						<SP ID="P113_SP00077" HPOS="832" VPOS="437" WIDTH="14"/>
						<String ID="P113_ST00088" HPOS="846" VPOS="405" WIDTH="82" HEIGHT="23" CONTENT="stands" WC="0.60" CC="710806"/>
						<SP ID="P113_SP00078" HPOS="928" VPOS="437" WIDTH="12"/>
						<String ID="P113_ST00089" HPOS="940" VPOS="405" WIDTH="25" HEIGHT="23" CONTENT="in" WC="0.60" CC="25"/>
					</TextLine>
					<TextLine ID="P113_TL00011" HPOS="123" VPOS="438" WIDTH="842" HEIGHT="32">
						<String ID="P113_ST00090" HPOS="123" VPOS="445" WIDTH="59" HEIGHT="23" CONTENT="very" WC="0.89" CC="4000"/>
						<SP ID="P113_SP00079" HPOS="182" VPOS="468" WIDTH="19"/>
						<String ID="P113_ST00091" HPOS="201" VPOS="438" WIDTH="142" HEIGHT="22" CONTENT="favourable" WC="0.98" CC="0000000010"/>
						<SP ID="P113_SP00080" HPOS="343" VPOS="468" WIDTH="19"/>
						<String ID="P113_ST00092" HPOS="362" VPOS="442" WIDTH="108" HEIGHT="19" CONTENT="contrast" WC="0.74" CC="00442053"/>
						<SP ID="P113_SP00081" HPOS="470" VPOS="468" WIDTH="17"/>
						<String ID="P113_ST00093" HPOS="487" VPOS="442" WIDTH="25" HEIGHT="19" CONTENT="to" WC="1.00" CC="00"/>
						<SP ID="P113_SP00082" HPOS="512" VPOS="468" WIDTH="20"/>
						<String ID="P113_ST00094" HPOS="532" VPOS="439" WIDTH="41" HEIGHT="22" CONTENT="the" WC="0.77" CC="060"/>
						<SP ID="P113_SP00083" HPOS="573" VPOS="468" WIDTH="19"/>
						<String ID="P113_ST00095" HPOS="592" VPOS="438" WIDTH="109" HEIGHT="31" CONTENT="working" WC="0.88" CC="0020050"/>
						<SP ID="P113_SP00084" HPOS="701" VPOS="469" WIDTH="18"/>
						<String ID="P113_ST00096" HPOS="719" VPOS="438" WIDTH="27" HEIGHT="23" CONTENT="of" WC="0.98" CC="00"/>
						<SP ID="P113_SP00085" HPOS="746" VPOS="469" WIDTH="16"/>
						<String ID="P113_ST00097" HPOS="762" VPOS="439" WIDTH="53" HEIGHT="22" CONTENT="that" WC="0.84" CC="0600"/>
						<SP ID="P113_SP00086" HPOS="815" VPOS="469" WIDTH="18"/>
						<String ID="P113_ST00098" HPOS="833" VPOS="443" WIDTH="88" HEIGHT="27" CONTENT="system" WC="0.60" CC="606009"/>
						<SP ID="P113_SP00087" HPOS="921" VPOS="470" WIDTH="19"/>
						<String ID="P113_ST00099" HPOS="940" VPOS="439" WIDTH="25" HEIGHT="22" CONTENT="in" WC="0.50" CC="45"/>
					</TextLine>
					<TextLine ID="P113_TL00012" HPOS="124" VPOS="471" WIDTH="842" HEIGHT="32">
						<String ID="P113_ST00100" HPOS="124" VPOS="471" WIDTH="42" HEIGHT="22" CONTENT="the" WC="0.63" CC="640"/>
						<SP ID="P113_SP00088" HPOS="166" VPOS="493" WIDTH="22"/>
						<String ID="P113_ST00101" HPOS="188" VPOS="471" WIDTH="60" HEIGHT="31" CONTENT="days" WC="1.00" CC="0000"/>
						<SP ID="P113_SP00089" HPOS="248" VPOS="502" WIDTH="18"/>
						<String ID="P113_ST00102" HPOS="266" VPOS="471" WIDTH="28" HEIGHT="23" CONTENT="of" WC="1.00" CC="00"/>
						<SP ID="P113_SP00090" HPOS="294" VPOS="502" WIDTH="16"/>
						<String ID="P113_ST00103" HPOS="310" VPOS="471" WIDTH="121" HEIGHT="32" CONTENT="Pelagius." WC="0.68" CC="606570200"/>
						<SP ID="P113_SP00091" HPOS="431" VPOS="503" WIDTH="44"/>
						<String ID="P113_ST00104" HPOS="475" VPOS="471" WIDTH="40" HEIGHT="23" CONTENT="He" WC="0.68" CC="60"/>
						<SP ID="P113_SP00092" HPOS="515" VPOS="503" WIDTH="21"/>
						<String ID="P113_ST00105" HPOS="536" VPOS="471" WIDTH="74" HEIGHT="31" CONTENT="really" WC="0.57" CC="500649"/>
						<SP ID="P113_SP00093" HPOS="610" VPOS="503" WIDTH="22"/>
						<String ID="P113_ST00106" HPOS="632" VPOS="472" WIDTH="120" HEIGHT="31" CONTENT="imagined" WC="0.77" CC="02080600"/>
						<SP ID="P113_SP00094" HPOS="752" VPOS="503" WIDTH="20"/>
						<String ID="P113_ST00107" HPOS="772" VPOS="472" WIDTH="51" HEIGHT="22" CONTENT="that" WC="0.54" CC="5705"/>
						<SP ID="P113_SP00095" HPOS="823" VPOS="503" WIDTH="22"/>
						<String ID="P113_ST00108" HPOS="845" VPOS="473" WIDTH="35" HEIGHT="21" CONTENT="his" WC="0.53" CC="607"/>
						<SP ID="P113_SP00096" HPOS="880" VPOS="503" WIDTH="20"/>
						<String ID="P113_ST00109" HPOS="900" VPOS="473" WIDTH="66" HEIGHT="30" CONTENT="prin" SUBS_TYPE="HypPart1" SUBS_CONTENT="principles" WC="0.63" CC="05650"/>
						<HYP CONTENT="-"/>
					</TextLine>
					<TextLine ID="P113_TL00013" HPOS="124" VPOS="504" WIDTH="841" HEIGHT="32">
						<String ID="P113_ST00110" HPOS="124" VPOS="504" WIDTH="75" HEIGHT="31" CONTENT="ciples" SUBS_TYPE="HypPart2" SUBS_CONTENT="principles" WC="0.70" CC="037006"/>
						<SP ID="P113_SP00097" HPOS="199" VPOS="535" WIDTH="13"/>
						<String ID="P113_ST00111" HPOS="212" VPOS="505" WIDTH="73" HEIGHT="23" CONTENT="could" WC="0.94" CC="00030"/>
						<SP ID="P113_SP00098" HPOS="285" VPOS="535" WIDTH="14"/>
						<String ID="P113_ST00112" HPOS="299" VPOS="505" WIDTH="29" HEIGHT="23" CONTENT="be" WC="1.00" CC="00"/>
						<SP ID="P113_SP00099" HPOS="328" VPOS="535" WIDTH="10"/>
						<String ID="P113_ST00113" HPOS="338" VPOS="505" WIDTH="113" HEIGHT="23" CONTENT="confined" WC="0.82" CC="05800000"/>
						<SP ID="P113_SP00100" HPOS="451" VPOS="535" WIDTH="13"/>
						<String ID="P113_ST00114" HPOS="464" VPOS="508" WIDTH="23" HEIGHT="20" CONTENT="to" WC="0.83" CC="20"/>
						<SP ID="P113_SP00101" HPOS="487" VPOS="535" WIDTH="12"/>
						<String ID="P113_ST00115" HPOS="499" VPOS="505" WIDTH="40" HEIGHT="23" CONTENT="the" WC="0.64" CC="370"/>
						<SP ID="P113_SP00102" HPOS="539" VPOS="535" WIDTH="10"/>
						<String ID="P113_ST00116" HPOS="549" VPOS="506" WIDTH="86" HEIGHT="30" CONTENT="sphere" WC="0.75" CC="606010"/>
						<SP ID="P113_SP00103" HPOS="635" VPOS="536" WIDTH="13"/>
						<String ID="P113_ST00117" HPOS="648" VPOS="505" WIDTH="27" HEIGHT="23" CONTENT="of" WC="0.85" CC="02"/>
						<SP ID="P113_SP00104" HPOS="675" VPOS="536" WIDTH="6"/>
						<String ID="P113_ST00118" HPOS="681" VPOS="505" WIDTH="122" HEIGHT="31" CONTENT="operation" WC="0.80" CC="000523031"/>
						<SP ID="P113_SP00105" HPOS="803" VPOS="536" WIDTH="11"/>
						<String ID="P113_ST00119" HPOS="814" VPOS="505" WIDTH="29" HEIGHT="23" CONTENT="he" WC="0.64" CC="07"/>
						<SP ID="P113_SP00106" HPOS="843" VPOS="536" WIDTH="10"/>
						<String ID="P113_ST00120" HPOS="853" VPOS="505" WIDTH="112" HEIGHT="31" CONTENT="assigned" WC="0.78" CC="05710200"/>
					</TextLine>
					<TextLine ID="P113_TL00014" HPOS="123" VPOS="538" WIDTH="844" HEIGHT="32">
						<String ID="P113_ST00121" HPOS="123" VPOS="538" WIDTH="76" HEIGHT="27" CONTENT="them," WC="0.87" CC="06000"/>
						<SP ID="P113_SP00107" HPOS="199" VPOS="565" WIDTH="22"/>
						<String ID="P113_ST00122" HPOS="221" VPOS="538" WIDTH="44" HEIGHT="23" CONTENT="but" WC="0.61" CC="730"/>
						<SP ID="P113_SP00108" HPOS="265" VPOS="565" WIDTH="22"/>
						<String ID="P113_ST00123" HPOS="287" VPOS="539" WIDTH="82" HEIGHT="23" CONTENT="others" WC="0.69" CC="023056"/>
						<SP ID="P113_SP00109" HPOS="369" VPOS="565" WIDTH="20"/>
						<String ID="P113_ST00124" HPOS="389" VPOS="547" WIDTH="48" HEIGHT="14" CONTENT="saw" WC="0.45" CC="609"/>
						<SP ID="P113_SP00110" HPOS="437" VPOS="565" WIDTH="22"/>
						<String ID="P113_ST00125" HPOS="459" VPOS="539" WIDTH="89" HEIGHT="30" CONTENT="clearly" WC="0.78" CC="0500450"/>
						<SP ID="P113_SP00111" HPOS="548" VPOS="569" WIDTH="21"/>
						<String ID="P113_ST00126" HPOS="569" VPOS="539" WIDTH="97" HEIGHT="30" CONTENT="enough" WC="0.77" CC="030090"/>
						<SP ID="P113_SP00112" HPOS="666" VPOS="569" WIDTH="22"/>
						<String ID="P113_ST00127" HPOS="688" VPOS="539" WIDTH="53" HEIGHT="22" CONTENT="that" WC="0.70" CC="1036"/>
						<SP ID="P113_SP00113" HPOS="741" VPOS="569" WIDTH="23"/>
						<String ID="P113_ST00128" HPOS="764" VPOS="539" WIDTH="58" HEIGHT="31" CONTENT="they" WC="0.71" CC="0109"/>
						<SP ID="P113_SP00114" HPOS="822" VPOS="570" WIDTH="20"/>
						<String ID="P113_ST00129" HPOS="842" VPOS="543" WIDTH="64" HEIGHT="18" CONTENT="went" WC="0.79" CC="0080"/>
						<SP ID="P113_SP00115" HPOS="906" VPOS="570" WIDTH="23"/>
						<String ID="P113_ST00130" HPOS="929" VPOS="539" WIDTH="38" HEIGHT="23" CONTENT="far" WC="0.82" CC="005"/>
					</TextLine>
					<TextLine ID="P113_TL00015" HPOS="124" VPOS="571" WIDTH="844" HEIGHT="32">
						<String ID="P113_ST00131" HPOS="124" VPOS="571" WIDTH="98" HEIGHT="31" CONTENT="beyond" WC="0.63" CC="409070"/>
						<SP ID="P113_SP00116" HPOS="222" VPOS="602" WIDTH="14"/>
						<String ID="P113_ST00132" HPOS="236" VPOS="572" WIDTH="59" HEIGHT="27" CONTENT="that," WC="0.98" CC="00000"/>
						<String ID="P113_ST00133" HPOS="298" VPOS="587" WIDTH="34" HEIGHT="3" CONTENT="—" WC="0.20" CC="8"/>
						<String ID="P113_ST00134" HPOS="333" VPOS="572" WIDTH="59" HEIGHT="26" CONTENT="that," WC="0.70" CC="26050"/>
						<SP ID="P113_SP00117" HPOS="392" VPOS="602" WIDTH="18"/>
						<String ID="P113_ST00135" HPOS="410" VPOS="573" WIDTH="24" HEIGHT="22" CONTENT="in" WC="0.77" CC="04"/>
						<SP ID="P113_SP00118" HPOS="434" VPOS="602" WIDTH="19"/>
						<String ID="P113_ST00136" HPOS="453" VPOS="571" WIDTH="57" HEIGHT="28" CONTENT="fact," WC="0.77" CC="10224"/>
						<SP ID="P113_SP00119" HPOS="510" VPOS="602" WIDTH="14"/>
						<String ID="P113_ST00137" HPOS="524" VPOS="573" WIDTH="58" HEIGHT="30" CONTENT="they" WC="0.93" CC="0200"/>
						<SP ID="P113_SP00120" HPOS="582" VPOS="603" WIDTH="13"/>
						<String ID="P113_ST00138" HPOS="595" VPOS="573" WIDTH="69" HEIGHT="22" CONTENT="made" WC="1.00" CC="0000"/>
						<SP ID="P113_SP00121" HPOS="664" VPOS="603" WIDTH="14"/>
						<String ID="P113_ST00139" HPOS="678" VPOS="572" WIDTH="40" HEIGHT="23" CONTENT="the" WC="0.92" CC="020"/>
						<SP ID="P113_SP00122" HPOS="718" VPOS="603" WIDTH="13"/>
						<String ID="P113_ST00140" HPOS="731" VPOS="580" WIDTH="64" HEIGHT="15" CONTENT="cross" WC="0.71" CC="02056"/>
						<SP ID="P113_SP00123" HPOS="795" VPOS="603" WIDTH="13"/>
						<String ID="P113_ST00141" HPOS="808" VPOS="571" WIDTH="29" HEIGHT="23" CONTENT="of" WC="0.92" CC="10"/>
						<SP ID="P113_SP00124" HPOS="837" VPOS="603" WIDTH="10"/>
						<String ID="P113_ST00142" HPOS="847" VPOS="572" WIDTH="81" HEIGHT="23" CONTENT="Christ" WC="0.66" CC="070434"/>
						<SP ID="P113_SP00125" HPOS="928" VPOS="603" WIDTH="13"/>
						<String ID="P113_ST00143" HPOS="941" VPOS="572" WIDTH="27" HEIGHT="24" CONTENT="of" WC="0.59" CC="07"/>
					</TextLine>
					<TextLine ID="P113_TL00016" HPOS="122" VPOS="605" WIDTH="845" HEIGHT="32">
						<String ID="P113_ST00144" HPOS="122" VPOS="612" WIDTH="66" HEIGHT="16" CONTENT="none" WC="0.69" CC="4520"/>
						<SP ID="P113_SP00126" HPOS="188" VPOS="628" WIDTH="17"/>
						<String ID="P113_ST00145" HPOS="205" VPOS="606" WIDTH="85" HEIGHT="25" CONTENT="effect;" WC="0.93" CC="0000050"/>
						<SP ID="P113_SP00127" HPOS="290" VPOS="631" WIDTH="24"/>
						<String ID="P113_ST00146" HPOS="314" VPOS="606" WIDTH="46" HEIGHT="22" CONTENT="and" WC="0.78" CC="060"/>
						<SP ID="P113_SP00128" HPOS="360" VPOS="631" WIDTH="16"/>
						<String ID="P113_ST00147" HPOS="376" VPOS="606" WIDTH="74" HEIGHT="23" CONTENT="hence" WC="0.95" CC="20000"/>
						<SP ID="P113_SP00129" HPOS="450" VPOS="631" WIDTH="14"/>
						<String ID="P113_ST00148" HPOS="464" VPOS="606" WIDTH="40" HEIGHT="22" CONTENT="the" WC="0.60" CC="560"/>
						<SP ID="P113_SP00130" HPOS="504" VPOS="631" WIDTH="13"/>
						<String ID="P113_ST00149" HPOS="517" VPOS="606" WIDTH="85" HEIGHT="27" CONTENT="active," WC="0.81" CC="0040502"/>
						<SP ID="P113_SP00131" HPOS="602" VPOS="633" WIDTH="15"/>
						<String ID="P113_ST00150" HPOS="617" VPOS="605" WIDTH="111" HEIGHT="27" CONTENT="resolute," WC="0.91" CC="000000510"/>
						<SP ID="P113_SP00132" HPOS="728" VPOS="633" WIDTH="14"/>
						<String ID="P113_ST00151" HPOS="742" VPOS="606" WIDTH="225" HEIGHT="31" CONTENT="uncompromising" WC="0.73" CC="06005000437009"/>
					</TextLine>
					<TextLine ID="P113_TL00017" HPOS="124" VPOS="639" WIDTH="842" HEIGHT="31">
						<String ID="P113_ST00152" HPOS="124" VPOS="639" WIDTH="138" HEIGHT="30" CONTENT="opposition" WC="0.84" CC="4004230000"/>
						<SP ID="P113_SP00133" HPOS="262" VPOS="669" WIDTH="20"/>
						<String ID="P113_ST00153" HPOS="282" VPOS="639" WIDTH="50" HEIGHT="23" CONTENT="that" WC="0.74" CC="1403"/>
						<SP ID="P113_SP00134" HPOS="332" VPOS="669" WIDTH="20"/>
						<String ID="P113_ST00154" HPOS="352" VPOS="643" WIDTH="35" HEIGHT="19" CONTENT="set" WC="0.50" CC="473"/>
						<SP ID="P113_SP00135" HPOS="387" VPOS="669" WIDTH="19"/>
						<String ID="P113_ST00155" HPOS="406" VPOS="640" WIDTH="24" HEIGHT="21" CONTENT="in" WC="0.88" CC="02"/>
						<SP ID="P113_SP00136" HPOS="430" VPOS="669" WIDTH="19"/>
						<String ID="P113_ST00156" HPOS="449" VPOS="640" WIDTH="94" HEIGHT="30" CONTENT="against" WC="0.80" CC="6001500"/>
						<SP ID="P113_SP00137" HPOS="543" VPOS="670" WIDTH="17"/>
						<String ID="P113_ST00157" HPOS="560" VPOS="640" WIDTH="73" HEIGHT="22" CONTENT="them." WC="0.84" CC="01060"/>
						<SP ID="P113_SP00138" HPOS="633" VPOS="670" WIDTH="37"/>
						<String ID="P113_ST00158" HPOS="670" VPOS="642" WIDTH="14" HEIGHT="10" CONTENT='"' WC="1.00" CC="0"/>
						<SP ID="P113_SP00139" HPOS="684" VPOS="670" WIDTH="11"/>
						<String ID="P113_ST00159" HPOS="695" VPOS="639" WIDTH="66" HEIGHT="23" CONTENT="That" WC="0.86" CC="0500"/>
						<SP ID="P113_SP00140" HPOS="761" VPOS="670" WIDTH="18"/>
						<String ID="P113_ST00160" HPOS="779" VPOS="639" WIDTH="109" HEIGHT="23" CONTENT="doctrine" WC="0.79" CC="01064030"/>
						<SP ID="P113_SP00141" HPOS="888" VPOS="670" WIDTH="21"/>
						<String ID="P113_ST00161" HPOS="909" VPOS="647" WIDTH="57" HEIGHT="15" CONTENT="con" SUBS_TYPE="HypPart1" SUBS_CONTENT="conquered" WC="0.71" CC="0380"/>
						<HYP CONTENT="-"/>
					</TextLine>
					<TextLine ID="P113_TL00018" HPOS="122" VPOS="672" WIDTH="844" HEIGHT="31">
						<String ID="P113_ST00162" HPOS="122" VPOS="673" WIDTH="93" HEIGHT="30" CONTENT="quered" SUBS_TYPE="HypPart2" SUBS_CONTENT="conquered" WC="0.66" CC="820250"/>
						<SP ID="P113_SP00142" HPOS="215" VPOS="703" WIDTH="22"/>
						<String ID="P113_ST00163" HPOS="237" VPOS="673" WIDTH="78" HEIGHT="23" CONTENT="which" WC="0.78" CC="06040"/>
						<SP ID="P113_SP00143" HPOS="315" VPOS="703" WIDTH="22"/>
						<String ID="P113_ST00164" HPOS="337" VPOS="673" WIDTH="46" HEIGHT="22" CONTENT="had" WC="0.77" CC="600"/>
						<SP ID="P113_SP00144" HPOS="383" VPOS="703" WIDTH="22"/>
						<String ID="P113_ST00165" HPOS="405" VPOS="681" WIDTH="30" HEIGHT="14" CONTENT="on" WC="0.67" CC="06"/>
						<SP ID="P113_SP00145" HPOS="435" VPOS="703" WIDTH="21"/>
						<String ID="P113_ST00166" HPOS="456" VPOS="673" WIDTH="30" HEIGHT="22" CONTENT="its" WC="0.56" CC="039"/>
						<SP ID="P113_SP00146" HPOS="486" VPOS="703" WIDTH="21"/>
						<String ID="P113_ST00167" HPOS="507" VPOS="672" WIDTH="51" HEIGHT="23" CONTENT="side" WC="0.67" CC="3090"/>
						<SP ID="P113_SP00147" HPOS="558" VPOS="703" WIDTH="26"/>
						<String ID="P113_ST00168" HPOS="584" VPOS="673" WIDTH="40" HEIGHT="22" CONTENT="the" WC="0.62" CC="560"/>
						<SP ID="P113_SP00148" HPOS="624" VPOS="703" WIDTH="22"/>
						<String ID="P113_ST00169" HPOS="646" VPOS="672" WIDTH="68" HEIGHT="23" CONTENT="voice" WC="0.84" CC="13020"/>
						<SP ID="P113_SP00149" HPOS="714" VPOS="703" WIDTH="21"/>
						<String ID="P113_ST00170" HPOS="735" VPOS="672" WIDTH="29" HEIGHT="23" CONTENT="of" WC="0.60" CC="34"/>
						<SP ID="P113_SP00150" HPOS="764" VPOS="703" WIDTH="15"/>
						<String ID="P113_ST00171" HPOS="779" VPOS="672" WIDTH="42" HEIGHT="23" CONTENT="the" WC="0.89" CC="030"/>
						<SP ID="P113_SP00151" HPOS="821" VPOS="703" WIDTH="24"/>
						<String ID="P113_ST00172" HPOS="845" VPOS="673" WIDTH="121" HEIGHT="23" CONTENT="universal" WC="0.75" CC="000801560"/>
					</TextLine>
					<TextLine ID="P113_TL00019" HPOS="123" VPOS="701" WIDTH="844" HEIGHT="35">
						<String ID="P113_ST00173" HPOS="123" VPOS="701" WIDTH="123" HEIGHT="28" CONTENT="Christian" WC="0.84" CC="000056001"/>
						<SP ID="P113_SP00152" HPOS="246" VPOS="729" WIDTH="15"/>
						<String ID="P113_ST00174" HPOS="261" VPOS="707" WIDTH="190" HEIGHT="26" CONTENT="consciousness," WC="0.66" CC="05290503610660"/>
						<SP ID="P113_SP00153" HPOS="451" VPOS="733" WIDTH="13"/>
						<String ID="P113_ST00175" HPOS="464" VPOS="707" WIDTH="66" HEIGHT="22" CONTENT="since" WC="0.74" CC="60600"/>
						<SP ID="P113_SP00154" HPOS="530" VPOS="733" WIDTH="20"/>
						<String ID="P113_ST00176" HPOS="550" VPOS="707" WIDTH="47" HEIGHT="22" CONTENT="this" WC="0.69" CC="0605"/>
						<SP ID="P113_SP00155" HPOS="597" VPOS="733" WIDTH="18"/>
						<String ID="P113_ST00177" HPOS="615" VPOS="706" WIDTH="112" HEIGHT="23" CONTENT="declared" WC="0.77" CC="00058400"/>
						<SP ID="P113_SP00156" HPOS="727" VPOS="733" WIDTH="18"/>
						<String ID="P113_ST00178" HPOS="745" VPOS="705" WIDTH="65" HEIGHT="24" CONTENT="itself" WC="0.72" CC="035070"/>
						<SP ID="P113_SP00157" HPOS="810" VPOS="733" WIDTH="9"/>
						<String ID="P113_ST00179" HPOS="819" VPOS="707" WIDTH="93" HEIGHT="29" CONTENT="against" WC="0.77" CC="1001750"/>
						<SP ID="P113_SP00158" HPOS="912" VPOS="736" WIDTH="14"/>
						<String ID="P113_ST00180" HPOS="926" VPOS="706" WIDTH="41" HEIGHT="23" CONTENT="the" WC="0.62" CC="370"/>
					</TextLine>
					<TextLine ID="P113_TL00020" HPOS="123" VPOS="738" WIDTH="843" HEIGHT="32">
						<String ID="P113_ST00181" HPOS="123" VPOS="738" WIDTH="117" HEIGHT="32" CONTENT="Pelagian" WC="0.81" CC="00055003"/>
						<SP ID="P113_SP00159" HPOS="240" VPOS="770" WIDTH="25"/>
						<String ID="P113_ST00182" HPOS="265" VPOS="740" WIDTH="122" HEIGHT="29" CONTENT="tendency" WC="0.88" CC="40100300"/>
						<String ID="P113_ST00183" HPOS="397" VPOS="749" WIDTH="5" HEIGHT="18" CONTENT=";" WC="1.00" CC="0"/>
						<SP ID="P113_SP00160" HPOS="402" VPOS="770" WIDTH="29"/>
						<String ID="P113_ST00184" HPOS="431" VPOS="740" WIDTH="42" HEIGHT="23" CONTENT="the" WC="0.83" CC="040"/>
						<SP ID="P113_SP00161" HPOS="473" VPOS="770" WIDTH="24"/>
						<String ID="P113_ST00185" HPOS="497" VPOS="740" WIDTH="110" HEIGHT="23" CONTENT="doctrine" WC="0.93" CC="00000500"/>
						<SP ID="P113_SP00162" HPOS="607" VPOS="770" WIDTH="23"/>
						<String ID="P113_ST00186" HPOS="630" VPOS="740" WIDTH="138" HEIGHT="29" CONTENT="conquered" WC="1.00" CC="000000000"/>
						<SP ID="P113_SP00163" HPOS="768" VPOS="770" WIDTH="21"/>
						<String ID="P113_ST00187" HPOS="789" VPOS="740" WIDTH="78" HEIGHT="22" CONTENT="which" WC="0.55" CC="06059"/>
						<SP ID="P113_SP00164" HPOS="867" VPOS="770" WIDTH="23"/>
						<String ID="P113_ST00188" HPOS="890" VPOS="739" WIDTH="76" HEIGHT="23" CONTENT="found" WC="0.84" CC="00150"/>
					</TextLine>
					<TextLine ID="P113_TL00021" HPOS="122" VPOS="773" WIDTH="846" HEIGHT="31">
						<String ID="P113_ST00189" HPOS="122" VPOS="780" WIDTH="15" HEIGHT="15" CONTENT="a" WC="0.27" CC="7"/>
						<SP ID="P113_SP00165" HPOS="137" VPOS="795" WIDTH="18"/>
						<String ID="P113_ST00190" HPOS="155" VPOS="773" WIDTH="74" HEIGHT="31" CONTENT="ready" WC="1.00" CC="00000"/>
						<SP ID="P113_SP00166" HPOS="229" VPOS="804" WIDTH="14"/>
						<String ID="P113_ST00191" HPOS="243" VPOS="774" WIDTH="68" HEIGHT="29" CONTENT="point" WC="0.92" CC="00020"/>
						<SP ID="P113_SP00167" HPOS="311" VPOS="804" WIDTH="18"/>
						<String ID="P113_ST00192" HPOS="329" VPOS="774" WIDTH="27" HEIGHT="22" CONTENT="of" WC="1.00" CC="00"/>
						<SP ID="P113_SP00168" HPOS="356" VPOS="804" WIDTH="14"/>
						<String ID="P113_ST00193" HPOS="370" VPOS="774" WIDTH="74" HEIGHT="22" CONTENT="union" WC="0.71" CC="06205"/>
						<SP ID="P113_SP00169" HPOS="444" VPOS="804" WIDTH="21"/>
						<String ID="P113_ST00194" HPOS="465" VPOS="774" WIDTH="23" HEIGHT="22" CONTENT="in" WC="1.00" CC="00"/>
						<SP ID="P113_SP00170" HPOS="488" VPOS="804" WIDTH="19"/>
						<String ID="P113_ST00195" HPOS="507" VPOS="774" WIDTH="41" HEIGHT="22" CONTENT="the" WC="0.91" CC="020"/>
						<SP ID="P113_SP00171" HPOS="548" VPOS="804" WIDTH="17"/>
						<String ID="P113_ST00196" HPOS="565" VPOS="773" WIDTH="77" HEIGHT="23" CONTENT="whole" WC="0.79" CC="04301"/>
						<SP ID="P113_SP00172" HPOS="642" VPOS="804" WIDTH="18"/>
						<String ID="P113_ST00197" HPOS="660" VPOS="773" WIDTH="42" HEIGHT="23" CONTENT="life" WC="0.88" CC="4000"/>
						<SP ID="P113_SP00173" HPOS="702" VPOS="804" WIDTH="16"/>
						<String ID="P113_ST00198" HPOS="718" VPOS="773" WIDTH="48" HEIGHT="23" CONTENT="and" WC="0.84" CC="040"/>
						<SP ID="P113_SP00174" HPOS="766" VPOS="804" WIDTH="18"/>
						<String ID="P113_ST00199" HPOS="784" VPOS="774" WIDTH="144" HEIGHT="29" CONTENT="experience" WC="0.83" CC="0000902400"/>
						<SP ID="P113_SP00175" HPOS="928" VPOS="804" WIDTH="13"/>
						<String ID="P113_ST00200" HPOS="941" VPOS="773" WIDTH="27" HEIGHT="23" CONTENT="of" WC="1.00" CC="00"/>
					</TextLine>
					<TextLine ID="P113_TL00022" HPOS="122" VPOS="806" WIDTH="844" HEIGHT="31">
						<String ID="P113_ST00201" HPOS="122" VPOS="806" WIDTH="42" HEIGHT="23" CONTENT="the" WC="0.85" CC="040"/>
						<SP ID="P113_SP00176" HPOS="164" VPOS="829" WIDTH="20"/>
						<String ID="P113_ST00202" HPOS="184" VPOS="806" WIDTH="108" HEIGHT="28" CONTENT="Church," WC="0.74" CC="9102120"/>
						<SP ID="P113_SP00177" HPOS="292" VPOS="834" WIDTH="13"/>
						<String ID="P113_ST00203" HPOS="305" VPOS="814" WIDTH="26" HEIGHT="15" CONTENT="as" WC="0.75" CC="05"/>
						<SP ID="P113_SP00178" HPOS="331" VPOS="834" WIDTH="18"/>
						<String ID="P113_ST00204" HPOS="349" VPOS="807" WIDTH="130" HEIGHT="30" CONTENT="expressed" WC="0.80" CC="000604600"/>
						<SP ID="P113_SP00179" HPOS="479" VPOS="837" WIDTH="19"/>
						<String ID="P113_ST00205" HPOS="498" VPOS="807" WIDTH="23" HEIGHT="22" CONTENT="in" WC="0.96" CC="00"/>
						<SP ID="P113_SP00180" HPOS="521" VPOS="837" WIDTH="20"/>
						<String ID="P113_ST00206" HPOS="541" VPOS="807" WIDTH="29" HEIGHT="22" CONTENT="its" WC="0.73" CC="024"/>
						<SP ID="P113_SP00181" HPOS="570" VPOS="837" WIDTH="18"/>
						<String ID="P113_ST00207" HPOS="588" VPOS="814" WIDTH="98" HEIGHT="23" CONTENT="prayers" WC="0.84" CC="0300033"/>
						<SP ID="P113_SP00182" HPOS="686" VPOS="837" WIDTH="19"/>
						<String ID="P113_ST00208" HPOS="705" VPOS="806" WIDTH="47" HEIGHT="23" CONTENT="and" WC="0.77" CC="060"/>
						<SP ID="P113_SP00183" HPOS="752" VPOS="837" WIDTH="19"/>
						<String ID="P113_ST00209" HPOS="771" VPOS="807" WIDTH="24" HEIGHT="22" CONTENT="in" WC="0.65" CC="42"/>
						<SP ID="P113_SP00184" HPOS="795" VPOS="837" WIDTH="17"/>
						<String ID="P113_ST00210" HPOS="812" VPOS="807" WIDTH="31" HEIGHT="22" CONTENT="all" WC="0.94" CC="001"/>
						<SP ID="P113_SP00185" HPOS="843" VPOS="837" WIDTH="13"/>
						<String ID="P113_ST00211" HPOS="856" VPOS="807" WIDTH="29" HEIGHT="22" CONTENT="its" WC="0.56" CC="029"/>
						<SP ID="P113_SP00186" HPOS="885" VPOS="837" WIDTH="12"/>
						<String ID="P113_ST00212" HPOS="897" VPOS="807" WIDTH="69" HEIGHT="22" CONTENT="litur" SUBS_TYPE="HypPart1" SUBS_CONTENT="liturgical" WC="0.80" CC="500320"/>
						<HYP CONTENT="-"/>
					</TextLine>
					<TextLine ID="P113_TL00023" HPOS="124" VPOS="840" WIDTH="843" HEIGHT="31">
						<String ID="P113_ST00213" HPOS="124" VPOS="840" WIDTH="64" HEIGHT="30" CONTENT="gical" SUBS_TYPE="HypPart2" SUBS_CONTENT="liturgical" WC="0.76" CC="00074"/>
						<SP ID="P113_SP00187" HPOS="188" VPOS="870" WIDTH="23"/>
						<String ID="P113_ST00214" HPOS="211" VPOS="840" WIDTH="118" HEIGHT="23" CONTENT='forms."*' WC="0.78" CC="15306000"/>
						<SP ID="P113_SP00188" HPOS="329" VPOS="870" WIDTH="44"/>
						<String ID="P113_ST00215" HPOS="373" VPOS="840" WIDTH="23" HEIGHT="23" CONTENT="It" WC="0.53" CC="63"/>
						<SP ID="P113_SP00189" HPOS="396" VPOS="870" WIDTH="21"/>
						<String ID="P113_ST00216" HPOS="417" VPOS="840" WIDTH="86" HEIGHT="31" CONTENT="speaks" WC="0.83" CC="601002"/>
						<SP ID="P113_SP00190" HPOS="503" VPOS="871" WIDTH="18"/>
						<String ID="P113_ST00217" HPOS="521" VPOS="840" WIDTH="53" HEIGHT="23" CONTENT="well" WC="0.95" CC="0001"/>
						<SP ID="P113_SP00191" HPOS="574" VPOS="871" WIDTH="21"/>
						<String ID="P113_ST00218" HPOS="595" VPOS="840" WIDTH="38" HEIGHT="23" CONTENT="for" WC="0.91" CC="002"/>
						<SP ID="P113_SP00192" HPOS="633" VPOS="871" WIDTH="18"/>
						<String ID="P113_ST00219" HPOS="651" VPOS="840" WIDTH="128" HEIGHT="23" CONTENT="education" WC="0.66" CC="600590602"/>
						<SP ID="P113_SP00193" HPOS="779" VPOS="871" WIDTH="19"/>
						<String ID="P113_ST00220" HPOS="798" VPOS="840" WIDTH="25" HEIGHT="22" CONTENT="in" WC="0.61" CC="34"/>
						<SP ID="P113_SP00194" HPOS="823" VPOS="871" WIDTH="18"/>
						<String ID="P113_ST00221" HPOS="841" VPOS="840" WIDTH="82" HEIGHT="22" CONTENT="Wales" WC="0.78" CC="00037"/>
						<SP ID="P113_SP00195" HPOS="923" VPOS="871" WIDTH="19"/>
						<String ID="P113_ST00222" HPOS="942" VPOS="843" WIDTH="25" HEIGHT="20" CONTENT="at" WC="1.00" CC="00"/>
					</TextLine>
					<TextLine ID="P113_TL00024" HPOS="123" VPOS="873" WIDTH="842" HEIGHT="31">
						<String ID="P113_ST00223" HPOS="123" VPOS="874" WIDTH="54" HEIGHT="22" CONTENT="that" WC="0.74" CC="0504"/>
						<SP ID="P113_SP00196" HPOS="177" VPOS="896" WIDTH="17"/>
						<String ID="P113_ST00224" HPOS="194" VPOS="874" WIDTH="94" HEIGHT="30" CONTENT="period," WC="0.77" CC="0490001"/>
						<SP ID="P113_SP00197" HPOS="288" VPOS="904" WIDTH="19"/>
						<String ID="P113_ST00225" HPOS="307" VPOS="881" WIDTH="25" HEIGHT="15" CONTENT="as" WC="0.66" CC="15"/>
						<SP ID="P113_SP00198" HPOS="332" VPOS="904" WIDTH="18"/>
						<String ID="P113_ST00226" HPOS="350" VPOS="874" WIDTH="110" HEIGHT="30" CONTENT="supplied" WC="0.83" CC="50005100"/>
						<SP ID="P113_SP00199" HPOS="460" VPOS="904" WIDTH="20"/>
						<String ID="P113_ST00227" HPOS="480" VPOS="874" WIDTH="32" HEIGHT="30" CONTENT="by" WC="1.00" CC="00"/>
						<SP ID="P113_SP00200" HPOS="512" VPOS="904" WIDTH="19"/>
						<String ID="P113_ST00228" HPOS="531" VPOS="874" WIDTH="44" HEIGHT="22" CONTENT="her" WC="0.78" CC="041"/>
						<SP ID="P113_SP00201" HPOS="575" VPOS="904" WIDTH="17"/>
						<String ID="P113_ST00229" HPOS="592" VPOS="874" WIDTH="169" HEIGHT="25" CONTENT="monasteries;" WC="0.81" CC="007750000102"/>
						<SP ID="P113_SP00202" HPOS="761" VPOS="904" WIDTH="21"/>
						<String ID="P113_ST00230" HPOS="782" VPOS="873" WIDTH="52" HEIGHT="23" CONTENT="that" WC="0.91" CC="0030"/>
						<SP ID="P113_SP00203" HPOS="834" VPOS="904" WIDTH="18"/>
						<String ID="P113_ST00231" HPOS="852" VPOS="873" WIDTH="113" HEIGHT="31" CONTENT="Pelagius" WC="0.73" CC="20009043"/>
					</TextLine>
					<TextLine ID="P113_TL00025" HPOS="124" VPOS="906" WIDTH="842" HEIGHT="31">
						<String ID="P113_ST00232" HPOS="124" VPOS="914" WIDTH="48" HEIGHT="16" CONTENT="was" WC="0.96" CC="001"/>
						<SP ID="P113_SP00204" HPOS="172" VPOS="930" WIDTH="14"/>
						<String ID="P113_ST00233" HPOS="186" VPOS="907" WIDTH="102" HEIGHT="30" CONTENT="reputed" WC="0.91" CC="3200000"/>
						<SP ID="P113_SP00205" HPOS="288" VPOS="937" WIDTH="17"/>
						<String ID="P113_ST00234" HPOS="305" VPOS="914" WIDTH="46" HEIGHT="16" CONTENT="one" WC="0.79" CC="060"/>
						<SP ID="P113_SP00206" HPOS="351" VPOS="937" WIDTH="17"/>
						<String ID="P113_ST00235" HPOS="368" VPOS="907" WIDTH="28" HEIGHT="23" CONTENT="of" WC="1.00" CC="00"/>
						<SP ID="P113_SP00207" HPOS="396" VPOS="937" WIDTH="12"/>
						<String ID="P113_ST00236" HPOS="408" VPOS="907" WIDTH="40" HEIGHT="23" CONTENT="the" WC="1.00" CC="000"/>
						<SP ID="P113_SP00208" HPOS="448" VPOS="937" WIDTH="20"/>
						<String ID="P113_ST00237" HPOS="468" VPOS="910" WIDTH="62" HEIGHT="19" CONTENT="most" WC="0.89" CC="0004"/>
						<SP ID="P113_SP00209" HPOS="530" VPOS="937" WIDTH="17"/>
						<String ID="P113_ST00238" HPOS="547" VPOS="907" WIDTH="98" HEIGHT="23" CONTENT="learned" WC="0.82" CC="0001605"/>
						<SP ID="P113_SP00210" HPOS="645" VPOS="937" WIDTH="18"/>
						<String ID="P113_ST00239" HPOS="663" VPOS="914" WIDTH="52" HEIGHT="15" CONTENT="men" WC="0.78" CC="600"/>
						<SP ID="P113_SP00211" HPOS="715" VPOS="937" WIDTH="14"/>
						<String ID="P113_ST00240" HPOS="729" VPOS="906" WIDTH="28" HEIGHT="23" CONTENT="of" WC="0.95" CC="00"/>
						<SP ID="P113_SP00212" HPOS="757" VPOS="937" WIDTH="10"/>
						<String ID="P113_ST00241" HPOS="767" VPOS="907" WIDTH="35" HEIGHT="22" CONTENT="his" WC="0.58" CC="615"/>
						<SP ID="P113_SP00213" HPOS="802" VPOS="937" WIDTH="14"/>
						<String ID="P113_ST00242" HPOS="816" VPOS="907" WIDTH="63" HEIGHT="26" CONTENT="time," WC="0.73" CC="10470"/>
						<SP ID="P113_SP00214" HPOS="879" VPOS="937" WIDTH="16"/>
						<String ID="P113_ST00243" HPOS="895" VPOS="914" WIDTH="71" HEIGHT="22" CONTENT="supe" SUBS_TYPE="HypPart1" SUBS_CONTENT="superior" WC="0.80" CC="72000"/>
						<HYP CONTENT="-"/>
					</TextLine>
					<TextLine ID="P113_TL00026" HPOS="124" VPOS="940" WIDTH="841" HEIGHT="31">
						<String ID="P113_ST00244" HPOS="124" VPOS="941" WIDTH="49" HEIGHT="22" CONTENT="rior" SUBS_TYPE="HypPart2" SUBS_CONTENT="superior" WC="0.96" CC="1000"/>
						<SP ID="P113_SP00215" HPOS="173" VPOS="963" WIDTH="18"/>
						<String ID="P113_ST00245" HPOS="191" VPOS="948" WIDTH="59" HEIGHT="15" CONTENT="even" WC="0.79" CC="0017"/>
						<SP ID="P113_SP00216" HPOS="250" VPOS="963" WIDTH="21"/>
						<String ID="P113_ST00246" HPOS="271" VPOS="941" WIDTH="22" HEIGHT="22" CONTENT="in" WC="0.65" CC="06"/>
						<SP ID="P113_SP00217" HPOS="293" VPOS="963" WIDTH="21"/>
						<String ID="P113_ST00247" HPOS="314" VPOS="941" WIDTH="51" HEIGHT="22" CONTENT="that" WC="0.48" CC="0685"/>
						<SP ID="P113_SP00218" HPOS="365" VPOS="963" WIDTH="19"/>
						<String ID="P113_ST00248" HPOS="384" VPOS="944" WIDTH="95" HEIGHT="27" CONTENT="respect" WC="0.85" CC="3150000"/>
						<SP ID="P113_SP00219" HPOS="479" VPOS="971" WIDTH="21"/>
						<String ID="P113_ST00249" HPOS="500" VPOS="944" WIDTH="24" HEIGHT="19" CONTENT="to" WC="0.96" CC="00"/>
						<SP ID="P113_SP00220" HPOS="524" VPOS="971" WIDTH="21"/>
						<String ID="P113_ST00250" HPOS="545" VPOS="941" WIDTH="35" HEIGHT="22" CONTENT="his" WC="0.64" CC="505"/>
						<SP ID="P113_SP00221" HPOS="580" VPOS="971" WIDTH="23"/>
						<String ID="P113_ST00251" HPOS="603" VPOS="941" WIDTH="138" HEIGHT="30" CONTENT="antagonist" WC="0.81" CC="0770002010"/>
						<SP ID="P113_SP00222" HPOS="741" VPOS="971" WIDTH="21"/>
						<String ID="P113_ST00252" HPOS="762" VPOS="940" WIDTH="34" HEIGHT="23" CONTENT="St." WC="0.52" CC="760"/>
						<SP ID="P113_SP00223" HPOS="796" VPOS="971" WIDTH="22"/>
						<String ID="P113_ST00253" HPOS="818" VPOS="940" WIDTH="147" HEIGHT="30" CONTENT="Augustine." WC="0.77" CC="0005522403"/>
					</TextLine>
					<TextLine ID="P113_TL00027" HPOS="125" VPOS="973" WIDTH="840" HEIGHT="31">
						<String ID="P113_ST00254" HPOS="125" VPOS="974" WIDTH="41" HEIGHT="22" CONTENT="On" WC="0.65" CC="07"/>
						<SP ID="P113_SP00224" HPOS="166" VPOS="996" WIDTH="13"/>
						<String ID="P113_ST00255" HPOS="179" VPOS="974" WIDTH="95" HEIGHT="30" CONTENT="leaving" WC="0.80" CC="5130030"/>
						<SP ID="P113_SP00225" HPOS="274" VPOS="1004" WIDTH="14"/>
						<String ID="P113_ST00256" HPOS="288" VPOS="974" WIDTH="88" HEIGHT="27" CONTENT="Wales," WC="0.90" CC="000320"/>
						<SP ID="P113_SP00226" HPOS="376" VPOS="1004" WIDTH="11"/>
						<String ID="P113_ST00257" HPOS="387" VPOS="974" WIDTH="75" HEIGHT="22" CONTENT="about" WC="0.65" CC="06064"/>
						<SP ID="P113_SP00227" HPOS="462" VPOS="1004" WIDTH="13"/>
						<String ID="P113_ST00258" HPOS="475" VPOS="974" WIDTH="59" HEIGHT="27" CONTENT="400," WC="0.75" CC="0900"/>
						<SP ID="P113_SP00228" HPOS="534" VPOS="1004" WIDTH="11"/>
						<String ID="P113_ST00259" HPOS="545" VPOS="974" WIDTH="112" HEIGHT="30" CONTENT="Pelagius" WC="0.72" CC="30008261"/>
						<SP ID="P113_SP00229" HPOS="657" VPOS="1004" WIDTH="13"/>
						<String ID="P113_ST00260" HPOS="670" VPOS="977" WIDTH="63" HEIGHT="19" CONTENT="went" WC="0.94" CC="0002"/>
						<SP ID="P113_SP00230" HPOS="733" VPOS="1004" WIDTH="14"/>
						<String ID="P113_ST00261" HPOS="747" VPOS="976" WIDTH="24" HEIGHT="20" CONTENT="to" WC="0.58" CC="34"/>
						<SP ID="P113_SP00231" HPOS="771" VPOS="1004" WIDTH="14"/>
						<String ID="P113_ST00262" HPOS="785" VPOS="973" WIDTH="87" HEIGHT="26" CONTENT="Rome," WC="0.88" CC="20300"/>
						<SP ID="P113_SP00232" HPOS="872" VPOS="1004" WIDTH="14"/>
						<String ID="P113_ST00263" HPOS="886" VPOS="974" WIDTH="79" HEIGHT="22" CONTENT="where" WC="0.77" CC="40700"/>
					</TextLine>
					<TextLine ID="P113_TL00028" HPOS="124" VPOS="1007" WIDTH="841" HEIGHT="31">
						<String ID="P113_ST00264" HPOS="124" VPOS="1007" WIDTH="30" HEIGHT="22" CONTENT="he" WC="0.87" CC="02"/>
						<SP ID="P113_SP00233" HPOS="154" VPOS="1029" WIDTH="13"/>
						<String ID="P113_ST00265" HPOS="167" VPOS="1007" WIDTH="122" HEIGHT="23" CONTENT="remained" WC="0.75" CC="00903600"/>
						<SP ID="P113_SP00234" HPOS="289" VPOS="1030" WIDTH="17"/>
						<String ID="P113_ST00266" HPOS="306" VPOS="1007" WIDTH="92" HEIGHT="23" CONTENT="several" WC="0.77" CC="4003080"/>
						<SP ID="P113_SP00235" HPOS="398" VPOS="1030" WIDTH="18"/>
						<String ID="P113_ST00267" HPOS="416" VPOS="1015" WIDTH="76" HEIGHT="23" CONTENT="years," WC="0.79" CC="010460"/>
						<SP ID="P113_SP00236" HPOS="492" VPOS="1038" WIDTH="16"/>
						<String ID="P113_ST00268" HPOS="508" VPOS="1007" WIDTH="48" HEIGHT="22" CONTENT="and" WC="1.00" CC="000"/>
						<SP ID="P113_SP00237" HPOS="556" VPOS="1038" WIDTH="17"/>
						<String ID="P113_ST00269" HPOS="573" VPOS="1007" WIDTH="99" HEIGHT="23" CONTENT="became" WC="0.74" CC="501090"/>
						<SP ID="P113_SP00238" HPOS="672" VPOS="1038" WIDTH="18"/>
						<String ID="P113_ST00270" HPOS="690" VPOS="1007" WIDTH="144" HEIGHT="30" CONTENT="acquainted" WC="0.81" CC="0407005000"/>
						<SP ID="P113_SP00239" HPOS="834" VPOS="1038" WIDTH="21"/>
						<String ID="P113_ST00271" HPOS="855" VPOS="1007" WIDTH="55" HEIGHT="22" CONTENT="with" WC="0.53" CC="0297"/>
						<SP ID="P113_SP00240" HPOS="910" VPOS="1038" WIDTH="19"/>
						<String ID="P113_ST00272" HPOS="929" VPOS="1007" WIDTH="36" HEIGHT="22" CONTENT="his" WC="0.67" CC="405"/>
					</TextLine>
					<TextLine ID="P113_TL00029" HPOS="123" VPOS="1040" WIDTH="841" HEIGHT="32">
						<String ID="P113_ST00273" HPOS="123" VPOS="1041" WIDTH="108" HEIGHT="31" CONTENT="disciple," WC="0.87" CC="032000410"/>
						<SP ID="P113_SP00241" HPOS="231" VPOS="1072" WIDTH="15"/>
						<String ID="P113_ST00274" HPOS="246" VPOS="1049" WIDTH="27" HEIGHT="15" CONTENT="or" WC="0.74" CC="50"/>
						<SP ID="P113_SP00242" HPOS="273" VPOS="1072" WIDTH="20"/>
						<String ID="P113_ST00275" HPOS="293" VPOS="1040" WIDTH="133" HEIGHT="32" CONTENT="colleague," WC="0.89" CC="0000035001"/>
						<SP ID="P113_SP00243" HPOS="426" VPOS="1072" WIDTH="16"/>
						<String ID="P113_ST00276" HPOS="442" VPOS="1040" WIDTH="118" HEIGHT="23" CONTENT="Celestius" WC="0.86" CC="000013013"/>
						<SP ID="P113_SP00244" HPOS="560" VPOS="1072" WIDTH="10"/>
						<String ID="P113_ST00277" HPOS="570" VPOS="1050" WIDTH="6" HEIGHT="18" CONTENT=";" WC="1.00" CC="0"/>
						<SP ID="P113_SP00245" HPOS="576" VPOS="1072" WIDTH="21"/>
						<String ID="P113_ST00278" HPOS="597" VPOS="1040" WIDTH="24" HEIGHT="23" CONTENT="in" WC="0.98" CC="00"/>
						<SP ID="P113_SP00246" HPOS="621" VPOS="1072" WIDTH="19"/>
						<String ID="P113_ST00279" HPOS="640" VPOS="1040" WIDTH="48" HEIGHT="22" CONTENT="411" WC="0.53" CC="930"/>
						<SP ID="P113_SP00247" HPOS="688" VPOS="1072" WIDTH="22"/>
						<String ID="P113_ST00280" HPOS="710" VPOS="1040" WIDTH="113" HEIGHT="31" CONTENT="Pelagius" WC="0.71" CC="70060053"/>
						<SP ID="P113_SP00248" HPOS="823" VPOS="1072" WIDTH="13"/>
						<String ID="P113_ST00281" HPOS="836" VPOS="1040" WIDTH="18" HEIGHT="22" CONTENT="is" WC="0.37" CC="75"/>
						<SP ID="P113_SP00249" HPOS="854" VPOS="1072" WIDTH="13"/>
						<String ID="P113_ST00282" HPOS="867" VPOS="1044" WIDTH="24" HEIGHT="18" CONTENT="at" WC="1.00" CC="00"/>
						<SP ID="P113_SP00250" HPOS="891" VPOS="1072" WIDTH="15"/>
						<String ID="P113_ST00283" HPOS="906" VPOS="1040" WIDTH="58" HEIGHT="23" CONTENT="Car" SUBS_TYPE="HypPart1" SUBS_CONTENT="Carthage;" WC="0.94" CC="0002"/>
						<HYP CONTENT="-"/>
					</TextLine>
					<TextLine ID="P113_TL00030" HPOS="123" VPOS="1073" WIDTH="841" HEIGHT="32">
						<String ID="P113_ST00284" HPOS="123" VPOS="1074" WIDTH="87" HEIGHT="31" CONTENT="thage;" SUBS_TYPE="HypPart2" SUBS_CONTENT="Carthage;" WC="0.84" CC="070001"/>
						<SP ID="P113_SP00251" HPOS="210" VPOS="1105" WIDTH="20"/>
						<String ID="P113_ST00285" HPOS="230" VPOS="1075" WIDTH="23" HEIGHT="22" CONTENT="in" WC="0.45" CC="55"/>
						<SP ID="P113_SP00252" HPOS="253" VPOS="1105" WIDTH="12"/>
						<String ID="P113_ST00286" HPOS="265" VPOS="1075" WIDTH="51" HEIGHT="22" CONTENT="415" WC="0.82" CC="005"/>
						<SP ID="P113_SP00253" HPOS="316" VPOS="1105" WIDTH="12"/>
						<String ID="P113_ST00287" HPOS="328" VPOS="1075" WIDTH="25" HEIGHT="21" CONTENT="in" WC="0.70" CC="06"/>
						<SP ID="P113_SP00254" HPOS="353" VPOS="1105" WIDTH="17"/>
						<String ID="P113_ST00288" HPOS="370" VPOS="1074" WIDTH="129" HEIGHT="27" CONTENT="Palestine," WC="0.71" CC="7150900400"/>
						<SP ID="P113_SP00255" HPOS="499" VPOS="1105" WIDTH="14"/>
						<String ID="P113_ST00289" HPOS="513" VPOS="1074" WIDTH="79" HEIGHT="23" CONTENT="where" WC="0.95" CC="02000"/>
						<SP ID="P113_SP00256" HPOS="592" VPOS="1105" WIDTH="18"/>
						<String ID="P113_ST00290" HPOS="610" VPOS="1074" WIDTH="30" HEIGHT="22" CONTENT="he" WC="0.73" CC="50"/>
						<SP ID="P113_SP00257" HPOS="640" VPOS="1105" WIDTH="17"/>
						<String ID="P113_ST00291" HPOS="657" VPOS="1078" WIDTH="145" HEIGHT="18" CONTENT="encounters" WC="0.82" CC="0403000323"/>
						<SP ID="P113_SP00258" HPOS="802" VPOS="1105" WIDTH="17"/>
						<String ID="P113_ST00292" HPOS="819" VPOS="1073" WIDTH="41" HEIGHT="23" CONTENT="the" WC="0.95" CC="010"/>
						<SP ID="P113_SP00259" HPOS="860" VPOS="1105" WIDTH="19"/>
						<String ID="P113_ST00293" HPOS="879" VPOS="1073" WIDTH="85" HEIGHT="23" CONTENT="honest" WC="0.66" CC="006075"/>
					</TextLine>
					<TextLine ID="P113_TL00031" HPOS="122" VPOS="1107" WIDTH="842" HEIGHT="30">
						<String ID="P113_ST00294" HPOS="122" VPOS="1108" WIDTH="49" HEIGHT="22" CONTENT="and" WC="0.61" CC="460"/>
						<SP ID="P113_SP00260" HPOS="171" VPOS="1130" WIDTH="13"/>
						<String ID="P113_ST00295" HPOS="184" VPOS="1108" WIDTH="93" HEIGHT="23" CONTENT="erudite" WC="0.94" CC="0400000"/>
						<SP ID="P113_SP00261" HPOS="277" VPOS="1131" WIDTH="15"/>
						<String ID="P113_ST00296" HPOS="292" VPOS="1108" WIDTH="43" HEIGHT="22" CONTENT="but" WC="0.77" CC="060"/>
						<SP ID="P113_SP00262" HPOS="335" VPOS="1131" WIDTH="13"/>
						<String ID="P113_ST00297" HPOS="348" VPOS="1108" WIDTH="189" HEIGHT="22" CONTENT="hard-mouthed" WC="0.80" CC="700000600900"/>
						<SP ID="P113_SP00263" HPOS="537" VPOS="1131" WIDTH="13"/>
						<String ID="P113_ST00298" HPOS="550" VPOS="1107" WIDTH="107" HEIGHT="24" CONTENT="Jerome." WC="0.87" CC="3000300"/>
						<SP ID="P113_SP00264" HPOS="657" VPOS="1131" WIDTH="36"/>
						<String ID="P113_ST00299" HPOS="693" VPOS="1107" WIDTH="68" HEIGHT="23" CONTENT="Here" WC="0.80" CC="5200"/>
						<SP ID="P113_SP00265" HPOS="761" VPOS="1131" WIDTH="19"/>
						<String ID="P113_ST00300" HPOS="780" VPOS="1115" WIDTH="29" HEIGHT="15" CONTENT="an" WC="0.88" CC="02"/>
						<SP ID="P113_SP00266" HPOS="809" VPOS="1131" WIDTH="19"/>
						<String ID="P113_ST00301" HPOS="828" VPOS="1111" WIDTH="101" HEIGHT="26" CONTENT="attempt" WC="0.78" CC="3202302"/>
						<SP ID="P113_SP00267" HPOS="929" VPOS="1137" WIDTH="16"/>
						<String ID="P113_ST00302" HPOS="945" VPOS="1107" WIDTH="19" HEIGHT="22" CONTENT="is" WC="0.77" CC="04"/>
					</TextLine>
					<TextLine ID="P113_TL00032" HPOS="123" VPOS="1140" WIDTH="841" HEIGHT="33">
						<String ID="P113_ST00303" HPOS="123" VPOS="1142" WIDTH="70" HEIGHT="22" CONTENT="made" WC="1.00" CC="0000"/>
						<SP ID="P113_SP00268" HPOS="193" VPOS="1164" WIDTH="13"/>
						<String ID="P113_ST00304" HPOS="206" VPOS="1145" WIDTH="25" HEIGHT="20" CONTENT="to" WC="1.00" CC="00"/>
						<SP ID="P113_SP00269" HPOS="231" VPOS="1165" WIDTH="13"/>
						<String ID="P113_ST00305" HPOS="244" VPOS="1142" WIDTH="119" HEIGHT="23" CONTENT="condemn" WC="0.71" CC="4000780"/>
						<SP ID="P113_SP00270" HPOS="363" VPOS="1165" WIDTH="18"/>
						<String ID="P113_ST00306" HPOS="381" VPOS="1140" WIDTH="114" HEIGHT="33" CONTENT="Pelagius" WC="0.85" CC="60000005"/>
						<SP ID="P113_SP00271" HPOS="495" VPOS="1173" WIDTH="13"/>
						<String ID="P113_ST00307" HPOS="508" VPOS="1141" WIDTH="31" HEIGHT="32" CONTENT="by" WC="1.00" CC="00"/>
						<SP ID="P113_SP00272" HPOS="539" VPOS="1173" WIDTH="14"/>
						<String ID="P113_ST00308" HPOS="553" VPOS="1149" WIDTH="13" HEIGHT="15" CONTENT="a" WC="1.00" CC="0"/>
						<SP ID="P113_SP00273" HPOS="566" VPOS="1173" WIDTH="12"/>
						<String ID="P113_ST00309" HPOS="578" VPOS="1141" WIDTH="84" HEIGHT="32" CONTENT="synod," WC="0.96" CC="100000"/>
						<SP ID="P113_SP00274" HPOS="662" VPOS="1173" WIDTH="14"/>
						<String ID="P113_ST00310" HPOS="676" VPOS="1141" WIDTH="77" HEIGHT="22" CONTENT="under" WC="0.78" CC="14005"/>
						<SP ID="P113_SP00275" HPOS="753" VPOS="1173" WIDTH="13"/>
						<String ID="P113_ST00311" HPOS="766" VPOS="1141" WIDTH="40" HEIGHT="22" CONTENT="the" WC="0.86" CC="040"/>
						<SP ID="P113_SP00276" HPOS="806" VPOS="1173" WIDTH="12"/>
						<String ID="P113_ST00312" HPOS="818" VPOS="1141" WIDTH="146" HEIGHT="31" CONTENT="presidency" WC="0.73" CC="9300190100"/>
					</TextLine>
					<TextLine ID="P113_TL00033" HPOS="123" VPOS="1174" WIDTH="841" HEIGHT="32">
						<String ID="P113_ST00313" HPOS="123" VPOS="1175" WIDTH="29" HEIGHT="22" CONTENT="of" WC="0.63" CC="51"/>
						<SP ID="P113_SP00277" HPOS="152" VPOS="1197" WIDTH="17"/>
						<String ID="P113_ST00314" HPOS="169" VPOS="1175" WIDTH="66" HEIGHT="23" CONTENT="John" WC="0.77" CC="0170"/>
						<SP ID="P113_SP00278" HPOS="235" VPOS="1198" WIDTH="22"/>
						<String ID="P113_ST00315" HPOS="257" VPOS="1175" WIDTH="28" HEIGHT="23" CONTENT="of" WC="0.82" CC="03"/>
						<SP ID="P113_SP00279" HPOS="285" VPOS="1198" WIDTH="18"/>
						<String ID="P113_ST00316" HPOS="303" VPOS="1175" WIDTH="144" HEIGHT="23" CONTENT="Jerusalem." WC="0.80" CC="0350505000"/>
						<SP ID="P113_SP00280" HPOS="447" VPOS="1198" WIDTH="49"/>
						<String ID="P113_ST00317" HPOS="496" VPOS="1176" WIDTH="99" HEIGHT="30" CONTENT="Among" WC="0.60" CC="09009"/>
						<SP ID="P113_SP00281" HPOS="595" VPOS="1206" WIDTH="21"/>
						<String ID="P113_ST00318" HPOS="616" VPOS="1175" WIDTH="69" HEIGHT="22" CONTENT="other" WC="0.95" CC="00002"/>
						<SP ID="P113_SP00282" HPOS="685" VPOS="1206" WIDTH="24"/>
						<String ID="P113_ST00319" HPOS="709" VPOS="1175" WIDTH="158" HEIGHT="25" CONTENT="accusations," WC="0.78" CC="002060043530"/>
						<SP ID="P113_SP00283" HPOS="867" VPOS="1206" WIDTH="22"/>
						<String ID="P113_ST00320" HPOS="889" VPOS="1174" WIDTH="31" HEIGHT="22" CONTENT="he" WC="1.00" CC="00"/>
						<SP ID="P113_SP00284" HPOS="920" VPOS="1206" WIDTH="24"/>
						<String ID="P113_ST00321" HPOS="944" VPOS="1175" WIDTH="20" HEIGHT="22" CONTENT="is" WC="0.82" CC="12"/>
					</TextLine>
					<TextLine ID="P113_TL00034" HPOS="122" VPOS="1207" WIDTH="841" HEIGHT="32">
						<String ID="P113_ST00322" HPOS="122" VPOS="1209" WIDTH="107" HEIGHT="30" CONTENT="charged" WC="0.74" CC="0663000"/>
						<SP ID="P113_SP00285" HPOS="229" VPOS="1239" WIDTH="20"/>
						<String ID="P113_ST00323" HPOS="249" VPOS="1209" WIDTH="56" HEIGHT="22" CONTENT="with" WC="0.94" CC="0002"/>
						<SP ID="P113_SP00286" HPOS="305" VPOS="1239" WIDTH="19"/>
						<String ID="P113_ST00324" HPOS="324" VPOS="1209" WIDTH="184" HEIGHT="30" CONTENT="controverting" WC="0.90" CC="0041000010310"/>
						<SP ID="P113_SP00287" HPOS="508" VPOS="1239" WIDTH="12"/>
						<String ID="P113_ST00325" HPOS="520" VPOS="1209" WIDTH="41" HEIGHT="22" CONTENT="the" WC="0.73" CC="007"/>
						<SP ID="P113_SP00288" HPOS="561" VPOS="1239" WIDTH="16"/>
						<String ID="P113_ST00326" HPOS="577" VPOS="1209" WIDTH="121" HEIGHT="22" CONTENT="doctrines" WC="0.81" CC="000730006"/>
						<SP ID="P113_SP00289" HPOS="698" VPOS="1239" WIDTH="17"/>
						<String ID="P113_ST00327" HPOS="715" VPOS="1207" WIDTH="29" HEIGHT="23" CONTENT="of" WC="1.00" CC="00"/>
						<SP ID="P113_SP00290" HPOS="744" VPOS="1239" WIDTH="16"/>
						<String ID="P113_ST00328" HPOS="760" VPOS="1207" WIDTH="34" HEIGHT="24" CONTENT="St." WC="0.90" CC="300"/>
						<SP ID="P113_SP00291" HPOS="794" VPOS="1239" WIDTH="16"/>
						<String ID="P113_ST00329" HPOS="810" VPOS="1207" WIDTH="138" HEIGHT="31" CONTENT="Augustine" WC="0.56" CC="069640360"/>
						<String ID="P113_ST00330" HPOS="957" VPOS="1217" WIDTH="6" HEIGHT="17" CONTENT=";" WC="0.08" CC="9"/>
					</TextLine>
					<TextLine ID="P113_TL00035" HPOS="122" VPOS="1240" WIDTH="842" HEIGHT="33">
						<String ID="P113_ST00331" HPOS="122" VPOS="1242" WIDTH="48" HEIGHT="23" CONTENT="this" WC="0.75" CC="4500"/>
						<SP ID="P113_SP00292" HPOS="170" VPOS="1265" WIDTH="19"/>
						<String ID="P113_ST00332" HPOS="189" VPOS="1243" WIDTH="40" HEIGHT="22" CONTENT="the" WC="1.00" CC="000"/>
						<SP ID="P113_SP00293" HPOS="229" VPOS="1265" WIDTH="20"/>
						<String ID="P113_ST00333" HPOS="249" VPOS="1243" WIDTH="98" HEIGHT="30" CONTENT="upright" WC="0.78" CC="0070070"/>
						<SP ID="P113_SP00294" HPOS="347" VPOS="1273" WIDTH="17"/>
						<String ID="P113_ST00334" HPOS="364" VPOS="1243" WIDTH="122" HEIGHT="29" CONTENT="president" WC="0.68" CC="041500565"/>
						<SP ID="P113_SP00295" HPOS="486" VPOS="1273" WIDTH="13"/>
						<String ID="P113_ST00335" HPOS="499" VPOS="1242" WIDTH="47" HEIGHT="22" CONTENT="will" WC="0.79" CC="0503"/>
						<SP ID="P113_SP00296" HPOS="546" VPOS="1273" WIDTH="19"/>
						<String ID="P113_ST00336" HPOS="565" VPOS="1245" WIDTH="42" HEIGHT="19" CONTENT="not" WC="0.92" CC="200"/>
						<SP ID="P113_SP00297" HPOS="607" VPOS="1273" WIDTH="19"/>
						<String ID="P113_ST00337" HPOS="626" VPOS="1242" WIDTH="58" HEIGHT="22" CONTENT="hear" WC="0.71" CC="5005"/>
						<SP ID="P113_SP00298" HPOS="684" VPOS="1273" WIDTH="14"/>
						<String ID="P113_ST00338" HPOS="698" VPOS="1240" WIDTH="31" HEIGHT="28" CONTENT="of," WC="0.85" CC="301"/>
						<String ID="P113_ST00339" HPOS="732" VPOS="1255" WIDTH="30" HEIGHT="2" CONTENT="—" WC="0.20" CC="8"/>
						<String ID="P113_ST00340" HPOS="767" VPOS="1244" WIDTH="13" HEIGHT="11" CONTENT='"' WC="1.00" CC="0"/>
						<SP ID="P113_SP00299" HPOS="780" VPOS="1273" WIDTH="10"/>
						<String ID="P113_ST00341" HPOS="790" VPOS="1241" WIDTH="74" HEIGHT="22" CONTENT="What" WC="1.00" CC="0000"/>
						<SP ID="P113_SP00300" HPOS="864" VPOS="1273" WIDTH="13"/>
						<String ID="P113_ST00342" HPOS="877" VPOS="1244" WIDTH="87" HEIGHT="20" CONTENT="matter" WC="0.69" CC="554040"/>
					</TextLine>
					<TextLine ID="P113_TL00036" HPOS="122" VPOS="1274" WIDTH="839" HEIGHT="32">
						<String ID="P113_ST00343" HPOS="122" VPOS="1276" WIDTH="20" HEIGHT="22" CONTENT="is" WC="0.82" CC="03"/>
						<SP ID="P113_SP00301" HPOS="142" VPOS="1298" WIDTH="19"/>
						<String ID="P113_ST00344" HPOS="161" VPOS="1277" WIDTH="18" HEIGHT="22" CONTENT="it" WC="0.73" CC="04"/>
						<SP ID="P113_SP00302" HPOS="179" VPOS="1299" WIDTH="18"/>
						<String ID="P113_ST00345" HPOS="197" VPOS="1279" WIDTH="24" HEIGHT="20" CONTENT="to" WC="0.82" CC="03"/>
						<SP ID="P113_SP00303" HPOS="221" VPOS="1299" WIDTH="19"/>
						<String ID="P113_ST00346" HPOS="240" VPOS="1283" WIDTH="38" HEIGHT="16" CONTENT="me" WC="0.65" CC="70"/>
						<SP ID="P113_SP00304" HPOS="278" VPOS="1299" WIDTH="19"/>
						<String ID="P113_ST00347" HPOS="297" VPOS="1277" WIDTH="64" HEIGHT="22" CONTENT="what" WC="0.82" CC="0700"/>
						<SP ID="P113_SP00305" HPOS="361" VPOS="1299" WIDTH="20"/>
						<String ID="P113_ST00348" HPOS="381" VPOS="1276" WIDTH="138" HEIGHT="30" CONTENT="Augustine" WC="0.75" CC="000670260"/>
						<SP ID="P113_SP00306" HPOS="519" VPOS="1306" WIDTH="19"/>
						<String ID="P113_ST00349" HPOS="538" VPOS="1274" WIDTH="93" HEIGHT="32" CONTENT='says?"' WC="0.45" CC="649740"/>
						<SP ID="P113_SP00307" HPOS="631" VPOS="1306" WIDTH="23"/>
						<String ID="P113_ST00350" HPOS="654" VPOS="1275" WIDTH="114" HEIGHT="30" CONTENT="Pelagius" WC="0.59" CC="71320664"/>
						<SP ID="P113_SP00308" HPOS="768" VPOS="1306" WIDTH="22"/>
						<String ID="P113_ST00351" HPOS="790" VPOS="1275" WIDTH="19" HEIGHT="22" CONTENT="is" WC="1.00" CC="00"/>
						<SP ID="P113_SP00309" HPOS="809" VPOS="1306" WIDTH="21"/>
						<String ID="P113_ST00352" HPOS="830" VPOS="1275" WIDTH="131" HEIGHT="30" CONTENT="acquitted." WC="0.93" CC="0000501000"/>
					</TextLine>
					<TextLine ID="P113_TL00037" HPOS="123" VPOS="1307" WIDTH="838" HEIGHT="33">
						<String ID="P113_ST00353" HPOS="123" VPOS="1309" WIDTH="54" HEIGHT="23" CONTENT="The" WC="1.00" CC="000"/>
						<SP ID="P113_SP00310" HPOS="177" VPOS="1332" WIDTH="12"/>
						<String ID="P113_ST00354" HPOS="189" VPOS="1317" WIDTH="65" HEIGHT="15" CONTENT="same" WC="0.87" CC="5000"/>
						<SP ID="P113_SP00311" HPOS="254" VPOS="1332" WIDTH="12"/>
						<String ID="P113_ST00355" HPOS="266" VPOS="1317" WIDTH="59" HEIGHT="23" CONTENT="year" WC="0.70" CC="0056"/>
						<SP ID="P113_SP00312" HPOS="325" VPOS="1340" WIDTH="12"/>
						<String ID="P113_ST00356" HPOS="337" VPOS="1310" WIDTH="29" HEIGHT="23" CONTENT="he" WC="0.82" CC="30"/>
						<SP ID="P113_SP00313" HPOS="366" VPOS="1340" WIDTH="13"/>
						<String ID="P113_ST00357" HPOS="379" VPOS="1317" WIDTH="100" HEIGHT="23" CONTENT="appears" WC="0.83" CC="0002305"/>
						<SP ID="P113_SP00314" HPOS="479" VPOS="1340" WIDTH="17"/>
						<String ID="P113_ST00358" HPOS="496" VPOS="1308" WIDTH="81" HEIGHT="24" CONTENT="before" WC="0.99" CC="000000"/>
						<SP ID="P113_SP00315" HPOS="577" VPOS="1340" WIDTH="13"/>
						<String ID="P113_ST00359" HPOS="590" VPOS="1309" WIDTH="102" HEIGHT="23" CONTENT="another" WC="0.80" CC="0510600"/>
						<SP ID="P113_SP00316" HPOS="692" VPOS="1340" WIDTH="12"/>
						<String ID="P113_ST00360" HPOS="704" VPOS="1308" WIDTH="76" HEIGHT="31" CONTENT="synod" WC="0.72" CC="29100"/>
						<SP ID="P113_SP00317" HPOS="780" VPOS="1340" WIDTH="14"/>
						<String ID="P113_ST00361" HPOS="794" VPOS="1311" WIDTH="24" HEIGHT="20" CONTENT="at" WC="0.58" CC="52"/>
						<SP ID="P113_SP00318" HPOS="818" VPOS="1340" WIDTH="13"/>
						<String ID="P113_ST00362" HPOS="831" VPOS="1307" WIDTH="130" HEIGHT="31" CONTENT="Diospolis," WC="0.80" CC="0005033060"/>
					</TextLine>
					<TextLine ID="P113_TL00038" HPOS="122" VPOS="1341" WIDTH="839" HEIGHT="31">
						<String ID="P113_ST00363" HPOS="122" VPOS="1343" WIDTH="23" HEIGHT="23" CONTENT="in" WC="0.73" CC="05"/>
						<SP ID="P113_SP00319" HPOS="145" VPOS="1366" WIDTH="21"/>
						<String ID="P113_ST00364" HPOS="166" VPOS="1343" WIDTH="112" HEIGHT="23" CONTENT="Cæsarea" WC="0.82" CC="0070500"/>
						<String ID="P113_ST00365" HPOS="287" VPOS="1353" WIDTH="5" HEIGHT="17" CONTENT=";" WC="1.00" CC="0"/>
						<SP ID="P113_SP00320" HPOS="292" VPOS="1370" WIDTH="19"/>
						<String ID="P113_ST00366" HPOS="311" VPOS="1344" WIDTH="44" HEIGHT="22" CONTENT="but" WC="0.96" CC="100"/>
						<SP ID="P113_SP00321" HPOS="355" VPOS="1370" WIDTH="18"/>
						<String ID="P113_ST00367" HPOS="373" VPOS="1344" WIDTH="41" HEIGHT="22" CONTENT="the" WC="0.93" CC="020"/>
						<SP ID="P113_SP00322" HPOS="414" VPOS="1370" WIDTH="18"/>
						<String ID="P113_ST00368" HPOS="432" VPOS="1343" WIDTH="118" HEIGHT="23" CONTENT="reverend" WC="0.85" CC="00004060"/>
						<SP ID="P113_SP00323" HPOS="550" VPOS="1370" WIDTH="19"/>
						<String ID="P113_ST00369" HPOS="569" VPOS="1342" WIDTH="90" HEIGHT="23" CONTENT="fathers" WC="0.91" CC="4001000"/>
						<SP ID="P113_SP00324" HPOS="659" VPOS="1370" WIDTH="18"/>
						<String ID="P113_ST00370" HPOS="677" VPOS="1349" WIDTH="40" HEIGHT="16" CONTENT="are" WC="0.79" CC="060"/>
						<SP ID="P113_SP00325" HPOS="717" VPOS="1370" WIDTH="18"/>
						<String ID="P113_ST00371" HPOS="735" VPOS="1349" WIDTH="58" HEIGHT="23" CONTENT="very" WC="0.49" CC="6039"/>
						<SP ID="P113_SP00326" HPOS="793" VPOS="1372" WIDTH="19"/>
						<String ID="P113_ST00372" HPOS="812" VPOS="1341" WIDTH="149" HEIGHT="27" CONTENT="reasonable," WC="0.80" CC="30040506000"/>
					</TextLine>
					<TextLine ID="P113_TL00039" HPOS="122" VPOS="1375" WIDTH="840" HEIGHT="33">
						<String ID="P113_ST00373" HPOS="122" VPOS="1377" WIDTH="58" HEIGHT="30" CONTENT="they" WC="0.82" CC="0600"/>
						<SP ID="P113_SP00327" HPOS="180" VPOS="1407" WIDTH="14"/>
						<String ID="P113_ST00374" HPOS="194" VPOS="1377" WIDTH="57" HEIGHT="31" CONTENT="only" WC="0.89" CC="0040"/>
						<SP ID="P113_SP00328" HPOS="251" VPOS="1408" WIDTH="18"/>
						<String ID="P113_ST00375" HPOS="269" VPOS="1377" WIDTH="96" HEIGHT="31" CONTENT="require" WC="0.88" CC="1041000"/>
						<SP ID="P113_SP00329" HPOS="365" VPOS="1408" WIDTH="17"/>
						<String ID="P113_ST00376" HPOS="382" VPOS="1377" WIDTH="53" HEIGHT="22" CONTENT="that" WC="0.75" CC="0405"/>
						<SP ID="P113_SP00330" HPOS="435" VPOS="1408" WIDTH="18"/>
						<String ID="P113_ST00377" HPOS="453" VPOS="1383" WIDTH="72" HEIGHT="24" CONTENT="grace" WC="1.00" CC="00000"/>
						<SP ID="P113_SP00331" HPOS="525" VPOS="1408" WIDTH="18"/>
						<String ID="P113_ST00378" HPOS="543" VPOS="1376" WIDTH="48" HEIGHT="23" CONTENT="and" WC="0.75" CC="070"/>
						<SP ID="P113_SP00332" HPOS="591" VPOS="1408" WIDTH="19"/>
						<String ID="P113_ST00379" HPOS="610" VPOS="1375" WIDTH="50" HEIGHT="23" CONTENT="free" WC="0.75" CC="0900"/>
						<SP ID="P113_SP00333" HPOS="660" VPOS="1408" WIDTH="14"/>
						<String ID="P113_ST00380" HPOS="674" VPOS="1375" WIDTH="46" HEIGHT="23" CONTENT="will" WC="0.77" CC="0062"/>
						<SP ID="P113_SP00334" HPOS="720" VPOS="1408" WIDTH="20"/>
						<String ID="P113_ST00381" HPOS="740" VPOS="1375" WIDTH="29" HEIGHT="23" CONTENT="be" WC="1.00" CC="00"/>
						<SP ID="P113_SP00335" HPOS="769" VPOS="1408" WIDTH="19"/>
						<String ID="P113_ST00382" HPOS="788" VPOS="1375" WIDTH="58" HEIGHT="23" CONTENT="both" WC="0.89" CC="0004"/>
						<SP ID="P113_SP00336" HPOS="846" VPOS="1408" WIDTH="19"/>
						<String ID="P113_ST00383" HPOS="865" VPOS="1375" WIDTH="97" HEIGHT="30" CONTENT="equally" WC="0.84" CC="0001107"/>
					</TextLine>
					<TextLine ID="P113_TL00040" HPOS="121" VPOS="1408" WIDTH="841" HEIGHT="33">
						<String ID="P113_ST00384" HPOS="121" VPOS="1410" WIDTH="158" HEIGHT="23" CONTENT="maintained." WC="0.87" CC="70010400000"/>
						<SP ID="P113_SP00337" HPOS="279" VPOS="1433" WIDTH="38"/>
						<String ID="P113_ST00385" HPOS="317" VPOS="1410" WIDTH="120" HEIGHT="31" CONTENT="Pelagius," WC="0.88" CC="040401000"/>
						<SP ID="P113_SP00338" HPOS="437" VPOS="1441" WIDTH="14"/>
						<String ID="P113_ST00386" HPOS="451" VPOS="1414" WIDTH="24" HEIGHT="18" CONTENT="to" WC="1.00" CC="00"/>
						<SP ID="P113_SP00339" HPOS="475" VPOS="1441" WIDTH="13"/>
						<String ID="P113_ST00387" HPOS="488" VPOS="1410" WIDTH="41" HEIGHT="22" CONTENT="the" WC="0.95" CC="010"/>
						<SP ID="P113_SP00340" HPOS="529" VPOS="1441" WIDTH="13"/>
						<String ID="P113_ST00388" HPOS="542" VPOS="1410" WIDTH="88" HEIGHT="30" CONTENT="charge" WC="0.88" CC="060000"/>
						<SP ID="P113_SP00341" HPOS="630" VPOS="1441" WIDTH="20"/>
						<String ID="P113_ST00389" HPOS="650" VPOS="1408" WIDTH="28" HEIGHT="24" CONTENT="of" WC="0.93" CC="01"/>
						<SP ID="P113_SP00342" HPOS="678" VPOS="1441" WIDTH="12"/>
						<String ID="P113_ST00390" HPOS="690" VPOS="1409" WIDTH="89" HEIGHT="31" CONTENT="having" WC="0.84" CC="405000"/>
						<SP ID="P113_SP00343" HPOS="779" VPOS="1441" WIDTH="13"/>
						<String ID="P113_ST00391" HPOS="792" VPOS="1410" WIDTH="105" HEIGHT="22" CONTENT="asserted" WC="0.64" CC="06602309"/>
						<SP ID="P113_SP00344" HPOS="897" VPOS="1441" WIDTH="14"/>
						<String ID="P113_ST00392" HPOS="911" VPOS="1409" WIDTH="51" HEIGHT="23" CONTENT="that" WC="0.82" CC="0700"/>
					</TextLine>
					<TextLine ID="P113_TL00041" HPOS="122" VPOS="1442" WIDTH="839" HEIGHT="32">
						<String ID="P113_ST00393" HPOS="122" VPOS="1447" WIDTH="14" HEIGHT="11" CONTENT='"' WC="0.81" CC="1"/>
						<SP ID="P113_SP00345" HPOS="136" VPOS="1458" WIDTH="13"/>
						<String ID="P113_ST00394" HPOS="149" VPOS="1452" WIDTH="56" HEIGHT="15" CONTENT="man" WC="0.61" CC="910"/>
						<SP ID="P113_SP00346" HPOS="205" VPOS="1467" WIDTH="14"/>
						<String ID="P113_ST00395" HPOS="219" VPOS="1443" WIDTH="21" HEIGHT="24" CONTENT="if" WC="0.96" CC="00"/>
						<SP ID="P113_SP00347" HPOS="240" VPOS="1467" WIDTH="9"/>
						<String ID="P113_ST00396" HPOS="249" VPOS="1443" WIDTH="30" HEIGHT="24" CONTENT="he" WC="1.00" CC="00"/>
						<SP ID="P113_SP00348" HPOS="279" VPOS="1467" WIDTH="13"/>
						<String ID="P113_ST00397" HPOS="292" VPOS="1443" WIDTH="92" HEIGHT="31" CONTENT="pleases" WC="0.78" CC="0011505"/>
						<SP ID="P113_SP00349" HPOS="384" VPOS="1474" WIDTH="13"/>
						<String ID="P113_ST00398" HPOS="397" VPOS="1451" WIDTH="43" HEIGHT="15" CONTENT="can" WC="0.75" CC="007"/>
						<SP ID="P113_SP00350" HPOS="440" VPOS="1474" WIDTH="14"/>
						<String ID="P113_ST00399" HPOS="454" VPOS="1443" WIDTH="31" HEIGHT="23" CONTENT="be" WC="1.00" CC="00"/>
						<SP ID="P113_SP00351" HPOS="485" VPOS="1474" WIDTH="15"/>
						<String ID="P113_ST00400" HPOS="500" VPOS="1443" WIDTH="119" HEIGHT="31" CONTENT="perfectly" WC="0.69" CC="901100049"/>
						<SP ID="P113_SP00352" HPOS="619" VPOS="1474" WIDTH="13"/>
						<String ID="P113_ST00401" HPOS="632" VPOS="1442" WIDTH="50" HEIGHT="23" CONTENT="free" WC="0.87" CC="0121"/>
						<SP ID="P113_SP00353" HPOS="682" VPOS="1474" WIDTH="20"/>
						<String ID="P113_ST00402" HPOS="702" VPOS="1442" WIDTH="60" HEIGHT="23" CONTENT="from" WC="0.70" CC="4500"/>
						<SP ID="P113_SP00354" HPOS="762" VPOS="1474" WIDTH="17"/>
						<String ID="P113_ST00403" HPOS="779" VPOS="1442" WIDTH="61" HEIGHT="29" CONTENT='sin,"' WC="0.83" CC="50020"/>
						<SP ID="P113_SP00355" HPOS="840" VPOS="1474" WIDTH="14"/>
						<String ID="P113_ST00404" HPOS="854" VPOS="1443" WIDTH="107" HEIGHT="31" CONTENT="explains" WC="0.79" CC="00060043"/>
					</TextLine>
				</TextBlock>
				<TextBlock ID="P113_TB00004" HPOS="387" VPOS="1511" WIDTH="305" HEIGHT="25" STYLEREFS="TXT_0 PAR_CENTER">
					<TextLine ID="P113_TL00042" HPOS="389" VPOS="1511" WIDTH="303" HEIGHT="25">
						<String ID="P113_ST00405" HPOS="389" VPOS="1512" WIDTH="12" HEIGHT="14" CONTENT="*" WC="0.86" CC="1"/>
						<SP ID="P113_SP00356" HPOS="401" VPOS="1526" WIDTH="15"/>
						<String ID="P113_ST00406" HPOS="416" VPOS="1512" WIDTH="102" HEIGHT="24" CONTENT="Neander," WC="0.53" CC="93837210"/>
						<SP ID="P113_SP00357" HPOS="518" VPOS="1536" WIDTH="11"/>
						<String ID="P113_ST00407" HPOS="529" VPOS="1511" WIDTH="39" HEIGHT="20" CONTENT="vol." WC="0.75" CC="9000"/>
						<SP ID="P113_SP00358" HPOS="568" VPOS="1536" WIDTH="12"/>
						<String ID="P113_ST00408" HPOS="580" VPOS="1511" WIDTH="26" HEIGHT="20" CONTENT="iv." WC="0.49" CC="473"/>
						<SP ID="P113_SP00359" HPOS="606" VPOS="1536" WIDTH="11"/>
						<String ID="P113_ST00409" HPOS="617" VPOS="1518" WIDTH="20" HEIGHT="18" CONTENT="p." WC="1.00" CC="00"/>
						<SP ID="P113_SP00360" HPOS="637" VPOS="1536" WIDTH="10"/>
						<String ID="P113_ST00410" HPOS="647" VPOS="1511" WIDTH="45" HEIGHT="20" CONTENT="349." WC="0.61" CC="0761"/>
					</TextLine>
				</TextBlock>
			</PrintSpace>
		</Page>
	</Layout>
</alto>
