1023 1619
900 108 31 22 77

362 114 54 15 THE
431 114 79 15 KINGS
525 115 32 14 OF
570 115 94 14 WALES.

88 171 23 22 in
138 171 130 22 readiness.
315 171 52 22 The
393 171 78 23 duties
495 171 47 23 and
567 172 129 30 privileges
720 171 28 24 of
769 172 41 23 the
834 172 100 32 queen's

88 204 133 23 household
237 211 40 15 are
289 204 50 23 also
354 204 116 32 carefully
480 209 36 19 set
528 205 80 23 down.
635 205 69 32 They
718 214 39 15 are
771 207 50 22 also
834 210 24 19 to
873 207 60 22 have

88 238 63 23 their
168 238 57 22 land
243 237 49 23 free
310 238 47 22 and
376 238 62 23 their
457 239 69 22 horse
546 239 23 22 in
588 239 129 23 readiness.
752 240 53 23 The
827 241 62 22 maid
910 239 26 23 of

89 272 95 22 honour
223 272 20 22 is
256 272 101 22 entitled
371 276 24 19 to
409 273 39 22 the
459 272 100 31 queen's
576 273 39 23 old
630 273 99 27 clothes,
743 273 43 23 her
797 274 39 23 old
855 274 78 26 shifts,

88 306 88 27 sheets,
185 305 97 27 bridles,
291 306 48 22 and
352 306 41 22 old
405 307 77 22 shoes.
509 306 54 23 Her
576 307 46 22 bed
634 307 18 22 is
663 308 22 21 in
697 307 40 23 the
748 308 122 26 chamber,
882 308 52 22 that

88 340 43 22 she
144 347 55 22 may
214 339 57 23 hear
285 340 41 22 the
337 340 60 23 least
411 340 66 23 word
491 340 78 23 which
583 341 40 22 the
636 348 78 22 queen
729 348 54 23 may

142 373 27 23 In
187 373 108 23 addition
315 378 23 18 to
353 374 67 23 these
439 374 58 30 high
516 374 94 23 officers
629 369 28 28 of
671 378 69 22 state,
754 369 41 28 the
813 375 45 22 law
877 382 57 15 con-

89 408 118 22 descends
221 411 24 19 to
258 407 166 31 particularise
437 408 40 22 the
492 408 77 22 duties
580 408 47 22 and
641 408 144 30 perquisites
797 408 28 23 of
841 408 91 22 several

91 441 100 22 inferior
204 444 116 19 servants.
356 441 53 22 The
422 449 85 22 groom
520 441 77 23 ofthe
610 442 50 22 rein
706 445 63 19 must
782 442 30 22 be
825 442 23 22 in
862 450 73 22 every

90 474 68 31 place
172 475 22 22 in
210 475 39 22 the
263 475 103 22 absence
386 474 28 23 of
429 475 42 22 the
491 479 88 18 master
597 474 28 24 of
640 475 40 22 the
698 475 70 22 horse
779 485 5 17 ;
803 475 29 23 he
851 475 83 23 claims

90 509 42 22 the
145 508 77 31 king's
236 509 121 30 rein-caps
376 509 23 22 in
420 509 77 23 which
517 508 30 23 he
566 509 70 28 rides,
650 509 57 22 with
726 509 36 22 his
782 508 39 23 old
839 509 96 26 bridles,

90 542 79 26 boots,
183 551 76 22 spurs,
271 542 35 22 his
320 542 39 23 old
373 542 199 31 gold-harnessed
586 542 103 27 saddles,
699 543 47 22 and
761 542 35 22 his
809 543 39 22 old
862 542 73 31 pack-

247 575 52 23 The
313 575 150 24 foot-holder
501 579 63 20 must
578 577 56 22 hold
648 577 40 22 the
702 576 78 31 king's
794 576 50 23 foot
861 577 23 21 in
899 576 36 22 his

89 609 48 31 lap,
152 609 62 23 from
227 609 41 23 the
287 610 56 22 time
358 610 29 22 he
406 610 83 30 begins
507 613 25 20 to
550 610 31 22 sit
599 613 25 20 at
641 610 41 23 the
702 610 106 30 banquet
827 610 61 22 until
906 610 30 23 he

89 651 59 23 goes
168 647 25 19 to
213 644 64 29 sleep
287 652 6 17 ;
315 644 46 22 and
381 644 29 22 he
430 647 62 19 must
510 644 46 22 rub
569 644 41 22 the
630 643 57 30 king
696 653 6 17 ;
720 639 48 27 and
781 644 89 30 during
884 644 52 22 that

89 684 72 23 space
179 677 28 22 of
217 678 58 22 time
289 677 29 22 he
331 680 64 20 must
408 678 77 29 guard
501 678 57 26 him,
577 677 46 23 lest
641 678 29 22 he
691 677 86 23 should
796 678 74 22 suffer
888 684 48 23 any

90 711 151 23 misfortune.
279 710 41 23 He
334 711 42 22 has
388 711 42 23 the
446 711 117 30 privilege
582 711 28 23 of
625 712 82 29 eating
727 718 63 23 upon
810 712 41 22 the
869 718 65 16 same

89 745 54 22 dish
161 745 57 22 with
238 744 42 23 the
299 744 66 30 king,
384 745 58 22 with
461 745 36 22 his
516 745 62 22 back
597 745 104 22 towards
719 745 41 22 the
882 744 53 23 The

89 778 81 23 bailiff
177 778 27 22 of
212 778 41 22 the
267 785 84 15 manor
385 782 64 18 must
459 778 158 30 superintend
627 778 155 30 agriculture,
791 778 48 22 and
849 778 87 30 supply

90 812 32 22 all
141 812 40 22 the
201 812 147 22 necessaries
366 811 39 23 for
423 812 41 21 the
482 811 83 30 palace
575 821 5 17 ;
602 811 29 22 he
651 811 82 22 claims
751 811 41 22 the
810 811 60 22 fines
889 811 47 22 and

90 844 228 24 amercement-fees
342 844 28 23 of
387 845 39 22 the
448 844 77 32 king's
742 844 54 23 The
814 845 122 29 apparitor

117 882 65 19 must
190 878 70 23 stand
269 879 108 22 between
387 878 42 23 the
437 882 49 18 two
497 878 89 30 pillars,
599 878 56 22 with
667 878 35 22 his
722 878 43 22 rod
779 879 22 21 in
816 878 36 22 his
864 878 70 27 hand,

91 913 47 23 lest
156 912 41 23 the
211 912 76 23 house
305 911 88 23 should
406 911 56 23 take
481 912 44 22 fire
543 911 79 22 whilst
633 912 41 22 the
688 911 58 30 king
761 912 19 22 is
791 912 82 30 eating
886 912 48 22 and

91 946 116 31 drinking
221 946 56 22 with
293 946 35 22 his
347 945 95 23 officers
451 955 5 16 ;
475 946 45 22 but
538 945 30 23 he
586 949 65 18 must
669 949 43 19 not
729 945 30 23 sit
778 945 23 22 in
820 945 41 23 the
880 945 55 23 hall.

91 980 27 23 If
139 980 41 23 the
205 980 124 30 apparitor
349 980 29 22 be
397 979 90 31 caught
504 979 92 31 sitting,
614 979 48 22 and
683 979 29 22 be
731 979 103 22 insulted
855 978 37 23 for
910 979 25 27 it,

92 1014 80 23 whilst
184 1021 85 15 causes
282 1021 40 15 are
336 1013 72 27 tried,
422 1013 30 22 he
465 1021 44 14 can
523 1013 56 30 only
593 1013 70 22 claim
678 1021 13 14 a
703 1013 65 22 sieve
781 1012 28 23 of
824 1015 52 20 oats
889 1013 47 22 and

90 1055 32 16 an
135 1047 120 31 egg-shell
269 1046 35 24 for
318 1047 39 23 the
504 1046 53 23 The
571 1050 81 26 porter
669 1046 42 23 has
729 1046 37 23 his
785 1047 74 22 house
878 1054 58 15 over

91 1082 40 22 the
144 1087 118 25 gateway,
277 1081 46 22 and
337 1088 14 16 a
364 1084 68 27 great
446 1087 72 23 many
533 1081 152 29 perquisites.
750 1079 39 24 He
802 1080 19 22 is
835 1080 100 23 entitled

90 1119 26 19 to
133 1123 15 15 a
166 1114 102 23 handful
281 1114 28 23 of
319 1122 74 22 every
406 1118 97 26 present
517 1115 52 22 that
584 1121 80 16 comes
684 1114 103 30 through
807 1114 40 22 the
866 1117 69 27 gate;

91 1153 25 19 to
130 1157 14 14 a
157 1148 67 23 billet
237 1148 27 23 of
275 1148 68 23 wood
358 1148 61 22 from
431 1156 71 22 every
514 1148 93 22 burden
619 1148 27 22 of
655 1148 49 22 fuel
716 1148 77 22 which
802 1148 19 22 is
830 1148 106 29 brought

91 1182 107 31 through
217 1182 40 22 the
276 1187 56 26 gate
351 1182 79 23 which
449 1181 30 23 he
497 1189 56 23 may
566 1181 31 22 be
615 1181 54 23 able
687 1185 25 18 to
724 1181 50 30 pull
788 1181 36 22 off
834 1181 102 22 without

90 1216 115 31 stopping
218 1215 40 23 the
271 1216 79 27 horse,
365 1216 89 30 having
468 1215 35 22 his
518 1215 62 22 hand
594 1223 30 15 on
645 1214 39 23 the
702 1218 64 27 gate.
804 1214 72 23 From
895 1214 41 23 the

90 1251 76 22 swine
186 1249 74 23 taken
277 1249 24 22 in
320 1250 89 30 pillage
426 1249 54 23 that
497 1249 60 22 shall
575 1257 55 22 pass
649 1248 105 30 through
774 1247 40 23 the
832 1253 56 25 gate
907 1248 29 22 he

91 1284 60 23 shall
167 1284 60 22 have
240 1283 41 23 the
294 1291 49 15 sow
355 1283 81 23 which
449 1283 30 22 he
492 1290 52 19 can,
558 1283 57 22 with
635 1282 36 22 his
691 1290 45 14 one
757 1281 73 27 hand,
850 1282 34 21 lift
904 1290 32 22 up

92 1319 32 30 by
139 1318 43 22 her
194 1316 103 27 bristles,
311 1325 26 15 so
351 1318 52 21 that
416 1317 43 22 her
471 1316 50 23 feet
535 1324 52 22 may
602 1317 30 22 be
646 1324 25 14 as
684 1316 58 30 high
756 1323 25 14 as
795 1315 35 22 his
849 1315 72 23 knees
929 1325 6 16 ;

91 1352 48 23 and
150 1358 71 23 every
232 1351 42 30 pig
284 1351 52 22 that
348 1358 81 15 comes
442 1350 105 30 through
561 1351 41 21 the
612 1353 55 27 gate
680 1349 102 23 without
796 1357 13 14 a
823 1349 39 22 tail
876 1349 58 23 shall

91 1386 31 23 be
136 1385 37 22 his
186 1387 124 27 property.
336 1384 40 23 He
389 1388 64 19 must
466 1385 31 21 do
510 1384 99 22 errands
620 1384 23 21 in
654 1383 40 22 the
704 1383 83 30 palace
797 1383 85 30 gratis,
892 1383 44 23 but

92 1419 30 23 he
136 1418 82 24 claims
232 1418 40 23 the
286 1418 107 31 leavings
406 1418 28 23 of
444 1418 40 22 the
497 1418 85 22 cheese
601 1417 79 22 which
699 1417 30 22 he
883 1416 52 24 The

91 1453 75 23 baker
206 1452 19 22 is
238 1455 43 19 not
293 1452 99 30 obliged
403 1455 24 19 to
438 1452 45 22 rise
496 1455 24 19 to
534 1458 46 23 any
594 1458 46 16 one
654 1451 68 22 when
735 1451 42 22 she
790 1452 18 21 is

91 1487 54 24 The
164 1485 74 24 smith
282 1489 65 19 must
360 1485 32 23 do
411 1485 64 23 what
493 1485 19 22 is
531 1492 126 22 necessary
670 1484 38 23 for
720 1485 41 22 the
774 1488 68 19 court
855 1485 80 29 gratis,
