1023 1619
363 109 54 17 THE
432 110 89 16 WELSH
537 110 118 16 CHURCH.

886 103 45 24 117

89 166 46 23 end
154 166 78 23 ofthe
245 174 65 15 same
323 175 59 22 year
399 166 95 33 (1124)
512 167 55 24 died
582 167 88 24 Daniel
689 176 31 23 ap
740 167 91 28 Sulien,
845 168 86 31 bishop

89 199 29 24 of
137 199 36 24 St.
188 199 101 24 David's
309 200 47 23 and
378 201 151 23 archdeacon
553 201 29 24 of
601 201 88 29 Powis,
708 210 14 15 a
742 210 55 15 man
817 201 27 24 of
853 205 79 20 extra-

89 233 114 31 ordinary
217 235 65 30 piety
295 235 48 22 and
361 234 116 31 learning,
496 235 47 23 and
562 243 47 15 one
621 236 55 23 who
694 236 70 23 made
784 236 19 23 it
821 236 36 22 his
875 243 57 15 con-

89 267 76 23 tinual
188 268 164 30 employment
377 271 25 20 to
424 269 139 23 endeavour
584 272 25 20 to
628 269 68 23 work
716 276 15 16 a
749 270 182 22 reconciliation

90 301 100 24 betwixt
202 301 81 24 North
296 302 82 23 Wales
397 302 47 23 and
458 302 87 29 Powis,
559 303 78 22 which
656 303 25 22 in
700 303 36 22 his
756 303 57 22 time
825 310 62 16 were
906 305 25 21 at

89 335 126 30 perpetual
234 336 111 23 variance
365 336 46 23 and
433 337 92 29 enmity
543 337 58 22 with
623 343 46 16 one
850 336 82 23 David

90 368 145 32 Fitzgerald,
250 369 27 23 of
284 369 101 31 English
399 370 143 27 extraction,
555 370 133 22 succeeded
701 370 107 22 Bernard
822 370 23 22 in
859 370 72 22 1147.

91 402 37 23 At
144 403 41 22 the
202 403 72 22 death
294 403 27 22 of
329 403 40 22 the
383 403 77 28 latter,
474 403 41 23 the
528 403 115 23 National
656 407 69 27 party
739 403 69 22 made
822 411 13 14 a
848 407 84 27 strong

90 436 45 22 but
147 436 138 23 ineffectual
299 437 71 22 effort
382 441 24 18 to
419 444 102 23 procure
534 437 40 23 the
591 437 103 22 election
711 436 26 23 of
747 444 14 14 a
774 436 49 23 real
836 436 96 23 Welsh-

91 477 54 15 man
155 480 5 17 ;
179 470 44 23 but
239 471 47 22 this
304 471 87 30 hybrid
407 470 91 31 prelate
510 479 48 14 was
571 479 14 14 a
597 470 101 27 modest,
711 471 76 30 quiet,
801 470 130 23 contented

90 511 63 18 man,
173 503 55 24 who
248 504 69 23 made
336 505 40 22 the
397 508 62 19 most
478 505 30 22 he
527 504 73 23 could
617 504 27 23 of
657 504 36 22 his
712 512 61 18 own,
792 504 48 22 and
859 511 73 15 never

91 538 104 22 coveted
215 537 70 23 other
304 537 75 23 men's
397 539 85 30 goods.
521 537 39 24 He
580 546 46 14 was
644 546 15 14 a
677 537 58 23 kind
753 536 79 23 friend
851 541 24 18 to
895 537 36 22 his

91 570 104 28 diocese,
214 571 48 23 and
281 571 60 23 after
359 572 41 22 the
418 572 68 23 heats
503 571 144 23 occasioned
663 572 32 30 by
709 571 36 22 his
762 571 169 30 appointment

91 612 60 15 were
166 613 64 18 over,
245 613 47 14 was
306 605 71 23 much
391 605 47 23 and
452 605 141 31 deservedly
606 605 133 30 respected.
778 604 40 22 He
830 612 46 15 was
889 604 42 23 the

90 638 70 23 uncle
185 639 48 22 and
254 641 123 27 protector
401 638 28 24 of
446 638 115 24 Giraldus
587 638 162 24 Cambrensis.
792 637 139 31 Fitzgerald

89 671 76 31 dying
179 672 71 27 1176,
262 672 41 23 the
316 673 100 29 chapter
428 672 93 23 elected
532 672 123 28 Giraldus,
668 673 44 22 but
722 672 68 30 King
801 671 86 30 Henry
897 671 33 23 II.

89 705 96 23 refused
199 708 24 21 to
236 706 103 22 confirm
351 706 49 22 him
410 716 5 17 ;
436 706 73 23 Peter
521 706 29 23 de
565 706 66 27 Leia,
644 713 14 16 a
671 706 103 23 Cluniac
787 705 81 27 monk,
882 705 47 23 and

90 739 65 29 prior
173 739 28 23 of
215 739 127 27 Wenlock,
358 740 100 30 stepped
477 740 32 22 in.
549 739 123 27 Giraldus,
690 742 43 20 not
751 739 68 30 quite
836 746 29 15 an
885 746 45 15 un-

90 772 142 31 prejudiced
248 773 133 31 authority,
399 780 97 15 accuses
512 773 73 22 Peter
602 773 26 22 of
637 776 41 19 too
695 772 111 30 frequent
825 773 47 22 and
891 774 40 21 too

90 801 58 36 long
161 806 115 22 absences
289 806 61 23 from
366 806 34 22 his
414 806 105 28 diocese,
532 806 48 22 and
598 806 27 22 of
634 806 100 30 levying
751 806 76 30 heavy
841 806 89 22 contri-

90 839 100 23 butions
202 847 31 14 on
247 840 36 21 his
296 839 81 31 clergy
388 848 6 13 :
411 839 26 28 if,
451 840 117 25 however,
583 840 29 21 he
626 847 46 14 was
686 847 67 22 away
768 839 23 22 in
805 839 39 22 the
858 839 72 31 body,

91 872 30 23 he
135 881 48 14 was
195 876 98 27 present
306 873 22 22 in
343 873 40 22 the
396 873 75 30 spirit,
485 873 46 22 and
545 877 43 26 put
602 873 39 22 the
660 880 87 23 money
761 876 24 19 to
803 880 30 14 an
852 872 78 23 excel-

90 905 51 24 lent
162 914 43 15 use
213 917 6 16 ;
244 914 25 15 as
290 907 23 22 in
336 906 36 22 his
396 906 207 31 archiepiscopate
624 906 41 23 the
686 906 96 23 ancient
801 906 129 27 cathedra],

90 940 78 23 which
184 940 45 23 had
245 940 58 23 been
317 940 94 31 greatly
421 940 117 31 damaged
552 940 31 30 by
598 940 39 23 the
651 939 133 24 incursions
797 939 28 23 of
835 939 95 31 pirates,

90 982 48 14 was
151 974 82 30 pulled
246 974 70 22 down
330 974 47 22 and
396 973 96 23 rebuilt.
529 973 59 23 This
602 974 18 22 is
633 974 40 22 the
687 974 54 22 date
760 972 28 23 of
798 974 39 21 the
855 973 76 23 oldest

90 1008 95 30 portion
200 1007 78 23 ofthe
291 1010 96 27 present
401 1007 156 30 magnificent
570 1008 78 21 ruin.*
686 1007 53 22 The
753 1007 139 22 translation
906 1007 27 23 of

90 1041 39 23 the
144 1041 168 30 metropolitan
331 1049 39 15 see
388 1040 61 23 from
464 1041 117 23 Caerleon
601 1044 25 19 to
647 1040 36 24 St.
701 1040 100 23 David's
819 1048 48 15 was
888 1044 43 20 not

89 1075 52 22 well
151 1074 107 23 advised.
460 1075 78 22 writes
550 1074 124 28 Giraldus,
708 1082 46 14 was
769 1074 72 22 much
852 1074 79 23 better

88 1109 103 29 adapted
201 1108 34 23 for
245 1109 40 22 the
295 1108 121 30 episcopal
426 1115 39 16 see
476 1117 5 18 ;
499 1107 39 23 for
547 1108 115 22 Menevia
671 1108 19 22 is
699 1108 105 22 situated
813 1108 23 21 in
846 1115 13 15 a
868 1112 62 19 most

88 1145 91 20 remote
198 1149 86 16 corner
302 1141 28 24 of
339 1142 56 23 land
415 1149 64 23 upon
499 1142 40 22 the
553 1141 60 23 Irish
631 1141 94 27 Ocean,
738 1141 41 23 the
796 1141 43 22 soil
858 1144 72 28 stony

87 1176 48 22 and
157 1176 94 26 barren,
274 1176 94 22 neither
391 1176 97 22 clothed
510 1176 57 22 with
587 1176 89 27 woods,
697 1175 176 30 distinguished
898 1175 32 30 by

87 1209 81 28 rivers,
183 1217 45 15 nor
245 1209 108 23 adorned
371 1209 32 31 by
416 1209 127 26 meadows,
558 1216 57 15 ever
632 1209 104 30 exposed
757 1211 24 20 to
800 1208 40 23 the
853 1208 77 23 winds

85 1243 48 23 and
152 1247 124 26 tempests,
289 1243 49 22 and
356 1242 149 31 continually
519 1242 94 30 subject
631 1246 23 18 to
673 1242 41 22 the
733 1242 86 22 hostile
837 1241 92 23 attacks

85 1276 28 24 of
130 1277 41 23 the
194 1276 123 32 Flemings
341 1284 31 16 on
397 1284 47 15 one
467 1276 60 28 side,
548 1275 48 23 and
616 1275 28 23 of
664 1275 41 23 the
726 1275 85 23 Welsh
833 1282 30 16 on
888 1275 41 23 the

136 1344 81 23 These
230 1351 62 15 were
310 1346 42 20 not
364 1343 40 23 the
418 1347 72 19 worst
505 1342 68 23 evils.
610 1342 54 23 The
682 1342 177 30 unscrupulous
878 1349 49 15 am-

84 1378 78 23 bition
181 1377 47 23 and
246 1376 126 24 insatiable
392 1377 69 31 spirit
479 1376 28 23 of
521 1376 212 32 aggrandisement
751 1375 124 30 displayed
895 1376 32 30 by

84 1411 41 24 the
145 1411 71 30 kings
234 1410 28 23 of
273 1410 121 31 England,
408 1418 63 15 were
485 1410 40 23 the
543 1413 61 20 most
618 1408 141 24 formidable
778 1409 149 30 antagonists

85 1449 24 20 to
123 1446 40 22 the
178 1444 168 30 metropolitan
365 1444 76 30 rights
458 1444 46 22 and
519 1443 182 31 independence
718 1441 26 24 of
753 1442 40 22 the
810 1443 117 31 archiepi-

127 1515 12 14 *
155 1515 88 20 Hoare's
254 1514 102 23 Giraldus,
368 1513 33 21 vol
418 1513 21 20 ii.
450 1519 21 18 p.
484 1513 33 20 20.
614 1513 14 24 f
643 1513 52 19 Ibid.
705 1513 40 19 vol.
755 1513 20 19 ii.
786 1519 34 18 pp.
835 1513 17 24 1,
864 1514 19 20 2.
