1023 1619
120 93 32 23 72

387 105 53 16 THE
454 105 82 16 KINGS
550 105 32 16 OF
597 105 94 16 WALES.

120 160 100 22 wisdom
233 160 49 23 and
293 160 110 33 learning
411 162 62 23 from
482 171 72 23 every
565 162 150 24 commote.*
751 160 55 22 The
817 157 149 25 convention

120 201 48 15 was
181 195 142 23 summoned
337 201 24 17 at
374 196 40 22 the
425 197 134 30 beginning
573 196 28 23 of
608 195 71 27 Lent,
690 195 46 23 but
750 201 31 15 no
795 193 111 22 business
918 199 48 16 was

120 228 138 23 transacted
271 228 35 22 till
319 229 40 23 the
371 229 63 24 close
447 230 28 23 of
486 230 40 23 the
535 230 85 23 sacred
630 236 94 16 season.
761 226 84 24 While
858 226 20 22 it
889 225 77 23 lasted

119 262 41 22 the
182 261 64 32 good
269 261 95 25 Howell
383 264 123 22 remained
529 264 57 22 with
608 263 38 23 his
670 261 113 32 prelates,
803 259 92 28 nobles,
918 259 48 23 and

119 295 158 28 counsellors,
361 304 87 23 prayer
466 297 48 22 and
532 296 97 31 fasting,
650 296 101 30 craving
772 294 41 23 the
834 293 132 23 assistance

119 329 47 23 and
180 329 117 23 direction
310 330 27 22 of
347 330 76 23 God's
437 330 67 31 Holy
519 330 82 30 Spirit,
615 330 53 22 that
681 329 31 23 he
725 328 79 31 might
815 326 91 25 reform
925 327 41 23 the

118 363 58 23 laws
188 363 49 23 and
249 366 106 20 customs
368 364 28 22 of
406 364 41 22 the
462 366 104 28 country
580 363 27 23 of
617 363 93 26 Wales,
722 365 25 20 to
766 362 41 22 the
826 362 96 23 honour
939 361 27 23 of

119 396 65 28 God,
204 397 47 23 and
271 397 39 23 the
330 398 68 30 quiet
416 400 160 28 government
595 397 24 23 of
630 397 41 23 the
840 395 53 23 The
906 403 59 16 con-

118 431 98 22 vention
231 438 100 23 appears
344 435 25 18 to
382 431 61 22 have
457 431 60 22 been
530 431 145 22 summoned
688 434 25 19 to
726 431 56 29 give
797 429 41 24 the
856 429 109 24 national

118 465 110 22 sanction
242 464 46 23 and
302 464 115 31 approval
431 468 25 19 to
470 464 39 23 the
525 464 77 32 king's
615 464 106 31 designs.
757 464 99 22 Twelve
866 463 29 23 of
901 464 64 22 their

117 498 73 31 body,
205 506 25 15 as
243 498 114 32 ordinary
370 498 202 29 commissioners,
586 498 56 23 with
660 506 14 15 a
693 497 63 23 head
774 497 188 28 commissioner,

117 531 139 32 Blegwryd,
272 532 138 24 chancellor
428 532 28 23 of
470 532 121 28 Llandaff,
610 532 41 23 the
669 535 107 28 greatest
797 531 97 24 scholar
915 531 49 23 and

117 566 53 23 best
182 566 89 30 lawyer
284 565 28 24 of
322 566 37 23 his
371 567 55 29 day,
439 574 61 15 were
514 566 130 30 appointed
654 566 33 31 by
698 565 40 23 the
749 565 58 31 king
817 569 25 19 to
851 566 111 22 examine

117 600 41 23 the
171 600 105 31 existing
290 600 83 23 Welsh
387 600 64 29 laws,
464 600 47 23 and
524 600 61 22 from
598 600 74 26 them,
685 600 58 22 with
757 600 60 22 such
836 599 126 23 modifica-

116 634 63 23 tions
192 641 26 16 as
231 634 63 23 their
308 634 83 23 united
404 634 99 23 wisdom
516 634 79 30 might
609 636 107 27 suggest,
730 633 66 23 draw
815 641 32 22 up
867 640 29 15 an
917 633 44 23 im-

116 668 92 29 proved
229 668 68 22 code.
334 667 53 23 The
407 668 200 26 commissioners,
628 666 62 24 after
710 674 14 16 a
746 667 102 30 diligent
867 667 93 27 search,

116 701 72 22 chose
208 701 40 23 the
265 701 57 22 laws
341 701 29 22 of
382 701 124 31 Dyvnwal
523 701 129 22 Moelmud
670 708 26 15 as
713 700 40 23 the
770 701 64 22 basis
854 700 29 23 of
898 701 63 22 their

116 734 119 23 reformed
254 739 97 27 system,
365 735 46 22 and
425 735 89 31 having
527 734 136 31 completed
676 734 64 23 their
752 734 60 28 task,
826 734 134 22 submitted

116 768 62 23 their
198 768 95 23 labours
311 772 26 19 to
355 768 41 23 the
410 768 131 32 judgment
560 768 27 23 of
600 768 41 23 the
657 768 156 27 convention,
834 768 32 31 by
879 767 82 23 whom

116 801 57 32 they
182 810 62 15 were
255 802 122 31 approved
387 802 48 22 and
444 802 95 23 ratified
550 812 5 16 ;
574 802 47 23 and
630 802 58 31 they
699 801 141 23 afterwards
847 801 114 23 received

116 835 42 23 the
172 836 66 31 royal
251 839 86 20 assent.
374 835 96 23 Howell
484 836 102 22 ordered
599 835 68 23 three
680 836 82 30 copies
774 839 27 19 to
818 835 31 23 be
864 835 97 23 written

116 872 44 20 out
172 870 24 22 in
208 869 43 23 full
262 879 6 18 ;
287 877 45 15 one
346 868 37 24 for
396 870 37 22 his
446 878 52 15 own
515 877 48 19 use,
578 869 102 23 another
698 872 26 20 to
743 869 30 23 be
791 868 127 32 deposited
936 872 26 20 at

116 903 41 23 the
170 903 84 31 palace
266 902 28 24 of
304 903 135 28 Aberfraw,
453 903 48 23 and
519 911 15 15 a
552 903 64 23 third
635 906 25 20 at
677 902 128 24 Dinevwr.
842 901 65 25 That
920 902 41 24 the

116 937 118 23 amended
247 937 57 23 laws
315 937 87 23 should
414 940 66 21 want
492 937 103 30 nothing
608 939 25 21 to
646 937 55 30 give
719 936 66 24 them
804 936 91 30 weight
913 936 48 23 and

115 971 134 30 authority,
261 971 41 23 the
316 971 157 30 Archbishop
487 970 27 24 of
525 970 35 24 St.
570 970 103 23 David's
686 971 159 30 pronounced
862 977 98 16 excom-

116 1005 149 22 munication
279 1005 95 30 against
387 1005 31 22 all
431 1005 54 22 who
503 1005 88 22 should
609 1005 102 28 disobey
724 1004 73 23 them.
835 1004 54 23 The
907 1011 54 16 new

114 1038 150 23 institutions
276 1038 48 23 had
337 1038 111 23 received
461 1038 31 22 all
505 1038 41 22 the
558 1042 102 26 support
669 1038 80 22 whicli
762 1038 42 22 the
817 1038 144 22 authorities

114 1071 24 23 in
154 1071 99 23 Church
271 1072 46 22 and
332 1071 67 23 State
412 1071 72 23 could
497 1072 55 30 give
565 1071 81 27 them;
663 1071 49 23 still
726 1071 97 22 Howell
837 1078 48 15 was
895 1071 28 22 of
933 1078 28 16 so

114 1104 115 31 religious
242 1113 13 14 a
269 1105 75 30 spirit,
356 1105 47 22 and
418 1105 125 23 cherished
557 1112 26 15 so
601 1104 62 31 deep
681 1112 15 15 a
713 1112 131 16 reverence
862 1104 37 23 for
917 1105 43 23 the

114 1138 68 32 Holy
198 1137 54 30 See,
265 1139 54 22 that
328 1138 30 23 he
372 1146 47 15 was
432 1142 43 19 not
487 1142 99 20 content
599 1138 35 23 till
646 1138 25 23 in
685 1146 97 23 person,
796 1138 116 24 attended
926 1138 33 32 by

114 1172 41 23 the
169 1172 157 31 Archbishop
339 1172 27 23 of
376 1172 34 23 St.
420 1171 100 24 David's
533 1172 47 23 and
594 1172 41 23 the
646 1171 104 32 Bishops
762 1171 28 24 of
799 1172 100 32 Bangor
911 1172 49 23 and

115 1205 35 24 St.
165 1206 93 31 Asaph,
271 1206 30 23 he
315 1206 46 23 had
373 1206 129 31 presented
515 1205 99 24 himself
624 1209 25 20 at
661 1205 41 24 the
717 1205 75 32 Papal
806 1205 87 29 Court,
911 1206 48 24 and

114 1235 111 28 received
247 1240 40 23 the
309 1240 167 23 confirmation
499 1239 28 24 of
544 1240 40 23 the
604 1240 129 30 sovereign
752 1240 95 30 pontiff,
867 1248 27 15 as
917 1240 42 24 the

113 1273 115 31 finishing
246 1273 81 24 stroke
344 1276 26 21 to
388 1274 37 22 his
441 1273 73 24 noble
532 1274 48 23 and
598 1274 115 30 patriotic
730 1274 94 31 design.
861 1273 98 24 Howell

112 1307 87 23 visited
220 1307 78 23 Rome
316 1315 32 16 on
372 1310 48 21 two
438 1307 133 28 occasions,
594 1308 76 23 about
690 1307 50 23 926
763 1308 48 23 and
836 1308 50 23 930
896 1317 6 18 ;
933 1307 28 24 of

112 1341 80 23 which
216 1342 84 30 period
324 1349 14 15 a
364 1341 95 23 Roman
481 1341 112 23 Catholic
614 1342 118 22 historian
755 1342 86 27 writes,
904 1341 54 23 The

113 1374 97 23 Roman
229 1375 46 22 See
292 1382 100 24 appears
409 1378 25 20 to
453 1375 61 22 have
532 1375 62 23 been
613 1375 24 22 in
656 1383 15 15 a
688 1378 63 20 state
768 1375 28 23 of
811 1375 147 32 disgraceful

112 1408 157 30 dependence
289 1416 31 16 on
340 1409 91 23 certain
454 1408 97 24 Roman
571 1416 103 21 women,
696 1409 62 27 who,
778 1408 135 24 influential
932 1416 25 16 as

207 1480 13 14 *
234 1480 20 21 A
264 1484 100 18 commote
374 1482 114 25 comprised
498 1483 71 19 twelve
579 1489 81 13 manors
670 1482 40 20 and
720 1484 40 18 two
770 1481 92 21 hamlets.
