1023 1619
344 101 53 16 THE
411 101 80 16 KINGS
505 102 33 15 OF
553 103 94 14 WALES.

886 97 30 22 71

74 159 58 30 they
151 158 138 31 quarrelled
311 159 48 23 and
379 159 86 31 fought
473 167 6 15 :
508 159 85 23 Cadell
614 164 42 26 got
677 160 42 22 the
740 160 79 24 better
838 161 28 23 of
882 161 37 23 his

74 193 99 22 brother
193 193 117 30 Mervyn,
327 193 47 22 and
394 193 69 22 made
482 193 99 22 himself
592 198 88 18 master
692 193 27 24 of
728 193 87 29 Powis,
829 195 90 28 which,

74 226 112 30 together
202 226 58 22 with
275 226 36 23 his
330 226 138 32 hereditary
484 227 155 30 possessions,
660 227 38 27 he,
719 228 77 31 dying
816 230 24 21 in
860 229 58 28 907,

74 259 154 31 bequeathed
245 263 25 20 to
289 260 37 23 his
344 268 43 15 son
403 259 103 28 Howell,
521 260 54 23 who
593 261 155 31 thirty-three
761 270 71 22 years
844 263 75 23 after-

74 294 78 22 wards
165 294 135 23 succeeded
313 294 37 22 his
363 295 92 26 cousin,
471 294 75 23 Idwal
560 294 68 28 Voel,
631 309 33 3 —
665 294 97 32 leaving
774 303 56 16 sons
842 296 28 24 of
883 297 36 23 his

74 335 61 20 own,
150 328 54 23 who
215 336 62 15 were
290 331 37 20 set
339 328 66 23 aside
418 329 23 22 in
451 328 40 23 the
501 329 155 30 sovereignty
670 328 28 23 of
709 328 80 24 North
803 330 81 23 Wales
886 345 33 4 —

74 362 47 22 and
135 362 55 22 thus
203 362 112 23 reunited
328 362 40 22 the
382 361 116 31 kingdom
509 362 77 23 which
598 362 36 23 his
643 363 158 30 grandfather
813 364 106 23 Roderic

74 395 49 23 had
145 396 155 30 partitioned.
339 396 53 23 The
413 397 138 22 succession
571 399 25 20 to
616 396 41 23 the
678 397 132 29 respective
829 397 90 30 princi-

74 429 96 30 palities
187 429 26 23 of
223 430 83 22 Wales
325 429 19 23 is
361 437 58 24 very
433 430 103 22 difficult
554 433 25 19 to
598 430 164 27 understand;
781 431 138 23 sometimes

74 463 192 31 primogeniture
279 463 149 22 determined
442 471 14 15 a
469 463 72 31 right,
554 463 138 23 sometimes
705 464 19 22 it
736 469 63 17 went
813 465 32 29 by
856 465 63 23 elec-

74 497 51 22 tion
135 506 5 18 ;
158 504 73 24 every
248 497 95 31 change
361 497 77 23 found
455 498 47 22 and
521 497 45 23 left
584 505 72 23 many
676 497 83 23 claims
776 497 67 32 lying
863 499 56 22 dor-

75 534 76 24 mant,
164 530 36 23 till
213 539 15 14 a
240 531 92 23 chance
345 531 91 23 offered
449 530 37 24 for
499 531 61 23 their
570 530 90 24 revival
670 531 48 23 and
728 526 191 29 establishment.

76 564 54 23 The
144 564 51 23 title
207 564 27 24 of
245 564 95 24 Howell
355 568 24 20 to
393 565 40 23 the
448 565 77 23 whole
538 565 135 23 dominions
686 565 29 22 he
729 565 67 23 ruled
808 574 46 14 was
868 569 50 24 not,

75 598 96 31 strictly
191 598 126 31 speaking,
338 607 14 14 a
372 599 78 23 sound
475 607 54 19 one,
550 599 94 30 though
665 602 95 20 custom
781 607 54 23 may
858 600 61 23 have

75 632 115 30 legalised
203 633 71 26 what,
286 632 63 24 from
362 632 127 31 imperfect
502 633 151 29 knowledge,
667 633 69 23 reads
748 636 25 20 to
786 641 28 15 us
827 633 47 23 like
887 641 31 16 an

76 670 40 20 act
128 666 28 23 of
164 667 137 30 spoliation.
339 667 95 23 Howell
445 667 47 23 had
503 667 40 23 the
554 667 51 23 best
615 667 110 23 interests
736 666 28 24 of
767 667 36 23 his
815 671 104 27 country

76 703 25 20 at
120 700 75 23 heart.
234 700 40 23 He
295 708 47 15 saw
361 701 94 22 around
475 701 48 22 him
546 708 14 15 a
579 704 69 27 great
671 708 72 23 many
763 701 87 22 abuses
871 701 49 23 and

76 734 139 27 anomalies,
228 734 48 22 and
289 734 30 22 he
333 734 57 22 bent
404 734 36 22 his
453 734 66 22 mind
530 737 24 20 to
565 738 93 18 correct
669 734 46 22 and
726 735 109 30 improve
845 734 74 23 them.

78 767 49 23 But
146 768 30 22 he
195 776 49 14 was
263 772 43 18 not
324 776 15 14 a
355 768 144 30 precipitate
517 767 130 27 reformer;
667 767 30 22 he
716 768 99 22 entered
834 776 30 14 on
882 768 37 22 his

77 801 155 31 patrimonial
240 801 149 23 inheritance
400 802 22 22 in
433 802 59 27 907,
499 801 48 23 and
555 801 59 23 took
622 809 31 15 no
664 801 82 31 public
756 806 52 26 step
817 801 35 23 till
863 802 57 22 926.

79 834 56 24 Still
148 835 46 22 less
206 843 48 15 was
271 835 29 23 he
317 835 215 23 narrow-minded.
570 834 86 27 Rome,
670 835 72 22 fallen
761 843 25 14 as
803 835 42 23 she
864 843 55 20 was,

79 868 78 23 under
168 876 15 15 a
195 869 138 22 succession
346 868 27 23 of
383 868 133 23 unfaithful
528 869 104 30 pontiffs,
646 869 58 22 each
717 877 46 14 one
775 877 74 15 worse
863 869 57 23 than

79 902 42 23 the
134 901 52 28 last,
200 905 24 20 to
238 902 40 23 the
291 902 84 30 simple
388 902 148 23 inhabitants
549 902 27 23 of
585 902 39 23 the
636 901 35 24 far
688 905 59 20 west
759 911 47 14 was
819 903 48 22 still
880 904 41 22 the

80 935 87 26 Queen
179 935 27 23 of
216 935 84 27 Cities,
314 936 40 22 the
367 939 82 20 centre
462 936 28 23 of
499 936 57 23 faith
570 936 46 22 and
630 936 151 23 civilisation.
819 936 102 24 Thither

80 969 99 23 Howell
192 972 36 20 set
240 968 73 28 forth,
327 970 114 23 attended
460 970 33 29 by
510 977 14 15 a
542 970 62 22 train
622 970 28 22 of
660 970 106 29 bishops,
781 973 24 20 to
818 970 103 28 consult,

80 1010 27 16 as
120 1003 114 30 Caradog
246 1003 27 23 of
279 1003 152 23 Llancarvan
442 1003 102 27 writes,*
649 1004 57 22 wise
718 1010 52 16 men
786 1004 136 31 respecting

80 1038 42 22 the
139 1044 81 16 means
239 1036 28 24 of
276 1038 137 30 improving
426 1037 40 23 the
479 1038 57 22 laws
549 1037 72 23 ofthe
635 1037 74 23 realm
722 1037 28 23 of
760 1038 122 28 Cambria,
896 1042 25 18 to

80 1071 82 22 obtain
177 1078 14 15 a
204 1071 145 30 knowledge
361 1071 28 22 of
399 1071 40 22 the
452 1071 58 22 laws
522 1071 28 23 of
560 1071 70 23 other
639 1071 122 22 countries
779 1071 46 22 and
845 1072 76 27 cities,

80 1104 49 23 and
142 1108 25 19 to
181 1104 70 23 know
264 1104 40 23 the
323 1105 56 22 laws
396 1105 81 23 which
495 1105 41 23 the
554 1112 122 23 emperors
695 1104 28 23 of
739 1104 78 23 Rome
835 1109 44 27 put
897 1106 24 22 in

80 1137 66 24 force
160 1138 22 22 in
197 1138 40 23 the
250 1138 47 23 Isle
310 1138 29 23 of
349 1138 91 23 Britain
455 1139 88 31 during
556 1138 63 23 their

135 1171 70 24 After
223 1172 30 23 he
272 1172 46 23 had
338 1172 106 23 satisfied
462 1171 36 24 his
516 1172 71 24 thirst
604 1172 37 23 for
659 1172 152 24 information
827 1172 95 24 Howell

82 1205 113 23 returned
209 1205 79 28 home,
301 1206 47 23 and
365 1206 142 23 summoned
527 1214 15 15 a
560 1206 144 23 convention
719 1206 28 23 of
757 1206 40 23 the
810 1207 112 29 nobility,

81 1239 92 30 clergy,
187 1239 48 23 and
248 1239 96 24 learned
361 1247 61 20 men,
437 1243 24 20 to
476 1243 62 20 meet
551 1243 25 20 at
588 1241 41 22 the
643 1240 82 23 White
738 1239 86 24 House
836 1247 31 16 on
881 1235 41 28 the

83 1273 60 27 Tav,
153 1272 232 29 Carmarthenshire,
396 1282 14 15 a
422 1274 70 30 royal
504 1274 174 29 hunting-seat,
687 1281 26 15 so
725 1274 83 26 called,
820 1274 102 23 because

81 1308 19 22 it
115 1314 48 16 was
182 1307 62 23 built
262 1306 27 24 of
305 1308 91 22 wattles
415 1307 28 23 of
459 1308 72 22 white
549 1308 64 22 rods.
650 1307 53 23 The
719 1307 45 23 site
781 1307 18 23 is
813 1315 56 15 near
882 1308 40 22 the

81 1341 67 22 ruins
157 1340 27 23 of
191 1340 126 23 Whitland
328 1341 96 31 Abbey,
434 1341 78 23 above
523 1341 96 30 Tenby.
646 1341 52 22 The
709 1342 143 21 convention
864 1349 58 16 con-

80 1375 75 22 sisted
168 1374 52 23 ofa
233 1374 111 23 hundred
356 1375 49 22 and
417 1374 64 32 forty
491 1374 168 28 ecclesiastics,
673 1374 28 23 of
706 1375 96 22 various
814 1375 108 30 degrees,

81 1408 85 24 nobles
176 1407 47 24 and
234 1408 88 23 barons
332 1412 41 19 not
383 1408 125 30 specified,
519 1408 47 23 and
576 1408 37 23 six
626 1416 54 15 men
691 1407 27 24 of
724 1408 53 23 best
789 1413 84 25 repute
886 1409 36 24 for

161 1479 12 14 *
189 1479 128 21 Translation
329 1479 26 25 by
366 1479 80 23 Powell,
457 1486 34 18 pp.
503 1479 75 20 50-53.
609 1479 71 20 Camb.
692 1479 54 20 Plut.
759 1480 85 20 98-110.
