1023 1619
924 82 25 22 11

468 86 125 16 BARDISM.

106 141 87 31 chiefly
209 141 48 23 like
278 150 14 14 a
312 142 86 30 pulpit,
414 147 26 19 to
459 144 92 23 deliver
569 145 136 23 discourses
724 145 71 29 from,
815 147 46 22 and
881 151 42 19 not
941 155 14 15 a

105 180 71 18 court
188 183 28 15 or
229 175 68 30 place
311 176 28 23 of
349 176 147 31 legislature.
534 178 53 22 The
597 178 164 25 Druids-were
773 180 41 23 the
827 180 127 31 preachers

105 208 28 23 of
143 209 65 23 their
220 209 83 27 times;
317 210 93 23 several
420 210 28 23 of
459 211 63 22 their
534 219 107 15 sermons
655 220 40 15 are
705 216 91 20 extant.
834 213 69 25 Thev
915 222 39 16 are

105 243 76 27 short,
196 243 78 30 pithy,
288 244 48 22 and
356 247 24 19 to
399 244 42 23 the
453 252 106 23 purpose
569 255 6 17 ;
594 246 48 22 and
656 246 102 23 without
775 247 125 31 intending
914 249 40 22 the

105 277 61 22 least
179 277 134 31 disrespect
331 281 26 19 to
376 277 41 24 the
435 278 80 31 pulpit
533 282 98 28 oratory
645 283 24 19 at
688 280 40 22 the
741 284 96 26 present
849 282 55 30 day,
919 290 35 15 we

105 318 57 23 may
176 310 71 23 think
259 311 123 23 ourselves
395 311 123 24 fortunate
535 311 26 28 if,
574 311 63 24 from
656 321 29 15 an
705 321 103 24 average
822 315 132 27 discourse,

105 353 36 15 we
154 353 46 15 can
214 352 69 24 carry
298 353 69 23 away
381 353 26 15 as
419 346 74 23 much
503 354 26 15 as
542 347 72 23 could
628 347 30 22 be
671 347 94 30 packed
777 349 51 22 into
841 356 14 15 a
867 349 86 22 Welsh

106 378 83 27 Triad,
209 379 49 23 and
281 379 69 23 leave
372 388 31 14 no
426 388 70 22 spare
520 388 76 15 room.
667 380 79 24 Three
771 381 81 31 things
874 382 79 23 which

105 413 72 23 make
197 421 13 15 a
229 421 55 15 man
303 413 72 30 equal
395 417 24 20 to
438 421 30 16 an
487 414 80 29 angel,
572 429 34 3 —
613 414 41 23 the
676 414 54 23 love
747 414 27 23 of
789 422 71 24 every
880 416 73 28 good,

106 447 40 23 the
159 447 55 23 love
228 446 25 24 of
264 448 102 29 charity,
380 448 49 22 and
448 448 42 22 the
508 448 54 22 love
581 447 28 23 of
625 448 109 31 pleasing
754 448 82 23 God.*
873 448 80 23 Thiee

105 481 83 31 things
211 481 53 22 that
289 480 63 24 from
375 481 74 30 being
474 481 111 31 despised
610 481 71 31 bring
704 482 162 30 punishment,
873 497 33 3 —
912 484 41 21 the

105 515 100 22 counsel
219 514 28 23 of
257 522 14 15 a
283 519 131 26 spectator,
430 515 39 22 the
479 515 132 31 judgment
629 515 28 23 of
673 515 41 23 the
727 515 111 27 discreet,
852 517 46 21 and
912 517 41 21 the

105 549 135 30 complaint
253 548 28 23 of
289 549 41 22 the
341 556 67 23 poor.
446 548 54 23 The
508 549 69 22 three
587 548 81 32 things
679 549 40 22 the
732 550 106 22 removal
849 550 105 22 whereof

105 583 20 22 is
137 591 15 15 a
165 590 78 19 curse,
246 597 34 3 —
281 582 41 23 the
336 582 128 31 boundary
479 582 26 23 of
514 582 65 26 land,
593 582 40 24 the
646 590 87 16 course
746 583 28 22 of
783 586 81 25 water,
878 584 47 22 and
938 592 14 14 a

104 617 121 22 direction
244 616 28 23 of
286 624 14 15 a
318 616 58 23 road
396 624 27 15 or
441 616 66 31 path.
551 616 82 23 Three
651 616 124 31 unseemly
797 618 47 22 and
869 617 83 30 unjust

104 651 114 29 opinions
240 651 23 22 in
286 658 49 22 any
358 658 88 22 person
471 651 156 28 whatsoever,
629 664 34 3 —
665 651 40 22 the
725 650 113 31 thinking
860 651 95 23 himself

104 685 64 26 wise,
182 685 42 23 the
242 684 115 31 thinking
375 684 53 23 that
446 691 73 24 every
533 692 85 22 person
634 684 48 23 else
700 685 20 22 is
739 685 97 26 unwise,
849 685 48 22 and
910 685 41 22 the

104 719 116 29 thinking
239 718 53 23 that
313 718 144 30 everything
475 718 31 23 he
528 725 54 24 may
603 718 47 23 like
667 719 19 21 is
706 718 128 30 becoming
851 719 23 21 in
892 719 57 22 him.

105 752 54 22 The
174 752 68 23 three
255 752 144 22 similitudes
412 752 27 22 of
453 759 15 15 a
486 760 54 14 man
561 756 24 18 to
599 759 14 15 a
626 752 70 26 devil,
700 765 32 4 —
734 752 22 22 in
777 751 149 31 frightening
938 760 14 14 a

104 786 75 27 child,
191 786 154 30 obstructing
358 786 40 22 the
409 793 62 22 way,
485 786 47 22 and
546 785 116 31 laughing
676 790 24 18 at
716 785 117 22 mischief.
870 785 80 22 There

104 828 41 15 are
160 820 68 22 three
248 824 62 18 sorts
324 819 28 23 of
366 827 63 19 men,
432 834 32 2 —
466 827 14 14 a
499 827 55 15 man
574 823 25 18 to
618 818 65 28 God,
697 819 54 22 who
768 818 57 23 does
838 819 62 30 good
915 818 37 23 for

104 854 48 23 evil
162 863 6 18 ;
187 862 14 14 a
214 861 55 15 man
286 857 25 19 to
329 861 62 18 man,
408 853 53 22 who
480 853 58 22 does
557 852 65 31 good
640 852 38 23 for
696 852 71 31 good,
782 852 46 23 and
847 852 46 23 evil
912 852 38 23 for

104 888 47 22 evil
163 897 5 17 ;
187 888 47 22 and
248 895 15 14 a
275 895 54 14 man
343 890 25 19 to
381 887 41 22 the
435 886 72 26 devil,
521 886 54 22 who
592 886 57 22 does
667 885 48 24 evil
733 885 38 23 for
788 886 72 31 good.
897 885 52 24 The

104 922 69 22 three
192 922 105 30 primary
313 920 113 31 qualities
439 920 27 22 of
480 920 128 31 goodness,
611 934 34 3 —
647 923 24 19 to
689 919 75 31 speak
782 920 40 22 the
841 920 67 22 truth
926 921 23 21 in

104 956 63 29 spite
185 954 29 24 of
235 955 155 29 everything,
410 957 25 20 to
459 954 53 22 love
531 961 72 23 every
626 953 71 31 good,
722 953 47 23 and
794 952 74 23 suffer
893 954 56 21 with

104 989 119 22 fortitude
241 988 37 23 for
296 988 31 23 all
341 988 67 23 truth
422 987 47 24 and
483 987 30 23 all
656 987 23 22 A
695 987 71 23 white
779 987 67 26 robe,
860 987 89 22 emble-

104 1023 74 23 matic
197 1022 28 23 of
240 1022 65 23 truth
319 1022 47 23 and
383 1022 112 26 holiness,
508 1021 47 23 and
569 1021 49 22 also
637 1020 28 24 of
681 1021 40 22 the
739 1021 62 22 solar
819 1020 68 31 light,
902 1028 47 15 was

104 1057 41 23 the
158 1056 190 31 distinguishing
362 1056 67 22 dress
441 1055 28 23 of
479 1055 41 23 the
535 1054 100 24 Druids.

157 1090 53 23 The
231 1089 168 23 fundamental
421 1089 119 31 principle
562 1088 28 23 of
609 1088 111 23 Bardism
741 1095 48 16 was
813 1088 134 30 equality.f

105 1124 69 23 Each
199 1123 28 24 of
249 1124 41 22 the
314 1123 83 23 orders
423 1122 47 23 had
491 1130 14 14 a
526 1122 142 31 peculiarity
694 1122 26 22 of
740 1122 144 27 estimation,
910 1125 40 27 yet

104 1158 95 23 neither
212 1166 47 14 was
273 1157 56 23 held
348 1162 24 18 to
392 1157 29 23 be
441 1155 159 32 intrinsically
613 1163 67 15 more
698 1155 119 23 excellent
834 1155 57 22 than
909 1155 40 22 the

104 1193 78 22 other.
220 1191 26 23 If
254 1191 57 23 with
323 1194 96 27 respect
432 1194 25 19 to
468 1190 178 31 qualifications
659 1188 36 23 for
708 1189 91 22 certain
812 1188 81 23 offices
904 1196 45 14 one

105 1233 49 16 was
172 1225 102 23 deemed
292 1224 108 27 inferior,
413 1225 20 22 it
450 1232 46 14 was
515 1224 24 21 in
558 1223 70 23 other
645 1222 143 31 particulars
805 1221 100 23 allowed
924 1226 25 18 to

104 1260 31 22 be
154 1260 110 29 superior
275 1268 5 17 ;
308 1265 26 16 so
352 1259 60 26 that,
434 1257 142 23 considered
596 1264 31 15 on
646 1256 40 22 the
705 1255 84 27 whole,
809 1255 57 31 they
886 1263 63 14 were

104 1293 99 31 equally
217 1291 158 24 honourable.
413 1291 53 23 The
485 1291 103 30 dignity,
608 1290 120 26 however,
744 1288 27 23 of
786 1288 163 23 Arch-Druid

104 1327 43 23 did
169 1330 42 18 not
230 1326 67 30 quite
317 1332 87 23 square
426 1325 57 22 with
502 1325 48 22 this
569 1323 117 31 equality,
704 1322 93 31 though
816 1322 46 22 this
884 1322 65 23 infu-

104 1363 53 21 sion
170 1359 28 24 of
210 1359 39 23 the
264 1358 162 23 monarchical
440 1358 105 23 element
562 1356 91 31 proved
673 1357 22 21 in
715 1355 62 24 after
789 1364 56 23 ages
858 1364 13 14 a
885 1357 63 21 main

103 1399 55 27 stay
171 1398 25 19 to
209 1393 42 23 the
264 1396 98 27 system,
380 1399 30 15 on
430 1392 40 22 the
490 1390 182 25 constitutional
690 1389 130 31 principles
833 1389 27 23 of
871 1390 77 23 which

104 1431 40 22 the
167 1427 138 30 delegation
325 1426 28 22 of
369 1432 112 23 supreme
500 1425 122 28 authority
645 1424 119 29 appeared
783 1426 24 20 to
826 1423 120 24 innovate.

131 1503 12 12 *
159 1501 72 19 Camb.
244 1500 53 19 Brit.
308 1497 41 21 vol.
361 1497 13 18 i.
387 1503 22 17 p.
421 1497 47 19 251.
518 1497 14 22 f
548 1495 106 23 Richards,
667 1495 72 19 Camb.
752 1495 51 19 Brit.
813 1495 58 25 Biog.
882 1502 20 18 p.
915 1496 31 18 41.
