1023 1619
897 116 32 25 65

355 123 55 16 THE
424 123 80 16 KINGS
518 123 32 16 OF
565 123 96 16 WALES.

86 180 69 24 those
168 180 79 24 which
264 180 117 24 attended
401 180 40 24 the
459 181 172 31 inauguration
644 181 28 24 of
683 182 96 23 Arthur
792 182 24 23 in
829 182 49 23 517
889 190 6 15 :
898 195 33 5 —

113 214 53 24 The
179 214 142 31 appoynted
334 218 66 27 tyme
413 214 28 24 of
451 215 42 23 the
505 215 137 23 solemnitie
660 216 160 31 approching,
834 217 47 22 and
898 216 33 23 all

86 248 73 31 being
177 248 81 24 readie
278 249 134 23 assembled
434 249 23 22 in
477 249 41 23 the
539 249 56 23 citie
615 248 27 24 of
661 249 113 28 Carleon,
790 250 41 22 the
849 250 81 22 Arch-

86 282 87 30 bishop
193 282 128 31 Dubright
339 290 48 16 was
406 283 150 30 conveighed
577 285 25 20 to
621 283 40 23 the
680 282 85 31 palace
787 283 58 23 with
863 283 68 31 royal

86 316 144 28 solemnitie,
250 319 25 20 to
300 324 95 15 crowne
415 316 68 31 King
502 317 103 22 Arthur.
648 316 134 32 Dubright,
808 317 123 23 therefore

86 349 119 33 (because
225 350 41 23 the
287 354 70 19 court
376 350 57 23 then
452 350 39 32 lay
504 350 84 23 within
608 350 37 22 his
666 350 121 32 diocese),
804 350 127 24 furnished

86 383 100 24 himself
200 384 158 32 accordingly
371 388 24 19 to
412 383 138 32 perfourme
567 384 49 23 and
630 383 129 24 solemnize
776 384 48 23 this
841 385 90 30 charge

86 417 26 23 in
130 417 37 23 his
184 426 68 15 owne
271 427 95 22 person.
402 418 54 23 The
473 418 66 31 king,
554 418 73 31 being
642 418 121 27 crowned,
776 426 49 15 was
837 418 93 31 royally

86 451 109 31 brought,
207 455 24 20 to
245 452 40 23 the
300 452 132 24 cathedrall
451 452 93 23 church
555 451 28 24 of
597 452 52 23 that
668 452 196 30 metropoliticall
881 460 48 15 see.

86 484 42 24 On
141 486 78 23 either
232 486 64 23 hand
310 486 27 23 of
348 487 57 26 him,
418 487 60 22 both
497 486 39 23 the
554 486 65 30 right
635 486 47 22 and
701 485 41 24 the
759 484 50 28 left,
823 486 41 22 did
881 488 49 21 two

87 519 212 30 archbishoppes*
313 522 102 28 support
428 520 57 22 him.
509 520 59 23 And
578 520 73 23 sower
661 520 76 30 kings,
748 523 23 20 to
782 520 48 26 wit,
842 519 88 31 Angu-

86 553 44 23 sell
142 553 60 31 king
219 549 28 27 of
257 554 113 26 Albania,
389 554 104 22 Caduall
505 553 60 31 king
577 553 28 23 of
613 554 146 26 Venedocia,
771 553 81 23 Cader
870 553 60 31 king

86 586 28 23 of
131 587 143 28 Cornewall,
288 588 47 22 and
356 587 70 24 Sater
439 587 58 31 king
513 587 29 22 of
551 587 124 28 Demetia,
689 590 64 20 went
770 586 80 23 before
869 587 60 28 him,

86 621 115 31 carrying
222 620 75 24 sower
318 621 87 31 golden
427 621 98 23 swords.
568 620 54 23 The
644 621 138 31 companies
807 620 50 23 also
881 620 50 24 and

85 662 134 16 concourse
243 654 29 24 of
290 655 96 23 sondrie
410 658 62 20 sorts
496 654 29 23 of
542 654 95 24 officers
660 655 88 31 played
773 654 84 23 before
879 655 52 22 him

85 688 135 23 melodious
233 689 48 23 and
295 689 120 30 heavenly
586 690 16 29 -j-
642 688 90 24 Cerdic
744 689 48 23 and
802 689 44 22 the
859 688 72 23 West

86 721 94 24 Saxons
193 722 48 24 had
254 723 88 30 gained
356 731 14 15 a
383 723 53 22 firm
450 722 94 31 footing
559 723 23 22 in
596 722 122 31 England,
732 723 47 23 and
793 730 61 15 were
870 731 60 22 pur-

85 756 72 30 suing
175 756 41 24 the
236 756 91 24 British
345 756 78 24 forces
441 764 59 23 very
519 756 58 23 hard
588 765 5 16 ;
617 757 96 23 Arthur
732 757 48 22 had
802 757 43 22 hot
863 757 68 23 work

86 789 83 24 before
188 791 58 27 him,
259 791 47 22 and
320 790 11 23 I
345 798 39 16 am
402 790 77 24 afraid
499 790 52 23 that
570 791 36 22 his
625 791 67 22 mind
708 797 47 16 was
773 797 14 16 a
805 790 59 30 long
877 798 54 23 way

86 824 36 22 off
136 831 26 15 as
177 824 30 23 he
220 825 94 22 walked
328 825 23 22 in
365 825 53 22 that
434 824 88 30 stately
535 825 149 29 procession.
720 824 81 23 When
820 827 58 20 next
894 832 36 16 we

87 857 59 23 hear
158 857 27 23 of
194 858 57 26 him,
265 858 19 22 it
296 859 19 21 is
328 866 30 15 on
373 858 40 23 the
426 858 154 23 battle-field.

139 891 96 23 Arthur
255 891 86 32 fought
362 892 41 23 the
424 891 95 24 Saxons
539 891 85 23 twelve
644 891 69 23 times
723 901 5 17 ;
750 891 49 22 had
820 891 30 23 he
872 899 58 16 con-

87 925 93 30 quered
197 925 40 23 the
254 925 52 24 first
322 926 67 27 time,
402 926 19 23 it
439 926 18 22 is
472 925 117 31 probable
604 925 53 23 that
670 925 29 23 he
712 925 81 22 would
809 928 44 20 not
869 925 62 24 have

87 958 49 23 had
156 962 24 20 to
200 959 62 31 fight
283 960 40 23 the
343 960 71 23 other
435 959 85 24 eleven
540 960 78 22 times.
656 958 54 24 The
728 959 103 23 number
848 959 29 23 of
889 960 42 23 the

87 997 174 26 engagements
274 1001 87 23 proves
381 994 42 23 the
439 993 188 23 determination
645 993 48 23 and
713 1001 173 22 perseverance
907 993 26 23 of

86 1026 42 23 the
141 1027 119 23 invaders.
297 1027 68 24 Even
379 1034 27 17 so
418 1027 59 30 long
489 1034 47 23 ago
550 1034 25 16 as
588 1027 53 23 that
659 1027 40 22 the
718 1026 101 31 English
833 1027 41 23 did
887 1030 44 21 not

86 1060 73 23 know
179 1061 70 23 when
274 1061 59 30 they
354 1069 63 15 were
435 1062 96 22 beaten.
577 1060 116 23 Arthur's
712 1063 69 27 great
799 1061 86 29 battle,
905 1062 25 22 in

86 1094 80 23 which
185 1095 30 22 he
233 1095 89 30 gained
340 1103 15 14 a
373 1095 105 23 decisive
494 1095 103 31 victory,
610 1095 48 22 and
674 1094 108 31 brought
799 1094 88 23 Cerdic
904 1098 27 20 to

87 1130 81 25 terms,
180 1128 83 22 stands
280 1128 46 23 last
345 1129 23 22 in
388 1129 41 22 the
447 1128 40 23 list
505 1128 28 23 of
549 1128 119 23 Nennius.
705 1128 54 22 The
778 1131 72 20 event
867 1132 64 19 esta-

87 1161 96 23 blished
196 1161 115 24 Arthur's
328 1163 138 30 reputation
483 1170 25 14 as
525 1170 14 15 a
555 1166 68 27 great
642 1161 105 31 captain.
784 1161 53 23 The
854 1162 76 23 battle

88 1202 48 15 was
148 1194 88 31 fought
253 1196 24 22 in
295 1196 40 23 the
354 1196 203 32 neighbourhood
576 1195 29 23 of
619 1195 71 27 Bath,
704 1196 24 21 in
747 1195 57 27 520,
818 1204 58 14 near
889 1196 42 23 the

87 1228 43 22 hill
157 1228 122 32 (Camden
301 1228 94 33 writes)
419 1237 55 15 now
499 1229 78 24 called
627 1229 175 27 Bannesdown,
822 1229 109 32 hanging

86 1269 60 16 over
158 1262 40 23 the
216 1262 62 23 little
290 1263 87 31 village
390 1262 28 24 of
428 1263 144 28 Bathstone,
584 1263 49 22 and
649 1262 110 31 showing
772 1262 23 22 in
809 1262 37 23 his

86 1303 27 16 as
126 1296 31 22 he
171 1295 53 23 tells
240 1304 34 19 us,
312 1297 28 23 its
354 1297 121 23 bulwarks
489 1297 47 23 and
718 1292 54 27 The
786 1296 84 23 Welsh
882 1296 49 24 still

86 1329 74 23 know
182 1330 42 23 the
241 1329 113 31 adjacent
372 1331 53 23 vale
445 1338 31 15 on
499 1331 40 23 the
553 1331 73 22 Avon
645 1330 32 30 by
697 1329 40 23 the
759 1338 70 15 name
851 1330 78 24 Nant-

86 1363 95 23 Badon.
222 1363 28 23 In
270 1363 102 24 allusion
390 1367 26 20 to
434 1364 47 24 this
500 1365 102 29 victory^
621 1371 30 15 an
671 1363 97 24 ancient
786 1363 73 29 Bard,
873 1372 57 23 sup-

85 1397 76 30 posed
180 1400 25 21 to
224 1397 61 24 have
305 1398 61 23 been
384 1398 115 28 Taliesin,
518 1398 75 29 sings,
595 1411 34 4 —

251 1497 13 14 *
280 1497 87 19 London
377 1497 40 19 and
426 1497 65 19 York.

671 1497 14 23 t
699 1497 22 20 P.
733 1498 31 20 29.
