1023 1619
98 113 32 23 94

376 122 55 16 THE
444 122 91 16 WELSH
550 120 115 18 CHURCH.

100 179 116 31 Arwystli
227 180 19 23 is
257 179 81 24 Welsh
349 180 38 23 for
398 181 166 23 Aristobulus.
597 179 71 26 Now,
680 178 22 22 in
715 176 115 27 Romans,
842 176 47 23 xvi.
903 176 40 25 10,

100 221 35 15 we
154 214 56 22 read
227 221 88 24 among
331 214 41 22 the
390 214 150 27 salutations,
580 213 84 23 Salute
681 212 66 22 them
762 211 78 23 which
859 218 41 15 are
919 209 29 24 of

101 247 166 22 Aristobulus'
528 247 26 23 In
583 247 41 22 the
652 245 105 24 Silurian

100 281 79 22 writes
197 281 40 22 the
254 280 49 23 late
321 281 121 23 lamented
458 280 126 24 Professor
602 280 61 23 Rice
683 279 71 26 Rees,
926 277 19 23 is

100 314 52 22 said
172 318 25 19 to
217 315 60 22 have
296 314 61 23 been
376 315 40 23 the
433 314 132 27 confessor,
587 320 28 16 or
634 313 110 30 spiritual
764 312 138 27 instructor,
922 311 27 23 of

101 347 74 24 Bran.
211 348 24 23 It
255 349 20 22 is
482 348 128 23 continues
627 347 47 22 this
691 349 114 20 accurate
823 346 48 22 and
891 346 54 22 able

100 382 88 26 writer,
206 382 54 23 who
281 385 89 20 cannot
389 382 30 22 be
437 381 106 31 charged
559 381 59 22 with
638 388 47 23 any
703 380 82 22 undue
804 380 98 30 leaning
921 383 24 19 to

100 416 106 23 national
216 416 133 25 traditions,
381 416 58 25 that,
449 415 132 31 according
589 418 25 19 to
623 414 40 23 the
673 413 82 25 Greek
765 413 84 30 Marty
853 413 92 31 rology,

100 457 27 16 as
145 450 64 23 cited
228 450 32 30 by
274 449 157 30 Archbishop
446 448 88 29 Usher,
549 448 157 23 Aristobulus
719 456 49 14 was
785 446 115 24 ordained
915 447 31 31 by

102 483 36 24 St.
153 483 61 23 Paul
232 491 26 15 as
275 490 13 16 a
305 483 87 29 bishop
406 483 36 23 for
454 483 41 22 the
512 483 107 22 Britons.
655 482 87 30 Cressy
756 481 50 23 also
819 489 61 23 says,
895 481 52 23 that

102 517 36 23 St.
153 517 165 29 Aristobulus,
331 524 14 16 a
358 517 101 30 disciple
475 516 28 23 of
514 516 35 24 St.
564 516 73 23 Peter
650 524 27 15 or
691 516 34 23 St.
740 515 61 24 Paul
818 518 25 20 at
860 514 86 28 Rome,

101 559 49 14 was
162 554 54 19 sent
227 558 26 15 as
266 558 29 15 an
309 551 92 29 apostle
414 554 25 19 to
453 551 39 22 the
508 550 104 27 Britons,
623 550 46 23 and
680 557 48 16 was
741 550 41 23 the
796 549 51 23 first
860 549 86 30 bishop

102 585 23 22 in
141 584 91 23 Britain
243 594 5 17 ;
266 584 54 22 that
339 584 30 22 he
386 584 55 22 died
460 587 25 19 at
503 584 175 31 Glastonbury,
696 590 51 16 a.d.
766 583 32 22 99
809 593 5 17 ;
833 583 48 23 and
894 583 53 22 that

102 618 36 23 his
158 618 223 27 commemoration,
396 625 27 15 or
435 617 151 31 saint's-day,
600 625 48 15 was
667 617 57 31 kept
741 617 23 22 in
785 617 41 22 the
845 616 100 23 Church

102 651 89 23 March
359 651 20 22 A
406 650 139 23 farmhouse
569 651 23 22 in
619 650 224 30 Glamorganshire,
868 650 78 23 called

104 685 118 27 Trevran,
237 686 18 22 is
267 684 98 32 pointed
379 689 42 18 out
436 685 29 31 by
481 685 112 22 tradition
609 692 26 15 as
650 685 41 22 the
703 684 69 32 place
785 684 80 22 where
879 684 65 22 Bran

103 720 58 22 used
175 723 24 19 to
214 719 85 22 reside.
335 718 52 23 Not
398 718 33 23 far
445 718 63 23 from
526 719 19 22 it
558 719 18 22 is
590 718 114 27 Llanilid,
718 726 28 15 or
758 718 41 23 the
813 718 93 22 church
920 717 28 23 of

103 752 56 28 Hid,
179 753 79 22 which
279 753 20 21 is
322 752 119 31 regarded
463 761 25 14 as
509 753 41 22 the
575 752 76 23 oldest
675 752 93 23 church
793 752 24 22 in
843 751 102 23 Britain.

104 786 53 23 The
171 786 73 27 wake,
259 794 27 14 or
298 785 93 23 festival
409 786 77 23 ofthe
504 786 88 30 parish,
607 787 18 21 is
638 786 47 22 still
699 785 78 24 called
790 785 72 31 Gwyl
877 784 68 28 Geri,

102 819 61 24 from
187 819 64 28 Ceri,
274 820 19 22 it
311 820 20 22 is
352 820 128 29 supposed,
502 820 40 22 the
562 819 239 30 great-grandfather
825 819 28 22 of
872 818 73 23 Bran.

105 853 66 24 Such
189 860 14 16 a
221 853 156 23 coincidence
398 853 28 23 of
673 852 51 23 Mr.
736 853 120 22 Williams
875 852 71 30 fairly

104 887 124 26 contends,
266 887 134 23 authorises
420 894 26 15 us
464 890 25 20 to
508 886 62 24 form
589 895 14 15 a
620 890 85 27 strong
724 886 138 29 conjecture
881 893 25 16 as
922 889 24 20 to

104 921 40 22 the
165 921 132 30 particular
317 920 98 31 locality
437 921 79 22 where
537 921 41 22 the
600 921 52 22 first
670 921 119 30 assembly
809 920 28 23 of
856 920 89 22 British

105 954 135 23 Christians
259 957 48 19 met
325 957 25 19 to
364 954 103 30 worship
482 954 63 22 their
558 954 66 22 Lord
643 954 47 22 and
895 953 51 23 The

103 992 58 27 poet
181 987 99 23 Martial
298 987 128 23 addressed
446 995 29 14 an
495 988 108 30 epigram
621 991 25 19 to
665 987 41 23 the
725 987 95 23 Roman
840 987 106 27 Pudens,

104 1021 48 23 and
176 1021 96 22 alluded
293 1025 24 18 to
339 1021 36 22 his
395 1022 119 30 marriage
535 1021 57 22 with
615 1021 111 27 Claudia,
771 1029 91 22 sprung
884 1020 62 23 from

105 1055 40 22 the
164 1062 71 15 azure
407 1062 48 23 you
472 1055 136 22 remember
621 1055 52 22 that
687 1063 80 18 azure,
781 1063 27 14 or
821 1055 64 26 blue,
900 1062 47 15 was

105 1088 40 23 the
165 1088 88 22 Bardic
271 1088 91 22 colour.
399 1083 59 27 This
476 1088 56 31 lady
547 1088 59 23 both
627 1088 137 23 Protestant
782 1088 47 22 and
849 1088 96 23 Roman

105 1121 112 24 Catholic
228 1122 91 22 writers
332 1129 71 22 agree
416 1121 24 22 in
453 1122 113 31 thinking
579 1125 24 19 to
618 1122 60 22 have
692 1122 61 22 been
767 1130 14 14 a
793 1122 121 30 daughter
924 1121 26 23 of

105 1155 155 24 Caractacus.
297 1154 40 23 He
346 1155 47 22 had
404 1155 102 22 another
519 1155 126 30 daughter,
656 1155 87 31 Eigan,
757 1156 55 22 who
825 1155 94 23 formed
933 1164 14 14 a

105 1189 92 30 college
217 1188 28 23 of
264 1188 84 23 twelve
373 1188 114 31 religious
511 1197 107 22 persons,
638 1189 76 23 called
739 1189 62 23 after
825 1189 43 23 her
892 1197 53 15 own

105 1230 77 19 name,
205 1222 49 23 Cor
277 1222 115 30 Eurgain.
429 1222 48 23 She
497 1230 47 15 was
566 1223 103 22 married
689 1227 24 19 to
731 1222 103 32 Sarllog,
852 1223 54 23 lord
923 1222 27 24 of

105 1256 64 24 Caer
189 1256 101 30 Sarllog,
304 1256 40 22 the
362 1259 97 26 present
476 1256 40 23 old
536 1256 94 23 Sarum.
668 1256 104 24 Claudia
788 1257 47 23 and
850 1257 97 23 Pudens

105 1297 40 16 are
165 1290 104 29 thought
286 1292 25 20 to
331 1290 60 22 have
409 1290 61 22 been
490 1290 41 23 the
550 1290 134 23 Christians
702 1291 77 22 ofthe
797 1298 65 15 same
877 1298 70 15 name

105 1324 54 22 who
172 1324 79 28 joined
261 1324 55 22 with
329 1322 35 24 St.
376 1323 59 23 Paul
447 1324 22 21 in
483 1324 41 22 the
536 1324 149 27 salutations,
699 1324 15 22 2
729 1324 123 31 Timothy,
867 1324 30 22 iv.
906 1324 41 23 21.

157 1357 72 22 From
243 1357 40 22 the
293 1357 163 22 introduction
467 1357 28 22 of
502 1357 161 32 Christianity
673 1357 23 22 in
706 1358 32 22 58
748 1358 67 23 there
829 1359 19 21 is
858 1366 14 14 a
881 1357 66 32 lapse

105 1390 28 22 of
149 1398 65 15 more
232 1390 57 23 than
309 1398 45 15 one
373 1390 110 23 hundred
503 1391 45 22 and
568 1394 90 28 twenty
671 1400 78 22 years,
765 1392 89 31 during
867 1392 78 23 which

106 1432 35 15 we
166 1424 61 22 have
249 1432 31 15 no
301 1423 152 24 information
479 1424 75 23 about
579 1425 40 22 the
639 1425 85 22 Welsh
749 1426 107 21 Church.
893 1425 52 22 The

309 1501 13 12 *
336 1501 66 25 Essay
412 1507 26 13 on
447 1502 35 19 the
491 1502 72 19 Welsh
574 1502 74 24 Saints,
659 1509 20 19 p.
692 1503 32 18 81.

308 1529 14 23 f
336 1528 120 20 Williams's
467 1529 82 24 Cymry,
560 1535 20 18 p.
590 1529 33 19 56.
