<?xml version="1.0" encoding="UTF-8"?>
<alto xmlns:xsi="http://www.w3.org/2001/XMLSchema-instance" xsi:noNamespaceSchemaLocation="http://www.bl.uk/schemas/alto/alto-1-4.xsd" xmlns:xlink="http://www.w3.org/1999/xlink">
	<Description>
		<MeasurementUnit>mm10</MeasurementUnit>
		<sourceImageInformation>
			<fileName>//head1/IN/2008-22/A0011651692/008435.jp2</fileName>
		</sourceImageInformation>
		<OCRProcessing ID="OCRPROCESSING_1">
			<preProcessingStep>
				<processingSoftware>
					<softwareCreator>CCS Content Conversion Specialists GmbH, Germany</softwareCreator>
					<softwareName>CCS docWORKS</softwareName>
					<softwareVersion>6.1-0.67</softwareVersion>
				</processingSoftware>
			</preProcessingStep>
			<ocrProcessingStep>
				<processingSoftware>
					<softwareCreator>ABBYY (BIT Software), Russia</softwareCreator>
					<softwareName>Finereader</softwareName>
				</processingSoftware>
			</ocrProcessingStep>
		</OCRProcessing>
	</Description>
	<Styles>
		<TextStyle ID="TXT_0" FONTSIZE="9" FONTFAMILY="Courier New"/>
		<TextStyle ID="TXT_1" FONTSIZE="10" FONTFAMILY="Courier New"/>
		<TextStyle ID="TXT_2" FONTSIZE="11" FONTFAMILY="Courier New"/>
		<ParagraphStyle ID="PAR_CENTER" ALIGN="Center"/>
		<ParagraphStyle ID="PAR_RIGHT" ALIGN="Right"/>
		<ParagraphStyle ID="PAR_LEFT" ALIGN="Left"/>
	</Styles>
	<Layout>
		<Page ID="P47" PHYSICAL_IMG_NR="47" HEIGHT="1619" WIDTH="1023" PRINTED_IMG_NR="33" POSITION="Right" ACCURACY="76.93">
			<TopMargin ID="P47_TM00001" HPOS="0" VPOS="0" WIDTH="1022" HEIGHT="126">
				<TextBlock ID="P47_TB00001" HPOS="458" VPOS="107" WIDTH="127" HEIGHT="14" STYLEREFS="TXT_0 PAR_CENTER">
					<TextLine ID="P47_TL00001" HPOS="460" VPOS="108" WIDTH="125" HEIGHT="13">
						<String ID="P47_ST00001" HPOS="460" VPOS="108" WIDTH="125" HEIGHT="13" CONTENT="BARDISM." WC="0.68" CC="40744500"/>
					</TextLine>
				</TextBlock>
				<TextBlock ID="P47_TB00002" HPOS="911" VPOS="102" WIDTH="33" HEIGHT="22" STYLEREFS="TXT_1 PAR_RIGHT">
					<TextLine ID="P47_TL00002" HPOS="911" VPOS="102" WIDTH="33" HEIGHT="22">
						<String ID="P47_ST00002" HPOS="911" VPOS="102" WIDTH="33" HEIGHT="22" CONTENT="33" WC="1.00" CC="00"/>
					</TextLine>
				</TextBlock>
			</TopMargin>
			<LeftMargin ID="P47_LM00001" HPOS="0" VPOS="126" WIDTH="90" HEIGHT="1437"/>
			<RightMargin ID="P47_RM00001" HPOS="944" VPOS="126" WIDTH="78" HEIGHT="1437"/>
			<BottomMargin ID="P47_BM00001" HPOS="0" VPOS="1563" WIDTH="1022" HEIGHT="55"/>
			<PrintSpace ID="P47_PS00001" HPOS="90" VPOS="126" WIDTH="854" HEIGHT="1437">
				<TextBlock ID="P47_TB00003" HPOS="90" VPOS="161" WIDTH="854" HEIGHT="1312" STYLEREFS="TXT_0 PAR_LEFT">
					<TextLine ID="P47_TL00003" HPOS="97" VPOS="163" WIDTH="847" HEIGHT="33">
						<String ID="P47_ST00003" HPOS="97" VPOS="163" WIDTH="158" HEIGHT="23" CONTENT="inducement" WC="0.54" CC="6717470560"/>
						<SP ID="P47_SP00001" HPOS="255" VPOS="186" WIDTH="19"/>
						<String ID="P47_ST00004" HPOS="274" VPOS="166" WIDTH="24" HEIGHT="20" CONTENT="to" WC="0.44" CC="64"/>
						<SP ID="P47_SP00002" HPOS="298" VPOS="186" WIDTH="19"/>
						<String ID="P47_ST00005" HPOS="317" VPOS="171" WIDTH="71" HEIGHT="16" CONTENT="cause" WC="0.69" CC="30650"/>
						<SP ID="P47_SP00003" HPOS="388" VPOS="187" WIDTH="19"/>
						<String ID="P47_ST00006" HPOS="407" VPOS="172" WIDTH="14" HEIGHT="15" CONTENT="a" WC="0.51" CC="4"/>
						<SP ID="P47_SP00004" HPOS="421" VPOS="187" WIDTH="18"/>
						<String ID="P47_ST00007" HPOS="439" VPOS="164" WIDTH="66" HEIGHT="31" CONTENT="large" WC="0.91" CC="20200"/>
						<SP ID="P47_SP00005" HPOS="505" VPOS="195" WIDTH="18"/>
						<String ID="P47_ST00008" HPOS="523" VPOS="165" WIDTH="154" HEIGHT="28" CONTENT="attendance," WC="0.69" CC="50543706000"/>
						<SP ID="P47_SP00006" HPOS="677" VPOS="195" WIDTH="18"/>
						<String ID="P47_ST00009" HPOS="695" VPOS="174" WIDTH="82" HEIGHT="22" CONTENT="games" WC="0.54" CC="90570"/>
						<SP ID="P47_SP00007" HPOS="777" VPOS="196" WIDTH="19"/>
						<String ID="P47_ST00010" HPOS="796" VPOS="175" WIDTH="63" HEIGHT="15" CONTENT="were" WC="0.74" CC="0720"/>
						<SP ID="P47_SP00008" HPOS="859" VPOS="196" WIDTH="18"/>
						<String ID="P47_ST00011" HPOS="877" VPOS="168" WIDTH="67" HEIGHT="23" CONTENT="insti" SUBS_TYPE="HypPart1" SUBS_CONTENT="instituted," WC="0.76" CC="047200"/>
						<HYP CONTENT="-"/>
					</TextLine>
					<TextLine ID="P47_TL00004" HPOS="97" VPOS="197" WIDTH="846" HEIGHT="35">
						<String ID="P47_ST00012" HPOS="97" VPOS="197" WIDTH="76" HEIGHT="25" CONTENT="tuted," SUBS_TYPE="HypPart2" SUBS_CONTENT="instituted," WC="0.72" CC="723201"/>
						<SP ID="P47_SP00009" HPOS="173" VPOS="222" WIDTH="12"/>
						<String ID="P47_ST00013" HPOS="185" VPOS="198" WIDTH="47" HEIGHT="22" CONTENT="and" WC="1.00" CC="000"/>
						<SP ID="P47_SP00010" HPOS="232" VPOS="222" WIDTH="13"/>
						<String ID="P47_ST00014" HPOS="245" VPOS="198" WIDTH="77" HEIGHT="29" CONTENT="prizes" WC="0.58" CC="640605"/>
						<SP ID="P47_SP00011" HPOS="322" VPOS="227" WIDTH="11"/>
						<String ID="P47_ST00015" HPOS="333" VPOS="197" WIDTH="28" HEIGHT="23" CONTENT="of" WC="1.00" CC="00"/>
						<SP ID="P47_SP00012" HPOS="361" VPOS="227" WIDTH="6"/>
						<String ID="P47_ST00016" HPOS="367" VPOS="198" WIDTH="69" HEIGHT="22" CONTENT="value" WC="0.77" CC="00650"/>
						<SP ID="P47_SP00013" HPOS="436" VPOS="227" WIDTH="9"/>
						<String ID="P47_ST00017" HPOS="445" VPOS="198" WIDTH="153" HEIGHT="23" CONTENT="announced." WC="0.80" CC="0711222030"/>
						<SP ID="P47_SP00014" HPOS="598" VPOS="227" WIDTH="32"/>
						<String ID="P47_ST00018" HPOS="630" VPOS="198" WIDTH="39" HEIGHT="23" CONTENT="No" WC="0.81" CC="03"/>
						<SP ID="P47_SP00015" HPOS="669" VPOS="227" WIDTH="10"/>
						<String ID="P47_ST00019" HPOS="679" VPOS="200" WIDTH="84" HEIGHT="22" CONTENT="visitor" WC="0.94" CC="0040000"/>
						<SP ID="P47_SP00016" HPOS="763" VPOS="227" WIDTH="9"/>
						<String ID="P47_ST00020" HPOS="772" VPOS="209" WIDTH="68" HEIGHT="15" CONTENT="came" WC="0.85" CC="0600"/>
						<SP ID="P47_SP00017" HPOS="840" VPOS="227" WIDTH="10"/>
						<String ID="P47_ST00021" HPOS="850" VPOS="206" WIDTH="93" HEIGHT="26" CONTENT="empty" SUBS_TYPE="HypPart1" SUBS_CONTENT="emptyhanded" WC="0.97" CC="000100"/>
						<HYP CONTENT="-"/>
					</TextLine>
					<TextLine ID="P47_TL00005" HPOS="96" VPOS="229" WIDTH="848" HEIGHT="35">
						<String ID="P47_ST00022" HPOS="96" VPOS="229" WIDTH="97" HEIGHT="24" CONTENT="handed" SUBS_TYPE="HypPart2" SUBS_CONTENT="emptyhanded" WC="0.77" CC="605010"/>
						<SP ID="P47_SP00018" HPOS="193" VPOS="253" WIDTH="13"/>
						<String ID="P47_ST00023" HPOS="206" VPOS="240" WIDTH="5" HEIGHT="17" CONTENT=";" WC="1.00" CC="0"/>
						<SP ID="P47_SP00019" HPOS="211" VPOS="257" WIDTH="26"/>
						<String ID="P47_ST00024" HPOS="237" VPOS="238" WIDTH="74" HEIGHT="24" CONTENT="every" WC="0.86" CC="00600"/>
						<SP ID="P47_SP00020" HPOS="311" VPOS="262" WIDTH="18"/>
						<String ID="P47_ST00025" HPOS="329" VPOS="238" WIDTH="88" HEIGHT="23" CONTENT="person" WC="0.74" CC="000644"/>
						<SP ID="P47_SP00021" HPOS="417" VPOS="262" WIDTH="19"/>
						<String ID="P47_ST00026" HPOS="436" VPOS="232" WIDTH="108" HEIGHT="31" CONTENT="brought" WC="0.54" CC="6350970"/>
						<SP ID="P47_SP00022" HPOS="544" VPOS="263" WIDTH="18"/>
						<String ID="P47_ST00027" HPOS="562" VPOS="233" WIDTH="138" HEIGHT="31" CONTENT="something" WC="0.79" CC="000007650"/>
						<SP ID="P47_SP00023" HPOS="700" VPOS="264" WIDTH="19"/>
						<String ID="P47_ST00028" HPOS="719" VPOS="236" WIDTH="24" HEIGHT="20" CONTENT="to" WC="0.62" CC="43"/>
						<SP ID="P47_SP00024" HPOS="743" VPOS="264" WIDTH="22"/>
						<String ID="P47_ST00029" HPOS="765" VPOS="234" WIDTH="56" HEIGHT="30" CONTENT="help" WC="0.60" CC="3650"/>
						<SP ID="P47_SP00025" HPOS="821" VPOS="264" WIDTH="19"/>
						<String ID="P47_ST00030" HPOS="840" VPOS="236" WIDTH="104" HEIGHT="22" CONTENT="towards" WC="0.71" CC="5400406"/>
					</TextLine>
					<TextLine ID="P47_TL00006" HPOS="95" VPOS="264" WIDTH="849" HEIGHT="35">
						<String ID="P47_ST00031" HPOS="95" VPOS="264" WIDTH="92" HEIGHT="30" CONTENT="setting" WC="0.87" CC="6002000"/>
						<SP ID="P47_SP00026" HPOS="187" VPOS="294" WIDTH="21"/>
						<String ID="P47_ST00032" HPOS="208" VPOS="272" WIDTH="33" HEIGHT="22" CONTENT="up" WC="0.63" CC="70"/>
						<SP ID="P47_SP00027" HPOS="241" VPOS="294" WIDTH="22"/>
						<String ID="P47_ST00033" HPOS="263" VPOS="264" WIDTH="23" HEIGHT="22" CONTENT="in" WC="1.00" CC="00"/>
						<SP ID="P47_SP00028" HPOS="286" VPOS="294" WIDTH="21"/>
						<String ID="P47_ST00034" HPOS="307" VPOS="264" WIDTH="183" HEIGHT="32" CONTENT="housekeeping" WC="0.83" CC="007600000230"/>
						<SP ID="P47_SP00029" HPOS="490" VPOS="296" WIDTH="20"/>
						<String ID="P47_ST00035" HPOS="510" VPOS="266" WIDTH="41" HEIGHT="22" CONTENT="the" WC="0.54" CC="067"/>
						<SP ID="P47_SP00030" HPOS="551" VPOS="296" WIDTH="20"/>
						<String ID="P47_ST00036" HPOS="571" VPOS="274" WIDTH="84" HEIGHT="23" CONTENT="young" WC="0.84" CC="00700"/>
						<SP ID="P47_SP00031" HPOS="655" VPOS="297" WIDTH="21"/>
						<String ID="P47_ST00037" HPOS="676" VPOS="267" WIDTH="94" HEIGHT="30" CONTENT="couple." WC="0.81" CC="0600600"/>
						<SP ID="P47_SP00032" HPOS="770" VPOS="297" WIDTH="39"/>
						<String ID="P47_ST00038" HPOS="809" VPOS="268" WIDTH="59" HEIGHT="23" CONTENT="This" WC="0.61" CC="0527"/>
						<SP ID="P47_SP00033" HPOS="868" VPOS="297" WIDTH="19"/>
						<String ID="P47_ST00039" HPOS="887" VPOS="269" WIDTH="57" HEIGHT="30" CONTENT="they" WC="0.42" CC="9309"/>
					</TextLine>
					<TextLine ID="P47_TL00007" HPOS="97" VPOS="293" WIDTH="845" HEIGHT="37">
						<String ID="P47_ST00040" HPOS="97" VPOS="297" WIDTH="41" HEIGHT="22" CONTENT="did" WC="0.98" CC="000"/>
						<SP ID="P47_SP00034" HPOS="138" VPOS="319" WIDTH="14"/>
						<String ID="P47_ST00041" HPOS="152" VPOS="297" WIDTH="57" HEIGHT="22" CONTENT="with" WC="0.46" CC="9550"/>
						<SP ID="P47_SP00035" HPOS="209" VPOS="319" WIDTH="15"/>
						<String ID="P47_ST00042" HPOS="224" VPOS="297" WIDTH="40" HEIGHT="23" CONTENT="the" WC="0.76" CC="700"/>
						<SP ID="P47_SP00036" HPOS="264" VPOS="320" WIDTH="14"/>
						<String ID="P47_ST00043" HPOS="278" VPOS="302" WIDTH="97" HEIGHT="26" CONTENT="greater" WC="0.58" CC="9070074"/>
						<SP ID="P47_SP00037" HPOS="375" VPOS="328" WIDTH="13"/>
						<String ID="P47_ST00044" HPOS="388" VPOS="293" WIDTH="129" HEIGHT="33" CONTENT="readiness," WC="0.67" CC="6009070440"/>
						<SP ID="P47_SP00038" HPOS="517" VPOS="328" WIDTH="15"/>
						<String ID="P47_ST00045" HPOS="532" VPOS="299" WIDTH="115" HEIGHT="31" CONTENT="knowing" WC="0.60" CC="0009349"/>
						<SP ID="P47_SP00039" HPOS="647" VPOS="330" WIDTH="17"/>
						<String ID="P47_ST00046" HPOS="664" VPOS="300" WIDTH="53" HEIGHT="23" CONTENT="that" WC="0.77" CC="0009"/>
						<SP ID="P47_SP00040" HPOS="717" VPOS="330" WIDTH="13"/>
						<String ID="P47_ST00047" HPOS="730" VPOS="301" WIDTH="69" HEIGHT="22" CONTENT="when" WC="0.80" CC="0700"/>
						<SP ID="P47_SP00041" HPOS="799" VPOS="330" WIDTH="14"/>
						<String ID="P47_ST00048" HPOS="813" VPOS="302" WIDTH="63" HEIGHT="22" CONTENT="their" WC="0.51" CC="14467"/>
						<SP ID="P47_SP00042" HPOS="876" VPOS="330" WIDTH="11"/>
						<String ID="P47_ST00049" HPOS="887" VPOS="305" WIDTH="55" HEIGHT="20" CONTENT="turn" WC="0.73" CC="0307"/>
					</TextLine>
					<TextLine ID="P47_TL00008" HPOS="96" VPOS="328" WIDTH="848" HEIGHT="37">
						<String ID="P47_ST00050" HPOS="96" VPOS="338" WIDTH="68" HEIGHT="15" CONTENT="came" WC="1.00" CC="0000"/>
						<SP ID="P47_SP00043" HPOS="164" VPOS="353" WIDTH="18"/>
						<String ID="P47_ST00051" HPOS="182" VPOS="331" WIDTH="57" HEIGHT="31" CONTENT="they" WC="0.83" CC="0600"/>
						<SP ID="P47_SP00044" HPOS="239" VPOS="362" WIDTH="14"/>
						<String ID="P47_ST00052" HPOS="253" VPOS="332" WIDTH="87" HEIGHT="23" CONTENT="should" WC="0.50" CC="763750"/>
						<SP ID="P47_SP00045" HPOS="340" VPOS="362" WIDTH="20"/>
						<String ID="P47_ST00053" HPOS="360" VPOS="333" WIDTH="95" HEIGHT="22" CONTENT="receive" WC="0.82" CC="4010600"/>
						<SP ID="P47_SP00046" HPOS="455" VPOS="362" WIDTH="19"/>
						<String ID="P47_ST00054" HPOS="474" VPOS="333" WIDTH="41" HEIGHT="23" CONTENT="the" WC="0.75" CC="070"/>
						<SP ID="P47_SP00047" HPOS="515" VPOS="362" WIDTH="18"/>
						<String ID="P47_ST00055" HPOS="533" VPOS="333" WIDTH="56" HEIGHT="23" CONTENT="like." WC="0.99" CC="00000"/>
						<SP ID="P47_SP00048" HPOS="589" VPOS="362" WIDTH="38"/>
						<String ID="P47_ST00056" HPOS="627" VPOS="328" WIDTH="53" HEIGHT="28" CONTENT="The" WC="0.97" CC="000"/>
						<SP ID="P47_SP00049" HPOS="680" VPOS="362" WIDTH="14"/>
						<String ID="P47_ST00057" HPOS="694" VPOS="333" WIDTH="99" HEIGHT="32" CONTENT="Cymry," WC="0.79" CC="006600"/>
						<SP ID="P47_SP00050" HPOS="793" VPOS="365" WIDTH="16"/>
						<String ID="P47_ST00058" HPOS="809" VPOS="336" WIDTH="76" HEIGHT="22" CONTENT="under" WC="0.76" CC="07300"/>
						<SP ID="P47_SP00051" HPOS="885" VPOS="365" WIDTH="18"/>
						<String ID="P47_ST00059" HPOS="903" VPOS="336" WIDTH="41" HEIGHT="22" CONTENT="the" WC="0.76" CC="070"/>
					</TextLine>
					<TextLine ID="P47_TL00009" HPOS="97" VPOS="363" WIDTH="847" HEIGHT="35">
						<String ID="P47_ST00060" HPOS="97" VPOS="363" WIDTH="90" HEIGHT="25" CONTENT="Bardic" WC="0.90" CC="200030"/>
						<SP ID="P47_SP00052" HPOS="187" VPOS="388" WIDTH="23"/>
						<String ID="P47_ST00061" HPOS="210" VPOS="365" WIDTH="157" HEIGHT="29" CONTENT="institutions," WC="0.73" CC="4750100006250"/>
						<SP ID="P47_SP00053" HPOS="367" VPOS="394" WIDTH="20"/>
						<String ID="P47_ST00062" HPOS="387" VPOS="366" WIDTH="48" HEIGHT="23" CONTENT="had" WC="0.78" CC="600"/>
						<SP ID="P47_SP00054" HPOS="435" VPOS="394" WIDTH="20"/>
						<String ID="P47_ST00063" HPOS="455" VPOS="374" WIDTH="31" HEIGHT="16" CONTENT="no" WC="0.76" CC="13"/>
						<SP ID="P47_SP00055" HPOS="486" VPOS="394" WIDTH="19"/>
						<String ID="P47_ST00064" HPOS="505" VPOS="367" WIDTH="47" HEIGHT="23" CONTENT="less" WC="0.57" CC="4066"/>
						<SP ID="P47_SP00056" HPOS="552" VPOS="394" WIDTH="20"/>
						<String ID="P47_ST00065" HPOS="572" VPOS="367" WIDTH="56" HEIGHT="23" CONTENT="than" WC="0.84" CC="6000"/>
						<SP ID="P47_SP00057" HPOS="628" VPOS="394" WIDTH="22"/>
						<String ID="P47_ST00066" HPOS="650" VPOS="367" WIDTH="160" HEIGHT="31" CONTENT="twenty-four" WC="0.78" CC="00050039050"/>
						<SP ID="P47_SP00058" HPOS="810" VPOS="398" WIDTH="21"/>
						<String ID="P47_ST00067" HPOS="831" VPOS="369" WIDTH="113" HEIGHT="22" CONTENT="different" WC="0.95" CC="040000000"/>
					</TextLine>
					<TextLine ID="P47_TL00010" HPOS="97" VPOS="400" WIDTH="847" HEIGHT="31">
						<String ID="P47_ST00068" HPOS="97" VPOS="406" WIDTH="90" HEIGHT="23" CONTENT="games," WC="0.69" CC="704060"/>
						<SP ID="P47_SP00059" HPOS="187" VPOS="429" WIDTH="15"/>
						<String ID="P47_ST00069" HPOS="202" VPOS="407" WIDTH="89" HEIGHT="23" CONTENT="among" WC="0.59" CC="00479"/>
						<SP ID="P47_SP00060" HPOS="291" VPOS="430" WIDTH="14"/>
						<String ID="P47_ST00070" HPOS="305" VPOS="400" WIDTH="78" HEIGHT="23" CONTENT="which" WC="0.61" CC="96002"/>
						<SP ID="P47_SP00061" HPOS="383" VPOS="430" WIDTH="17"/>
						<String ID="P47_ST00071" HPOS="400" VPOS="408" WIDTH="35" HEIGHT="15" CONTENT="we" WC="0.50" CC="90"/>
						<SP ID="P47_SP00062" HPOS="435" VPOS="430" WIDTH="18"/>
						<String ID="P47_ST00072" HPOS="453" VPOS="400" WIDTH="51" HEIGHT="23" CONTENT="find" WC="0.84" CC="0060"/>
						<SP ID="P47_SP00063" HPOS="504" VPOS="430" WIDTH="19"/>
						<String ID="P47_ST00073" HPOS="523" VPOS="401" WIDTH="76" HEIGHT="27" CONTENT="chess," WC="0.85" CC="001600"/>
						<String ID="P47_ST00074" HPOS="602" VPOS="414" WIDTH="30" HEIGHT="4" CONTENT="—" WC="0.20" CC="8"/>
						<String ID="P47_ST00075" HPOS="635" VPOS="401" WIDTH="74" HEIGHT="30" CONTENT="likely" WC="0.94" CC="000120"/>
						<SP ID="P47_SP00064" HPOS="709" VPOS="431" WIDTH="19"/>
						<String ID="P47_ST00076" HPOS="728" VPOS="406" WIDTH="24" HEIGHT="18" CONTENT="to" WC="0.74" CC="50"/>
						<SP ID="P47_SP00065" HPOS="752" VPOS="431" WIDTH="19"/>
						<String ID="P47_ST00077" HPOS="771" VPOS="402" WIDTH="61" HEIGHT="22" CONTENT="have" WC="0.73" CC="6300"/>
						<SP ID="P47_SP00066" HPOS="832" VPOS="431" WIDTH="18"/>
						<String ID="P47_ST00078" HPOS="850" VPOS="402" WIDTH="60" HEIGHT="22" CONTENT="been" WC="0.67" CC="4511"/>
						<SP ID="P47_SP00067" HPOS="910" VPOS="431" WIDTH="20"/>
						<String ID="P47_ST00079" HPOS="930" VPOS="410" WIDTH="14" HEIGHT="15" CONTENT="a" WC="1.00" CC="0"/>
					</TextLine>
					<TextLine ID="P47_TL00011" HPOS="97" VPOS="431" WIDTH="847" HEIGHT="33">
						<String ID="P47_ST00080" HPOS="97" VPOS="431" WIDTH="122" HEIGHT="25" CONTENT="favourite" WC="0.87" CC="080002000"/>
						<SP ID="P47_SP00068" HPOS="219" VPOS="456" WIDTH="13"/>
						<String ID="P47_ST00081" HPOS="232" VPOS="434" WIDTH="102" HEIGHT="30" CONTENT="pastime" WC="0.92" CC="0500000"/>
						<SP ID="P47_SP00069" HPOS="334" VPOS="464" WIDTH="8"/>
						<String ID="P47_ST00082" HPOS="342" VPOS="434" WIDTH="58" HEIGHT="23" CONTENT="with" WC="1.00" CC="0000"/>
						<SP ID="P47_SP00070" HPOS="400" VPOS="464" WIDTH="13"/>
						<String ID="P47_ST00083" HPOS="413" VPOS="441" WIDTH="27" HEIGHT="16" CONTENT="so" WC="0.65" CC="60"/>
						<SP ID="P47_SP00071" HPOS="440" VPOS="464" WIDTH="15"/>
						<String ID="P47_ST00084" HPOS="455" VPOS="434" WIDTH="111" HEIGHT="23" CONTENT="studious" WC="0.90" CC="31200000"/>
						<SP ID="P47_SP00072" HPOS="566" VPOS="464" WIDTH="12"/>
						<String ID="P47_ST00085" HPOS="578" VPOS="435" WIDTH="48" HEIGHT="22" CONTENT="and" WC="0.45" CC="870"/>
						<SP ID="P47_SP00073" HPOS="626" VPOS="464" WIDTH="13"/>
						<String ID="P47_ST00086" HPOS="639" VPOS="435" WIDTH="92" HEIGHT="22" CONTENT="refined" WC="0.84" CC="5011030"/>
						<SP ID="P47_SP00074" HPOS="731" VPOS="464" WIDTH="13"/>
						<String ID="P47_ST00087" HPOS="744" VPOS="442" WIDTH="15" HEIGHT="15" CONTENT="a" WC="1.00" CC="0"/>
						<SP ID="P47_SP00075" HPOS="759" VPOS="464" WIDTH="12"/>
						<String ID="P47_ST00088" HPOS="771" VPOS="442" WIDTH="61" HEIGHT="16" CONTENT="race." WC="0.87" CC="60000"/>
						<SP ID="P47_SP00076" HPOS="832" VPOS="464" WIDTH="38"/>
						<String ID="P47_ST00089" HPOS="870" VPOS="435" WIDTH="74" HEIGHT="23" CONTENT="What" WC="0.73" CC="4113"/>
					</TextLine>
					<TextLine ID="P47_TL00012" HPOS="96" VPOS="466" WIDTH="848" HEIGHT="33">
						<String ID="P47_ST00090" HPOS="96" VPOS="466" WIDTH="59" HEIGHT="23" CONTENT="with" WC="0.86" CC="0005"/>
						<SP ID="P47_SP00077" HPOS="155" VPOS="489" WIDTH="20"/>
						<String ID="P47_ST00091" HPOS="175" VPOS="468" WIDTH="40" HEIGHT="22" CONTENT="the" WC="1.00" CC="000"/>
						<SP ID="P47_SP00078" HPOS="215" VPOS="490" WIDTH="19"/>
						<String ID="P47_ST00092" HPOS="234" VPOS="471" WIDTH="86" HEIGHT="28" CONTENT="scanty" WC="0.63" CC="702570"/>
						<SP ID="P47_SP00079" HPOS="320" VPOS="499" WIDTH="14"/>
						<String ID="P47_ST00093" HPOS="334" VPOS="468" WIDTH="87" HEIGHT="22" CONTENT="leisure" WC="0.78" CC="0009022"/>
						<SP ID="P47_SP00080" HPOS="421" VPOS="499" WIDTH="19"/>
						<String ID="P47_ST00094" HPOS="440" VPOS="468" WIDTH="40" HEIGHT="22" CONTENT="the" WC="1.00" CC="000"/>
						<SP ID="P47_SP00081" HPOS="480" VPOS="499" WIDTH="20"/>
						<String ID="P47_ST00095" HPOS="500" VPOS="468" WIDTH="119" HEIGHT="31" CONTENT="necessity" WC="0.69" CC="707039000"/>
						<SP ID="P47_SP00082" HPOS="619" VPOS="499" WIDTH="19"/>
						<String ID="P47_ST00096" HPOS="638" VPOS="468" WIDTH="27" HEIGHT="22" CONTENT="of" WC="1.00" CC="00"/>
						<SP ID="P47_SP00083" HPOS="665" VPOS="499" WIDTH="16"/>
						<String ID="P47_ST00097" HPOS="681" VPOS="468" WIDTH="127" HEIGHT="31" CONTENT="providing" WC="0.91" CC="042000100"/>
						<SP ID="P47_SP00084" HPOS="808" VPOS="499" WIDTH="20"/>
						<String ID="P47_ST00098" HPOS="828" VPOS="468" WIDTH="37" HEIGHT="22" CONTENT="for" WC="0.68" CC="350"/>
						<SP ID="P47_SP00085" HPOS="865" VPOS="499" WIDTH="16"/>
						<String ID="P47_ST00099" HPOS="881" VPOS="469" WIDTH="63" HEIGHT="23" CONTENT="their" WC="0.77" CC="00064"/>
					</TextLine>
					<TextLine ID="P47_TL00013" HPOS="96" VPOS="500" WIDTH="847" HEIGHT="32">
						<String ID="P47_ST00100" HPOS="96" VPOS="500" WIDTH="66" HEIGHT="31" CONTENT="daily" WC="0.61" CC="90008"/>
						<SP ID="P47_SP00086" HPOS="162" VPOS="531" WIDTH="13"/>
						<String ID="P47_ST00101" HPOS="175" VPOS="501" WIDTH="151" HEIGHT="23" CONTENT="subsistence" WC="0.64" CC="27050960430"/>
						<SP ID="P47_SP00087" HPOS="326" VPOS="531" WIDTH="20"/>
						<String ID="P47_ST00102" HPOS="346" VPOS="501" WIDTH="80" HEIGHT="23" CONTENT="leaves" WC="0.80" CC="500005"/>
						<SP ID="P47_SP00088" HPOS="426" VPOS="531" WIDTH="19"/>
						<String ID="P47_ST00103" HPOS="445" VPOS="505" WIDTH="25" HEIGHT="19" CONTENT="to" WC="0.63" CC="07"/>
						<SP ID="P47_SP00089" HPOS="470" VPOS="531" WIDTH="19"/>
						<String ID="P47_ST00104" HPOS="489" VPOS="501" WIDTH="40" HEIGHT="23" CONTENT="the" WC="0.76" CC="070"/>
						<SP ID="P47_SP00090" HPOS="529" VPOS="531" WIDTH="20"/>
						<String ID="P47_ST00105" HPOS="549" VPOS="510" WIDTH="62" HEIGHT="14" CONTENT="mass" WC="0.80" CC="0008"/>
						<SP ID="P47_SP00091" HPOS="611" VPOS="531" WIDTH="18"/>
						<String ID="P47_ST00106" HPOS="629" VPOS="501" WIDTH="29" HEIGHT="23" CONTENT="of" WC="0.66" CC="50"/>
						<SP ID="P47_SP00092" HPOS="658" VPOS="531" WIDTH="14"/>
						<String ID="P47_ST00107" HPOS="672" VPOS="502" WIDTH="41" HEIGHT="22" CONTENT="the" WC="1.00" CC="000"/>
						<SP ID="P47_SP00093" HPOS="713" VPOS="531" WIDTH="20"/>
						<String ID="P47_ST00108" HPOS="733" VPOS="502" WIDTH="92" HEIGHT="30" CONTENT="people," WC="0.86" CC="0005040"/>
						<SP ID="P47_SP00094" HPOS="825" VPOS="532" WIDTH="14"/>
						<String ID="P47_ST00109" HPOS="839" VPOS="502" WIDTH="47" HEIGHT="22" CONTENT="and" WC="0.43" CC="339"/>
						<SP ID="P47_SP00095" HPOS="886" VPOS="532" WIDTH="17"/>
						<String ID="P47_ST00110" HPOS="903" VPOS="502" WIDTH="40" HEIGHT="23" CONTENT="the" WC="0.80" CC="050"/>
					</TextLine>
					<TextLine ID="P47_TL00014" HPOS="96" VPOS="534" WIDTH="846" HEIGHT="33">
						<String ID="P47_ST00111" HPOS="96" VPOS="534" WIDTH="225" HEIGHT="32" CONTENT="discouragements" WC="0.73" CC="003206029700501"/>
						<SP ID="P47_SP00096" HPOS="321" VPOS="566" WIDTH="19"/>
						<String ID="P47_ST00112" HPOS="340" VPOS="535" WIDTH="28" HEIGHT="23" CONTENT="of" WC="0.78" CC="40"/>
						<SP ID="P47_SP00097" HPOS="368" VPOS="566" WIDTH="16"/>
						<String ID="P47_ST00113" HPOS="384" VPOS="543" WIDTH="14" HEIGHT="15" CONTENT="a" WC="1.00" CC="0"/>
						<SP ID="P47_SP00098" HPOS="398" VPOS="566" WIDTH="14"/>
						<String ID="P47_ST00114" HPOS="412" VPOS="535" WIDTH="95" HEIGHT="23" CONTENT="sombre" WC="0.87" CC="400030"/>
						<SP ID="P47_SP00099" HPOS="507" VPOS="566" WIDTH="14"/>
						<String ID="P47_ST00115" HPOS="521" VPOS="535" WIDTH="109" HEIGHT="32" CONTENT="religion," WC="0.81" CC="300090030"/>
						<SP ID="P47_SP00100" HPOS="630" VPOS="567" WIDTH="14"/>
						<String ID="P47_ST00116" HPOS="644" VPOS="535" WIDTH="107" HEIGHT="23" CONTENT="national" WC="0.68" CC="06031490"/>
						<SP ID="P47_SP00101" HPOS="751" VPOS="567" WIDTH="13"/>
						<String ID="P47_ST00117" HPOS="764" VPOS="540" WIDTH="86" HEIGHT="26" CONTENT="sports," WC="0.63" CC="6005740"/>
						<SP ID="P47_SP00102" HPOS="850" VPOS="567" WIDTH="12"/>
						<String ID="P47_ST00118" HPOS="862" VPOS="540" WIDTH="43" HEIGHT="18" CONTENT="not" WC="0.88" CC="300"/>
						<SP ID="P47_SP00103" HPOS="905" VPOS="567" WIDTH="14"/>
						<String ID="P47_ST00119" HPOS="919" VPOS="536" WIDTH="23" HEIGHT="23" CONTENT="in" WC="0.18" CC="88"/>
					</TextLine>
					<TextLine ID="P47_TL00015" HPOS="96" VPOS="567" WIDTH="846" HEIGHT="33">
						<String ID="P47_ST00120" HPOS="96" VPOS="568" WIDTH="41" HEIGHT="22" CONTENT="the" WC="1.00" CC="000"/>
						<SP ID="P47_SP00104" HPOS="137" VPOS="590" WIDTH="21"/>
						<String ID="P47_ST00121" HPOS="158" VPOS="568" WIDTH="160" HEIGHT="32" CONTENT="Principality" WC="0.61" CC="364800600059"/>
						<SP ID="P47_SP00105" HPOS="318" VPOS="600" WIDTH="18"/>
						<String ID="P47_ST00122" HPOS="336" VPOS="568" WIDTH="66" HEIGHT="31" CONTENT="only," WC="0.71" CC="00590"/>
						<SP ID="P47_SP00106" HPOS="402" VPOS="600" WIDTH="21"/>
						<String ID="P47_ST00123" HPOS="423" VPOS="569" WIDTH="43" HEIGHT="23" CONTENT="but" WC="0.74" CC="304"/>
						<SP ID="P47_SP00107" HPOS="466" VPOS="600" WIDTH="19"/>
						<String ID="P47_ST00124" HPOS="485" VPOS="569" WIDTH="151" HEIGHT="31" CONTENT="throughout" WC="0.59" CC="1950791050"/>
						<SP ID="P47_SP00108" HPOS="636" VPOS="600" WIDTH="19"/>
						<String ID="P47_ST00125" HPOS="655" VPOS="569" WIDTH="120" HEIGHT="30" CONTENT="England," WC="0.69" CC="04920600"/>
						<SP ID="P47_SP00109" HPOS="775" VPOS="600" WIDTH="21"/>
						<String ID="P47_ST00126" HPOS="796" VPOS="570" WIDTH="60" HEIGHT="22" CONTENT="have" WC="0.73" CC="7030"/>
						<SP ID="P47_SP00110" HPOS="856" VPOS="600" WIDTH="14"/>
						<String ID="P47_ST00127" HPOS="870" VPOS="567" WIDTH="72" HEIGHT="25" CONTENT="fSllen" WC="0.66" CC="770004"/>
					</TextLine>
					<TextLine ID="P47_TL00016" HPOS="94" VPOS="601" WIDTH="849" HEIGHT="33">
						<String ID="P47_ST00128" HPOS="94" VPOS="601" WIDTH="70" HEIGHT="30" CONTENT="sadly" WC="0.69" CC="60009"/>
						<SP ID="P47_SP00111" HPOS="164" VPOS="631" WIDTH="15"/>
						<String ID="P47_ST00129" HPOS="179" VPOS="603" WIDTH="51" HEIGHT="22" CONTENT="into" WC="0.61" CC="6800"/>
						<SP ID="P47_SP00112" HPOS="230" VPOS="631" WIDTH="13"/>
						<String ID="P47_ST00130" HPOS="243" VPOS="602" WIDTH="86" HEIGHT="23" CONTENT="disuse." WC="0.80" CC="0010570"/>
						<SP ID="P47_SP00113" HPOS="329" VPOS="631" WIDTH="39"/>
						<String ID="P47_ST00131" HPOS="368" VPOS="603" WIDTH="117" HEIGHT="31" CONTENT="Happily," WC="0.86" CC="50000400"/>
						<SP ID="P47_SP00114" HPOS="485" VPOS="634" WIDTH="20"/>
						<String ID="P47_ST00132" HPOS="505" VPOS="603" WIDTH="121" HEIGHT="27" CONTENT="however," WC="0.99" CC="00000000"/>
						<SP ID="P47_SP00115" HPOS="626" VPOS="634" WIDTH="19"/>
						<String ID="P47_ST00133" HPOS="645" VPOS="603" WIDTH="40" HEIGHT="22" CONTENT="the" WC="0.70" CC="440"/>
						<SP ID="P47_SP00116" HPOS="685" VPOS="634" WIDTH="20"/>
						<String ID="P47_ST00134" HPOS="705" VPOS="606" WIDTH="60" HEIGHT="20" CONTENT="taste" WC="0.78" CC="40600"/>
						<SP ID="P47_SP00117" HPOS="765" VPOS="634" WIDTH="18"/>
						<String ID="P47_ST00135" HPOS="783" VPOS="602" WIDTH="38" HEIGHT="24" CONTENT="for" WC="0.65" CC="063"/>
						<SP ID="P47_SP00118" HPOS="821" VPOS="634" WIDTH="18"/>
						<String ID="P47_ST00136" HPOS="839" VPOS="603" WIDTH="65" HEIGHT="23" CONTENT="them" WC="0.82" CC="0700"/>
						<SP ID="P47_SP00119" HPOS="904" VPOS="634" WIDTH="19"/>
						<String ID="P47_ST00137" HPOS="923" VPOS="604" WIDTH="20" HEIGHT="22" CONTENT="is" WC="0.42" CC="55"/>
					</TextLine>
					<TextLine ID="P47_TL00017" HPOS="95" VPOS="636" WIDTH="848" HEIGHT="32">
						<String ID="P47_ST00138" HPOS="95" VPOS="636" WIDTH="118" HEIGHT="31" CONTENT="reviving." WC="0.69" CC="000604690"/>
						<SP ID="P47_SP00120" HPOS="213" VPOS="667" WIDTH="37"/>
						<String ID="P47_ST00139" HPOS="250" VPOS="636" WIDTH="100" HEIGHT="31" CONTENT="Among" WC="0.81" CC="06020"/>
						<SP ID="P47_SP00121" HPOS="350" VPOS="667" WIDTH="14"/>
						<String ID="P47_ST00140" HPOS="364" VPOS="636" WIDTH="41" HEIGHT="23" CONTENT="the" WC="0.66" CC="270"/>
						<SP ID="P47_SP00122" HPOS="405" VPOS="667" WIDTH="10"/>
						<String ID="P47_ST00141" HPOS="415" VPOS="637" WIDTH="97" HEIGHT="22" CONTENT="ancient" WC="0.62" CC="0516372"/>
						<SP ID="P47_SP00123" HPOS="512" VPOS="667" WIDTH="11"/>
						<String ID="P47_ST00142" HPOS="523" VPOS="637" WIDTH="91" HEIGHT="30" CONTENT="Cymry" WC="0.59" CC="50940"/>
						<SP ID="P47_SP00124" HPOS="614" VPOS="667" WIDTH="11"/>
						<String ID="P47_ST00143" HPOS="625" VPOS="637" WIDTH="41" HEIGHT="22" CONTENT="the" WC="0.88" CC="030"/>
						<SP ID="P47_SP00125" HPOS="666" VPOS="667" WIDTH="10"/>
						<String ID="P47_ST00144" HPOS="676" VPOS="637" WIDTH="118" HEIGHT="22" CONTENT="exercises" WC="0.80" CC="000532006"/>
						<SP ID="P47_SP00126" HPOS="794" VPOS="667" WIDTH="13"/>
						<String ID="P47_ST00145" HPOS="807" VPOS="637" WIDTH="28" HEIGHT="23" CONTENT="of" WC="0.92" CC="10"/>
						<SP ID="P47_SP00127" HPOS="835" VPOS="667" WIDTH="7"/>
						<String ID="P47_ST00146" HPOS="842" VPOS="637" WIDTH="101" HEIGHT="31" CONTENT="activity" WC="0.81" CC="30600040"/>
					</TextLine>
					<TextLine ID="P47_TL00018" HPOS="94" VPOS="671" WIDTH="848" HEIGHT="29">
						<String ID="P47_ST00147" HPOS="94" VPOS="676" WIDTH="64" HEIGHT="16" CONTENT="were" WC="0.73" CC="9000"/>
						<SP ID="P47_SP00128" HPOS="158" VPOS="692" WIDTH="22"/>
						<String ID="P47_ST00148" HPOS="180" VPOS="678" WIDTH="58" HEIGHT="22" CONTENT="very" WC="0.85" CC="0500"/>
						<SP ID="P47_SP00129" HPOS="238" VPOS="700" WIDTH="22"/>
						<String ID="P47_ST00149" HPOS="260" VPOS="671" WIDTH="110" HEIGHT="29" CONTENT="popular," WC="0.89" CC="00011310"/>
						<String ID="P47_ST00150" HPOS="373" VPOS="685" WIDTH="31" HEIGHT="3" CONTENT="—" WC="0.20" CC="8"/>
						<String ID="P47_ST00151" HPOS="407" VPOS="678" WIDTH="26" HEIGHT="15" CONTENT="as" WC="0.72" CC="05"/>
						<SP ID="P47_SP00130" HPOS="433" VPOS="700" WIDTH="25"/>
						<String ID="P47_ST00152" HPOS="458" VPOS="671" WIDTH="98" HEIGHT="29" CONTENT="hurling" WC="0.71" CC="6063040"/>
						<SP ID="P47_SP00131" HPOS="556" VPOS="700" WIDTH="21"/>
						<String ID="P47_ST00153" HPOS="577" VPOS="678" WIDTH="14" HEIGHT="15" CONTENT="a" WC="0.47" CC="5"/>
						<SP ID="P47_SP00132" HPOS="591" VPOS="700" WIDTH="21"/>
						<String ID="P47_ST00154" HPOS="612" VPOS="673" WIDTH="76" HEIGHT="24" CONTENT="stone," WC="0.93" CC="030000"/>
						<SP ID="P47_SP00133" HPOS="688" VPOS="700" WIDTH="23"/>
						<String ID="P47_ST00155" HPOS="711" VPOS="671" WIDTH="121" HEIGHT="29" CONTENT="throwing" WC="0.78" CC="50500060"/>
						<SP ID="P47_SP00134" HPOS="832" VPOS="700" WIDTH="22"/>
						<String ID="P47_ST00156" HPOS="854" VPOS="678" WIDTH="14" HEIGHT="15" CONTENT="a" WC="1.00" CC="0"/>
						<SP ID="P47_SP00135" HPOS="868" VPOS="700" WIDTH="23"/>
						<String ID="P47_ST00157" HPOS="891" VPOS="671" WIDTH="51" HEIGHT="27" CONTENT="bar," WC="0.83" CC="6000"/>
					</TextLine>
					<TextLine ID="P47_TL00019" HPOS="94" VPOS="703" WIDTH="848" HEIGHT="32">
						<String ID="P47_ST00158" HPOS="94" VPOS="704" WIDTH="114" HEIGHT="29" CONTENT="running," WC="0.82" CC="60040300"/>
						<SP ID="P47_SP00136" HPOS="208" VPOS="733" WIDTH="10"/>
						<String ID="P47_ST00159" HPOS="218" VPOS="704" WIDTH="106" HEIGHT="30" CONTENT="leaping," WC="0.78" CC="06300600"/>
						<SP ID="P47_SP00137" HPOS="324" VPOS="734" WIDTH="11"/>
						<String ID="P47_ST00160" HPOS="335" VPOS="705" WIDTH="143" HEIGHT="29" CONTENT="swimming," WC="0.72" CC="500902402"/>
						<SP ID="P47_SP00138" HPOS="478" VPOS="734" WIDTH="11"/>
						<String ID="P47_ST00161" HPOS="489" VPOS="704" WIDTH="130" HEIGHT="30" CONTENT="wrestling," WC="0.79" CC="0406105101"/>
						<SP ID="P47_SP00139" HPOS="619" VPOS="734" WIDTH="14"/>
						<String ID="P47_ST00162" HPOS="633" VPOS="704" WIDTH="80" HEIGHT="30" CONTENT="riding" WC="0.83" CC="500030"/>
						<SP ID="P47_SP00140" HPOS="713" VPOS="734" WIDTH="13"/>
						<String ID="P47_ST00163" HPOS="726" VPOS="703" WIDTH="92" HEIGHT="32" CONTENT="(which" WC="0.86" CC="000520"/>
						<SP ID="P47_SP00141" HPOS="818" VPOS="735" WIDTH="11"/>
						<String ID="P47_ST00164" HPOS="829" VPOS="704" WIDTH="113" HEIGHT="23" CONTENT="included" WC="0.80" CC="15000009"/>
					</TextLine>
					<TextLine ID="P47_TL00020" HPOS="94" VPOS="736" WIDTH="848" HEIGHT="33">
						<String ID="P47_ST00165" HPOS="94" VPOS="738" WIDTH="170" HEIGHT="30" CONTENT="manœuvring" WC="0.80" CC="9000200080"/>
						<SP ID="P47_SP00142" HPOS="264" VPOS="768" WIDTH="14"/>
						<String ID="P47_ST00166" HPOS="278" VPOS="739" WIDTH="40" HEIGHT="22" CONTENT="the" WC="0.57" CC="660"/>
						<SP ID="P47_SP00143" HPOS="318" VPOS="768" WIDTH="14"/>
						<String ID="P47_ST00167" HPOS="332" VPOS="736" WIDTH="183" HEIGHT="33" CONTENT="war-chariot);" WC="0.89" CC="0030060000003"/>
						<SP ID="P47_SP00144" HPOS="515" VPOS="769" WIDTH="19"/>
						<String ID="P47_ST00168" HPOS="534" VPOS="738" WIDTH="49" HEIGHT="23" CONTENT="also" WC="0.68" CC="3062"/>
						<SP ID="P47_SP00145" HPOS="583" VPOS="769" WIDTH="14"/>
						<String ID="P47_ST00169" HPOS="597" VPOS="738" WIDTH="41" HEIGHT="23" CONTENT="the" WC="0.82" CC="500"/>
						<SP ID="P47_SP00146" HPOS="638" VPOS="769" WIDTH="12"/>
						<String ID="P47_ST00170" HPOS="650" VPOS="739" WIDTH="119" HEIGHT="22" CONTENT="exercises" WC="0.98" CC="000010000"/>
						<SP ID="P47_SP00147" HPOS="769" VPOS="769" WIDTH="17"/>
						<String ID="P47_ST00171" HPOS="786" VPOS="737" WIDTH="27" HEIGHT="23" CONTENT="of" WC="0.76" CC="04"/>
						<SP ID="P47_SP00148" HPOS="813" VPOS="769" WIDTH="9"/>
						<String ID="P47_ST00172" HPOS="822" VPOS="745" WIDTH="120" HEIGHT="22" CONTENT="weapons," WC="0.62" CC="96001650"/>
					</TextLine>
					<TextLine ID="P47_TL00021" HPOS="93" VPOS="771" WIDTH="848" HEIGHT="32">
						<String ID="P47_ST00173" HPOS="93" VPOS="771" WIDTH="123" HEIGHT="31" CONTENT="throwing" WC="0.83" CC="26000040"/>
						<SP ID="P47_SP00149" HPOS="216" VPOS="802" WIDTH="21"/>
						<String ID="P47_ST00174" HPOS="237" VPOS="772" WIDTH="41" HEIGHT="22" CONTENT="the" WC="1.00" CC="000"/>
						<SP ID="P47_SP00150" HPOS="278" VPOS="802" WIDTH="18"/>
						<String ID="P47_ST00175" HPOS="296" VPOS="772" WIDTH="100" HEIGHT="31" CONTENT="javelin," WC="0.83" CC="00046010"/>
						<SP ID="P47_SP00151" HPOS="396" VPOS="803" WIDTH="23"/>
						<String ID="P47_ST00176" HPOS="419" VPOS="771" WIDTH="98" HEIGHT="31" CONTENT="fencing" WC="0.63" CC="5024480"/>
						<SP ID="P47_SP00152" HPOS="517" VPOS="803" WIDTH="21"/>
						<String ID="P47_ST00177" HPOS="538" VPOS="772" WIDTH="56" HEIGHT="22" CONTENT="with" WC="0.94" CC="0002"/>
						<SP ID="P47_SP00153" HPOS="594" VPOS="803" WIDTH="25"/>
						<String ID="P47_ST00178" HPOS="619" VPOS="779" WIDTH="14" HEIGHT="15" CONTENT="a" WC="1.00" CC="0"/>
						<SP ID="P47_SP00154" HPOS="633" VPOS="803" WIDTH="23"/>
						<String ID="P47_ST00179" HPOS="656" VPOS="772" WIDTH="79" HEIGHT="22" CONTENT="sword" WC="0.93" CC="00030"/>
						<SP ID="P47_SP00155" HPOS="735" VPOS="803" WIDTH="24"/>
						<String ID="P47_ST00180" HPOS="759" VPOS="772" WIDTH="48" HEIGHT="22" CONTENT="and" WC="0.75" CC="070"/>
						<SP ID="P47_SP00156" HPOS="807" VPOS="803" WIDTH="25"/>
						<String ID="P47_ST00181" HPOS="832" VPOS="772" WIDTH="109" HEIGHT="26" CONTENT="buckler," WC="0.82" CC="51000131"/>
					</TextLine>
					<TextLine ID="P47_TL00022" HPOS="94" VPOS="803" WIDTH="847" HEIGHT="32">
						<String ID="P47_ST00182" HPOS="94" VPOS="803" WIDTH="99" HEIGHT="32" CONTENT="fencing" WC="0.79" CC="0010480"/>
						<SP ID="P47_SP00157" HPOS="193" VPOS="835" WIDTH="15"/>
						<String ID="P47_ST00183" HPOS="208" VPOS="805" WIDTH="56" HEIGHT="22" CONTENT="with" WC="0.92" CC="0300"/>
						<SP ID="P47_SP00158" HPOS="264" VPOS="835" WIDTH="18"/>
						<String ID="P47_ST00184" HPOS="282" VPOS="813" WIDTH="14" HEIGHT="14" CONTENT="a" WC="0.51" CC="4"/>
						<SP ID="P47_SP00159" HPOS="296" VPOS="835" WIDTH="17"/>
						<String ID="P47_ST00185" HPOS="313" VPOS="805" WIDTH="167" HEIGHT="22" CONTENT="two-handled" WC="0.72" CC="40106760020"/>
						<SP ID="P47_SP00160" HPOS="480" VPOS="835" WIDTH="14"/>
						<String ID="P47_ST00186" HPOS="494" VPOS="805" WIDTH="86" HEIGHT="27" CONTENT="sword," WC="0.93" CC="200001"/>
						<SP ID="P47_SP00161" HPOS="580" VPOS="835" WIDTH="14"/>
						<String ID="P47_ST00187" HPOS="594" VPOS="805" WIDTH="100" HEIGHT="30" CONTENT="playing" WC="0.56" CC="0669340"/>
						<SP ID="P47_SP00162" HPOS="694" VPOS="835" WIDTH="13"/>
						<String ID="P47_ST00188" HPOS="707" VPOS="805" WIDTH="56" HEIGHT="22" CONTENT="with" WC="0.91" CC="0300"/>
						<SP ID="P47_SP00163" HPOS="763" VPOS="835" WIDTH="14"/>
						<String ID="P47_ST00189" HPOS="777" VPOS="805" WIDTH="40" HEIGHT="22" CONTENT="the" WC="0.66" CC="450"/>
						<SP ID="P47_SP00164" HPOS="817" VPOS="835" WIDTH="14"/>
						<String ID="P47_ST00190" HPOS="831" VPOS="809" WIDTH="110" HEIGHT="26" CONTENT="quarter" SUBS_TYPE="HypPart1" SUBS_CONTENT="quarterstaff." WC="0.81" CC="05000620"/>
						<HYP CONTENT="-"/>
					</TextLine>
					<TextLine ID="P47_TL00023" HPOS="94" VPOS="838" WIDTH="848" HEIGHT="30">
						<String ID="P47_ST00191" HPOS="94" VPOS="838" WIDTH="62" HEIGHT="22" CONTENT="staff." SUBS_TYPE="HypPart2" SUBS_CONTENT="quarterstaff." WC="0.89" CC="600000"/>
						<SP ID="P47_SP00165" HPOS="156" VPOS="860" WIDTH="38"/>
						<String ID="P47_ST00192" HPOS="194" VPOS="841" WIDTH="14" HEIGHT="10" CONTENT='"' WC="1.00" CC="0"/>
						<SP ID="P47_SP00166" HPOS="208" VPOS="860" WIDTH="12"/>
						<String ID="P47_ST00193" HPOS="220" VPOS="838" WIDTH="73" HEIGHT="22" CONTENT="From" WC="0.80" CC="0025"/>
						<SP ID="P47_SP00167" HPOS="293" VPOS="860" WIDTH="19"/>
						<String ID="P47_ST00194" HPOS="312" VPOS="846" WIDTH="45" HEIGHT="15" CONTENT="our" WC="0.74" CC="043"/>
						<SP ID="P47_SP00168" HPOS="357" VPOS="861" WIDTH="17"/>
						<String ID="P47_ST00195" HPOS="374" VPOS="839" WIDTH="82" HEIGHT="21" CONTENT="native" WC="0.66" CC="606600"/>
						<SP ID="P47_SP00169" HPOS="456" VPOS="861" WIDTH="18"/>
						<String ID="P47_ST00196" HPOS="474" VPOS="838" WIDTH="114" HEIGHT="30" CONTENT="pastimes" WC="0.81" CC="00620500"/>
						<SP ID="P47_SP00170" HPOS="588" VPOS="868" WIDTH="19"/>
						<String ID="P47_ST00197" HPOS="607" VPOS="838" WIDTH="40" HEIGHT="22" CONTENT="the" WC="0.56" CC="660"/>
						<SP ID="P47_SP00171" HPOS="647" VPOS="868" WIDTH="19"/>
						<String ID="P47_ST00198" HPOS="666" VPOS="838" WIDTH="133" HEIGHT="22" CONTENT="masculine" WC="0.75" CC="406400320"/>
						<SP ID="P47_SP00172" HPOS="799" VPOS="868" WIDTH="16"/>
						<String ID="P47_ST00199" HPOS="815" VPOS="838" WIDTH="127" HEIGHT="23" CONTENT="character" WC="0.89" CC="010000007"/>
					</TextLine>
					<TextLine ID="P47_TL00024" HPOS="94" VPOS="871" WIDTH="846" HEIGHT="31">
						<String ID="P47_ST00200" HPOS="94" VPOS="871" WIDTH="27" HEIGHT="22" CONTENT="of" WC="1.00" CC="00"/>
						<SP ID="P47_SP00173" HPOS="121" VPOS="893" WIDTH="18"/>
						<String ID="P47_ST00201" HPOS="139" VPOS="872" WIDTH="41" HEIGHT="22" CONTENT="the" WC="0.89" CC="030"/>
						<SP ID="P47_SP00174" HPOS="180" VPOS="894" WIDTH="22"/>
						<String ID="P47_ST00202" HPOS="202" VPOS="872" WIDTH="87" HEIGHT="30" CONTENT="people" WC="0.81" CC="006040"/>
						<SP ID="P47_SP00175" HPOS="289" VPOS="902" WIDTH="19"/>
						<String ID="P47_ST00203" HPOS="308" VPOS="880" WIDTH="45" HEIGHT="14" CONTENT="can" WC="0.51" CC="068"/>
						<SP ID="P47_SP00176" HPOS="353" VPOS="902" WIDTH="19"/>
						<String ID="P47_ST00204" HPOS="372" VPOS="872" WIDTH="30" HEIGHT="22" CONTENT="be" WC="0.81" CC="30"/>
						<SP ID="P47_SP00177" HPOS="402" VPOS="902" WIDTH="20"/>
						<String ID="P47_ST00205" HPOS="422" VPOS="876" WIDTH="62" HEIGHT="17" CONTENT="most" WC="0.77" CC="0603"/>
						<SP ID="P47_SP00178" HPOS="484" VPOS="902" WIDTH="19"/>
						<String ID="P47_ST00206" HPOS="503" VPOS="871" WIDTH="75" HEIGHT="30" CONTENT="safely" WC="0.92" CC="000400"/>
						<SP ID="P47_SP00179" HPOS="578" VPOS="902" WIDTH="19"/>
						<String ID="P47_ST00207" HPOS="597" VPOS="871" WIDTH="129" HEIGHT="23" CONTENT="recruited." WC="0.82" CC="0102706000"/>
						<SP ID="P47_SP00180" HPOS="726" VPOS="902" WIDTH="37"/>
						<String ID="P47_ST00208" HPOS="763" VPOS="871" WIDTH="38" HEIGHT="23" CONTENT="To" WC="0.84" CC="03"/>
						<SP ID="P47_SP00181" HPOS="801" VPOS="902" WIDTH="16"/>
						<String ID="P47_ST00209" HPOS="817" VPOS="875" WIDTH="5" HEIGHT="9" CONTENT="'" WC="0.91" CC="0"/>
						<SP ID="P47_SP00182" HPOS="822" VPOS="902" WIDTH="11"/>
						<String ID="P47_ST00210" HPOS="833" VPOS="875" WIDTH="48" HEIGHT="19" CONTENT="toss" WC="0.53" CC="0655"/>
						<SP ID="P47_SP00183" HPOS="881" VPOS="902" WIDTH="18"/>
						<String ID="P47_ST00211" HPOS="899" VPOS="872" WIDTH="41" HEIGHT="22" CONTENT="the" WC="0.84" CC="040"/>
					</TextLine>
					<TextLine ID="P47_TL00025" HPOS="95" VPOS="904" WIDTH="846" HEIGHT="31">
						<String ID="P47_ST00212" HPOS="95" VPOS="904" WIDTH="89" HEIGHT="28" CONTENT="caber,'" WC="0.68" CC="4900600"/>
						<SP ID="P47_SP00184" HPOS="184" VPOS="932" WIDTH="21"/>
						<String ID="P47_ST00213" HPOS="205" VPOS="913" WIDTH="28" HEIGHT="15" CONTENT="or" WC="0.80" CC="04"/>
						<SP ID="P47_SP00185" HPOS="233" VPOS="932" WIDTH="19"/>
						<String ID="P47_ST00214" HPOS="252" VPOS="906" WIDTH="78" HEIGHT="21" CONTENT="throw" WC="0.61" CC="01539"/>
						<SP ID="P47_SP00186" HPOS="330" VPOS="932" WIDTH="21"/>
						<String ID="P47_ST00215" HPOS="351" VPOS="905" WIDTH="42" HEIGHT="23" CONTENT="the" WC="0.93" CC="100"/>
						<SP ID="P47_SP00187" HPOS="393" VPOS="932" WIDTH="21"/>
						<String ID="P47_ST00216" HPOS="414" VPOS="905" WIDTH="116" HEIGHT="27" CONTENT="hammer," WC="0.58" CC="7096050"/>
						<SP ID="P47_SP00188" HPOS="530" VPOS="932" WIDTH="21"/>
						<String ID="P47_ST00217" HPOS="551" VPOS="913" WIDTH="27" HEIGHT="14" CONTENT="or" WC="0.72" CC="05"/>
						<SP ID="P47_SP00189" HPOS="578" VPOS="932" WIDTH="21"/>
						<String ID="P47_ST00218" HPOS="599" VPOS="907" WIDTH="60" HEIGHT="28" CONTENT="'put" WC="0.65" CC="4009"/>
						<SP ID="P47_SP00190" HPOS="659" VPOS="935" WIDTH="24"/>
						<String ID="P47_ST00219" HPOS="683" VPOS="905" WIDTH="40" HEIGHT="22" CONTENT="the" WC="0.84" CC="030"/>
						<SP ID="P47_SP00191" HPOS="723" VPOS="935" WIDTH="25"/>
						<String ID="P47_ST00220" HPOS="748" VPOS="904" WIDTH="86" HEIGHT="29" CONTENT="stone,'" WC="0.90" CC="1000301"/>
						<String ID="P47_ST00221" HPOS="835" VPOS="920" WIDTH="34" HEIGHT="3" CONTENT="—" WC="0.20" CC="8"/>
						<String ID="P47_ST00222" HPOS="874" VPOS="905" WIDTH="67" HEIGHT="23" CONTENT="these" WC="0.84" CC="04030"/>
					</TextLine>
					<TextLine ID="P47_TL00026" HPOS="94" VPOS="938" WIDTH="847" HEIGHT="31">
						<String ID="P47_ST00223" HPOS="94" VPOS="943" WIDTH="164" HEIGHT="18" CONTENT="amusements" WC="0.63" CC="2006606635"/>
						<SP ID="P47_SP00192" HPOS="258" VPOS="961" WIDTH="19"/>
						<String ID="P47_ST00224" HPOS="277" VPOS="938" WIDTH="52" HEIGHT="23" CONTENT="ofa" WC="0.66" CC="504"/>
						<SP ID="P47_SP00193" HPOS="329" VPOS="961" WIDTH="17"/>
						<String ID="P47_ST00225" HPOS="346" VPOS="939" WIDTH="123" HEIGHT="30" CONTENT="primitive" WC="0.82" CC="054000140"/>
						<SP ID="P47_SP00194" HPOS="469" VPOS="969" WIDTH="13"/>
						<String ID="P47_ST00226" HPOS="482" VPOS="938" WIDTH="86" HEIGHT="31" CONTENT="people" WC="0.77" CC="940000"/>
						<SP ID="P47_SP00195" HPOS="568" VPOS="969" WIDTH="14"/>
						<String ID="P47_ST00227" HPOS="582" VPOS="938" WIDTH="55" HEIGHT="31" CONTENT="help" WC="0.88" CC="0400"/>
						<SP ID="P47_SP00196" HPOS="637" VPOS="969" WIDTH="19"/>
						<String ID="P47_ST00228" HPOS="656" VPOS="942" WIDTH="25" HEIGHT="19" CONTENT="to" WC="1.00" CC="00"/>
						<SP ID="P47_SP00197" HPOS="681" VPOS="969" WIDTH="19"/>
						<String ID="P47_ST00229" HPOS="700" VPOS="938" WIDTH="61" HEIGHT="31" CONTENT="keep" WC="0.89" CC="0400"/>
						<SP ID="P47_SP00198" HPOS="761" VPOS="969" WIDTH="14"/>
						<String ID="P47_ST00230" HPOS="775" VPOS="938" WIDTH="61" HEIGHT="23" CONTENT="alive" WC="0.85" CC="31020"/>
						<SP ID="P47_SP00199" HPOS="836" VPOS="969" WIDTH="18"/>
						<String ID="P47_ST00231" HPOS="854" VPOS="946" WIDTH="15" HEIGHT="14" CONTENT="a" WC="1.00" CC="0"/>
						<SP ID="P47_SP00200" HPOS="869" VPOS="969" WIDTH="18"/>
						<String ID="P47_ST00232" HPOS="887" VPOS="938" WIDTH="54" HEIGHT="23" CONTENT="love" WC="0.87" CC="5000"/>
					</TextLine>
					<TextLine ID="P47_TL00027" HPOS="93" VPOS="971" WIDTH="847" HEIGHT="33">
						<String ID="P47_ST00233" HPOS="93" VPOS="971" WIDTH="30" HEIGHT="23" CONTENT="of" WC="0.77" CC="40"/>
						<SP ID="P47_SP00201" HPOS="123" VPOS="994" WIDTH="18"/>
						<String ID="P47_ST00234" HPOS="141" VPOS="972" WIDTH="32" HEIGHT="23" CONTENT="all" WC="1.00" CC="000"/>
						<SP ID="P47_SP00202" HPOS="173" VPOS="995" WIDTH="22"/>
						<String ID="P47_ST00235" HPOS="195" VPOS="973" WIDTH="52" HEIGHT="22" CONTENT="that" WC="0.44" CC="5752"/>
						<SP ID="P47_SP00203" HPOS="247" VPOS="995" WIDTH="19"/>
						<String ID="P47_ST00236" HPOS="266" VPOS="972" WIDTH="70" HEIGHT="23" CONTENT="tends" WC="0.76" CC="00506"/>
						<SP ID="P47_SP00204" HPOS="336" VPOS="995" WIDTH="21"/>
						<String ID="P47_ST00237" HPOS="357" VPOS="976" WIDTH="25" HEIGHT="19" CONTENT="to" WC="0.70" CC="06"/>
						<SP ID="P47_SP00205" HPOS="382" VPOS="995" WIDTH="19"/>
						<String ID="P47_ST00238" HPOS="401" VPOS="972" WIDTH="141" HEIGHT="32" CONTENT="strengthen" WC="0.71" CC="4050500057"/>
						<SP ID="P47_SP00206" HPOS="542" VPOS="1004" WIDTH="24"/>
						<String ID="P47_ST00239" HPOS="566" VPOS="972" WIDTH="39" HEIGHT="22" CONTENT="the" WC="0.82" CC="050"/>
						<SP ID="P47_SP00207" HPOS="605" VPOS="1004" WIDTH="22"/>
						<String ID="P47_ST00240" HPOS="627" VPOS="972" WIDTH="67" HEIGHT="26" CONTENT="fibre," WC="0.79" CC="705000"/>
						<SP ID="P47_SP00208" HPOS="694" VPOS="1004" WIDTH="22"/>
						<String ID="P47_ST00241" HPOS="716" VPOS="976" WIDTH="25" HEIGHT="19" CONTENT="to" WC="0.67" CC="42"/>
						<SP ID="P47_SP00209" HPOS="741" VPOS="1004" WIDTH="21"/>
						<String ID="P47_ST00242" HPOS="762" VPOS="971" WIDTH="115" HEIGHT="31" CONTENT="develope" WC="0.94" CC="00400000"/>
						<SP ID="P47_SP00210" HPOS="877" VPOS="1004" WIDTH="21"/>
						<String ID="P47_ST00243" HPOS="898" VPOS="973" WIDTH="42" HEIGHT="22" CONTENT="the" WC="0.79" CC="060"/>
					</TextLine>
					<TextLine ID="P47_TL00028" HPOS="93" VPOS="1004" WIDTH="847" HEIGHT="32">
						<String ID="P47_ST00244" HPOS="93" VPOS="1006" WIDTH="100" HEIGHT="26" CONTENT="muscle," WC="0.84" CC="0090000"/>
						<SP ID="P47_SP00211" HPOS="193" VPOS="1032" WIDTH="15"/>
						<String ID="P47_ST00245" HPOS="208" VPOS="1006" WIDTH="46" HEIGHT="23" CONTENT="and" WC="0.75" CC="510"/>
						<SP ID="P47_SP00212" HPOS="254" VPOS="1032" WIDTH="14"/>
						<String ID="P47_ST00246" HPOS="268" VPOS="1007" WIDTH="91" HEIGHT="22" CONTENT="sustain" WC="0.61" CC="5661420"/>
						<SP ID="P47_SP00213" HPOS="359" VPOS="1032" WIDTH="20"/>
						<String ID="P47_ST00247" HPOS="379" VPOS="1006" WIDTH="40" HEIGHT="23" CONTENT="the" WC="0.90" CC="020"/>
						<SP ID="P47_SP00214" HPOS="419" VPOS="1032" WIDTH="20"/>
						<String ID="P47_ST00248" HPOS="439" VPOS="1006" WIDTH="88" HEIGHT="23" CONTENT="animal" WC="0.90" CC="040001"/>
						<SP ID="P47_SP00215" HPOS="527" VPOS="1032" WIDTH="19"/>
						<String ID="P47_ST00249" HPOS="546" VPOS="1014" WIDTH="112" HEIGHT="22" CONTENT="courage." WC="0.88" CC="00315000"/>
						<SP ID="P47_SP00216" HPOS="658" VPOS="1036" WIDTH="38"/>
						<String ID="P47_ST00250" HPOS="696" VPOS="1004" WIDTH="144" HEIGHT="32" CONTENT="Something" WC="0.64" CC="636027050"/>
						<SP ID="P47_SP00217" HPOS="840" VPOS="1036" WIDTH="17"/>
						<String ID="P47_ST00251" HPOS="857" VPOS="1006" WIDTH="19" HEIGHT="22" CONTENT="is" WC="0.92" CC="01"/>
						<SP ID="P47_SP00218" HPOS="876" VPOS="1036" WIDTH="16"/>
						<String ID="P47_ST00252" HPOS="892" VPOS="1006" WIDTH="48" HEIGHT="23" CONTENT="due" WC="1.00" CC="000"/>
					</TextLine>
					<TextLine ID="P47_TL00029" HPOS="93" VPOS="1038" WIDTH="846" HEIGHT="32">
						<String ID="P47_ST00253" HPOS="93" VPOS="1044" WIDTH="25" HEIGHT="19" CONTENT="to" WC="0.91" CC="10"/>
						<SP ID="P47_SP00219" HPOS="118" VPOS="1063" WIDTH="13"/>
						<String ID="P47_ST00254" HPOS="131" VPOS="1040" WIDTH="42" HEIGHT="23" CONTENT="the" WC="0.79" CC="060"/>
						<SP ID="P47_SP00220" HPOS="173" VPOS="1063" WIDTH="14"/>
						<String ID="P47_ST00255" HPOS="187" VPOS="1040" WIDTH="73" HEIGHT="30" CONTENT="body," WC="0.62" CC="61091"/>
						<SP ID="P47_SP00221" HPOS="260" VPOS="1070" WIDTH="11"/>
						<String ID="P47_ST00256" HPOS="271" VPOS="1048" WIDTH="25" HEIGHT="15" CONTENT="as" WC="0.78" CC="04"/>
						<SP ID="P47_SP00222" HPOS="296" VPOS="1070" WIDTH="11"/>
						<String ID="P47_ST00257" HPOS="307" VPOS="1039" WIDTH="53" HEIGHT="24" CONTENT="well" WC="0.84" CC="0006"/>
						<SP ID="P47_SP00223" HPOS="360" VPOS="1070" WIDTH="13"/>
						<String ID="P47_ST00258" HPOS="373" VPOS="1048" WIDTH="25" HEIGHT="15" CONTENT="as" WC="0.72" CC="05"/>
						<SP ID="P47_SP00224" HPOS="398" VPOS="1070" WIDTH="14"/>
						<String ID="P47_ST00259" HPOS="412" VPOS="1043" WIDTH="24" HEIGHT="19" CONTENT="to" WC="1.00" CC="00"/>
						<SP ID="P47_SP00225" HPOS="436" VPOS="1070" WIDTH="14"/>
						<String ID="P47_ST00260" HPOS="450" VPOS="1040" WIDTH="39" HEIGHT="22" CONTENT="the" WC="0.74" CC="340"/>
						<SP ID="P47_SP00226" HPOS="489" VPOS="1070" WIDTH="14"/>
						<String ID="P47_ST00261" HPOS="503" VPOS="1039" WIDTH="75" HEIGHT="23" CONTENT="mind." WC="0.78" CC="00280"/>
						<SP ID="P47_SP00227" HPOS="578" VPOS="1070" WIDTH="38"/>
						<String ID="P47_ST00262" HPOS="616" VPOS="1039" WIDTH="59" HEIGHT="22" CONTENT="And" WC="0.92" CC="020"/>
						<SP ID="P47_SP00228" HPOS="675" VPOS="1070" WIDTH="13"/>
						<String ID="P47_ST00263" HPOS="688" VPOS="1038" WIDTH="21" HEIGHT="23" CONTENT="if" WC="0.74" CC="50"/>
						<SP ID="P47_SP00229" HPOS="709" VPOS="1070" WIDTH="8"/>
						<String ID="P47_ST00264" HPOS="717" VPOS="1040" WIDTH="23" HEIGHT="21" CONTENT="in" WC="1.00" CC="00"/>
						<SP ID="P47_SP00230" HPOS="740" VPOS="1070" WIDTH="14"/>
						<String ID="P47_ST00265" HPOS="754" VPOS="1043" WIDTH="78" HEIGHT="19" CONTENT="towns" WC="0.71" CC="02075"/>
						<SP ID="P47_SP00231" HPOS="832" VPOS="1070" WIDTH="13"/>
						<String ID="P47_ST00266" HPOS="845" VPOS="1047" WIDTH="35" HEIGHT="15" CONTENT="we" WC="0.50" CC="90"/>
						<SP ID="P47_SP00232" HPOS="880" VPOS="1070" WIDTH="12"/>
						<String ID="P47_ST00267" HPOS="892" VPOS="1048" WIDTH="47" HEIGHT="22" CONTENT="pay" WC="0.77" CC="060"/>
					</TextLine>
					<TextLine ID="P47_TL00030" HPOS="93" VPOS="1073" WIDTH="847" HEIGHT="30">
						<String ID="P47_ST00268" HPOS="93" VPOS="1077" WIDTH="64" HEIGHT="20" CONTENT="most" WC="0.69" CC="0164"/>
						<SP ID="P47_SP00233" HPOS="157" VPOS="1097" WIDTH="21"/>
						<String ID="P47_ST00269" HPOS="178" VPOS="1075" WIDTH="118" HEIGHT="22" CONTENT="attention" WC="0.83" CC="204110003"/>
						<SP ID="P47_SP00234" HPOS="296" VPOS="1097" WIDTH="21"/>
						<String ID="P47_ST00270" HPOS="317" VPOS="1079" WIDTH="23" HEIGHT="18" CONTENT="to" WC="0.72" CC="05"/>
						<SP ID="P47_SP00235" HPOS="340" VPOS="1097" WIDTH="20"/>
						<String ID="P47_ST00271" HPOS="360" VPOS="1073" WIDTH="149" HEIGHT="24" CONTENT="intellectual" WC="0.75" CC="380517000300"/>
						<SP ID="P47_SP00236" HPOS="509" VPOS="1097" WIDTH="21"/>
						<String ID="P47_ST00272" HPOS="530" VPOS="1073" WIDTH="149" HEIGHT="26" CONTENT="cultivation," WC="0.92" CC="000500000030"/>
						<SP ID="P47_SP00237" HPOS="679" VPOS="1099" WIDTH="20"/>
						<String ID="P47_ST00273" HPOS="699" VPOS="1073" WIDTH="40" HEIGHT="23" CONTENT="the" WC="1.00" CC="000"/>
						<SP ID="P47_SP00238" HPOS="739" VPOS="1099" WIDTH="22"/>
						<String ID="P47_ST00274" HPOS="761" VPOS="1076" WIDTH="103" HEIGHT="27" CONTENT="country" WC="0.85" CC="0302030"/>
						<SP ID="P47_SP00239" HPOS="864" VPOS="1103" WIDTH="18"/>
						<String ID="P47_ST00275" HPOS="882" VPOS="1081" WIDTH="58" HEIGHT="22" CONTENT="may" WC="0.33" CC="909"/>
					</TextLine>
					<TextLine ID="P47_TL00031" HPOS="92" VPOS="1107" WIDTH="847" HEIGHT="32">
						<String ID="P47_ST00276" HPOS="92" VPOS="1108" WIDTH="72" HEIGHT="23" CONTENT="teach" WC="0.83" CC="01007"/>
						<SP ID="P47_SP00240" HPOS="164" VPOS="1131" WIDTH="19"/>
						<String ID="P47_ST00277" HPOS="183" VPOS="1115" WIDTH="28" HEIGHT="16" CONTENT="us" WC="0.51" CC="54"/>
						<SP ID="P47_SP00241" HPOS="211" VPOS="1131" WIDTH="19"/>
						<String ID="P47_ST00278" HPOS="230" VPOS="1111" WIDTH="25" HEIGHT="20" CONTENT="to" WC="0.56" CC="62"/>
						<SP ID="P47_SP00242" HPOS="255" VPOS="1131" WIDTH="19"/>
						<String ID="P47_ST00279" HPOS="274" VPOS="1107" WIDTH="94" HEIGHT="32" CONTENT="qualify" WC="0.83" CC="4105000"/>
						<SP ID="P47_SP00243" HPOS="368" VPOS="1139" WIDTH="16"/>
						<String ID="P47_ST00280" HPOS="384" VPOS="1108" WIDTH="52" HEIGHT="22" CONTENT="that" WC="0.83" CC="0600"/>
						<SP ID="P47_SP00244" HPOS="436" VPOS="1139" WIDTH="19"/>
						<String ID="P47_ST00281" HPOS="455" VPOS="1107" WIDTH="118" HEIGHT="23" CONTENT="influence" WC="0.84" CC="050040500"/>
						<SP ID="P47_SP00245" HPOS="573" VPOS="1139" WIDTH="20"/>
						<String ID="P47_ST00282" HPOS="593" VPOS="1107" WIDTH="32" HEIGHT="30" CONTENT="by" WC="1.00" CC="00"/>
						<SP ID="P47_SP00246" HPOS="625" VPOS="1139" WIDTH="16"/>
						<String ID="P47_ST00283" HPOS="641" VPOS="1107" WIDTH="30" HEIGHT="22" CONTENT="its" WC="0.80" CC="050"/>
						<SP ID="P47_SP00247" HPOS="671" VPOS="1139" WIDTH="18"/>
						<String ID="P47_ST00284" HPOS="689" VPOS="1107" WIDTH="78" HEIGHT="29" CONTENT="rough" WC="0.64" CC="54700"/>
						<SP ID="P47_SP00248" HPOS="767" VPOS="1139" WIDTH="20"/>
						<String ID="P47_ST00285" HPOS="787" VPOS="1107" WIDTH="47" HEIGHT="22" CONTENT="and" WC="0.92" CC="020"/>
						<SP ID="P47_SP00249" HPOS="834" VPOS="1139" WIDTH="19"/>
						<String ID="P47_ST00286" HPOS="853" VPOS="1107" WIDTH="86" HEIGHT="30" CONTENT="sturdy" WC="0.76" CC="004009"/>
					</TextLine>
					<TextLine ID="P47_TL00032" HPOS="92" VPOS="1140" WIDTH="846" HEIGHT="31">
						<String ID="P47_ST00287" HPOS="92" VPOS="1141" WIDTH="118" HEIGHT="30" CONTENT='sports."*' WC="0.72" CC="604562000"/>
						<SP ID="P47_SP00250" HPOS="210" VPOS="1171" WIDTH="38"/>
						<String ID="P47_ST00288" HPOS="248" VPOS="1142" WIDTH="38" HEIGHT="22" CONTENT="To" WC="0.73" CC="05"/>
						<SP ID="P47_SP00251" HPOS="286" VPOS="1171" WIDTH="22"/>
						<String ID="P47_ST00289" HPOS="308" VPOS="1142" WIDTH="111" HEIGHT="22" CONTENT="Bardism" WC="0.71" CC="0008460"/>
						<SP ID="P47_SP00252" HPOS="419" VPOS="1171" WIDTH="21"/>
						<String ID="P47_ST00290" HPOS="440" VPOS="1141" WIDTH="101" HEIGHT="30" CONTENT="belongs" WC="0.75" CC="0220606"/>
						<SP ID="P47_SP00253" HPOS="541" VPOS="1171" WIDTH="20"/>
						<String ID="P47_ST00291" HPOS="561" VPOS="1141" WIDTH="42" HEIGHT="23" CONTENT="the" WC="0.78" CC="060"/>
						<SP ID="P47_SP00254" HPOS="603" VPOS="1171" WIDTH="23"/>
						<String ID="P47_ST00292" HPOS="626" VPOS="1141" WIDTH="70" HEIGHT="22" CONTENT="merit" WC="0.82" CC="01330"/>
						<SP ID="P47_SP00255" HPOS="696" VPOS="1171" WIDTH="20"/>
						<String ID="P47_ST00293" HPOS="716" VPOS="1140" WIDTH="28" HEIGHT="23" CONTENT="of" WC="0.77" CC="40"/>
						<SP ID="P47_SP00256" HPOS="744" VPOS="1171" WIDTH="16"/>
						<String ID="P47_ST00294" HPOS="760" VPOS="1140" WIDTH="89" HEIGHT="31" CONTENT="having" WC="0.82" CC="500050"/>
						<SP ID="P47_SP00257" HPOS="849" VPOS="1171" WIDTH="20"/>
						<String ID="P47_ST00295" HPOS="869" VPOS="1141" WIDTH="69" HEIGHT="23" CONTENT="made" WC="1.00" CC="0000"/>
					</TextLine>
					<TextLine ID="P47_TL00033" HPOS="92" VPOS="1174" WIDTH="575" HEIGHT="31">
						<String ID="P47_ST00296" HPOS="92" VPOS="1175" WIDTH="57" HEIGHT="22" CONTENT="wise" WC="0.91" CC="0030"/>
						<SP ID="P47_SP00258" HPOS="149" VPOS="1197" WIDTH="19"/>
						<String ID="P47_ST00297" HPOS="168" VPOS="1175" WIDTH="121" HEIGHT="29" CONTENT="provision" WC="0.66" CC="066236030"/>
						<SP ID="P47_SP00259" HPOS="289" VPOS="1204" WIDTH="19"/>
						<String ID="P47_ST00298" HPOS="308" VPOS="1175" WIDTH="60" HEIGHT="22" CONTENT="both" WC="0.58" CC="6224"/>
						<SP ID="P47_SP00260" HPOS="368" VPOS="1204" WIDTH="20"/>
						<String ID="P47_ST00299" HPOS="388" VPOS="1175" WIDTH="37" HEIGHT="22" CONTENT="for" WC="0.91" CC="002"/>
						<SP ID="P47_SP00261" HPOS="425" VPOS="1204" WIDTH="18"/>
						<String ID="P47_ST00300" HPOS="443" VPOS="1175" WIDTH="64" HEIGHT="30" CONTENT="body" WC="0.46" CC="0379"/>
						<SP ID="P47_SP00262" HPOS="507" VPOS="1205" WIDTH="20"/>
						<String ID="P47_ST00301" HPOS="527" VPOS="1175" WIDTH="47" HEIGHT="22" CONTENT="and" WC="0.75" CC="250"/>
						<SP ID="P47_SP00263" HPOS="574" VPOS="1205" WIDTH="19"/>
						<String ID="P47_ST00302" HPOS="593" VPOS="1174" WIDTH="74" HEIGHT="22" CONTENT="mind." WC="0.59" CC="80442"/>
					</TextLine>
					<TextLine ID="P47_TL00034" HPOS="145" VPOS="1207" WIDTH="793" HEIGHT="24">
						<String ID="P47_ST00303" HPOS="145" VPOS="1208" WIDTH="60" HEIGHT="22" CONTENT="This" WC="0.86" CC="0500"/>
						<SP ID="P47_SP00264" HPOS="205" VPOS="1230" WIDTH="14"/>
						<String ID="P47_ST00304" HPOS="219" VPOS="1208" WIDTH="91" HEIGHT="23" CONTENT="outline" WC="0.78" CC="2006050"/>
						<SP ID="P47_SP00265" HPOS="310" VPOS="1231" WIDTH="14"/>
						<String ID="P47_ST00305" HPOS="324" VPOS="1208" WIDTH="77" HEIGHT="23" CONTENT="ofthe" WC="0.75" CC="70040"/>
						<SP ID="P47_SP00266" HPOS="401" VPOS="1231" WIDTH="14"/>
						<String ID="P47_ST00306" HPOS="415" VPOS="1208" WIDTH="126" HEIGHT="23" CONTENT="character" WC="0.85" CC="070300001"/>
						<SP ID="P47_SP00267" HPOS="541" VPOS="1231" WIDTH="13"/>
						<String ID="P47_ST00307" HPOS="554" VPOS="1208" WIDTH="47" HEIGHT="22" CONTENT="and" WC="0.76" CC="070"/>
						<SP ID="P47_SP00268" HPOS="601" VPOS="1231" WIDTH="14"/>
						<String ID="P47_ST00308" HPOS="615" VPOS="1207" WIDTH="118" HEIGHT="23" CONTENT="influence" WC="0.90" CC="020030200"/>
						<SP ID="P47_SP00269" HPOS="733" VPOS="1231" WIDTH="14"/>
						<String ID="P47_ST00309" HPOS="747" VPOS="1207" WIDTH="78" HEIGHT="23" CONTENT="ofthe" WC="0.96" CC="00010"/>
						<SP ID="P47_SP00270" HPOS="825" VPOS="1231" WIDTH="17"/>
						<String ID="P47_ST00310" HPOS="842" VPOS="1207" WIDTH="96" HEIGHT="23" CONTENT="ancient" WC="0.81" CC="0501060"/>
					</TextLine>
					<TextLine ID="P47_TL00035" HPOS="92" VPOS="1240" WIDTH="845" HEIGHT="32">
						<String ID="P47_ST00311" HPOS="92" VPOS="1241" WIDTH="102" HEIGHT="31" CONTENT="religion" WC="0.89" CC="60000001"/>
						<SP ID="P47_SP00271" HPOS="194" VPOS="1272" WIDTH="25"/>
						<String ID="P47_ST00312" HPOS="219" VPOS="1241" WIDTH="29" HEIGHT="24" CONTENT="of" WC="0.84" CC="30"/>
						<SP ID="P47_SP00272" HPOS="248" VPOS="1272" WIDTH="20"/>
						<String ID="P47_ST00313" HPOS="268" VPOS="1242" WIDTH="89" HEIGHT="28" CONTENT="Wales," WC="0.91" CC="011002"/>
						<SP ID="P47_SP00273" HPOS="357" VPOS="1272" WIDTH="21"/>
						<String ID="P47_ST00314" HPOS="378" VPOS="1250" WIDTH="26" HEIGHT="15" CONTENT="so" WC="0.64" CC="70"/>
						<SP ID="P47_SP00274" HPOS="404" VPOS="1272" WIDTH="25"/>
						<String ID="P47_ST00315" HPOS="429" VPOS="1241" WIDTH="35" HEIGHT="23" CONTENT="far" WC="0.73" CC="034"/>
						<SP ID="P47_SP00275" HPOS="464" VPOS="1272" WIDTH="25"/>
						<String ID="P47_ST00316" HPOS="489" VPOS="1250" WIDTH="26" HEIGHT="14" CONTENT="as" WC="0.95" CC="00"/>
						<SP ID="P47_SP00276" HPOS="515" VPOS="1272" WIDTH="24"/>
						<String ID="P47_ST00317" HPOS="539" VPOS="1242" WIDTH="19" HEIGHT="22" CONTENT="it" WC="0.94" CC="00"/>
						<SP ID="P47_SP00277" HPOS="558" VPOS="1272" WIDTH="24"/>
						<String ID="P47_ST00318" HPOS="582" VPOS="1241" WIDTH="19" HEIGHT="22" CONTENT="is" WC="0.77" CC="13"/>
						<SP ID="P47_SP00278" HPOS="601" VPOS="1272" WIDTH="26"/>
						<String ID="P47_ST00319" HPOS="627" VPOS="1241" WIDTH="99" HEIGHT="22" CONTENT="derived" WC="0.94" CC="0030000"/>
						<SP ID="P47_SP00279" HPOS="726" VPOS="1272" WIDTH="27"/>
						<String ID="P47_ST00320" HPOS="753" VPOS="1240" WIDTH="62" HEIGHT="23" CONTENT="from" WC="0.89" CC="0004"/>
						<SP ID="P47_SP00280" HPOS="815" VPOS="1272" WIDTH="28"/>
						<String ID="P47_ST00321" HPOS="843" VPOS="1240" WIDTH="94" HEIGHT="32" CONTENT="foreign" WC="0.82" CC="0010063"/>
					</TextLine>
					<TextLine ID="P47_TL00036" HPOS="92" VPOS="1274" WIDTH="845" HEIGHT="32">
						<String ID="P47_ST00322" HPOS="92" VPOS="1283" WIDTH="105" HEIGHT="19" CONTENT="sources," WC="0.69" CC="37007051"/>
						<SP ID="P47_SP00281" HPOS="197" VPOS="1302" WIDTH="15"/>
						<String ID="P47_ST00323" HPOS="212" VPOS="1280" WIDTH="60" HEIGHT="18" CONTENT="rests" WC="0.68" CC="20606"/>
						<SP ID="P47_SP00282" HPOS="272" VPOS="1302" WIDTH="13"/>
						<String ID="P47_ST00324" HPOS="285" VPOS="1284" WIDTH="30" HEIGHT="15" CONTENT="on" WC="0.35" CC="57"/>
						<SP ID="P47_SP00283" HPOS="315" VPOS="1302" WIDTH="14"/>
						<String ID="P47_ST00325" HPOS="329" VPOS="1276" WIDTH="105" HEIGHT="23" CONTENT="indirect" WC="0.85" CC="07005000"/>
						<SP ID="P47_SP00284" HPOS="434" VPOS="1302" WIDTH="11"/>
						<String ID="P47_ST00326" HPOS="445" VPOS="1275" WIDTH="132" HEIGHT="31" CONTENT="authority." WC="0.61" CC="0526291090"/>
						<SP ID="P47_SP00285" HPOS="577" VPOS="1306" WIDTH="35"/>
						<String ID="P47_ST00327" HPOS="612" VPOS="1274" WIDTH="74" HEIGHT="23" CONTENT="From" WC="0.49" CC="4635"/>
						<SP ID="P47_SP00286" HPOS="686" VPOS="1306" WIDTH="13"/>
						<String ID="P47_ST00328" HPOS="699" VPOS="1274" WIDTH="40" HEIGHT="23" CONTENT="the" WC="0.55" CC="760"/>
						<SP ID="P47_SP00287" HPOS="739" VPOS="1306" WIDTH="13"/>
						<String ID="P47_ST00329" HPOS="752" VPOS="1282" WIDTH="62" HEIGHT="22" CONTENT="copy" WC="0.83" CC="6000"/>
						<SP ID="P47_SP00288" HPOS="814" VPOS="1306" WIDTH="13"/>
						<String ID="P47_ST00330" HPOS="827" VPOS="1281" WIDTH="35" HEIGHT="16" CONTENT="we" WC="1.00" CC="00"/>
						<SP ID="P47_SP00289" HPOS="862" VPOS="1306" WIDTH="14"/>
						<String ID="P47_ST00331" HPOS="876" VPOS="1274" WIDTH="61" HEIGHT="23" CONTENT="have" WC="0.93" CC="2000"/>
					</TextLine>
					<TextLine ID="P47_TL00037" HPOS="92" VPOS="1308" WIDTH="845" HEIGHT="32">
						<String ID="P47_ST00332" HPOS="92" VPOS="1310" WIDTH="118" HEIGHT="30" CONTENT="gathered" WC="0.65" CC="70600507"/>
						<SP ID="P47_SP00290" HPOS="210" VPOS="1340" WIDTH="14"/>
						<String ID="P47_ST00333" HPOS="224" VPOS="1317" WIDTH="45" HEIGHT="15" CONTENT="our" WC="0.80" CC="203"/>
						<SP ID="P47_SP00291" HPOS="269" VPOS="1340" WIDTH="12"/>
						<String ID="P47_ST00334" HPOS="281" VPOS="1309" WIDTH="67" HEIGHT="23" CONTENT="ideas" WC="0.90" CC="03000"/>
						<SP ID="P47_SP00292" HPOS="348" VPOS="1340" WIDTH="14"/>
						<String ID="P47_ST00335" HPOS="362" VPOS="1309" WIDTH="28" HEIGHT="22" CONTENT="of" WC="0.94" CC="10"/>
						<SP ID="P47_SP00293" HPOS="390" VPOS="1340" WIDTH="10"/>
						<String ID="P47_ST00336" HPOS="400" VPOS="1310" WIDTH="40" HEIGHT="22" CONTENT="the" WC="0.78" CC="600"/>
						<SP ID="P47_SP00294" HPOS="440" VPOS="1340" WIDTH="10"/>
						<String ID="P47_ST00337" HPOS="450" VPOS="1308" WIDTH="111" HEIGHT="32" CONTENT="original." WC="0.81" CC="020007600"/>
						<SP ID="P47_SP00295" HPOS="561" VPOS="1340" WIDTH="32"/>
						<String ID="P47_ST00338" HPOS="593" VPOS="1308" WIDTH="72" HEIGHT="22" CONTENT="From" WC="0.93" CC="0020"/>
						<SP ID="P47_SP00296" HPOS="665" VPOS="1340" WIDTH="15"/>
						<String ID="P47_ST00339" HPOS="680" VPOS="1308" WIDTH="63" HEIGHT="22" CONTENT="what" WC="0.85" CC="0600"/>
						<SP ID="P47_SP00297" HPOS="743" VPOS="1340" WIDTH="14"/>
						<String ID="P47_ST00340" HPOS="757" VPOS="1308" WIDTH="64" HEIGHT="22" CONTENT="Gaul" WC="0.73" CC="0036"/>
						<SP ID="P47_SP00298" HPOS="821" VPOS="1340" WIDTH="11"/>
						<String ID="P47_ST00341" HPOS="832" VPOS="1308" WIDTH="105" HEIGHT="31" CONTENT="actually" WC="0.83" CC="02340020"/>
					</TextLine>
					<TextLine ID="P47_TL00038" HPOS="92" VPOS="1341" WIDTH="845" HEIGHT="29">
						<String ID="P47_ST00342" HPOS="92" VPOS="1351" WIDTH="56" HEIGHT="19" CONTENT="was," WC="0.58" CC="9060"/>
						<SP ID="P47_SP00299" HPOS="148" VPOS="1370" WIDTH="16"/>
						<String ID="P47_ST00343" HPOS="164" VPOS="1351" WIDTH="35" HEIGHT="14" CONTENT="we" WC="1.00" CC="00"/>
						<SP ID="P47_SP00300" HPOS="199" VPOS="1370" WIDTH="14"/>
						<String ID="P47_ST00344" HPOS="213" VPOS="1343" WIDTH="61" HEIGHT="23" CONTENT="have" WC="1.00" CC="0000"/>
						<SP ID="P47_SP00301" HPOS="274" VPOS="1370" WIDTH="13"/>
						<String ID="P47_ST00345" HPOS="287" VPOS="1343" WIDTH="102" HEIGHT="23" CONTENT="inferred" WC="0.77" CC="00009008"/>
						<SP ID="P47_SP00302" HPOS="389" VPOS="1370" WIDTH="13"/>
						<String ID="P47_ST00346" HPOS="402" VPOS="1343" WIDTH="65" HEIGHT="22" CONTENT="what" WC="0.83" CC="0600"/>
						<SP ID="P47_SP00303" HPOS="467" VPOS="1370" WIDTH="15"/>
						<String ID="P47_ST00347" HPOS="482" VPOS="1342" WIDTH="99" HEIGHT="26" CONTENT="Britain," WC="0.86" CC="00140210"/>
						<SP ID="P47_SP00304" HPOS="581" VPOS="1370" WIDTH="13"/>
						<String ID="P47_ST00348" HPOS="594" VPOS="1341" WIDTH="40" HEIGHT="23" CONTENT="the" WC="0.63" CC="460"/>
						<SP ID="P47_SP00305" HPOS="634" VPOS="1370" WIDTH="15"/>
						<String ID="P47_ST00349" HPOS="649" VPOS="1341" WIDTH="97" HEIGHT="22" CONTENT="teacher" WC="0.49" CC="6093535"/>
						<SP ID="P47_SP00306" HPOS="746" VPOS="1370" WIDTH="10"/>
						<String ID="P47_ST00350" HPOS="756" VPOS="1341" WIDTH="27" HEIGHT="23" CONTENT="of" WC="0.98" CC="00"/>
						<SP ID="P47_SP00307" HPOS="783" VPOS="1370" WIDTH="7"/>
						<String ID="P47_ST00351" HPOS="790" VPOS="1341" WIDTH="74" HEIGHT="27" CONTENT="Gaul," WC="1.00" CC="00000"/>
						<SP ID="P47_SP00308" HPOS="864" VPOS="1370" WIDTH="10"/>
						<String ID="P47_ST00352" HPOS="874" VPOS="1346" WIDTH="63" HEIGHT="18" CONTENT="must" WC="0.95" CC="0010"/>
					</TextLine>
					<TextLine ID="P47_TL00039" HPOS="92" VPOS="1374" WIDTH="844" HEIGHT="33">
						<String ID="P47_ST00353" HPOS="92" VPOS="1377" WIDTH="62" HEIGHT="23" CONTENT="have" WC="0.83" CC="6000"/>
						<SP ID="P47_SP00309" HPOS="154" VPOS="1400" WIDTH="22"/>
						<String ID="P47_ST00354" HPOS="176" VPOS="1377" WIDTH="70" HEIGHT="23" CONTENT="been." WC="0.90" CC="40000"/>
						<SP ID="P47_SP00310" HPOS="246" VPOS="1400" WIDTH="37"/>
						<String ID="P47_ST00355" HPOS="283" VPOS="1376" WIDTH="54" HEIGHT="23" CONTENT="The" WC="0.82" CC="050"/>
						<SP ID="P47_SP00311" HPOS="337" VPOS="1400" WIDTH="20"/>
						<String ID="P47_ST00356" HPOS="357" VPOS="1385" WIDTH="60" HEIGHT="22" CONTENT="pure" WC="0.71" CC="7030"/>
						<SP ID="P47_SP00312" HPOS="417" VPOS="1407" WIDTH="22"/>
						<String ID="P47_ST00357" HPOS="439" VPOS="1376" WIDTH="110" HEIGHT="23" CONTENT="Bardism" WC="0.68" CC="7310135"/>
						<SP ID="P47_SP00313" HPOS="549" VPOS="1407" WIDTH="23"/>
						<String ID="P47_ST00358" HPOS="572" VPOS="1374" WIDTH="27" HEIGHT="24" CONTENT="of" WC="1.00" CC="00"/>
						<SP ID="P47_SP00314" HPOS="599" VPOS="1407" WIDTH="16"/>
						<String ID="P47_ST00359" HPOS="615" VPOS="1375" WIDTH="40" HEIGHT="22" CONTENT="the" WC="0.88" CC="200"/>
						<SP ID="P47_SP00315" HPOS="655" VPOS="1407" WIDTH="24"/>
						<String ID="P47_ST00360" HPOS="679" VPOS="1374" WIDTH="92" HEIGHT="32" CONTENT="Cymry" WC="0.92" CC="00040"/>
						<SP ID="P47_SP00316" HPOS="771" VPOS="1407" WIDTH="18"/>
						<String ID="P47_ST00361" HPOS="789" VPOS="1382" WIDTH="101" HEIGHT="23" CONTENT="appears" WC="0.86" CC="3000103"/>
						<SP ID="P47_SP00317" HPOS="890" VPOS="1407" WIDTH="20"/>
						<String ID="P47_ST00362" HPOS="910" VPOS="1379" WIDTH="26" HEIGHT="19" CONTENT="to" WC="0.35" CC="75"/>
					</TextLine>
					<TextLine ID="P47_TL00040" HPOS="91" VPOS="1403" WIDTH="849" HEIGHT="38">
						<String ID="P47_ST00363" HPOS="91" VPOS="1411" WIDTH="138" HEIGHT="30" CONTENT="advantage" WC="0.99" CC="000000000"/>
						<SP ID="P47_SP00318" HPOS="229" VPOS="1441" WIDTH="13"/>
						<String ID="P47_ST00364" HPOS="242" VPOS="1410" WIDTH="23" HEIGHT="23" CONTENT="in" WC="0.70" CC="32"/>
						<SP ID="P47_SP00319" HPOS="265" VPOS="1441" WIDTH="20"/>
						<String ID="P47_ST00365" HPOS="285" VPOS="1410" WIDTH="41" HEIGHT="23" CONTENT="the" WC="0.88" CC="002"/>
						<SP ID="P47_SP00320" HPOS="326" VPOS="1441" WIDTH="19"/>
						<String ID="P47_ST00366" HPOS="345" VPOS="1410" WIDTH="84" HEIGHT="23" CONTENT="annals" WC="0.73" CC="076001"/>
						<SP ID="P47_SP00321" HPOS="429" VPOS="1441" WIDTH="18"/>
						<String ID="P47_ST00367" HPOS="447" VPOS="1408" WIDTH="28" HEIGHT="24" CONTENT="of" WC="0.69" CC="60"/>
						<SP ID="P47_SP00322" HPOS="475" VPOS="1441" WIDTH="15"/>
						<String ID="P47_ST00368" HPOS="490" VPOS="1408" WIDTH="110" HEIGHT="31" CONTENT="imperial" WC="0.86" CC="00006400"/>
						<SP ID="P47_SP00323" HPOS="600" VPOS="1441" WIDTH="21"/>
						<String ID="P47_ST00369" HPOS="621" VPOS="1407" WIDTH="86" HEIGHT="24" CONTENT="Rome." WC="0.81" CC="60100"/>
						<SP ID="P47_SP00324" HPOS="707" VPOS="1441" WIDTH="38"/>
						<String ID="P47_ST00370" HPOS="745" VPOS="1403" WIDTH="53" HEIGHT="28" CONTENT="The" WC="0.46" CC="960"/>
						<SP ID="P47_SP00325" HPOS="798" VPOS="1441" WIDTH="19"/>
						<String ID="P47_ST00371" HPOS="817" VPOS="1408" WIDTH="75" HEIGHT="23" CONTENT="whole" WC="0.80" CC="07020"/>
						<SP ID="P47_SP00326" HPOS="892" VPOS="1441" WIDTH="19"/>
						<String ID="P47_ST00372" HPOS="911" VPOS="1408" WIDTH="29" HEIGHT="24" CONTENT="of" WC="0.79" CC="40"/>
					</TextLine>
					<TextLine ID="P47_TL00041" HPOS="92" VPOS="1442" WIDTH="843" HEIGHT="31">
						<String ID="P47_ST00373" HPOS="92" VPOS="1444" WIDTH="94" HEIGHT="24" CONTENT="Britain" WC="0.79" CC="6200005"/>
						<SP ID="P47_SP00327" HPOS="186" VPOS="1468" WIDTH="15"/>
						<String ID="P47_ST00374" HPOS="201" VPOS="1444" WIDTH="47" HEIGHT="23" CONTENT="had" WC="0.75" CC="700"/>
						<SP ID="P47_SP00328" HPOS="248" VPOS="1468" WIDTH="15"/>
						<String ID="P47_ST00375" HPOS="263" VPOS="1444" WIDTH="60" HEIGHT="23" CONTENT="been" WC="0.94" CC="0020"/>
						<SP ID="P47_SP00329" HPOS="323" VPOS="1468" WIDTH="12"/>
						<String ID="P47_ST00376" HPOS="335" VPOS="1444" WIDTH="105" HEIGHT="23" CONTENT="reduced" WC="0.78" CC="0070600"/>
						<SP ID="P47_SP00330" HPOS="440" VPOS="1468" WIDTH="14"/>
						<String ID="P47_ST00377" HPOS="454" VPOS="1446" WIDTH="24" HEIGHT="20" CONTENT="to" WC="0.76" CC="04"/>
						<SP ID="P47_SP00331" HPOS="478" VPOS="1468" WIDTH="11"/>
						<String ID="P47_ST00378" HPOS="489" VPOS="1442" WIDTH="144" HEIGHT="31" CONTENT="subjection," WC="0.79" CC="75710000010"/>
						<SP ID="P47_SP00332" HPOS="633" VPOS="1473" WIDTH="9"/>
						<String ID="P47_ST00379" HPOS="642" VPOS="1442" WIDTH="85" HEIGHT="31" CONTENT="saving" WC="0.83" CC="403020"/>
						<SP ID="P47_SP00333" HPOS="727" VPOS="1473" WIDTH="11"/>
						<String ID="P47_ST00380" HPOS="738" VPOS="1442" WIDTH="56" HEIGHT="31" CONTENT="only" WC="0.82" CC="0700"/>
						<SP ID="P47_SP00334" HPOS="794" VPOS="1473" WIDTH="11"/>
						<String ID="P47_ST00381" HPOS="805" VPOS="1443" WIDTH="40" HEIGHT="23" CONTENT="the" WC="0.79" CC="600"/>
						<SP ID="P47_SP00335" HPOS="845" VPOS="1473" WIDTH="13"/>
						<String ID="P47_ST00382" HPOS="858" VPOS="1442" WIDTH="77" HEIGHT="24" CONTENT="island" WC="0.81" CC="055000"/>
					</TextLine>
				</TextBlock>
				<TextBlock ID="P47_TB00004" HPOS="347" VPOS="1513" WIDTH="331" HEIGHT="50" STYLEREFS="TXT_0 PAR_LEFT">
					<TextLine ID="P47_TL00042" HPOS="347" VPOS="1514" WIDTH="331" HEIGHT="25">
						<String ID="P47_ST00383" HPOS="347" VPOS="1515" WIDTH="12" HEIGHT="13" CONTENT="*" WC="1.00" CC="0"/>
						<SP ID="P47_SP00336" HPOS="359" VPOS="1528" WIDTH="15"/>
						<String ID="P47_ST00384" HPOS="374" VPOS="1515" WIDTH="44" HEIGHT="19" CONTENT="The" WC="0.61" CC="056"/>
						<SP ID="P47_SP00337" HPOS="418" VPOS="1534" WIDTH="10"/>
						<String ID="P47_ST00385" HPOS="428" VPOS="1515" WIDTH="75" HEIGHT="22" CONTENT="Times," WC="0.54" CC="129670"/>
						<SP ID="P47_SP00338" HPOS="503" VPOS="1537" WIDTH="11"/>
						<String ID="P47_ST00386" HPOS="514" VPOS="1514" WIDTH="49" HEIGHT="25" CONTENT="July" WC="0.51" CC="9009"/>
						<SP ID="P47_SP00339" HPOS="563" VPOS="1539" WIDTH="13"/>
						<String ID="P47_ST00387" HPOS="576" VPOS="1514" WIDTH="30" HEIGHT="23" CONTENT="11," WC="0.57" CC="840"/>
						<SP ID="P47_SP00340" HPOS="606" VPOS="1539" WIDTH="14"/>
						<String ID="P47_ST00388" HPOS="620" VPOS="1514" WIDTH="58" HEIGHT="19" CONTENT="1851." WC="0.67" CC="36600"/>
					</TextLine>
					<TextLine ID="P47_TL00043" HPOS="493" VPOS="1542" WIDTH="42" HEIGHT="21">
						<String ID="P47_ST00389" HPOS="493" VPOS="1542" WIDTH="42" HEIGHT="21" CONTENT="c2" WC="0.44" CC="28" STYLEREFS="TXT_2"/>
					</TextLine>
				</TextBlock>
			</PrintSpace>
		</Page>
	</Layout>
</alto>
