1023 1619
111 109 32 23 96

389 120 53 17 THE
456 122 89 15 WELSH
560 122 118 15 CHURCH.

112 184 40 15 are
165 177 76 22 hence
253 179 25 20 to
291 177 59 23 infer
360 178 51 23 that
423 178 99 29 Lucius,
533 188 27 15 or
573 180 113 30 Lleirwg,
700 182 53 20 sent
766 182 25 20 to
805 177 96 24 consult
914 177 41 22 the

113 210 68 30 Pope
202 218 31 14 on
255 210 41 23 the
317 211 104 31 changes
440 213 30 22 he
494 214 131 22 meditated
651 213 84 23 before
757 213 30 22 he
808 210 147 25 introduced

111 244 66 22 them
186 253 6 17 ;
211 243 77 23 which
301 253 48 14 was
361 253 15 14 a
387 254 57 23 very
459 247 55 22 wise
532 248 48 22 and
592 248 105 29 prudent
714 247 71 30 thing
801 250 25 19 to
840 246 31 23 do
882 255 5 17 ;
906 244 49 23 and

112 277 52 23 that
177 277 40 23 the
236 277 86 31 Pope's
340 278 65 32 reply
421 287 46 15 was
486 284 81 18 meant
579 280 38 23 for
635 281 40 22 the
693 280 79 30 king's
791 280 117 22 direction
929 279 25 22 in

112 311 49 22 this
180 315 93 18 matter.
311 311 80 24 When
410 313 18 22 it
446 313 19 22 is
483 313 52 22 said
554 314 51 22 that
626 313 105 30 Lleirwg
752 314 70 22 made
843 313 41 22 the
902 312 54 22 first

114 344 121 24 Christian
250 344 106 27 Church,
371 353 34 15 we
423 353 40 15 are
476 349 25 20 to
514 346 148 23 understand
675 347 41 22 the
728 347 53 22 first
794 346 112 30 building
919 345 37 23 for

116 377 88 24 Divine
217 378 100 27 service,
332 379 98 22 distinct
444 379 60 22 from
518 380 41 22 the
579 379 128 24 Druidical
726 380 92 26 circles,
832 380 23 21 in
875 379 80 22 which

112 413 42 22 the
167 412 66 30 early
246 412 90 22 British
350 411 134 24 Christians
497 413 162 30 worshipped.
697 413 52 23 The
769 412 105 24 Silurian
890 415 66 20 cata-

112 446 73 31 logue
195 445 27 23 of
227 446 73 22 saints
310 448 73 20 states
394 446 51 22 that
455 445 55 24 four
518 454 107 22 persons,
635 446 91 31 Dyfan,
737 446 99 31 Ffagan,
847 446 109 30 Medwy,

112 481 48 22 and
187 479 79 28 Elfan,
293 487 61 15 were
377 482 54 20 sent
454 483 25 20 to
507 479 106 32 Lleirwg
642 481 32 30 by
702 480 66 30 Pope
794 480 162 23 Eleutherius.

113 514 100 27 Lucius,
227 514 41 22 the
287 513 107 23 classical
411 514 97 22 version
527 514 28 22 of
570 514 107 22 Lleuver
695 514 88 28 Mawr,
829 514 41 22 the
889 517 67 28 great

212 548 20 22 is
244 547 105 31 thought
362 551 25 18 to
401 547 60 23 have
479 548 61 22 been
554 555 15 15 a
581 547 83 24 Welsh
682 548 93 31 prince,
789 548 80 22 whose
889 547 67 23 terri-

113 583 72 22 tories
204 581 195 31 comprehended
419 580 39 23 the
477 586 97 26 present
592 585 90 28 county
696 581 28 24 of
742 581 148 23 Monmouth
909 581 47 23 and

112 619 54 28 part
179 615 28 24 of
217 615 224 31 Glamorganshire,
455 615 49 22 and
516 623 31 14 on
567 616 79 22 whom
659 616 41 22 the
715 615 95 23 Roman
825 623 131 22 emperors,

113 658 26 15 as
157 650 63 23 their
237 649 81 31 policy
332 657 54 19 was,
406 649 46 22 had
472 649 127 23 conferred
620 650 39 22 the
678 649 52 24 title
749 649 28 23 of
792 648 69 31 King
880 649 27 22 of
916 649 40 22 the

114 684 105 23 Britons.
255 682 80 23 There
354 690 40 15 are
412 683 24 22 in
455 683 41 23 the
515 683 201 30 neighbourhood
730 683 27 23 of
772 683 116 23 Llandaff
902 682 54 24 four

114 718 126 26 churches,
254 717 41 23 the
308 724 82 15 names
403 716 29 23 of
442 717 78 23 which
533 724 112 23 preserve
659 718 39 22 the
713 717 114 23 tradition
844 716 28 23 of
888 716 68 31 King

113 751 93 23 Lucius
224 752 47 22 and
285 751 35 22 his
333 751 110 30 embassy
454 760 6 17 ;
479 751 67 23 these
562 758 41 16 are
615 750 113 32 Lleirwg,
743 751 92 29 Dyfan,
855 750 101 30 Ffagan,

112 786 47 22 and
174 785 124 30 Medwy.*
334 784 89 30 Dyvan
443 785 19 22 is
481 785 142 22 considered
642 792 24 15 to
686 785 61 22 have
765 785 60 22 been
846 785 41 22 the
905 784 51 23 first

113 819 87 31 bishop
215 818 26 23 of
256 813 127 31 Llandaff;
401 818 48 22 and
462 818 41 22 the
520 818 92 23 church
626 818 128 23 dedicated
769 823 23 18 to
806 818 36 22 his
862 818 94 22 honour

114 853 81 23 marks
215 855 43 20 out
276 852 40 22 the
335 851 70 31 place
424 851 28 23 of
465 851 37 22 his
520 852 156 32 martyrdom.
714 851 91 32 Ffagan
825 852 18 22 is
863 851 51 23 said
931 855 25 19 to

113 887 62 22 have
197 886 61 23 been
281 886 35 22 his
338 893 131 19 successor,
490 884 28 24 of
537 886 78 22 whom
639 887 40 22 the
704 886 77 23 Bards
807 886 60 22 have
886 893 70 23 sung,

139 920 74 23 Didst
223 920 59 22 thou
293 919 57 22 hear
363 919 39 22 the
412 919 87 31 saying
508 918 28 24 of
543 919 99 32 Ffagan,
655 920 66 22 when
733 920 31 23 he
775 920 46 22 had
831 919 125 31 produced

114 955 36 22 his
172 953 146 31 argument?
356 952 90 24 Where
471 953 57 23 God
550 954 19 22 is
593 954 80 27 silent,
697 954 19 22 it
740 955 19 22 is
785 956 43 20 not
851 954 56 22 wise
931 956 25 20 to

218 990 15 24 f

165 1021 63 22 Both
249 1020 63 23 Bran
333 1019 40 23 the
386 1020 52 23 first
451 1020 110 27 founder,
576 1021 46 22 and
642 1020 91 24 Lucius
747 1021 36 22 his
796 1021 92 30 worthy
902 1028 53 16 suc-

113 1061 87 19 cessor,
217 1061 73 22 prove
309 1053 143 23 themselves
471 1057 25 19 to
515 1055 60 22 have
593 1055 60 22 been
674 1055 156 30 enlightened
848 1061 54 16 men
923 1055 32 30 by

112 1089 41 21 the
169 1089 205 28 encouragement
387 1087 77 22 which
479 1088 58 29 they
549 1095 62 23 gave
624 1091 24 20 to
663 1088 132 27 literature,
809 1089 32 29 by
856 1088 99 30 helping

114 1125 26 19 to
157 1121 71 22 make
243 1120 76 23 books
336 1127 66 15 more
415 1121 122 22 readable.
575 1121 52 23 The
642 1121 88 23 former
747 1122 144 22 introduced
905 1122 50 22 into

112 1155 94 22 Britain
221 1154 39 22 the
273 1156 37 20 art
322 1152 28 23 of
360 1153 107 31 dressing
480 1154 65 23 skins
558 1162 25 15 as
598 1155 119 22 materials
730 1155 38 22 for
785 1155 103 30 writing,
907 1155 48 22 and

112 1188 50 22 also
176 1187 27 23 of
213 1187 105 31 forming
330 1187 41 22 the
385 1187 109 30 cylinder
506 1195 28 15 or
552 1188 58 22 staff
620 1196 30 15 on
664 1188 79 23 which
758 1189 40 22 the
812 1188 143 31 parchment

112 1229 49 15 was
173 1221 76 22 rolled
262 1229 39 22 up,
316 1220 55 23 thus
383 1221 159 30 superseding
555 1222 39 22 the
609 1222 99 22 wooden
731 1221 75 24 frame
824 1231 27 14 or
869 1222 86 23 token-

112 1255 62 23 slick
188 1254 28 23 of
225 1255 41 22 the
280 1254 83 23 Bards.
367 1254 15 31 J
408 1254 27 23 In
450 1254 40 23 the
504 1256 66 30 reign
585 1255 28 23 of
623 1254 92 24 Lucius
729 1257 40 22 the
783 1260 97 27 present
893 1256 62 32 style

112 1288 28 23 of
150 1289 77 22 books
239 1296 48 14 was
300 1288 104 30 adopted
418 1288 57 23 with
488 1289 99 23 distinct
599 1289 87 29 leaves,
697 1298 46 15 one
753 1291 78 22 above
844 1290 111 27 another,

112 1323 92 22 instead
218 1321 75 24 ofthe
306 1321 43 23 roll
362 1329 27 14 or
403 1322 116 27 volume.^

164 1356 70 23 From
257 1356 54 26 183,
325 1355 41 23 the
384 1355 155 32 conjectured
559 1364 41 15 era
612 1356 27 23 of
655 1357 69 30 King
742 1357 102 29 Lucius,
857 1361 25 19 to
896 1358 58 28 303,

112 1390 41 22 the
173 1390 55 22 date
248 1388 27 24 of
295 1390 39 22 the
353 1388 140 24 Diocletian
510 1392 163 28 persecution,
692 1392 39 22 the
751 1392 83 22 Welsh
854 1392 100 23 Church

110 1426 110 27 .presents
243 1423 102 30 nothing
369 1424 158 23 remarkable.
572 1424 48 24 She
645 1425 47 23 had
718 1426 42 22 her
786 1426 97 27 bishops
907 1425 47 23 and

371 1503 13 14 *
399 1504 72 20 Rees's
482 1505 73 26 Essay,
566 1512 36 19 pp.
615 1506 74 19 82-86.

156 1529 15 23 t
184 1529 121 20 Williams's
314 1531 83 25 Cymry,
408 1537 20 20 p.
442 1532 32 20 73.
532 1532 12 25 J
560 1532 53 20 Ibid.
623 1539 20 18 p.
655 1533 32 20 62.
771 1532 54 20 Ibid.
837 1539 22 18 p.
873 1532 31 21 73.
