1023 1619
101 104 33 23 56

371 114 53 16 THE
438 115 81 15 KINGS
534 114 32 16 OF
581 112 95 17 WALES.

102 170 160 24 descendants
280 170 27 24 of
322 171 39 23 the
375 171 101 32 Cymry,
490 175 25 19 to
528 172 87 27 whom,
629 179 26 15 as
674 171 40 23 the
734 170 52 23 first
805 169 142 28 colonisers,

101 204 41 23 the
155 204 56 23 land
224 212 63 23 may,
300 204 22 23 if
331 213 25 15 so
372 205 57 32 high
447 214 14 14 a
476 205 72 23 claim
565 213 45 16 can
626 205 31 23 be
675 207 44 28 put
735 205 24 22 in
777 203 38 24 for
827 203 121 31 anything

101 238 140 28 terrestrial,
263 238 29 23 be
308 239 52 23 said
381 243 24 19 to
426 239 89 31 belong
537 240 30 31 by
590 238 91 23 Divine
702 238 72 31 right.
813 237 53 23 The
885 236 62 24 Rev.

101 271 109 24 William
230 271 83 29 Jones,
333 272 91 25 Fellow
443 273 29 23 of
491 272 107 27 Queen's
621 272 109 32 College,
752 271 105 27 Oxford,
884 271 24 22 in
934 277 14 17 a

101 305 99 24 learned
212 306 48 23 and
272 307 141 31 interesting
425 315 76 23 paper
513 306 195 25 communicated
722 310 24 18 to
759 305 42 23 the
814 305 135 23 Cambrian

101 339 198 32 Archæological
318 340 105 31 Society,
443 342 48 22 and
509 342 67 22 since
596 339 130 31 published
747 339 23 22 in
791 346 14 15 a
822 346 67 15 more
906 346 43 15 ex-

101 374 88 23 tended
203 373 67 29 form,
283 375 77 23 under
373 375 40 23 the
427 375 58 27 title,
647 373 80 23 ofthe
741 372 63 24 Gael
817 372 24 23 in
855 371 93 32 Gwyn-

204 415 38 21 on,
255 416 26 16 as
294 408 30 24 he
337 411 94 25 asserts,
471 408 41 24 the
525 408 124 30 authority
662 406 26 24 of
698 407 42 22 the
753 406 53 23 best
819 405 130 23 historians

101 442 48 23 and
162 442 165 31 ethnologists,
341 449 114 20 assumes,
470 442 53 23 that
535 441 41 24 the
590 441 62 24 Gael
665 440 122 31 preceded
800 439 41 23 the
855 439 94 31 Cymry

101 475 25 23 in
139 476 41 22 the
192 476 134 30 possession
339 476 30 22 of
378 476 41 23 the
432 476 78 22 whole
528 475 29 23 of
566 475 103 26 Britain,
682 474 48 24 and
744 481 48 16 was
808 473 140 24 afterwards

102 509 84 23 driven
206 510 33 31 by
260 510 67 22 them
347 509 52 23 into
419 509 40 23 the
481 508 141 32 Highlands
647 508 27 23 of
692 508 125 26 Scotland,
840 507 49 23 and
907 507 42 24 the

101 543 179 32 neighbouring
299 543 89 23 islands
407 542 29 24 of
445 542 105 28 Ireland,
565 542 71 28 Man,
650 542 47 22 and
716 542 42 22 the

101 576 38 24 As
157 577 41 23 the
216 577 205 23 first-mentioned
439 577 109 31 opinion,
567 576 53 23 that
638 576 42 23 the
698 578 99 28 present
809 575 86 23 Welsh
907 582 42 16 are

101 610 41 23 the
156 610 72 24 lineal
240 611 160 23 descendants
414 610 28 24 of
451 611 42 23 the
506 611 97 23 ancient
614 609 100 32 Cymry,
725 610 20 22 is
756 608 148 24 maintained
915 608 34 32 by

101 652 66 15 some
176 644 28 23 of
214 645 40 23 the
266 645 78 23 ablest
355 645 106 23 scholars
471 645 48 22 and
529 644 148 31 antiquaries
688 643 75 24 ofthe
777 643 169 32 Principality,

102 677 11 23 I
127 681 65 20 must
205 678 30 23 be
248 679 129 29 permitted
390 682 26 20 to
428 679 56 30 give
498 679 51 23 that
562 678 105 23 solution
681 678 41 23 the
735 677 149 31 preference.

154 711 53 24 The
229 712 59 30 high
310 712 88 31 degree
416 712 29 23 of
459 712 89 23 mental
565 712 148 23 civilization
726 714 26 21 to
767 711 88 27 which,
870 710 78 24 under

101 745 44 23 the
158 746 148 22 institutions
319 746 29 22 of
358 746 120 27 Bardism,
492 746 41 22 the
546 746 97 22 ancient
656 745 100 23 Britons
769 745 49 23 had
831 745 116 27 attained,

102 786 49 16 was
164 782 43 20 not
219 779 25 23 in
257 787 26 15 so
296 779 103 31 striking
412 787 14 15 a
438 782 107 20 contrast
558 787 25 15 as
595 787 66 15 some
679 779 62 23 have
753 779 124 30 imagined
890 779 58 23 with

101 812 65 23 their
187 813 140 22 contracted
347 813 177 31 acquaintance
542 813 58 23 with
620 813 40 23 the
681 816 49 20 arts
747 812 28 23 of
791 812 50 23 life.
878 812 71 31 They

102 846 185 23 manufactured
300 846 73 27 cloth,
388 846 52 23 first
449 846 27 23 of
486 847 40 22 the
539 846 53 23 hair
604 846 48 23 and
664 846 63 24 wool
741 846 28 23 of
778 846 108 29 animals,
901 846 49 23 and

101 879 143 24 afterwards
256 880 29 23 of
300 880 127 31 vegetable
442 880 61 23 fibre
512 890 5 17 ;
536 881 57 31 they
607 880 50 23 also
670 880 70 23 knew
757 880 54 23 how
824 883 25 20 to
863 880 87 23 bleach

101 913 67 24 linen
179 924 6 17 ;
204 914 40 23 the
257 914 69 23 ashes
339 913 27 23 of
375 914 41 23 the
427 913 60 28 fern,
498 914 121 31 supposed
626 917 26 20 to
662 914 61 23 have
736 914 62 23 been
812 914 137 31 employed,

102 955 42 16 are
156 948 49 23 still
218 948 59 23 used
290 948 32 30 by
335 948 41 23 the
389 948 85 23 Welsh
490 951 129 28 peasantry
638 947 36 24 for
690 948 42 23 the
750 956 66 15 same
834 956 114 22 purpose.

104 981 72 30 They
193 981 50 24 also
260 981 106 24 excelled
381 982 24 22 in
419 982 41 23 the
478 985 38 20 art
532 981 29 24 of
576 982 89 31 dyeing
686 981 94 31 purple,
792 982 95 27 scarlet,
901 982 48 23 and

101 1016 73 22 other
192 1015 102 27 colours,
308 1016 48 22 and
368 1016 126 29 possessed
510 1023 66 16 some
593 1016 110 23 valuable
719 1018 89 20 secrets
826 1015 122 24 unknown

101 1051 27 21 to
140 1049 71 23 other
222 1050 121 25 nations.-)-
374 1048 53 24 The
441 1050 104 29 insignia
559 1049 28 23 of
597 1049 39 23 the
647 1049 171 27 Arch-Druid,
828 1049 40 23 the
879 1050 68 27 tiara,

102 1082 153 31 breastplate,
278 1082 115 30 serpent's
412 1086 75 24 stone,
509 1083 54 27 &c,
581 1083 66 22 show
667 1090 14 15 a
699 1083 142 30 knowledge
863 1082 28 23 of
907 1083 41 22 the

102 1116 110 31 vvorking
239 1115 27 23 of
293 1116 92 22 metals.
433 1116 53 23 The
515 1116 63 31 light
604 1116 69 23 boats
703 1124 28 15 or
756 1116 107 23 coracles
888 1116 60 24 with

102 1149 80 24 which
204 1149 57 32 they
282 1149 129 31 navigated
433 1150 63 22 their
516 1150 75 23 rivers
616 1149 84 24 Cæsar
724 1149 43 23 did
786 1153 44 20 not
853 1150 95 23 disdain

101 1187 27 19 to
152 1183 81 32 adopt.
282 1183 75 23 Their
385 1191 53 15 cars
465 1191 63 15 were
559 1184 108 23 admired
697 1184 33 31 by
757 1183 40 24 the
830 1183 116 29 Romans,

101 1216 74 24 taken
188 1218 51 22 into
252 1225 42 15 use
308 1217 30 32 by
353 1218 93 30 private
464 1225 99 23 persons
579 1217 37 23 for
632 1218 64 23 their
708 1217 127 32 journeys,
850 1218 46 23 and
911 1219 37 22 in-

102 1251 119 23 troduced
238 1251 51 23 into
301 1251 42 22 the
355 1251 84 31 public
455 1259 76 15 races.
567 1251 80 23 There
660 1252 20 22 is
692 1254 84 21 extant
789 1260 14 14 a
816 1252 95 30 picture
924 1251 26 24 of

101 1292 48 16 one
162 1285 27 22 of
204 1285 74 27 them,
291 1283 118 25 sketched
422 1285 32 30 by
466 1293 15 15 a
493 1285 91 23 British
597 1285 74 28 hand,
685 1285 48 23 and
746 1286 122 30 engraved
883 1293 64 23 upon

100 1326 17 15 a
130 1318 90 24 British
233 1319 62 23 coin.
300 1321 10 26 J:
346 1318 54 24 The
413 1326 64 16 mere
494 1319 123 23 existence
630 1319 28 23 of
672 1327 15 15 a
704 1319 104 24 metallic
828 1327 121 23 currency

101 1352 79 23 shows
194 1359 14 16 a
219 1355 61 20 state
294 1352 28 23 of
331 1353 92 30 society
436 1353 78 23 raised
526 1360 61 23 very
599 1352 37 24 far
648 1353 77 23 above
739 1354 142 22 barbarism.
918 1353 30 23 In

101 1385 42 23 the
164 1386 57 23 laws
239 1385 28 24 of
289 1381 137 33 Moelmud,
444 1392 48 17 b.c.
512 1387 60 27 440,
616 1387 87 22 coined
843 1388 20 22 is
881 1395 67 15 men-

102 1419 82 23 tioned
198 1427 25 15 as
236 1427 46 15 one
297 1420 28 22 of
339 1420 41 23 the
398 1420 82 31 things
497 1420 139 31 impossible
648 1423 25 20 to
688 1420 30 24 be
735 1420 133 29 identified,
907 1421 41 23 be-

248 1499 13 13 *
276 1499 22 19 P.
309 1500 34 18 48.
472 1500 14 23 t
500 1500 113 25 Meyrick's
624 1499 116 24 Costumes,
751 1505 19 21 p.
782 1500 18 20 9.

331 1527 12 23 {
359 1526 86 19 Smith's
455 1527 88 19 Ancient
554 1527 87 23 Britain,
652 1533 22 18 p.
686 1527 32 19 29.
