1023 1619
71 115 32 22 86

342 121 53 17 THE
409 122 80 16 KINGS
503 122 33 16 OF
549 121 99 17 WALES.

72 184 24 20 to
117 181 40 23 the
179 188 80 16 crown
282 180 27 24 of
325 181 112 32 England
457 182 36 22 for
512 189 57 15 ever
586 181 40 23 the
649 179 83 23 inland
752 182 66 27 parts
836 177 29 24 of
878 177 35 24 his

72 215 144 22 dominions.
252 214 145 31 Llywelyn's
416 216 68 22 heart
502 215 59 23 sank
581 218 24 19 at
623 214 47 23 this
689 213 42 23 sad
751 220 103 15 reverse.

124 248 49 23 But
195 256 31 15 an
247 249 153 29 unexpected
422 253 72 18 event
515 248 112 30 changed
647 248 41 22 the
710 249 98 20 current
829 246 28 23 of
877 247 36 22 his

72 282 124 30 thoughts,
210 282 48 22 and
271 282 96 23 revived
386 282 37 23 his
440 282 96 23 fondest
555 282 83 30 hopes.
675 281 27 22 In
720 281 63 22 1212
796 288 15 15 a
824 281 89 23 nuncio

71 315 128 31 presented
214 315 98 23 himself
322 315 82 24 before
421 316 138 31 Llywelyn,
573 315 47 22 and
640 315 23 22 in
683 314 41 23 the
743 322 69 15 name
830 314 29 23 of
873 315 40 22 the

72 349 127 30 sovereign
211 349 94 30 pontiff,
320 349 67 31 Pope
401 349 120 23 Innocent
535 348 54 27 III.,
603 348 116 23 absolved
738 348 48 22 him
803 348 59 22 from
877 348 36 22 his

72 382 133 31 allegiance
227 386 25 19 to
274 382 69 32 King
362 383 74 26 John,
459 383 47 22 and
527 390 62 24 gave
611 382 49 22 him
686 382 68 22 strict
776 382 136 27 command,

71 417 77 22 under
161 417 40 22 the
215 416 97 31 penalty
325 416 27 23 of
361 417 247 26 excommunication,
621 419 26 19 to
666 416 86 23 molest
769 416 48 22 and
832 423 81 24 annoy

71 450 40 23 the
131 450 68 31 King
216 450 28 23 of
260 450 120 30 England,
395 451 56 22 with
471 450 32 23 all
523 451 36 22 his
581 450 156 26 endeavours,
757 458 25 14 as
801 458 29 14 an
850 457 62 23 open

71 492 86 23 enemy
172 487 23 20 to
211 484 41 23 the
266 484 99 23 Church
381 484 28 23 of
420 484 82 23 God.*
538 483 128 32 Llywelyn
679 484 79 23 seized
771 484 41 22 the
825 492 87 22 oppor-

70 518 88 30 tunity,
172 518 47 23 and
232 518 23 22 in
274 519 63 22 1213
355 518 64 27 held,
432 518 38 23 for
483 519 41 22 the
542 519 90 22 second
648 519 66 26 time,
729 525 13 15 a
756 518 155 26 convention,

71 552 77 22 which
162 559 48 15 was
223 552 155 30 numerously
392 552 114 22 attended
522 552 32 31 by
567 552 41 22 the
621 552 81 22 native
719 551 83 23 chiefs.
840 551 27 23 In
881 558 31 16 an

70 585 115 31 eloquent
203 585 46 23 and
269 585 161 30 impassioned
446 586 98 22 address
559 585 127 32 Llywelyn
707 585 76 31 urged
802 585 67 23 them
887 588 25 20 to

70 619 77 23 throw
161 619 35 22 off
205 627 15 14 a
232 619 90 30 foreign
338 619 69 31 yoke,
420 620 48 22 and
482 619 121 23 vindicate
617 619 63 22 their
693 619 98 22 ancient
803 619 108 22 liberties

70 653 77 22 under
166 653 40 22 the
228 652 123 23 dominion
371 652 28 23 of
415 653 63 23 their
496 661 51 14 own
569 653 104 30 princes.
709 652 54 22 The
782 652 129 23 chieftains

70 687 134 30 responded
227 690 24 19 to
272 686 37 23 his
330 686 93 31 appeal,
446 687 47 22 and
514 687 39 22 the
574 687 67 30 plans
662 685 27 24 of
701 686 126 31 Llywelyn
849 694 61 15 were

69 720 106 31 adopted
193 720 47 23 and
258 721 93 22 carried
367 721 52 22 into
437 721 127 23 execution
579 721 57 22 with
649 728 14 15 a
675 720 165 31 promptitude
858 720 53 23 that

70 754 106 30 displays
188 754 42 23 the
243 754 131 23 resolution
387 754 28 22 of
425 755 40 22 the
478 762 54 15 man
547 754 47 23 and
607 754 40 23 the
663 762 88 22 savage
767 753 104 31 ferocity
884 753 28 24 of

69 788 42 22 the
132 788 77 22 times.
252 787 48 23 For
321 788 67 22 miles
413 789 46 22 and
481 788 69 23 miles
574 788 41 23 the
637 790 104 27 country
761 788 78 22 round
862 795 47 16 was

69 821 151 23 illuminated
241 823 25 20 at
286 821 70 30 night
376 822 33 30 by
427 822 41 23 the
489 822 82 22 flames
593 821 28 23 of
640 821 84 23 castles
744 822 47 22 and
810 821 100 30 villages

69 855 152 30 throughout
238 855 40 23 the
298 855 76 23 whole
393 855 27 23 of
431 856 42 22 the
492 855 103 31 English
614 855 156 27 settlements,
785 856 124 22 intermin-

69 888 55 30 gled
146 889 57 22 with
223 889 41 22 the
284 889 131 22 territories
434 889 28 22 of
476 889 42 22 the
531 889 84 22 Welsh
634 888 154 23 confederate
807 889 102 29 princes.

70 922 53 23 The
137 930 57 22 rage
207 921 27 24 of
245 922 67 30 King
325 922 74 28 John,
413 922 68 23 when
497 922 40 23 the
551 930 63 15 news
628 922 103 23 reached
746 922 56 28 him,
817 922 92 23 carried

69 956 49 22 him
132 963 67 23 away
211 959 25 19 to
249 963 29 15 an
293 959 39 19 act
344 956 28 22 of
382 956 133 22 barbarous
534 956 46 22 and
600 956 118 30 impolitic
731 956 107 30 reprisal.
876 956 33 24 So

68 997 58 15 soon
140 997 26 14 as
178 989 30 22 he
222 989 102 23 reached
338 990 42 22 the
397 993 62 19 town
479 989 28 23 of
517 989 170 31 Nottingham,
702 990 23 22 in
740 990 40 22 the
796 989 75 23 castle
884 989 28 24 of

68 1023 80 23 which
167 1031 62 14 were
248 1023 57 30 kept
327 1023 40 23 the
381 1022 84 23 Welsh
487 1024 118 30 hostages,
619 1024 172 30 twenty-eight
812 1024 95 30 youths,

68 1064 66 15 some
155 1056 27 23 of
196 1056 85 23 tender
301 1064 54 23 age,
377 1056 133 31 belonging
534 1061 25 18 to
582 1056 40 23 the
647 1061 62 18 most
730 1057 178 30 distinguished

67 1089 103 23 families
183 1090 23 21 in
221 1089 90 27 Wales,
326 1090 39 22 the
382 1089 58 32 king
453 1090 100 23 ordered
567 1090 41 23 the
621 1090 76 23 whole
711 1093 24 20 to
748 1090 30 23 be
792 1091 115 31 instantly

68 1123 104 31 hanged,
188 1123 47 23 and
251 1123 80 23 would
350 1127 43 19 not
411 1123 74 23 break
503 1124 75 22 bread
596 1124 36 22 till
652 1124 39 22 the
710 1124 129 23 execution
860 1132 48 16 was

67 1165 65 15 over.
169 1157 27 22 In
218 1157 40 22 the
279 1157 85 31 height
385 1157 29 22 of
428 1157 94 31 passion
543 1158 30 22 he
591 1158 84 22 vowed
694 1158 138 23 immediate
848 1166 59 15 ven-

67 1198 91 23 geance
178 1191 94 30 against
292 1190 40 23 the
347 1190 81 23 Welsh
440 1200 5 19 ;
465 1191 44 22 but
522 1190 53 31 just
594 1199 26 15 as
638 1191 30 23 he
687 1199 48 15 was
753 1192 99 30 putting
871 1192 36 23 his

67 1224 51 23 foot
137 1225 51 22 into
208 1225 40 21 the
267 1225 97 29 stirrup,
380 1228 24 19 to
426 1228 99 19 execute
545 1225 36 22 his
599 1225 87 27 threat,
701 1225 84 23 letters
802 1226 105 22 reached

67 1258 50 22 him
137 1257 62 23 from
219 1257 112 23 different
352 1261 117 27 quarters,
482 1259 138 29 intimating
642 1259 41 23 the
705 1259 123 23 existence
850 1259 28 23 of
893 1267 14 15 a

66 1291 142 23 formidable
224 1292 149 30 conspiracy,
387 1292 46 22 and
450 1292 53 22 that
521 1292 21 22 if
553 1293 28 22 he
598 1293 126 22 advanced
742 1293 19 22 it
780 1293 79 22 would
877 1293 30 23 be

66 1328 25 20 to
104 1325 129 23 inevitable
246 1325 80 23 death.
364 1326 115 22 Alarmed
496 1328 24 20 at
536 1326 47 22 this
596 1326 161 31 intelligence,
770 1326 67 24 John
851 1327 55 22 sud-

67 1359 72 29 denly
154 1359 133 22 disbanded
299 1359 37 22 his
349 1366 77 23 army,
439 1359 48 22 and
499 1359 115 23 returned
627 1363 25 19 to
665 1359 115 24 London.

117 1392 69 22 With
199 1392 36 22 his
249 1400 51 23 way
310 1392 64 23 clear
386 1392 83 23 before
481 1392 59 28 him,
553 1392 127 32 Llywelyn
691 1402 48 14 was
750 1402 85 15 nearer
848 1394 57 23 than

66 1428 24 19 at
103 1433 47 22 any
168 1426 70 22 other
254 1426 57 22 time
325 1427 23 22 in
362 1426 36 22 his
410 1426 42 23 life
465 1427 40 22 the
525 1427 138 23 realization
676 1427 29 23 of
716 1428 36 22 his
769 1431 69 27 great
852 1428 54 23 idea

66 1458 28 22 of
104 1459 95 31 uniting
207 1459 31 23 all
249 1459 81 23 Wales
340 1460 51 23 into
399 1468 46 15 one
459 1459 80 24 feudal
553 1460 123 30 kingdom,
686 1462 77 23 under
772 1461 98 24 himself
879 1469 26 16 as

323 1533 13 14 *
351 1534 93 20 Powell's
455 1535 97 24 Caradoc,
563 1542 21 18 p.
593 1536 47 20 234.
