1023 1619
139 99 32 24 48

497 109 126 16 BARDISM.

142 167 81 22 whose
245 169 67 21 court
332 167 30 22 he
383 167 95 23 resided
497 167 37 23 for
551 176 14 15 a
588 167 78 23 while.
704 167 53 23 The
778 167 92 22 service
889 166 28 23 of
938 166 48 23 this

144 200 135 23 chivalrous
292 201 89 30 prince,
395 202 149 22 honourable
558 210 25 14 as
596 202 19 22 it
627 210 55 19 was,
696 201 101 23 became
810 200 136 23 distasteful
959 203 27 19 to

143 242 14 14 a
169 234 66 22 mind
248 235 59 26 that,
319 235 126 31 poet-like,
456 236 104 31 yearned
570 235 37 23 for
619 236 140 22 retirement
768 235 47 22 and
824 234 162 31 tranquillity.

142 268 119 22 Aneurim
281 267 42 24 left
341 268 113 23 Arthur's
470 272 69 20 court
558 269 47 23 and
625 269 99 22 became
745 277 29 14 an
793 269 89 22 inmate
902 268 27 22 of
944 268 42 22 the

141 301 92 30 college
250 310 27 14 or
294 305 134 28 monastery
445 302 27 23 of
490 303 86 30 Catwg
594 310 27 15 or
639 302 93 30 Cadog,
746 305 25 20 at
783 302 161 26 Llancarvan,
958 309 28 15 or

142 333 105 25 Llanfei.
296 336 27 23 In
349 336 46 23 this
419 337 127 29 congenial
571 336 85 25 abode,
677 336 47 22 and
746 337 25 20 in
791 336 40 22 the
856 334 130 32 delightful

141 369 92 30 society
247 369 26 23 of
283 369 113 27 Taliesin,
410 370 53 23 who
478 377 45 15 was
536 377 14 15 a
564 369 113 30 frequent
690 369 84 22 visitor
783 372 25 20 at
821 368 165 27 Llancarvan,

143 403 118 22 Aneurim
285 407 70 26 spent
378 404 41 22 the
443 403 137 23 remainder
604 402 28 24 of
650 402 37 23 his
706 403 69 29 days.
818 402 54 23 The
893 402 94 23 mutual

141 437 86 30 regard
246 436 27 24 of
287 432 105 28 Taliesin
410 436 47 23 and
477 436 119 23 Aneurim
614 443 101 23 appears
732 437 23 22 in
771 436 64 23 their
853 436 133 30 writings.*

166 470 37 23 Of
219 471 40 22 the
279 471 70 22 mead
370 471 47 22 and
439 469 28 23 of
483 470 41 22 the
550 471 68 25 horn,
638 470 48 22 and
707 469 28 24 of
752 470 41 22 the
815 470 120 30 assembly
960 469 28 23 of

142 503 132 28 Cattraeth,
286 504 19 27 I,
318 504 127 26 Aneurim,
456 503 48 23 will
514 503 77 23 frame
600 504 65 22 what
678 503 105 23 Taliesin
795 503 90 28 knows,
899 511 15 15 a
926 510 62 24 song

141 537 28 22 of
189 537 178 31 participation,
386 537 79 22 which
487 537 60 22 shall
566 537 29 22 be
616 537 90 22 offered
722 537 34 30 by
771 537 114 23 Gododin
905 537 83 22 before

142 570 40 23 the
195 570 67 23 dawn
277 570 28 23 of
314 571 40 22 the
367 571 46 30 day
426 570 28 23 of
590 570 12 23 I
614 570 70 23 know
693 570 41 23 the
744 570 65 23 fame
819 570 28 23 of
859 571 128 27 Aneurim,

141 604 52 22 that
207 604 136 23 celebrated
356 604 93 30 genius,
463 612 59 15 even
538 604 18 27 I,
572 604 114 27 Taliesin,
697 604 62 22 from
771 605 39 22 the
824 605 77 22 banks
911 604 27 23 of
947 604 41 23 the

140 637 68 23 Lake
431 637 27 23 In
473 638 66 22 these
553 641 73 19 sweet
639 638 117 23 monastic
769 638 86 23 shades
867 638 120 23 Aneurim

143 671 130 31 composed
286 671 37 22 his
335 674 68 27 great
416 679 77 22 poem,
507 672 41 22 the
563 671 123 27 Gododin,
700 672 41 22 the
760 671 94 31 subject
866 671 28 24 of
908 672 79 22 which

142 705 20 21 is
177 705 41 22 the
231 704 76 23 battle
318 700 26 27 of
358 704 133 27 Cattraeth,
511 706 24 21 in
549 705 78 23 which
643 705 40 23 the
697 709 57 26 poet
769 706 47 22 had
834 704 88 32 fought
940 705 48 23 and

141 737 64 23 bled.
241 738 11 22 I
262 738 95 31 subjoin
368 746 13 14 a
392 738 141 22 translation
546 738 28 23 of
583 739 41 23 the
638 739 106 30 opening
756 739 70 29 lines,
839 740 72 23 taken
925 739 63 23 from

141 771 40 23 the
218 771 131 23 Cambrian
362 771 100 23 Wreath
472 780 6 14 :
504 786 34 5 —

335 821 30 20 Of
373 828 57 19 years
439 822 78 25 though
527 822 58 23 brief,
596 823 35 18 the
641 823 93 24 youthful
745 824 54 17 chief

332 849 50 18 Was
393 849 73 18 nerved
476 849 40 19 and
526 849 68 19 armed
604 850 31 18 for
644 851 69 23 manly
723 850 50 19 deed
782 858 5 15 ;

334 875 47 20 And
390 876 33 19 for
432 875 35 19 the
476 876 55 23 field,
542 876 31 19 his
583 876 63 19 broad
655 877 52 25 light
717 877 65 19 shield

334 902 64 26 Hung
408 908 26 13 on
445 902 31 19 his
487 903 78 19 slender
575 903 141 20 thick-maned
726 904 61 19 steed.

334 930 33 18 Oh
378 930 5 18 !
400 930 25 18 he
436 936 40 12 was
487 930 89 24 graceful
586 933 21 16 to
617 930 81 23 behold,

331 957 58 18 With
400 957 69 24 bright
478 957 48 18 blue
537 957 64 19 sword
611 957 39 19 and
660 963 59 20 spurs
730 957 23 19 of
760 957 53 26 gold,

332 984 19 18 A
360 983 101 25 princely,
472 990 45 18 gay,
531 985 38 17 and
580 985 90 18 ermined
680 985 57 24 garb,

334 1011 33 18 An
378 1010 62 19 ashen
451 1017 58 18 spear
518 1011 48 18 with
577 1012 56 23 point
644 1012 38 17 and
693 1012 56 18 barb.

333 1036 41 20 'Tis
384 1039 36 17 not
429 1037 32 19 for
470 1044 32 12 me
512 1040 21 16 to
543 1044 51 18 envy
604 1038 52 22 thee,

334 1064 17 18 A
362 1063 79 23 kinder,
453 1064 70 19 nobler
533 1067 45 22 part
588 1065 24 18 be
622 1065 55 19 mine
679 1075 25 3 —

333 1090 29 19 To
372 1090 44 25 sing
426 1090 36 25 thy
472 1091 72 25 praise,
555 1091 33 19 for
596 1091 54 19 brief
658 1092 36 25 thy
704 1091 56 26 days,

333 1117 53 19 Soon
397 1117 67 19 closed
473 1117 44 19 that
528 1117 67 26 bright
605 1124 68 13 career
682 1118 22 19 of
710 1118 64 20 thine.

333 1144 33 18 Ah
376 1145 3 17 !
397 1150 72 12 sooner
478 1151 67 12 comes
555 1145 37 24 thy
602 1145 76 25 bloody
687 1145 44 19 bier

331 1171 59 18 Than
400 1171 78 25 nuptial
488 1171 44 25 day,
544 1178 22 12 or
577 1172 58 18 festal
645 1173 65 18 cheer.

332 1198 34 19 On
376 1198 52 21 thee,
440 1204 27 13 on
477 1199 45 18 thee
528 1213 4 7 ,
544 1199 51 18 shall
605 1206 72 12 ravens
688 1199 44 19 feed

333 1224 41 20 Ere
384 1224 50 20 thou
445 1225 79 19 achieve
534 1225 33 19 the
577 1226 68 18 hero's
655 1226 54 18 deed.

331 1251 65 19 Brave
407 1251 83 20 Owen's
502 1252 48 19 dear
559 1253 39 18 and
608 1253 77 25 gallant
694 1253 73 23 friend,

331 1278 43 19 The
384 1278 60 19 fierce
453 1279 115 25 prey-birds
578 1279 37 26 thy
626 1280 55 19 steed
693 1280 52 20 shall
754 1280 56 24 lend,

334 1305 39 19 His
384 1305 63 19 bones
457 1306 59 18 alone
526 1306 76 19 remain
613 1310 21 15 to
644 1307 37 18 tell

331 1332 64 19 What
405 1334 45 22 spot
461 1333 33 19 the
505 1339 37 12 son
551 1333 23 19 of
583 1333 72 20 Marco

192 1379 121 23 Aneurim
334 1380 55 23 died
411 1381 23 22 in
457 1381 41 23 the
517 1388 64 17 same
603 1389 57 23 year
683 1390 26 15 as
732 1382 116 28 Taliesin,
870 1383 58 28 570,
948 1383 44 23 but

141 1412 47 23 had
210 1416 43 19 not
273 1421 27 15 so
321 1414 113 29 peaceful
455 1422 29 15 an
504 1415 55 23 end.
598 1415 40 23 He
651 1424 48 14 was
713 1416 131 23 murdered
857 1417 31 31 by
902 1425 14 15 a
929 1417 63 23 blow

141 1444 60 23 from
218 1454 28 14 an
260 1454 45 16 axe
325 1448 32 31 by
376 1447 81 32 Eidyn
477 1456 42 15 son
539 1448 27 23 of
582 1449 114 32 Einygan
709 1459 5 18 ;
736 1457 13 15 a
764 1450 73 23 crime
851 1450 141 32 deservedly

409 1518 12 14 *
438 1519 70 19 Camb.
520 1520 50 19 Brit.
581 1521 40 18 vol.
632 1521 12 18 i.
655 1527 20 18 p.
688 1521 24 19 93.
