1023 1619
70 110 46 22 132

316 117 133 17 MONASTIC
464 117 195 17 INSTITUTIONS.

68 176 23 22 in
111 176 95 23 honour
224 175 27 24 of
259 176 41 23 the
312 177 62 22 saint
383 187 5 18 ;
405 180 24 19 to
443 177 75 28 mark,
533 177 110 30 perhaps,
658 175 41 23 the
715 176 54 29 spot
782 172 80 22 where
875 172 37 22 his

68 216 84 24 corpse
170 210 80 22 rested
268 217 31 15 on
317 210 29 22 its
360 210 106 31 journey
485 215 25 18 to
530 210 36 23 St.
587 208 126 24 David's.*

119 243 89 28 Wales,
225 246 43 20 not
290 251 59 23 poor
367 244 24 22 in
412 244 154 31 hermitages,
588 243 19 23 is
628 250 58 23 very
708 241 50 23 rich
781 239 23 23 in
827 239 85 23 sacred

68 277 102 30 springs,
191 277 136 31 possessing
346 277 129 23 medicinal
493 278 90 21 virtues
601 277 48 22 less
668 275 87 23 valued
775 274 57 23 than
853 273 59 31 they

68 310 99 22 deserve
185 313 24 20 to
224 310 38 23 be.
297 310 70 23 With
385 311 87 23 almost
489 310 31 23 all
538 310 29 23 of
583 310 66 22 these
668 308 122 24 fountains
809 307 19 23 is
847 315 64 16 asso-

69 343 77 24 ciated
173 344 41 22 the
240 352 69 15 name
334 344 47 23 and
407 352 108 23 memory
541 343 29 23 of
591 351 66 15 some
685 343 58 30 holy
766 348 95 24 person,
886 344 25 21 to

68 377 80 24 whose
168 386 98 23 prayers
284 378 62 22 their
367 377 107 32 salutary
494 377 134 32 properties
647 384 41 15 are
704 376 119 23 ascribed.
861 374 51 24 Nor

69 411 87 23 should
175 411 46 23 this
235 411 29 23 be
278 411 57 23 with
348 420 29 14 us
389 419 15 15 a
417 411 68 31 thing
504 410 132 24 incredible
646 420 5 17 ;
671 418 35 15 we
720 409 64 28 read,
799 409 24 22 in
836 409 74 28 John,

68 453 22 15 v.
103 446 58 26 2-4,
175 445 53 23 that
271 445 67 23 there
356 453 48 15 was
417 448 24 20 at
453 444 144 28 Jerusalem,
611 445 33 30 by
660 444 42 24 the
721 442 190 32 sheep-market,

69 486 14 15 a
99 479 66 30 pool,
185 479 77 23 which
284 480 20 22 is
325 479 77 23 called
427 479 23 22 in
475 479 41 23 the
535 478 108 24 Hebrew
668 481 91 28 tongue
782 476 128 28 Bethesda,

69 513 46 22 and
130 513 54 23 that
202 520 29 16 an
251 513 70 31 angel
340 515 63 21 went
420 513 70 23 down
510 515 24 21 at
553 520 14 16 a
586 512 90 24 certain
696 519 86 16 season
800 511 52 23 into
870 511 41 22 the

68 546 65 31 pool,
146 547 47 22 and
207 547 111 22 troubled
332 547 41 22 the
386 551 89 18 water:
500 546 140 23 whosoever
656 546 56 23 then
731 545 52 23 first
796 544 62 24 after
870 544 41 23 the

69 580 123 31 troubling
202 580 29 23 of
240 580 41 23 the
294 584 74 19 water
381 580 99 31 stepped
494 580 33 28 in,
537 588 48 15 was
599 580 69 23 made
682 579 77 24 whole
769 578 28 24 of
808 579 102 23 whatso-

69 621 56 15 ever
135 614 91 23 disease
240 614 28 22 he
384 614 66 23 Here
463 622 14 14 a
490 614 131 31 particular
634 614 79 22 virtue
724 614 19 22 is
753 612 119 32 imparted
886 614 25 21 to

69 647 40 23 the
123 651 73 19 water
207 648 33 31 by
254 656 14 14 a
279 647 168 31 supernatural
461 655 79 15 cause.
575 647 21 23 A
607 647 64 31 plain
683 655 54 14 man
749 647 100 30 reading
864 646 46 23 this

68 685 104 19 account
192 681 24 23 in
236 681 40 23 the
297 681 79 28 Bible,
393 681 47 23 and
460 681 73 31 being
554 681 49 23 told
626 681 52 23 that
702 688 14 15 a
740 680 91 23 certain
856 680 53 22 well

69 715 67 23 owed
149 715 30 23 its
192 715 95 31 healing
305 723 93 23 powers
411 719 25 19 to
448 714 41 24 the
507 723 99 23 prayers
619 714 29 24 of
662 722 66 15 some
744 714 57 31 holy
814 721 55 15 man
883 721 28 15 or

69 757 102 19 woman,
185 748 87 27 would,
287 748 113 31 knowing
445 749 51 22 that
514 749 41 23 the
574 748 112 24 effectual
706 747 95 24 fervent
821 755 90 23 prayer

70 781 28 24 of
114 782 41 23 the
172 782 124 31 righteous
317 782 105 23 availeth
563 783 31 23 be
616 782 119 30 disposed,
754 781 12 23 I
786 781 78 27 think,
885 785 24 19 to

69 816 77 23 credit
159 816 39 23 the
212 818 135 26 statement,
361 816 80 23 rather
459 816 57 23 than
536 818 51 21 not.
624 815 133 23 Whatever
770 816 19 22 is
801 818 45 28 put
861 814 48 24 for-

69 850 65 23 ward
156 857 25 16 as
202 857 15 16 a
237 850 98 23 miracle
355 849 116 24 demands
490 850 64 30 rigid
575 849 171 30 investigation
758 859 5 17 ;
788 849 42 23 the
848 849 66 23 Jews

70 883 116 23 searched
206 884 51 22 into
276 884 41 22 the
335 884 66 22 truth
416 883 28 23 of
460 883 40 23 the
514 883 98 23 miracle
632 883 114 30 wrought
759 883 34 31 by
810 890 46 15 our
870 883 45 23 Sa-

71 917 70 23 viour
152 924 30 16 on
196 917 41 23 the
250 917 67 23 blind
329 919 82 26 man,t
426 917 46 23 and
486 924 41 16 are
540 920 43 20 not
600 917 120 23 censured
732 915 39 25 for
783 923 26 16 so
823 916 75 31 doing
909 925 5 15 :

73 951 44 22 but
130 950 21 23 if
164 951 41 22 the
218 951 170 31 investigation
409 951 74 30 being
496 958 65 20 over,
575 951 41 22 the
634 950 50 23 fact
700 951 82 22 stands
796 957 25 16 as
835 951 18 22 it
866 951 48 26 did,

71 992 25 15 as
110 984 161 30 inexplicable
285 992 29 15 on
329 984 94 22 natural
442 984 130 31 principles
585 992 25 15 as
623 984 84 23 before
716 994 5 17 ;
748 984 22 22 in
790 984 52 22 that
861 991 54 16 case

74 1017 11 23 I
99 1017 69 23 think
182 1018 19 22 it
212 1026 67 14 more
296 1018 24 22 in
339 1017 150 23 accordance
506 1018 59 22 with
580 1018 41 22 the
643 1017 105 31 analogy
765 1017 28 23 of
810 1017 61 22 faith
892 1021 24 19 to

71 1051 75 23 admit
159 1059 14 14 a
185 1051 98 23 miracle
295 1051 57 23 than
362 1054 25 19 to
400 1050 74 32 reject
484 1060 5 14 :
511 1051 66 23 there
590 1052 20 21 is
626 1059 30 15 no
670 1051 68 22 harm
748 1051 24 22 in
783 1050 131 32 believing,

70 1084 68 23 there
152 1085 18 21 is
184 1092 30 14 no
228 1084 34 22 sin
277 1084 24 22 in
314 1083 167 32 disbelieving.

121 1116 47 24 Let
178 1125 27 15 us
215 1125 54 14 now
279 1121 55 19 turn
345 1125 44 15 our
399 1122 63 27 steps
473 1117 104 23 towards
590 1117 67 24 these
670 1117 84 24 sacred
765 1121 94 20 waters.
885 1117 29 24 In

71 1152 40 22 the
132 1150 54 23 fifth
208 1155 101 27 century
328 1151 67 22 there
413 1150 65 23 lived
496 1159 15 14 a
527 1151 58 32 holy
601 1151 103 28 maiden,
726 1151 35 24 St.
781 1151 89 32 Keyna
889 1159 27 16 or

72 1185 82 23 Ceneu
166 1194 5 17 ;
185 1184 48 23 and
245 1188 42 19 not
299 1184 93 31 finding
405 1192 45 22 any
466 1185 98 30 solitary
577 1184 70 31 place
660 1188 25 20 to
698 1185 45 23 her
754 1185 68 23 mind
835 1186 24 22 in
873 1185 43 24 her

72 1226 52 15 own
146 1221 113 28 country,
281 1218 42 22 she
343 1218 150 23 determined
511 1221 25 19 to
556 1218 76 23 travel
649 1219 41 23 the
708 1219 75 23 world
803 1227 58 15 over
880 1219 35 23 till

71 1253 42 22 she
137 1251 141 24 discovered
299 1259 54 19 one,
372 1251 78 23 which
475 1254 25 20 at
518 1251 46 24 last
585 1252 42 22 she
649 1252 41 23 did
712 1255 25 21 at
763 1252 151 32 Keynsham,

74 1285 193 24 Somersetshire.
304 1284 105 31 Nobody
423 1285 49 22 had
490 1293 56 15 ever
564 1285 72 28 lived,
655 1293 27 15 or
701 1286 72 23 could
793 1294 56 16 ever
867 1287 47 23 live

72 1319 77 28 there,
163 1326 27 16 so
202 1318 99 23 infested
316 1326 46 14 was
375 1318 18 23 it
403 1318 57 23 with
478 1318 87 23 snakes
582 1319 46 23 and
642 1320 86 30 vipers.
767 1319 35 24 St.
817 1320 97 30 Keyna,

73 1353 118 27 however,
206 1352 87 23 turned
306 1352 66 22 these
384 1354 108 28 serpents
505 1353 51 22 into
569 1358 87 23 stones,
671 1354 48 22 and
732 1354 67 22 these
819 1354 95 23 ossified

73 1387 85 23 snakes
176 1394 39 15 are
229 1389 23 20 to
265 1386 30 23 be
308 1393 55 15 seen
381 1386 23 21 in
419 1385 40 23 the
478 1386 79 30 parish
576 1389 25 20 to
620 1387 47 22 this
686 1387 56 30 day.
746 1387 14 32 J
824 1387 36 32 By
875 1387 40 23 the

160 1463 11 16 *
187 1463 88 22 Hoare's
285 1463 101 23 Giraldus,
398 1463 40 19 vol.
449 1463 13 19 i.
473 1470 21 19 p.
508 1464 46 20 198.

344 1490 12 26 J
371 1490 71 20 Rees's
453 1490 73 27 Essay,
538 1497 21 21 p.
572 1491 45 22 154.

697 1465 14 24 f
725 1465 63 24 John,
799 1465 28 22 ix,
