1023 1619
885 89 32 22 45

433 96 124 15 BARDISM.

265 152 86 25 Though
361 152 55 19 weak
427 153 39 19 and
477 153 77 25 fragile,
566 159 45 13 now
622 153 41 20 I'm
673 153 64 21 found

265 178 58 19 With
333 179 90 26 foaming
433 180 81 19 ocean's
524 186 63 13 waves
597 181 86 22 around,

267 205 25 19 In
302 207 140 18 retribution's
453 207 51 18 hour
515 207 35 19 I'll
560 207 25 19 be

263 233 65 18 Three
338 233 93 19 hundred
441 234 95 18 salmons'
548 234 65 19 worth
624 236 21 17 to
656 234 51 20 thee.

269 260 18 18 O
299 260 76 24 Elphin
383 262 4 17 !
404 261 70 23 prince
484 261 23 18 of
514 262 73 17 talents
597 268 51 16 rare,

267 286 39 26 My
316 290 82 22 capture
409 288 85 18 without
504 295 61 17 anger
574 288 48 18 bear
630 295 5 16 ;

265 313 86 26 Though
361 314 38 19 low
409 315 70 18 within
491 322 34 17 my
534 317 34 17 net
578 315 9 19 I
599 317 48 21 rest,

266 340 38 26 My
314 344 75 22 tongue
399 342 49 18 with
458 342 62 25 gifted
530 348 66 19 power
606 343 17 18 is
632 342 53 19 blest
695 349 3 15 ;

267 367 27 20 So
304 368 48 25 long
362 375 20 12 as
394 368 9 19 I
415 372 22 15 to
448 369 46 19 thee
504 375 32 12 am
547 375 48 13 near

266 395 60 18 Thou
336 401 61 13 never
406 395 42 19 wilt
458 396 50 18 have
519 402 58 12 cause
587 399 21 15 to
618 395 42 19 fear
668 403 5 14 ;

267 422 53 18 Bear
330 422 51 19 thou
391 422 34 19 the
436 422 75 23 Trjune
522 422 46 19 God
578 423 20 18 in
609 422 64 23 mind,

266 449 49 18 And
324 449 41 18 fear
375 455 27 13 no
412 450 77 23 earthly
499 450 32 18 foe
542 452 21 16 to

125 505 115 23 Another
253 513 71 24 poem
338 510 69 18 turns
420 514 30 14 on
464 506 42 23 the
519 505 195 31 transmigration
729 505 28 23 of
766 505 78 28 souls;
863 506 54 27 and,

72 538 110 23 whether
201 539 129 23 Taliesin's
352 547 27 14 or
398 540 33 29 by
450 548 14 14 a
482 539 61 23 later
559 539 74 28 hand,
652 539 77 22 shows
749 539 53 22 how
819 539 98 30 vividly,

72 579 60 15 even
144 573 23 21 in
182 572 122 23 Christian
319 581 64 22 ages,
395 573 66 22 these
475 573 66 22 ideas
552 580 62 15 were
628 576 97 27 present
738 577 24 17 to
775 572 41 22 the
830 572 87 23 Bardic

72 605 76 23 mind.
187 605 39 24 Sir
245 606 65 23 John
332 601 71 28 Price
429 614 152 23 pronounces
607 607 17 21 it
649 610 25 19 to
700 606 29 22 be
751 605 166 32 undoubtedly

72 639 94 23 written
181 640 32 30 by
227 639 115 23 Taliesin.
380 639 52 23 The
446 648 72 22 poem
530 641 20 21 is
563 639 79 24 called
684 639 84 23 Hanes

71 673 41 22 the
158 673 103 31 History
279 673 29 23 of
489 673 52 23 The
560 673 125 31 following
704 676 94 20 extract
816 673 19 23 is
854 672 63 23 from

71 706 41 24 the
126 715 46 22 pen
187 706 28 24 of
225 707 40 23 the
279 707 47 24 late
341 707 95 24 Doctor
449 707 77 24 Owen
542 707 71 30 Pugh
625 710 27 25 :j
657 720 31 3 —

298 764 4 7 '
307 763 3 8 '
321 761 92 25 Primary
424 761 54 19 chief
486 761 55 19 Bard

320 791 39 17 Am
371 788 9 19 I
392 791 21 16 to
425 788 83 26 Elphin,

320 816 48 18 And
378 822 34 19 my
422 815 86 25 original
519 817 86 23 country

321 842 22 20 Is
353 843 35 19 the
398 842 69 25 region
477 842 23 19 of
508 842 34 19 the
553 847 89 13 summer
652 844 58 16 stars.

320 869 106 19 Johannes
436 869 34 19 the
481 869 85 19 Diviner

320 897 71 19 Called
402 903 31 12 me
444 896 103 19 Merddin.

320 924 29 18 At
359 924 71 24 length
440 930 58 18 every
508 923 50 24 king

320 951 50 17 Will
381 951 39 17 call
430 958 31 10 me
470 951 95 17 Taliesin.

322 978 9 18 I
342 984 40 12 was
392 978 49 18 with
452 984 33 18 my
496 977 56 19 Lord

321 1005 26 19 In
357 1005 34 19 the
402 1005 80 25 highest
491 1004 78 26 sphere,

321 1032 34 17 On
365 1032 34 17 the
409 1032 35 17 fall
455 1031 23 18 of
486 1031 82 18 Lucifer

321 1059 48 19 Into
379 1059 35 19 the
424 1058 62 26 depth
497 1058 22 19 of
526 1057 47 20 hell.

321 1086 10 18 I
342 1087 49 17 have
401 1086 63 18 borne
475 1092 11 12 a
495 1085 78 19 banner

320 1113 73 18 Before
404 1112 120 19 Alexander.

321 1140 10 19 I
342 1141 61 18 know
413 1140 34 19 the
457 1145 69 13 names
537 1139 23 19 of
568 1139 33 18 the
612 1140 50 17 stars

320 1168 72 18 Ofthe
403 1168 68 18 North
482 1167 40 18 and
532 1167 34 18 the
578 1165 71 19 South.

320 1195 11 19 I
342 1195 50 18 have
402 1195 51 18 been
463 1201 26 11 on
500 1194 34 18 the
544 1193 72 24 galaxy

321 1223 27 17 At
359 1222 34 18 the
404 1222 72 18 throne
486 1221 23 18 of
517 1221 34 18 the
562 1219 124 20 distributor.

321 1249 10 18 I
342 1255 40 12 was
393 1250 21 17 in
425 1248 83 19 Canaan

320 1276 68 17 When
398 1275 98 18 Absalom
507 1280 40 13 was
558 1273 56 19 slain.

321 1303 10 19 I
342 1302 102 25 conveyed
454 1302 34 18 the
499 1301 74 19 Divine
585 1300 62 24 Spirit

320 1330 31 17 To
361 1330 36 17 the
406 1329 51 18 level
467 1328 23 19 of
497 1328 35 18 the
541 1328 44 17 vale
596 1327 22 18 of
627 1325 90 19 Hebron.

321 1356 10 19 I
342 1363 40 12 was
392 1356 21 19 in
421 1356 34 18 the
465 1357 59 17 court
533 1354 23 18 of
564 1354 47 18 Don

323 1383 70 18 Before
403 1383 33 18 the
447 1382 55 19 birth
512 1382 23 18 of
543 1381 92 18 Gwdion.

321 1410 10 19 I
341 1416 40 12 was
391 1410 110 18 instructor

321 1437 30 17 To
363 1437 33 17 Eli
406 1436 39 18 and
456 1436 64 18 Enoc.

641 1496 14 23 t
670 1494 52 21 Ibid.
731 1502 20 17 p.
763 1494 44 21 187.

183 1502 13 13 *
212 1500 108 25 Stephens,
331 1505 21 20 p.
365 1499 46 18 181.
