1023 1619
919 88 32 22 39

468 95 126 15 BARDISM.

108 150 94 32 Carreg
221 151 46 23 tair
280 151 80 24 Groes
373 151 55 31 (the
444 152 75 23 Stone
536 152 29 24 of
580 153 41 23 the
640 152 80 24 Three
739 151 122 33 Crosses).
899 153 54 24 The

107 192 73 15 azure
193 193 27 14 or
234 185 114 31 sky-blue
362 186 59 23 cowl
435 186 53 23 that
500 186 177 31 distinguished
688 188 41 22 the
743 188 64 22 Bard
821 188 132 22 continued

107 221 25 20 to
152 217 29 24 be
202 227 64 14 worn
287 219 31 30 by
337 219 41 23 the
396 220 82 29 priest,
500 220 47 22 and
570 227 47 15 was
638 220 139 23 afterwards
796 221 105 30 adopted
920 222 33 31 by

107 251 42 24 the
174 252 92 28 monks,
269 266 33 4 —
309 253 41 23 the
375 253 141 31 Capuchins
538 254 61 23 have
618 254 19 22 it
658 261 63 16 now.
764 254 97 23 Several
880 259 73 19 terms

107 293 63 16 were
196 286 127 24 borrowed
347 286 62 24 from
434 288 40 22 the
500 287 89 23 Bardic
615 290 23 20 to
660 295 96 23 express
779 289 64 22 ideas
867 288 23 23 in
914 289 39 23 the

108 319 123 24 Christian
246 321 115 31 theology
371 329 5 14 :
390 321 63 27 thus,
638 321 79 23 which
731 322 127 31 originally
872 326 81 19 meant

108 353 41 23 the
163 353 130 32 delightful
307 355 154 22 renovations
475 354 27 23 of
511 355 112 30 eternity,
638 362 48 15 was
704 355 68 22 made
791 360 25 18 to
833 356 70 22 stand
916 355 37 24 for

435 389 41 22 the
494 392 61 19 state
574 387 28 24 of
618 388 154 30 reprobation
793 389 23 22 in
836 389 40 23 the
895 389 58 24 doc-

108 420 64 24 trine
193 421 28 23 of
243 423 205 30 transmigration,
471 422 47 23 and
724 422 41 23 the
789 426 51 19 seat
864 422 28 23 of
913 424 40 22 the

108 454 84 24 lowest
205 455 130 27 existence,
350 464 62 15 were
424 456 58 23 both
502 456 76 23 under
595 456 40 23 the
652 455 120 23 Christian
789 459 90 27 system
897 457 56 23 used

108 487 39 24 for
294 489 47 23 and
545 490 41 23 the
610 489 117 31 principle
748 489 28 24 of
795 490 158 27 destruction,

108 522 113 30 signified

162 556 113 23 Between
296 556 110 24 Bardism
425 557 47 23 and
493 556 158 32 Christianity
670 557 67 23 these
757 559 61 20 most
837 557 116 23 amicable

109 589 113 23 relations
236 591 131 22 continued
381 591 160 22 undisturbed
560 594 24 19 to
601 591 41 22 the
660 591 132 30 beginning
805 590 27 23 of
847 591 40 22 the
900 590 53 23 fifth

108 627 111 27 century,
235 624 67 22 when
318 632 28 15 an
366 624 168 23 unsuccessful
549 628 102 27 attempt
668 628 24 19 to
710 632 80 22 merge
808 625 40 22 the
862 624 92 31 Gospel

108 657 23 22 in
147 657 120 28 Bardism,
281 658 48 22 and
342 658 56 31 give
411 658 40 22 the
463 658 143 23 home-born
618 666 14 14 a
645 658 100 23 decided
757 658 197 30 preponderance

108 698 60 15 over
180 691 40 22 the
235 691 94 31 foreign
345 691 67 27 faith,
427 691 111 32 changed
555 692 40 22 the
612 691 53 23 face
683 691 28 23 of
726 692 89 31 things.
853 691 38 23 To
908 699 45 15 one

108 724 78 32 gifted
206 733 55 14 man
280 725 103 31 belongs
402 725 41 23 the
461 725 71 32 glory
550 733 27 15 or
595 726 41 22 the
654 725 90 23 shame.
782 725 40 23 On
840 725 40 22 the
897 725 56 23 13th

108 757 29 24 of
148 757 148 29 November,
311 759 57 26 354,
383 767 47 14 was
441 759 59 23 born
516 759 35 23 St.
566 759 145 31 Augustine,
723 759 86 30 bishop
822 758 28 23 of
861 758 92 32 Hippo,

108 792 42 22 the
163 796 69 26 great
245 793 128 30 champion
393 792 28 23 of
436 793 137 30 orthodoxy
583 802 5 17 ;
604 792 47 23 and
670 801 30 14 on
719 793 40 22 the
778 800 64 15 same
862 793 54 30 day,
930 793 23 22 in

109 826 42 22 the
163 834 66 14 same
242 834 65 22 year,
322 827 35 22 his
371 826 97 30 equally
482 826 54 23 able
554 827 45 22 but
615 826 45 23 less
677 826 121 23 fortunate
817 827 138 29 antagonist

110 867 48 15 was
178 860 102 22 ushered
300 861 50 22 into
369 860 40 23 the
428 860 83 27 world,
525 860 115 30 Morgan,
653 867 27 15 or
698 860 119 29 Pelagius,
831 867 15 15 a
862 860 91 29 eupho-

110 893 70 23 nious
206 894 141 23 translation
367 893 28 24 of
411 894 40 22 the
471 893 83 23 Welsh
572 901 77 20 name,
670 894 77 23 which
765 901 82 15 means

111 926 36 23 As
161 926 12 23 I
186 927 61 23 shall
260 927 60 23 have
336 931 23 19 to
372 927 73 30 speak
458 927 28 23 of
494 927 114 30 Pelagius
621 928 70 29 again
706 928 23 22 in
743 928 136 22 connexion
897 927 57 23 with

109 961 42 22 the
165 961 99 22 Church
280 961 22 22 in
318 961 88 27 Wales,
421 961 11 22 I
446 961 59 22 shall
520 961 56 31 only
589 968 40 23 say
644 961 66 28 here,
722 961 53 22 that
787 961 29 22 he
831 961 123 22 advanced

109 1001 26 15 as
147 1002 15 14 a
175 994 107 23 cardinal
296 994 118 31 principle
428 994 39 23 the
485 994 88 23 Bardic
590 994 97 31 dogma,
725 994 52 23 that
793 994 24 22 in
834 994 41 22 the
893 997 61 20 state

109 1028 28 22 of
155 1028 127 31 humanity
303 1028 64 32 good
389 1028 49 23 and
458 1028 47 23 evil
529 1036 41 15 are
594 1036 27 14 so
642 1028 96 31 equally
760 1028 118 23 balanced
903 1028 52 22 that

108 1061 90 31 liberty
217 1062 68 23 takes
304 1062 91 31 places,
413 1062 48 23 and
475 1061 41 24 the
539 1061 49 23 will
611 1061 20 23 is
655 1061 50 24 free
715 1072 5 16 ;
745 1062 97 23 whence
864 1069 14 15 a
898 1069 55 15 man

108 1096 115 23 becomes
244 1096 161 23 accountable
430 1095 38 23 for
492 1095 35 23 his
552 1096 101 27 actions,
678 1096 90 31 having
792 1103 14 15 a
829 1103 82 23 power
930 1094 27 24 of

108 1129 127 31 attaching
254 1129 99 23 himself
367 1130 78 23 either
464 1133 25 20 to
507 1129 41 23 the
566 1129 65 31 good
649 1137 28 15 or
694 1129 55 27 evil,
767 1137 26 15 as
811 1129 30 23 he
860 1137 54 23 may
928 1137 27 15 or

108 1171 56 22 may
187 1168 42 18 not
253 1164 96 30 subject
370 1164 37 22 his
428 1163 160 31 propensities
607 1166 25 20 to
653 1163 42 23 the
714 1163 94 23 control
826 1162 29 23 of
870 1170 85 15 reason

108 1198 48 23 and
171 1198 208 30 unsophisticated
511 1200 14 25 f
561 1197 38 30 By
617 1197 47 22 this
680 1197 87 29 theory
787 1196 114 30 Pelagius
920 1197 35 21 in-

108 1232 121 29 terpreted
252 1232 40 22 the
312 1231 99 31 Gospel.
450 1230 40 24 He
509 1231 88 31 taught
616 1231 22 22 in
655 1231 42 22 the
710 1230 138 23 celebrated
862 1237 93 15 monas-

108 1268 53 28 tery
173 1265 27 22 of
210 1265 203 31 Bangor-Iscoed,
424 1265 24 22 in
460 1265 79 22 which
550 1265 29 22 he
593 1265 48 22 had
650 1265 62 22 been
724 1264 100 26 trained,
836 1263 46 23 and
895 1270 60 16 soon

108 1298 95 23 formed
224 1306 13 14 a
256 1298 82 23 school
357 1298 29 23 of
400 1298 124 28 admirers,
540 1298 23 22 in
583 1298 80 22 which
682 1305 62 15 were
762 1297 132 23 numbered
914 1298 41 22 the

109 1331 186 24 best-informed
314 1332 47 22 and
381 1336 63 18 most
461 1331 134 23 influential
615 1331 27 22 of
657 1331 42 22 the
716 1331 91 30 clergy,
821 1331 54 22 who
892 1339 62 15 were

109 1365 98 31 already
230 1365 115 23 attached
369 1369 25 19 to
419 1365 40 23 the
483 1365 131 31 principles
635 1364 28 23 of
682 1364 117 22 Bardism.
841 1364 112 31 Pelagius

109 1403 65 20 went
192 1399 92 23 abroad
307 1399 75 23 about
400 1399 59 27 400,
478 1399 49 23 and
545 1406 74 15 never
637 1398 121 23 returned.
795 1397 46 23 His
862 1398 91 27 school,

109 1434 122 26 however,
246 1433 58 30 kept
323 1441 32 22 up
373 1432 30 23 its
423 1432 113 23 numbers
555 1432 47 23 and
621 1432 30 23 its
669 1431 131 32 authority,
814 1432 46 23 and
879 1432 75 24 about

192 1507 14 13 *
220 1506 122 20 Williams's
353 1506 83 26 Cymry,
448 1513 19 19 p.
480 1506 44 21 174.

635 1506 14 24 t
664 1506 51 20 Ibid.
726 1513 22 18 p.
760 1506 45 24 101,
816 1508 53 18 note.
