1023 1619
82 101 48 22 104

359 109 53 16 THE
425 109 90 16 WELSH
530 108 115 17 CHURCH.

83 167 97 23 learned
199 175 62 20 men,
276 168 87 30 chiefly
376 169 62 22 from
458 169 40 23 the
517 171 139 26 monastery
675 164 29 25 of
721 164 204 32 Bangor-Iscoed.

83 200 39 24 On
145 202 63 22 their
227 209 51 23 way
298 205 24 19 to
341 202 40 23 the
398 202 69 31 place
488 202 27 23 of
531 202 115 29 meeting,
667 200 40 22 the
729 198 91 23 British
841 198 84 32 clergy

83 235 138 30 bethought
237 235 144 23 themselves
397 240 24 19 to
440 235 94 24 consult
552 244 15 14 a
585 234 92 24 certain
691 233 56 30 holy
761 232 46 23 and
820 232 107 31 prudent

83 268 123 23 anchorite
226 268 63 23 what
308 268 56 31 they
379 269 46 23 had
443 270 54 22 best
514 269 38 22 do.
590 268 40 23 He
646 266 132 26 answered,
817 265 25 24 If
853 266 29 23 he
895 266 31 23 be

83 309 14 15 a
110 309 55 15 man
178 302 28 22 of
214 302 64 27 God,
289 302 81 23 follow
517 302 111 23 Whence
638 301 59 23 shall
709 308 35 15 we
755 307 73 23 prove
839 300 46 23 this
894 300 11 23 ?

83 335 41 23 He
144 335 98 30 replied,
287 335 37 32 By
343 336 41 23 the
408 340 47 19 test
476 335 27 24 of
520 335 122 30 humility.
686 334 116 23 Contrive
824 334 53 22 that
895 333 32 24 he

82 377 69 15 come
169 369 52 23 first
240 369 58 22 with
316 369 37 23 his
370 369 90 24 friends
478 373 25 19 to
522 369 41 23 the
580 369 68 30 place
666 368 27 23 of
707 368 41 22 the
767 368 78 30 synod
853 377 6 17 ;
878 367 47 23 and

83 402 21 23 if
114 403 30 22 he
156 402 61 23 shall
230 403 46 22 rise
286 403 68 23 when
368 411 48 23 you
427 403 131 31 approach,
568 402 105 23 hearken
684 405 24 19 to
719 401 49 23 him
777 401 149 30 obediently,

83 436 115 31 knowing
219 437 53 22 that
290 436 30 23 he
338 437 20 22 is
376 437 41 22 the
437 441 97 18 servant
552 435 29 24 of
595 436 83 24 Christ
686 444 5 14 :
717 436 45 23 but
779 434 22 23 if
817 435 29 22 he
866 434 60 23 shall

83 471 95 29 despise
195 478 58 22 you,
274 470 48 23 and
341 471 29 22 be
389 473 43 20 not
453 470 90 30 willing
566 473 24 20 to
610 471 47 22 rise
677 470 24 22 in
723 477 62 23 your
801 476 125 24 presence,

82 504 68 23 when
165 511 46 24 you
226 512 39 16 are
278 511 66 16 more
363 505 24 22 in
403 504 111 27 number,
528 504 57 23 then
604 504 33 23 let
656 504 50 22 him
723 504 30 22 be
770 502 111 32 despised
894 503 32 31 by

192 538 70 30 They
276 538 40 23 did
336 545 25 16 as
380 539 29 22 he
429 538 49 23 told
497 538 74 23 them.
609 538 138 30 Augustine
764 537 41 22 did
823 539 42 20 not
880 536 47 23 rise

82 576 25 18 to
125 572 93 22 receive
237 572 74 22 them.
354 571 54 23 The
429 572 78 30 synod
526 572 94 30 opened
641 571 93 31 angrily
745 579 6 19 ;
774 571 41 23 the
835 570 92 23 British

83 605 82 31 clergy
184 605 80 22 would
282 605 108 31 scarcely
409 605 58 23 hear
486 613 14 15 a
519 605 66 23 word
605 605 140 31 Augustine
765 605 46 22 had
828 608 25 19 to
866 611 42 24 say
919 613 6 18 ;

82 642 24 19 at
119 638 45 23 last
177 639 29 22 he
221 638 67 23 made
303 643 23 19 to
340 639 65 22 them
419 647 29 14 an
466 639 61 22 offer
541 638 28 24 of
579 638 76 32 unity,
670 646 30 15 on
714 638 76 28 three,
804 646 26 15 or
844 638 83 23 rather

82 672 54 23 four
156 672 143 27 conditions,
302 688 35 2 —
342 672 58 27 first,
425 672 99 31 general
547 672 159 27 submission;
735 672 123 31 secondly,
883 672 42 22 the

83 706 146 23 celebration
248 706 28 23 of
293 706 85 23 Easter
394 710 25 19 at
437 706 40 23 the
496 714 65 15 same
580 706 57 23 time
646 716 5 17 ;
675 706 101 30 thirdly,
792 705 42 23 the
849 705 76 23 admi-

82 740 126 22 nistration
227 739 28 23 of
271 740 104 30 baptism
394 740 22 22 in
437 740 41 23 the
496 748 65 15 same
580 748 100 15 manner
698 740 58 22 with
768 739 41 23 the
828 738 96 24 Roman

83 773 99 23 Church
193 782 6 17 ;
218 772 113 32 fourthly,
344 777 25 19 to
381 774 88 30 preach
483 774 42 23 the
538 774 65 22 word
621 772 28 24 of
659 773 57 23 God
729 776 25 20 to
767 773 41 23 the
823 772 102 24 Saxons.

83 806 53 24 The
155 807 91 23 British
265 807 83 30 clergy
362 807 80 23 would
460 807 61 23 have
540 807 116 30 willingly
674 807 121 30 complied
809 807 56 22 with
883 807 41 22 the

82 841 45 22 last
141 841 130 26 condition,
285 848 26 16 so
324 848 57 16 soon
395 848 25 16 as
433 841 57 30 they
503 841 48 23 had
569 848 55 16 seen
645 848 45 23 any
705 840 59 24 fruit
781 848 68 15 come
862 840 63 23 from

83 873 159 32 Augustine's
254 881 108 17 sermons
375 877 25 21 to
416 874 42 24 the
478 875 94 23 Saxons
591 882 29 15 on
639 875 40 22 the
692 874 61 30 duty
767 873 27 24 of
802 875 41 22 the
856 874 69 23 resti-

83 908 77 23 tution
183 907 29 23 of
229 908 77 23 stolen
326 911 114 27 property
450 918 5 17 ;
482 915 26 16 as
529 909 18 22 it
565 916 56 21 was,
641 908 40 23 the
703 908 123 30 proposals
845 907 27 24 of
889 907 36 24 St.

83 942 140 30 Augustine
243 949 61 15 were
323 942 160 29 clamorously
497 941 113 31 rejected,
626 942 48 22 and
693 942 40 22 the
751 942 77 31 synod
848 941 76 23 broke

83 983 40 22 up,
143 982 25 15 as
187 976 18 21 it
224 975 47 22 had
291 975 101 31 opened,
414 976 23 21 in
457 975 57 23 heat
530 975 48 23 and
597 975 126 23 irritation.
768 975 158 30 Augustine's

84 1012 99 26 temper,
209 1009 79 22 which
307 1009 19 22 it
343 1012 64 19 must
425 1009 31 22 be
469 1008 116 23 admitted
599 1009 47 22 had
660 1009 59 22 been
734 1009 106 31 severely
855 1008 69 28 tried,

82 1049 62 23 gave
160 1050 60 23 way,
239 1042 47 23 and
305 1042 29 22 he
353 1042 52 23 told
423 1042 41 23 the
482 1042 101 31 retiring
596 1042 89 23 fathers
701 1043 24 21 in
741 1049 15 15 a
771 1042 154 31 threatening

82 1080 68 18 tone-
150 1091 28 2 —
178 1076 49 22 -the
244 1076 53 22 best
314 1075 28 23 of
358 1083 53 15 men
429 1075 61 23 have
508 1075 91 31 spoken
617 1075 157 32 unadvisedly
788 1076 57 22 with
861 1076 65 22 their

82 1108 45 31 lips
134 1124 33 3 —
172 1109 60 26 that,
412 1109 57 31 they
494 1109 80 23 would
603 1112 43 20 not
676 1109 61 23 have
767 1117 74 23 peace
866 1109 58 23 with

83 1142 117 27 brothers,
225 1142 58 30 they
304 1142 86 23 should
411 1142 61 23 have
494 1150 48 15 war
566 1143 58 22 with
646 1143 105 22 enemies
762 1152 5 17 ;
791 1143 48 22 and
857 1143 68 23 since

83 1175 58 32 they
154 1183 61 15 were
235 1175 124 32 unwilling
377 1180 25 18 to
420 1176 89 31 preach
525 1180 25 18 to
569 1176 40 23 the
628 1177 82 22 nation
729 1175 28 24 of
774 1176 40 23 the
830 1176 95 31 Angles

83 1209 40 23 the
142 1217 54 23 way
209 1208 28 24 of
251 1209 48 26 life,
313 1209 31 31 by
363 1210 62 22 their
443 1210 76 22 hands
537 1210 58 30 they
607 1209 88 23 should
714 1210 75 23 suffer
807 1210 41 23 the
867 1218 58 15 ven-

83 1251 91 22 geance
199 1242 27 23 of
389 1243 23 22 A
438 1243 121 30 prophecy
581 1243 133 31 singularly
735 1244 190 30 accomplished,

83 1277 33 30 by
137 1284 46 16 one
204 1276 28 23 of
246 1277 41 23 the
311 1277 168 23 coincidences
503 1277 132 30 belonging
660 1281 25 19 to
710 1278 41 22 the
775 1278 102 30 chapter
900 1277 28 24 of

83 1310 110 28 chances,
216 1310 37 23 for
271 1311 41 22 the
333 1318 118 15 massacre
474 1311 52 22 that
547 1310 113 24 followed
679 1318 59 16 soon
757 1311 61 23 after
838 1312 29 22 of
883 1312 43 22 the

83 1344 86 23 monks
187 1343 28 24 of
230 1344 98 31 Bangor
344 1351 47 16 was
409 1344 85 31 purely
506 1344 143 23 accidental.
686 1344 40 23 On
744 1345 40 22 the
802 1345 122 31 approach

83 1376 27 24 of
121 1378 40 22 the
175 1377 102 23 heathen
292 1378 58 30 king
367 1377 132 23 Ethelfrith
518 1381 24 19 at
561 1378 40 22 the
620 1378 61 22 head
701 1378 28 23 of
744 1386 29 15 an
793 1387 78 23 army,
884 1379 42 23 the

83 1411 149 31 community
251 1411 28 23 of
291 1411 194 31 Bangor-Iscoed
499 1411 44 23 left
559 1411 41 23 the
615 1415 145 28 monastery,
779 1412 47 23 and
840 1412 85 31 placed

83 1444 143 23 themselves
250 1445 78 22 under
352 1445 40 22 the
415 1445 135 30 protection
575 1445 28 23 of
624 1445 145 29 Broehwell,
794 1447 84 30 prince
901 1445 27 24 of

84 1476 88 29 Powis,
186 1478 57 22 who
259 1485 67 15 came
344 1481 26 20 to
389 1478 40 23 the
447 1478 57 23 field
523 1478 28 23 of
564 1479 83 27 battle,
666 1479 52 27 but,
735 1480 131 31 regarding
883 1479 42 24 the

83 1511 135 28 protection
232 1511 28 22 of
270 1511 39 23 the
321 1511 87 23 monks
420 1519 27 16 as
462 1520 14 15 a
494 1513 84 22 sacred
591 1513 70 29 duty,
674 1514 123 22 remained
810 1516 24 21 at
847 1522 14 15 a
873 1512 52 25 safe
