<?xml version="1.0" encoding="UTF-8"?>
<alto xmlns:xsi="http://www.w3.org/2001/XMLSchema-instance" xsi:noNamespaceSchemaLocation="http://www.bl.uk/schemas/alto/alto-1-4.xsd" xmlns:xlink="http://www.w3.org/1999/xlink">
	<Description>
		<MeasurementUnit>mm10</MeasurementUnit>
		<sourceImageInformation>
			<fileName>//head1/IN/2008-22/A0011651692/008436.jp2</fileName>
		</sourceImageInformation>
		<OCRProcessing ID="OCRPROCESSING_1">
			<preProcessingStep>
				<processingSoftware>
					<softwareCreator>CCS Content Conversion Specialists GmbH, Germany</softwareCreator>
					<softwareName>CCS docWORKS</softwareName>
					<softwareVersion>6.1-0.67</softwareVersion>
				</processingSoftware>
			</preProcessingStep>
			<ocrProcessingStep>
				<processingSoftware>
					<softwareCreator>ABBYY (BIT Software), Russia</softwareCreator>
					<softwareName>Finereader</softwareName>
				</processingSoftware>
			</ocrProcessingStep>
		</OCRProcessing>
	</Description>
	<Styles>
		<TextStyle ID="TXT_0" FONTSIZE="10" FONTFAMILY="Courier New"/>
		<TextStyle ID="TXT_1" FONTSIZE="9" FONTFAMILY="Courier New"/>
		<ParagraphStyle ID="PAR_LEFT" ALIGN="Left"/>
		<ParagraphStyle ID="PAR_CENTER" ALIGN="Center"/>
	</Styles>
	<Layout>
		<Page ID="P48" PHYSICAL_IMG_NR="48" HEIGHT="1619" WIDTH="1023" PRINTED_IMG_NR="34" POSITION="Left" ACCURACY="76.63">
			<TopMargin ID="P48_TM00001" HPOS="0" VPOS="0" WIDTH="1022" HEIGHT="125">
				<TextBlock ID="P48_TB00001" HPOS="61" VPOS="98" WIDTH="33" HEIGHT="23" STYLEREFS="TXT_0 PAR_LEFT">
					<TextLine ID="P48_TL00001" HPOS="61" VPOS="98" WIDTH="33" HEIGHT="23">
						<String ID="P48_ST00001" HPOS="61" VPOS="98" WIDTH="33" HEIGHT="23" CONTENT="34" WC="1.00" CC="00"/>
					</TextLine>
				</TextBlock>
				<TextBlock ID="P48_TB00002" HPOS="420" VPOS="109" WIDTH="126" HEIGHT="16" STYLEREFS="TXT_1 PAR_LEFT">
					<TextLine ID="P48_TL00002" HPOS="422" VPOS="110" WIDTH="124" HEIGHT="15">
						<String ID="P48_ST00002" HPOS="422" VPOS="110" WIDTH="124" HEIGHT="15" CONTENT="BARDISM." WC="0.78" CC="00223080"/>
					</TextLine>
				</TextBlock>
			</TopMargin>
			<LeftMargin ID="P48_LM00001" HPOS="0" VPOS="122" WIDTH="61" HEIGHT="1411"/>
			<RightMargin ID="P48_RM00001" HPOS="914" VPOS="122" WIDTH="108" HEIGHT="1411"/>
			<BottomMargin ID="P48_BM00001" HPOS="0" VPOS="1533" WIDTH="1022" HEIGHT="85"/>
			<PrintSpace ID="P48_PS00001" HPOS="61" VPOS="122" WIDTH="853" HEIGHT="1411">
				<TextBlock ID="P48_TB00003" HPOS="65" VPOS="162" WIDTH="849" HEIGHT="1312" STYLEREFS="TXT_1 PAR_LEFT">
					<TextLine ID="P48_TL00003" HPOS="65" VPOS="163" WIDTH="842" HEIGHT="36">
						<String ID="P48_ST00003" HPOS="65" VPOS="166" WIDTH="30" HEIGHT="23" CONTENT="of" WC="0.92" CC="10"/>
						<SP ID="P48_SP00001" HPOS="95" VPOS="189" WIDTH="14"/>
						<String ID="P48_ST00004" HPOS="109" VPOS="166" WIDTH="84" HEIGHT="26" CONTENT="Mona," WC="0.94" CC="00300"/>
						<SP ID="P48_SP00002" HPOS="193" VPOS="192" WIDTH="19"/>
						<String ID="P48_ST00005" HPOS="212" VPOS="174" WIDTH="28" HEIGHT="14" CONTENT="or" WC="0.50" CC="09"/>
						<SP ID="P48_SP00003" HPOS="240" VPOS="192" WIDTH="17"/>
						<String ID="P48_ST00006" HPOS="257" VPOS="167" WIDTH="132" HEIGHT="32" CONTENT="Anglesey." WC="0.81" CC="040605000"/>
						<SP ID="P48_SP00004" HPOS="389" VPOS="199" WIDTH="36"/>
						<String ID="P48_ST00007" HPOS="425" VPOS="169" WIDTH="35" HEIGHT="23" CONTENT="Its" WC="0.67" CC="242"/>
						<SP ID="P48_SP00005" HPOS="460" VPOS="199" WIDTH="19"/>
						<String ID="P48_ST00008" HPOS="479" VPOS="168" WIDTH="147" HEIGHT="23" CONTENT="inhabitants" WC="0.59" CC="04706030786"/>
						<SP ID="P48_SP00006" HPOS="626" VPOS="199" WIDTH="22"/>
						<String ID="P48_ST00009" HPOS="648" VPOS="164" WIDTH="166" HEIGHT="31" CONTENT="undauntedly" WC="0.70" CC="00804333009"/>
						<SP ID="P48_SP00007" HPOS="814" VPOS="199" WIDTH="16"/>
						<String ID="P48_ST00010" HPOS="830" VPOS="163" WIDTH="77" HEIGHT="23" CONTENT="main" SUBS_TYPE="HypPart1" SUBS_CONTENT="maintained" WC="0.67" CC="90060"/>
						<HYP CONTENT="-"/>
					</TextLine>
					<TextLine ID="P48_TL00004" HPOS="65" VPOS="197" WIDTH="841" HEIGHT="35">
						<String ID="P48_ST00011" HPOS="65" VPOS="200" WIDTH="82" HEIGHT="23" CONTENT="tained" SUBS_TYPE="HypPart2" SUBS_CONTENT="maintained" WC="0.73" CC="003561"/>
						<SP ID="P48_SP00008" HPOS="147" VPOS="223" WIDTH="14"/>
						<String ID="P48_ST00012" HPOS="161" VPOS="200" WIDTH="62" HEIGHT="22" CONTENT="their" WC="0.68" CC="06323"/>
						<SP ID="P48_SP00009" HPOS="223" VPOS="223" WIDTH="13"/>
						<String ID="P48_ST00013" HPOS="236" VPOS="200" WIDTH="186" HEIGHT="32" CONTENT="independence," WC="0.61" CC="5606007955400"/>
						<SP ID="P48_SP00010" HPOS="422" VPOS="232" WIDTH="14"/>
						<String ID="P48_ST00014" HPOS="436" VPOS="203" WIDTH="46" HEIGHT="22" CONTENT="and" WC="0.67" CC="630"/>
						<SP ID="P48_SP00011" HPOS="482" VPOS="232" WIDTH="14"/>
						<String ID="P48_ST00015" HPOS="496" VPOS="203" WIDTH="23" HEIGHT="21" CONTENT="in" WC="0.44" CC="56"/>
						<SP ID="P48_SP00012" HPOS="519" VPOS="232" WIDTH="14"/>
						<String ID="P48_ST00016" HPOS="533" VPOS="210" WIDTH="14" HEIGHT="15" CONTENT="a" WC="0.95" CC="0"/>
						<SP ID="P48_SP00013" HPOS="547" VPOS="232" WIDTH="18"/>
						<String ID="P48_ST00017" HPOS="565" VPOS="201" WIDTH="79" HEIGHT="27" CONTENT="noble," WC="0.86" CC="005200"/>
						<SP ID="P48_SP00014" HPOS="644" VPOS="232" WIDTH="14"/>
						<String ID="P48_ST00018" HPOS="658" VPOS="199" WIDTH="94" HEIGHT="32" CONTENT="though" WC="0.76" CC="070106"/>
						<SP ID="P48_SP00015" HPOS="752" VPOS="232" WIDTH="14"/>
						<String ID="P48_ST00019" HPOS="766" VPOS="197" WIDTH="140" HEIGHT="30" CONTENT="unavailing" WC="0.76" CC="0700061016"/>
					</TextLine>
					<TextLine ID="P48_TL00005" HPOS="66" VPOS="232" WIDTH="842" HEIGHT="33">
						<String ID="P48_ST00020" HPOS="66" VPOS="234" WIDTH="141" HEIGHT="31" CONTENT="patriotism," WC="0.73" CC="50651020230"/>
						<SP ID="P48_SP00016" HPOS="207" VPOS="265" WIDTH="15"/>
						<String ID="P48_ST00021" HPOS="222" VPOS="234" WIDTH="89" HEIGHT="23" CONTENT="braved" WC="0.93" CC="040000"/>
						<SP ID="P48_SP00017" HPOS="311" VPOS="265" WIDTH="14"/>
						<String ID="P48_ST00022" HPOS="325" VPOS="236" WIDTH="40" HEIGHT="23" CONTENT="the" WC="1.00" CC="000"/>
						<SP ID="P48_SP00018" HPOS="365" VPOS="265" WIDTH="10"/>
						<String ID="P48_ST00023" HPOS="375" VPOS="244" WIDTH="63" HEIGHT="15" CONTENT="arms" WC="0.50" CC="0585"/>
						<SP ID="P48_SP00019" HPOS="438" VPOS="265" WIDTH="12"/>
						<String ID="P48_ST00024" HPOS="450" VPOS="236" WIDTH="76" HEIGHT="23" CONTENT="ofthe" WC="0.58" CC="55450"/>
						<SP ID="P48_SP00020" HPOS="526" VPOS="265" WIDTH="13"/>
						<String ID="P48_ST00025" HPOS="539" VPOS="235" WIDTH="150" HEIGHT="30" CONTENT="conquering" WC="0.64" CC="1580106570"/>
						<SP ID="P48_SP00021" HPOS="689" VPOS="265" WIDTH="14"/>
						<String ID="P48_ST00026" HPOS="703" VPOS="233" WIDTH="45" HEIGHT="23" CONTENT="foe." WC="0.78" CC="6200"/>
						<SP ID="P48_SP00022" HPOS="748" VPOS="265" WIDTH="27"/>
						<String ID="P48_ST00027" HPOS="775" VPOS="232" WIDTH="133" HEIGHT="23" CONTENT="Suetonius" WC="0.68" CC="040434505"/>
					</TextLine>
					<TextLine ID="P48_TL00006" HPOS="68" VPOS="265" WIDTH="840" HEIGHT="34">
						<String ID="P48_ST00028" HPOS="68" VPOS="267" WIDTH="122" HEIGHT="27" CONTENT="Paulinus," WC="0.71" CC="004508060"/>
						<SP ID="P48_SP00023" HPOS="190" VPOS="294" WIDTH="22"/>
						<String ID="P48_ST00029" HPOS="212" VPOS="268" WIDTH="39" HEIGHT="22" CONTENT="the" WC="0.75" CC="070"/>
						<SP ID="P48_SP00024" HPOS="251" VPOS="294" WIDTH="19"/>
						<String ID="P48_ST00030" HPOS="270" VPOS="270" WIDTH="97" HEIGHT="29" CONTENT="general" WC="0.87" CC="0000350"/>
						<SP ID="P48_SP00025" HPOS="367" VPOS="299" WIDTH="21"/>
						<String ID="P48_ST00031" HPOS="388" VPOS="271" WIDTH="23" HEIGHT="21" CONTENT="in" WC="0.41" CC="65"/>
						<SP ID="P48_SP00026" HPOS="411" VPOS="299" WIDTH="21"/>
						<String ID="P48_ST00032" HPOS="432" VPOS="269" WIDTH="137" HEIGHT="26" CONTENT="command," WC="0.73" CC="03090800"/>
						<SP ID="P48_SP00027" HPOS="569" VPOS="299" WIDTH="19"/>
						<String ID="P48_ST00033" HPOS="588" VPOS="277" WIDTH="15" HEIGHT="14" CONTENT="a" WC="1.00" CC="0"/>
						<SP ID="P48_SP00028" HPOS="603" VPOS="299" WIDTH="18"/>
						<String ID="P48_ST00034" HPOS="621" VPOS="276" WIDTH="55" HEIGHT="14" CONTENT="man" WC="0.77" CC="006"/>
						<SP ID="P48_SP00029" HPOS="676" VPOS="299" WIDTH="20"/>
						<String ID="P48_ST00035" HPOS="696" VPOS="266" WIDTH="28" HEIGHT="23" CONTENT="of" WC="0.70" CC="05"/>
						<SP ID="P48_SP00030" HPOS="724" VPOS="299" WIDTH="15"/>
						<String ID="P48_ST00036" HPOS="739" VPOS="265" WIDTH="169" HEIGHT="24" CONTENT="considerable" WC="0.79" CC="070550006000"/>
					</TextLine>
					<TextLine ID="P48_TL00007" HPOS="66" VPOS="299" WIDTH="842" HEIGHT="34">
						<String ID="P48_ST00037" HPOS="66" VPOS="301" WIDTH="85" HEIGHT="30" CONTENT="ability" WC="0.67" CC="6618000"/>
						<SP ID="P48_SP00031" HPOS="151" VPOS="331" WIDTH="11"/>
						<String ID="P48_ST00038" HPOS="162" VPOS="301" WIDTH="45" HEIGHT="22" CONTENT="and" WC="0.80" CC="050"/>
						<SP ID="P48_SP00032" HPOS="207" VPOS="331" WIDTH="13"/>
						<String ID="P48_ST00039" HPOS="220" VPOS="302" WIDTH="56" HEIGHT="30" CONTENT="high" WC="0.64" CC="7006"/>
						<SP ID="P48_SP00033" HPOS="276" VPOS="332" WIDTH="11"/>
						<String ID="P48_ST00040" HPOS="287" VPOS="304" WIDTH="145" HEIGHT="29" CONTENT="reputation," WC="0.75" CC="00000042476"/>
						<SP ID="P48_SP00034" HPOS="432" VPOS="333" WIDTH="13"/>
						<String ID="P48_ST00041" HPOS="445" VPOS="310" WIDTH="49" HEIGHT="16" CONTENT="was" WC="0.85" CC="004"/>
						<SP ID="P48_SP00035" HPOS="494" VPOS="333" WIDTH="12"/>
						<String ID="P48_ST00042" HPOS="506" VPOS="303" WIDTH="59" HEIGHT="22" CONTENT="bent," WC="0.70" CC="00770"/>
						<SP ID="P48_SP00036" HPOS="565" VPOS="333" WIDTH="11"/>
						<String ID="P48_ST00043" HPOS="576" VPOS="310" WIDTH="30" HEIGHT="14" CONTENT="on" WC="0.84" CC="03"/>
						<SP ID="P48_SP00037" HPOS="606" VPOS="333" WIDTH="15"/>
						<String ID="P48_ST00044" HPOS="621" VPOS="301" WIDTH="123" HEIGHT="29" CONTENT="crowning" WC="0.60" CC="24087270"/>
						<SP ID="P48_SP00038" HPOS="744" VPOS="333" WIDTH="15"/>
						<String ID="P48_ST00045" HPOS="759" VPOS="299" WIDTH="39" HEIGHT="23" CONTENT="the" WC="0.91" CC="200"/>
						<SP ID="P48_SP00039" HPOS="798" VPOS="333" WIDTH="13"/>
						<String ID="P48_ST00046" HPOS="811" VPOS="305" WIDTH="97" HEIGHT="17" CONTENT="success" WC="0.63" CC="0542076"/>
					</TextLine>
					<TextLine ID="P48_TL00008" HPOS="67" VPOS="331" WIDTH="846" HEIGHT="30">
						<String ID="P48_ST00047" HPOS="67" VPOS="336" WIDTH="53" HEIGHT="23" CONTENT="that" WC="0.73" CC="0406"/>
						<SP ID="P48_SP00040" HPOS="120" VPOS="359" WIDTH="13"/>
						<String ID="P48_ST00048" HPOS="133" VPOS="335" WIDTH="46" HEIGHT="22" CONTENT="had" WC="0.77" CC="600"/>
						<SP ID="P48_SP00041" HPOS="179" VPOS="359" WIDTH="14"/>
						<String ID="P48_ST00049" HPOS="193" VPOS="336" WIDTH="113" HEIGHT="23" CONTENT="attended" WC="0.86" CC="01002700"/>
						<SP ID="P48_SP00042" HPOS="306" VPOS="359" WIDTH="14"/>
						<String ID="P48_ST00050" HPOS="320" VPOS="337" WIDTH="48" HEIGHT="22" CONTENT="him" WC="0.54" CC="607"/>
						<SP ID="P48_SP00043" HPOS="368" VPOS="359" WIDTH="14"/>
						<String ID="P48_ST00051" HPOS="382" VPOS="337" WIDTH="57" HEIGHT="22" CONTENT="with" WC="0.54" CC="9034"/>
						<SP ID="P48_SP00044" HPOS="439" VPOS="359" WIDTH="19"/>
						<String ID="P48_ST00052" HPOS="458" VPOS="336" WIDTH="41" HEIGHT="23" CONTENT="the" WC="0.89" CC="110"/>
						<SP ID="P48_SP00045" HPOS="499" VPOS="359" WIDTH="18"/>
						<String ID="P48_ST00053" HPOS="517" VPOS="335" WIDTH="153" HEIGHT="26" CONTENT="submission," WC="0.50" CC="50697075740"/>
						<SP ID="P48_SP00046" HPOS="670" VPOS="361" WIDTH="14"/>
						<String ID="P48_ST00054" HPOS="684" VPOS="342" WIDTH="34" HEIGHT="18" CONTENT="or," WC="0.79" CC="140"/>
						<SP ID="P48_SP00047" HPOS="718" VPOS="361" WIDTH="14"/>
						<String ID="P48_ST00055" HPOS="732" VPOS="334" WIDTH="23" HEIGHT="21" CONTENT="in" WC="0.71" CC="05"/>
						<SP ID="P48_SP00048" HPOS="755" VPOS="361" WIDTH="19"/>
						<String ID="P48_ST00056" HPOS="774" VPOS="332" WIDTH="93" HEIGHT="23" CONTENT="default" WC="0.74" CC="0055024"/>
						<SP ID="P48_SP00049" HPOS="867" VPOS="361" WIDTH="19"/>
						<String ID="P48_ST00057" HPOS="886" VPOS="331" WIDTH="27" HEIGHT="23" CONTENT="of" WC="0.93" CC="10"/>
					</TextLine>
					<TextLine ID="P48_TL00009" HPOS="66" VPOS="366" WIDTH="842" HEIGHT="31">
						<String ID="P48_ST00058" HPOS="66" VPOS="369" WIDTH="153" HEIGHT="27" CONTENT="submission," WC="0.65" CC="40105970530"/>
						<SP ID="P48_SP00050" HPOS="219" VPOS="396" WIDTH="22"/>
						<String ID="P48_ST00059" HPOS="241" VPOS="369" WIDTH="41" HEIGHT="23" CONTENT="the" WC="0.56" CC="660"/>
						<SP ID="P48_SP00051" HPOS="282" VPOS="396" WIDTH="24"/>
						<String ID="P48_ST00060" HPOS="306" VPOS="370" WIDTH="185" HEIGHT="22" CONTENT="extermination" WC="0.73" CC="0000565000366"/>
						<SP ID="P48_SP00052" HPOS="491" VPOS="396" WIDTH="31"/>
						<String ID="P48_ST00061" HPOS="522" VPOS="368" WIDTH="28" HEIGHT="24" CONTENT="of" WC="0.90" CC="20"/>
						<SP ID="P48_SP00053" HPOS="550" VPOS="396" WIDTH="27"/>
						<String ID="P48_ST00062" HPOS="577" VPOS="369" WIDTH="41" HEIGHT="21" CONTENT="the" WC="0.75" CC="070"/>
						<SP ID="P48_SP00054" HPOS="618" VPOS="396" WIDTH="30"/>
						<String ID="P48_ST00063" HPOS="648" VPOS="367" WIDTH="105" HEIGHT="30" CONTENT="intrepid" WC="0.59" CC="35677020"/>
						<SP ID="P48_SP00055" HPOS="753" VPOS="397" WIDTH="31"/>
						<String ID="P48_ST00064" HPOS="784" VPOS="366" WIDTH="124" HEIGHT="22" CONTENT="islanders." WC="0.70" CC="6620200540"/>
					</TextLine>
					<TextLine ID="P48_TL00010" HPOS="68" VPOS="398" WIDTH="842" HEIGHT="36">
						<String ID="P48_ST00065" HPOS="68" VPOS="403" WIDTH="133" HEIGHT="31" CONTENT="Anglesey," WC="0.72" CC="039109000"/>
						<SP ID="P48_SP00056" HPOS="201" VPOS="434" WIDTH="15"/>
						<String ID="P48_ST00066" HPOS="216" VPOS="403" WIDTH="23" HEIGHT="22" CONTENT="in" WC="0.82" CC="03"/>
						<SP ID="P48_SP00057" HPOS="239" VPOS="434" WIDTH="14"/>
						<String ID="P48_ST00067" HPOS="253" VPOS="403" WIDTH="77" HEIGHT="23" CONTENT="which" WC="0.96" CC="00001"/>
						<SP ID="P48_SP00058" HPOS="330" VPOS="434" WIDTH="20"/>
						<String ID="P48_ST00068" HPOS="350" VPOS="404" WIDTH="40" HEIGHT="22" CONTENT="the" WC="1.00" CC="000"/>
						<SP ID="P48_SP00059" HPOS="390" VPOS="434" WIDTH="19"/>
						<String ID="P48_ST00069" HPOS="409" VPOS="403" WIDTH="96" HEIGHT="23" CONTENT="learned" WC="0.67" CC="6001770"/>
						<SP ID="P48_SP00060" HPOS="505" VPOS="434" WIDTH="18"/>
						<String ID="P48_ST00070" HPOS="523" VPOS="402" WIDTH="51" HEIGHT="23" CONTENT="Mr." WC="0.90" CC="020"/>
						<SP ID="P48_SP00061" HPOS="574" VPOS="434" WIDTH="15"/>
						<String ID="P48_ST00071" HPOS="589" VPOS="401" WIDTH="119" HEIGHT="23" CONTENT="Rowland" WC="0.75" CC="9100050"/>
						<SP ID="P48_SP00062" HPOS="708" VPOS="434" WIDTH="19"/>
						<String ID="P48_ST00072" HPOS="727" VPOS="400" WIDTH="123" HEIGHT="22" CONTENT="discovers" WC="0.72" CC="007060046"/>
						<SP ID="P48_SP00063" HPOS="850" VPOS="434" WIDTH="19"/>
						<String ID="P48_ST00073" HPOS="869" VPOS="398" WIDTH="41" HEIGHT="23" CONTENT="the" WC="1.00" CC="000"/>
					</TextLine>
					<TextLine ID="P48_TL00011" HPOS="67" VPOS="433" WIDTH="843" HEIGHT="34">
						<String ID="P48_ST00074" HPOS="67" VPOS="437" WIDTH="47" HEIGHT="22" CONTENT="Isle" WC="0.82" CC="0600"/>
						<SP ID="P48_SP00064" HPOS="114" VPOS="459" WIDTH="14"/>
						<String ID="P48_ST00075" HPOS="128" VPOS="436" WIDTH="27" HEIGHT="23" CONTENT="of" WC="0.50" CC="09"/>
						<SP ID="P48_SP00065" HPOS="155" VPOS="459" WIDTH="11"/>
						<String ID="P48_ST00076" HPOS="166" VPOS="437" WIDTH="40" HEIGHT="22" CONTENT="the" WC="0.97" CC="000"/>
						<SP ID="P48_SP00066" HPOS="206" VPOS="459" WIDTH="15"/>
						<String ID="P48_ST00077" HPOS="221" VPOS="436" WIDTH="106" HEIGHT="27" CONTENT="Blessed," WC="0.80" CC="34006000"/>
						<SP ID="P48_SP00067" HPOS="327" VPOS="463" WIDTH="10"/>
						<String ID="P48_ST00078" HPOS="337" VPOS="437" WIDTH="40" HEIGHT="22" CONTENT="the" WC="0.61" CC="550"/>
						<SP ID="P48_SP00068" HPOS="377" VPOS="463" WIDTH="14"/>
						<String ID="P48_ST00079" HPOS="391" VPOS="437" WIDTH="99" HEIGHT="30" CONTENT="Elysian" WC="0.86" CC="0007200"/>
						<SP ID="P48_SP00069" HPOS="490" VPOS="467" WIDTH="14"/>
						<String ID="P48_ST00080" HPOS="504" VPOS="436" WIDTH="69" HEIGHT="23" CONTENT="fields" WC="0.90" CC="000005"/>
						<SP ID="P48_SP00070" HPOS="573" VPOS="467" WIDTH="14"/>
						<String ID="P48_ST00081" HPOS="587" VPOS="435" WIDTH="25" HEIGHT="23" CONTENT="of" WC="0.55" CC="44"/>
						<SP ID="P48_SP00071" HPOS="612" VPOS="467" WIDTH="12"/>
						<String ID="P48_ST00082" HPOS="624" VPOS="435" WIDTH="41" HEIGHT="22" CONTENT="the" WC="0.74" CC="520"/>
						<SP ID="P48_SP00072" HPOS="665" VPOS="467" WIDTH="12"/>
						<String ID="P48_ST00083" HPOS="677" VPOS="438" WIDTH="76" HEIGHT="26" CONTENT="poets," WC="0.69" CC="050560"/>
						<SP ID="P48_SP00073" HPOS="753" VPOS="467" WIDTH="11"/>
						<String ID="P48_ST00084" HPOS="764" VPOS="433" WIDTH="44" HEIGHT="23" CONTENT="had" WC="0.49" CC="509"/>
						<SP ID="P48_SP00074" HPOS="808" VPOS="467" WIDTH="12"/>
						<String ID="P48_ST00085" HPOS="820" VPOS="433" WIDTH="90" HEIGHT="30" CONTENT="always" WC="0.76" CC="000805"/>
					</TextLine>
					<TextLine ID="P48_TL00012" HPOS="66" VPOS="467" WIDTH="842" HEIGHT="31">
						<String ID="P48_ST00086" HPOS="66" VPOS="470" WIDTH="61" HEIGHT="23" CONTENT="been" WC="0.80" CC="4003"/>
						<SP ID="P48_SP00075" HPOS="127" VPOS="493" WIDTH="12"/>
						<String ID="P48_ST00087" HPOS="139" VPOS="478" WIDTH="14" HEIGHT="14" CONTENT="a" WC="1.00" CC="0"/>
						<SP ID="P48_SP00076" HPOS="153" VPOS="493" WIDTH="12"/>
						<String ID="P48_ST00088" HPOS="165" VPOS="470" WIDTH="119" HEIGHT="22" CONTENT="favourite" WC="0.77" CC="901020600"/>
						<SP ID="P48_SP00077" HPOS="284" VPOS="493" WIDTH="12"/>
						<String ID="P48_ST00089" HPOS="296" VPOS="474" WIDTH="84" HEIGHT="23" CONTENT="resort," WC="0.82" CC="0001090"/>
						<SP ID="P48_SP00078" HPOS="380" VPOS="497" WIDTH="14"/>
						<String ID="P48_ST00090" HPOS="394" VPOS="470" WIDTH="49" HEIGHT="23" CONTENT="aud" WC="0.66" CC="180"/>
						<SP ID="P48_SP00079" HPOS="443" VPOS="497" WIDTH="13"/>
						<String ID="P48_ST00091" HPOS="456" VPOS="470" WIDTH="122" HEIGHT="22" CONTENT="remained" WC="0.77" CC="50000840"/>
						<SP ID="P48_SP00080" HPOS="578" VPOS="497" WIDTH="15"/>
						<String ID="P48_ST00092" HPOS="593" VPOS="476" WIDTH="52" HEIGHT="16" CONTENT="now" WC="0.83" CC="400"/>
						<SP ID="P48_SP00081" HPOS="645" VPOS="497" WIDTH="14"/>
						<String ID="P48_ST00093" HPOS="659" VPOS="469" WIDTH="40" HEIGHT="22" CONTENT="the" WC="0.94" CC="010"/>
						<SP ID="P48_SP00082" HPOS="699" VPOS="497" WIDTH="13"/>
						<String ID="P48_ST00094" HPOS="712" VPOS="467" WIDTH="50" HEIGHT="24" CONTENT="sole" WC="0.76" CC="3600"/>
						<SP ID="P48_SP00083" HPOS="762" VPOS="497" WIDTH="13"/>
						<String ID="P48_ST00095" HPOS="775" VPOS="467" WIDTH="133" HEIGHT="31" CONTENT="possession" WC="0.59" CC="0476455600"/>
					</TextLine>
					<TextLine ID="P48_TL00013" HPOS="66" VPOS="501" WIDTH="844" HEIGHT="33">
						<String ID="P48_ST00096" HPOS="66" VPOS="503" WIDTH="28" HEIGHT="24" CONTENT="of" WC="1.00" CC="00"/>
						<SP ID="P48_SP00084" HPOS="94" VPOS="527" WIDTH="10"/>
						<String ID="P48_ST00097" HPOS="104" VPOS="504" WIDTH="40" HEIGHT="22" CONTENT="the" WC="0.66" CC="270"/>
						<SP ID="P48_SP00085" HPOS="144" VPOS="527" WIDTH="15"/>
						<String ID="P48_ST00098" HPOS="159" VPOS="503" WIDTH="75" HEIGHT="23" CONTENT="Bards" WC="0.63" CC="60505"/>
						<String ID="P48_ST00099" HPOS="236" VPOS="519" WIDTH="33" HEIGHT="3" CONTENT="—" WC="0.20" CC="8"/>
						<String ID="P48_ST00100" HPOS="271" VPOS="504" WIDTH="52" HEIGHT="23" CONTENT="that" WC="0.90" CC="0400"/>
						<SP ID="P48_SP00086" HPOS="323" VPOS="527" WIDTH="18"/>
						<String ID="P48_ST00101" HPOS="341" VPOS="504" WIDTH="26" HEIGHT="27" CONTENT="is," WC="0.66" CC="621"/>
						<SP ID="P48_SP00087" HPOS="367" VPOS="531" WIDTH="15"/>
						<String ID="P48_ST00102" HPOS="382" VPOS="503" WIDTH="28" HEIGHT="24" CONTENT="of" WC="1.00" CC="00"/>
						<SP ID="P48_SP00088" HPOS="410" VPOS="531" WIDTH="9"/>
						<String ID="P48_ST00103" HPOS="419" VPOS="512" WIDTH="27" HEIGHT="15" CONTENT="so" WC="0.23" CC="95"/>
						<SP ID="P48_SP00089" HPOS="446" VPOS="531" WIDTH="18"/>
						<String ID="P48_ST00104" HPOS="464" VPOS="511" WIDTH="73" HEIGHT="23" CONTENT="many" WC="0.89" CC="0040"/>
						<SP ID="P48_SP00090" HPOS="537" VPOS="534" WIDTH="14"/>
						<String ID="P48_ST00105" HPOS="551" VPOS="503" WIDTH="28" HEIGHT="23" CONTENT="of" WC="1.00" CC="00"/>
						<SP ID="P48_SP00091" HPOS="579" VPOS="534" WIDTH="9"/>
						<String ID="P48_ST00106" HPOS="588" VPOS="503" WIDTH="66" HEIGHT="22" CONTENT="them" WC="0.76" CC="0503"/>
						<SP ID="P48_SP00092" HPOS="654" VPOS="534" WIDTH="14"/>
						<String ID="P48_ST00107" HPOS="668" VPOS="510" WIDTH="24" HEIGHT="15" CONTENT="as" WC="0.64" CC="07"/>
						<SP ID="P48_SP00093" HPOS="692" VPOS="534" WIDTH="15"/>
						<String ID="P48_ST00108" HPOS="707" VPOS="502" WIDTH="46" HEIGHT="23" CONTENT="had" WC="0.53" CC="607"/>
						<SP ID="P48_SP00094" HPOS="753" VPOS="534" WIDTH="14"/>
						<String ID="P48_ST00109" HPOS="767" VPOS="505" WIDTH="41" HEIGHT="19" CONTENT="not" WC="0.76" CC="600"/>
						<SP ID="P48_SP00095" HPOS="808" VPOS="534" WIDTH="14"/>
						<String ID="P48_ST00110" HPOS="822" VPOS="501" WIDTH="47" HEIGHT="23" CONTENT="fled" WC="1.00" CC="0000"/>
						<SP ID="P48_SP00096" HPOS="869" VPOS="534" WIDTH="17"/>
						<String ID="P48_ST00111" HPOS="886" VPOS="504" WIDTH="24" HEIGHT="19" CONTENT="to" WC="0.76" CC="04"/>
					</TextLine>
					<TextLine ID="P48_TL00014" HPOS="66" VPOS="535" WIDTH="843" HEIGHT="33">
						<String ID="P48_ST00112" HPOS="66" VPOS="538" WIDTH="90" HEIGHT="23" CONTENT="distant" WC="0.63" CC="0604904"/>
						<SP ID="P48_SP00097" HPOS="156" VPOS="561" WIDTH="17"/>
						<String ID="P48_ST00113" HPOS="173" VPOS="537" WIDTH="77" HEIGHT="23" CONTENT="lands." WC="0.91" CC="000040"/>
						<SP ID="P48_SP00098" HPOS="250" VPOS="561" WIDTH="37"/>
						<String ID="P48_ST00114" HPOS="287" VPOS="537" WIDTH="99" HEIGHT="24" CONTENT="Tacitus" WC="0.71" CC="0700039"/>
						<SP ID="P48_SP00099" HPOS="386" VPOS="561" WIDTH="19"/>
						<String ID="P48_ST00115" HPOS="405" VPOS="546" WIDTH="55" HEIGHT="22" CONTENT="may" WC="0.77" CC="600"/>
						<SP ID="P48_SP00100" HPOS="460" VPOS="568" WIDTH="14"/>
						<String ID="P48_ST00116" HPOS="474" VPOS="537" WIDTH="42" HEIGHT="23" CONTENT="tell" WC="0.74" CC="7003"/>
						<SP ID="P48_SP00101" HPOS="516" VPOS="568" WIDTH="19"/>
						<String ID="P48_ST00117" HPOS="535" VPOS="537" WIDTH="40" HEIGHT="22" CONTENT="the" WC="0.51" CC="454"/>
						<SP ID="P48_SP00102" HPOS="575" VPOS="568" WIDTH="13"/>
						<String ID="P48_ST00118" HPOS="588" VPOS="540" WIDTH="55" HEIGHT="22" CONTENT="rest," WC="0.73" CC="00760"/>
						<SP ID="P48_SP00103" HPOS="643" VPOS="568" WIDTH="16"/>
						<String ID="P48_ST00119" HPOS="659" VPOS="536" WIDTH="39" HEIGHT="22" CONTENT="the" WC="0.72" CC="710"/>
						<SP ID="P48_SP00104" HPOS="698" VPOS="568" WIDTH="14"/>
						<String ID="P48_ST00120" HPOS="712" VPOS="536" WIDTH="55" HEIGHT="22" CONTENT="date" WC="0.90" CC="0040"/>
						<SP ID="P48_SP00105" HPOS="767" VPOS="568" WIDTH="14"/>
						<String ID="P48_ST00121" HPOS="781" VPOS="536" WIDTH="18" HEIGHT="22" CONTENT="is" WC="0.74" CC="05"/>
						<SP ID="P48_SP00106" HPOS="799" VPOS="568" WIDTH="14"/>
						<String ID="P48_ST00122" HPOS="813" VPOS="535" WIDTH="30" HEIGHT="23" CONTENT="61" WC="0.80" CC="04"/>
						<SP ID="P48_SP00107" HPOS="843" VPOS="568" WIDTH="15"/>
						<String ID="P48_ST00123" HPOS="858" VPOS="542" WIDTH="51" HEIGHT="15" CONTENT="a.d." WC="0.83" CC="0060"/>
					</TextLine>
					<TextLine ID="P48_TL00015" HPOS="66" VPOS="569" WIDTH="843" HEIGHT="29">
						<String ID="P48_ST00124" HPOS="66" VPOS="574" WIDTH="16" HEIGHT="12" CONTENT='"' WC="0.56" CC="4"/>
						<SP ID="P48_SP00108" HPOS="82" VPOS="586" WIDTH="11"/>
						<String ID="P48_ST00125" HPOS="93" VPOS="571" WIDTH="53" HEIGHT="23" CONTENT="The" WC="0.75" CC="700"/>
						<SP ID="P48_SP00109" HPOS="146" VPOS="594" WIDTH="14"/>
						<String ID="P48_ST00126" HPOS="160" VPOS="572" WIDTH="70" HEIGHT="22" CONTENT="shore" WC="0.68" CC="07340"/>
						<SP ID="P48_SP00110" HPOS="230" VPOS="594" WIDTH="14"/>
						<String ID="P48_ST00127" HPOS="244" VPOS="570" WIDTH="27" HEIGHT="24" CONTENT="of" WC="0.74" CC="05"/>
						<SP ID="P48_SP00111" HPOS="271" VPOS="594" WIDTH="16"/>
						<String ID="P48_ST00128" HPOS="287" VPOS="571" WIDTH="40" HEIGHT="23" CONTENT="the" WC="0.82" CC="500"/>
						<SP ID="P48_SP00112" HPOS="327" VPOS="594" WIDTH="18"/>
						<String ID="P48_ST00129" HPOS="345" VPOS="572" WIDTH="77" HEIGHT="22" CONTENT="island" WC="0.76" CC="340060"/>
						<SP ID="P48_SP00113" HPOS="422" VPOS="594" WIDTH="20"/>
						<String ID="P48_ST00130" HPOS="442" VPOS="580" WIDTH="47" HEIGHT="14" CONTENT="was" WC="0.46" CC="906"/>
						<SP ID="P48_SP00114" HPOS="489" VPOS="594" WIDTH="19"/>
						<String ID="P48_ST00131" HPOS="508" VPOS="571" WIDTH="63" HEIGHT="22" CONTENT="lined" WC="0.94" CC="20000"/>
						<SP ID="P48_SP00115" HPOS="571" VPOS="594" WIDTH="22"/>
						<String ID="P48_ST00132" HPOS="593" VPOS="570" WIDTH="55" HEIGHT="22" CONTENT="with" WC="0.77" CC="0045"/>
						<SP ID="P48_SP00116" HPOS="648" VPOS="594" WIDTH="19"/>
						<String ID="P48_ST00133" HPOS="667" VPOS="570" WIDTH="42" HEIGHT="22" CONTENT="the" WC="1.00" CC="000"/>
						<SP ID="P48_SP00117" HPOS="709" VPOS="594" WIDTH="18"/>
						<String ID="P48_ST00134" HPOS="727" VPOS="569" WIDTH="87" HEIGHT="22" CONTENT="hostile" WC="0.65" CC="6630150"/>
						<SP ID="P48_SP00118" HPOS="814" VPOS="594" WIDTH="18"/>
						<String ID="P48_ST00135" HPOS="832" VPOS="577" WIDTH="77" HEIGHT="21" CONTENT="army," WC="0.61" CC="09090"/>
					</TextLine>
					<TextLine ID="P48_TL00016" HPOS="67" VPOS="602" WIDTH="842" HEIGHT="31">
						<String ID="P48_ST00136" HPOS="67" VPOS="606" WIDTH="22" HEIGHT="22" CONTENT="in" WC="0.72" CC="05"/>
						<SP ID="P48_SP00119" HPOS="89" VPOS="628" WIDTH="17"/>
						<String ID="P48_ST00137" HPOS="106" VPOS="605" WIDTH="76" HEIGHT="23" CONTENT="which" WC="0.62" CC="87200"/>
						<SP ID="P48_SP00120" HPOS="182" VPOS="628" WIDTH="16"/>
						<String ID="P48_ST00138" HPOS="198" VPOS="613" WIDTH="60" HEIGHT="15" CONTENT="were" WC="0.87" CC="0500"/>
						<SP ID="P48_SP00121" HPOS="258" VPOS="628" WIDTH="15"/>
						<String ID="P48_ST00139" HPOS="273" VPOS="613" WIDTH="91" HEIGHT="15" CONTENT="women" WC="0.61" CC="93006"/>
						<SP ID="P48_SP00122" HPOS="364" VPOS="628" WIDTH="14"/>
						<String ID="P48_ST00140" HPOS="378" VPOS="605" WIDTH="96" HEIGHT="23" CONTENT="dressed" WC="0.71" CC="0207450"/>
						<SP ID="P48_SP00123" HPOS="474" VPOS="628" WIDTH="14"/>
						<String ID="P48_ST00141" HPOS="488" VPOS="606" WIDTH="23" HEIGHT="21" CONTENT="in" WC="0.98" CC="00"/>
						<SP ID="P48_SP00124" HPOS="511" VPOS="628" WIDTH="21"/>
						<String ID="P48_ST00142" HPOS="532" VPOS="604" WIDTH="57" HEIGHT="23" CONTENT="dark" WC="0.92" CC="0030"/>
						<SP ID="P48_SP00125" HPOS="589" VPOS="628" WIDTH="20"/>
						<String ID="P48_ST00143" HPOS="609" VPOS="604" WIDTH="47" HEIGHT="23" CONTENT="and" WC="0.79" CC="060"/>
						<SP ID="P48_SP00126" HPOS="656" VPOS="628" WIDTH="20"/>
						<String ID="P48_ST00144" HPOS="676" VPOS="602" WIDTH="84" HEIGHT="24" CONTENT="dismal" WC="0.68" CC="708020"/>
						<SP ID="P48_SP00127" HPOS="760" VPOS="628" WIDTH="19"/>
						<String ID="P48_ST00145" HPOS="779" VPOS="607" WIDTH="130" HEIGHT="26" CONTENT="garments," WC="0.77" CC="010034370"/>
					</TextLine>
					<TextLine ID="P48_TL00017" HPOS="66" VPOS="636" WIDTH="844" HEIGHT="33">
						<String ID="P48_ST00146" HPOS="66" VPOS="639" WIDTH="57" HEIGHT="23" CONTENT="with" WC="0.48" CC="9045"/>
						<SP ID="P48_SP00128" HPOS="123" VPOS="662" WIDTH="21"/>
						<String ID="P48_ST00147" HPOS="144" VPOS="639" WIDTH="63" HEIGHT="23" CONTENT="their" WC="0.69" CC="07035"/>
						<SP ID="P48_SP00129" HPOS="207" VPOS="662" WIDTH="22"/>
						<String ID="P48_ST00148" HPOS="229" VPOS="639" WIDTH="51" HEIGHT="22" CONTENT="hair" WC="0.83" CC="1040"/>
						<SP ID="P48_SP00130" HPOS="280" VPOS="662" WIDTH="20"/>
						<String ID="P48_ST00149" HPOS="300" VPOS="640" WIDTH="131" HEIGHT="29" CONTENT="streaming" WC="0.52" CC="663604780"/>
						<SP ID="P48_SP00131" HPOS="431" VPOS="669" WIDTH="21"/>
						<String ID="P48_ST00150" HPOS="452" VPOS="642" WIDTH="24" HEIGHT="20" CONTENT="to" WC="0.86" CC="20"/>
						<SP ID="P48_SP00132" HPOS="476" VPOS="669" WIDTH="22"/>
						<String ID="P48_ST00151" HPOS="498" VPOS="639" WIDTH="40" HEIGHT="22" CONTENT="the" WC="0.76" CC="070"/>
						<SP ID="P48_SP00133" HPOS="538" VPOS="669" WIDTH="22"/>
						<String ID="P48_ST00152" HPOS="560" VPOS="638" WIDTH="70" HEIGHT="25" CONTENT="wind," WC="0.95" CC="02000"/>
						<SP ID="P48_SP00134" HPOS="630" VPOS="669" WIDTH="18"/>
						<String ID="P48_ST00153" HPOS="648" VPOS="638" WIDTH="101" HEIGHT="29" CONTENT="bearing" WC="0.66" CC="0503048"/>
						<SP ID="P48_SP00135" HPOS="749" VPOS="669" WIDTH="20"/>
						<String ID="P48_ST00154" HPOS="769" VPOS="636" WIDTH="96" HEIGHT="23" CONTENT="torches" WC="0.74" CC="0517003"/>
						<SP ID="P48_SP00136" HPOS="865" VPOS="669" WIDTH="21"/>
						<String ID="P48_ST00155" HPOS="886" VPOS="636" WIDTH="24" HEIGHT="22" CONTENT="in" WC="0.70" CC="05"/>
					</TextLine>
					<TextLine ID="P48_TL00018" HPOS="66" VPOS="670" WIDTH="843" HEIGHT="32">
						<String ID="P48_ST00156" HPOS="66" VPOS="673" WIDTH="63" HEIGHT="23" CONTENT="their" WC="0.61" CC="07075"/>
						<SP ID="P48_SP00137" HPOS="129" VPOS="696" WIDTH="15"/>
						<String ID="P48_ST00157" HPOS="144" VPOS="673" WIDTH="82" HEIGHT="26" CONTENT="hands," WC="0.52" CC="746090"/>
						<SP ID="P48_SP00138" HPOS="226" VPOS="699" WIDTH="14"/>
						<String ID="P48_ST00158" HPOS="240" VPOS="673" WIDTH="47" HEIGHT="22" CONTENT="and" WC="0.83" CC="050"/>
						<SP ID="P48_SP00139" HPOS="287" VPOS="699" WIDTH="13"/>
						<String ID="P48_ST00159" HPOS="300" VPOS="674" WIDTH="105" HEIGHT="28" CONTENT="running" WC="0.46" CC="9074069"/>
						<SP ID="P48_SP00140" HPOS="405" VPOS="702" WIDTH="13"/>
						<String ID="P48_ST00160" HPOS="418" VPOS="672" WIDTH="48" HEIGHT="23" CONTENT="like" WC="0.85" CC="0050"/>
						<SP ID="P48_SP00141" HPOS="466" VPOS="702" WIDTH="19"/>
						<String ID="P48_ST00161" HPOS="485" VPOS="672" WIDTH="73" HEIGHT="23" CONTENT="furies" WC="0.85" CC="040003"/>
						<SP ID="P48_SP00142" HPOS="558" VPOS="702" WIDTH="14"/>
						<String ID="P48_ST00162" HPOS="572" VPOS="680" WIDTH="31" HEIGHT="22" CONTENT="up" WC="0.84" CC="30"/>
						<SP ID="P48_SP00143" HPOS="603" VPOS="702" WIDTH="13"/>
						<String ID="P48_ST00163" HPOS="616" VPOS="671" WIDTH="47" HEIGHT="23" CONTENT="and" WC="0.80" CC="050"/>
						<SP ID="P48_SP00144" HPOS="663" VPOS="702" WIDTH="14"/>
						<String ID="P48_ST00164" HPOS="677" VPOS="671" WIDTH="70" HEIGHT="23" CONTENT="down" WC="0.77" CC="0620"/>
						<SP ID="P48_SP00145" HPOS="747" VPOS="702" WIDTH="19"/>
						<String ID="P48_ST00165" HPOS="766" VPOS="670" WIDTH="42" HEIGHT="23" CONTENT="the" WC="0.63" CC="460"/>
						<SP ID="P48_SP00146" HPOS="808" VPOS="702" WIDTH="19"/>
						<String ID="P48_ST00166" HPOS="827" VPOS="670" WIDTH="82" HEIGHT="22" CONTENT="ranks." WC="0.67" CC="606060"/>
					</TextLine>
					<TextLine ID="P48_TL00019" HPOS="67" VPOS="703" WIDTH="842" HEIGHT="32">
						<String ID="P48_ST00167" HPOS="67" VPOS="707" WIDTH="104" HEIGHT="22" CONTENT="Around" WC="0.83" CC="040060"/>
						<SP ID="P48_SP00147" HPOS="171" VPOS="729" WIDTH="13"/>
						<String ID="P48_ST00168" HPOS="184" VPOS="706" WIDTH="69" HEIGHT="23" CONTENT="stood" WC="0.79" CC="60210"/>
						<SP ID="P48_SP00148" HPOS="253" VPOS="729" WIDTH="14"/>
						<String ID="P48_ST00169" HPOS="267" VPOS="707" WIDTH="40" HEIGHT="22" CONTENT="the" WC="0.75" CC="700"/>
						<SP ID="P48_SP00149" HPOS="307" VPOS="729" WIDTH="15"/>
						<String ID="P48_ST00170" HPOS="322" VPOS="706" WIDTH="99" HEIGHT="27" CONTENT="Druids," WC="0.51" CC="0466960"/>
						<SP ID="P48_SP00150" HPOS="421" VPOS="733" WIDTH="14"/>
						<String ID="P48_ST00171" HPOS="435" VPOS="707" WIDTH="56" HEIGHT="22" CONTENT="with" WC="1.00" CC="0000"/>
						<SP ID="P48_SP00151" HPOS="491" VPOS="733" WIDTH="14"/>
						<String ID="P48_ST00172" HPOS="505" VPOS="706" WIDTH="77" HEIGHT="23" CONTENT="hands" WC="0.67" CC="40407"/>
						<SP ID="P48_SP00152" HPOS="582" VPOS="733" WIDTH="16"/>
						<String ID="P48_ST00173" HPOS="598" VPOS="705" WIDTH="87" HEIGHT="30" CONTENT="spread" WC="0.70" CC="650400"/>
						<SP ID="P48_SP00153" HPOS="685" VPOS="735" WIDTH="18"/>
						<String ID="P48_ST00174" HPOS="703" VPOS="709" WIDTH="25" HEIGHT="19" CONTENT="to" WC="1.00" CC="00"/>
						<SP ID="P48_SP00154" HPOS="728" VPOS="735" WIDTH="20"/>
						<String ID="P48_ST00175" HPOS="748" VPOS="704" WIDTH="99" HEIGHT="27" CONTENT="heaven," WC="0.63" CC="5209070"/>
						<SP ID="P48_SP00155" HPOS="847" VPOS="735" WIDTH="15"/>
						<String ID="P48_ST00176" HPOS="862" VPOS="703" WIDTH="47" HEIGHT="23" CONTENT="and" WC="0.57" CC="660"/>
					</TextLine>
					<TextLine ID="P48_TL00020" HPOS="66" VPOS="736" WIDTH="847" HEIGHT="35">
						<String ID="P48_ST00177" HPOS="66" VPOS="740" WIDTH="107" HEIGHT="30" CONTENT="uttering" WC="0.68" CC="42003085"/>
						<SP ID="P48_SP00156" HPOS="173" VPOS="770" WIDTH="15"/>
						<String ID="P48_ST00178" HPOS="188" VPOS="739" WIDTH="110" HEIGHT="23" CONTENT="dreadful" WC="0.60" CC="02609362"/>
						<SP ID="P48_SP00157" HPOS="298" VPOS="770" WIDTH="13"/>
						<String ID="P48_ST00179" HPOS="311" VPOS="747" WIDTH="97" HEIGHT="24" CONTENT="prayers" WC="0.77" CC="0009032"/>
						<SP ID="P48_SP00158" HPOS="408" VPOS="771" WIDTH="13"/>
						<String ID="P48_ST00180" HPOS="421" VPOS="740" WIDTH="47" HEIGHT="22" CONTENT="and" WC="0.79" CC="060"/>
						<SP ID="P48_SP00159" HPOS="468" VPOS="771" WIDTH="17"/>
						<String ID="P48_ST00181" HPOS="485" VPOS="740" WIDTH="180" HEIGHT="30" CONTENT="imprecations." WC="0.85" CC="4002000000441"/>
						<SP ID="P48_SP00160" HPOS="665" VPOS="771" WIDTH="36"/>
						<String ID="P48_ST00182" HPOS="701" VPOS="738" WIDTH="53" HEIGHT="23" CONTENT="The" WC="1.00" CC="000"/>
						<SP ID="P48_SP00161" HPOS="754" VPOS="771" WIDTH="19"/>
						<String ID="P48_ST00183" HPOS="773" VPOS="738" WIDTH="97" HEIGHT="30" CONTENT="novelty" WC="0.80" CC="2400330"/>
						<SP ID="P48_SP00162" HPOS="870" VPOS="771" WIDTH="16"/>
						<String ID="P48_ST00184" HPOS="886" VPOS="736" WIDTH="27" HEIGHT="24" CONTENT="of" WC="1.00" CC="00"/>
					</TextLine>
					<TextLine ID="P48_TL00021" HPOS="66" VPOS="771" WIDTH="844" HEIGHT="33">
						<String ID="P48_ST00185" HPOS="66" VPOS="773" WIDTH="41" HEIGHT="23" CONTENT="the" WC="0.95" CC="010"/>
						<SP ID="P48_SP00163" HPOS="107" VPOS="796" WIDTH="13"/>
						<String ID="P48_ST00186" HPOS="120" VPOS="774" WIDTH="64" HEIGHT="30" CONTENT="sight" WC="0.78" CC="70003"/>
						<SP ID="P48_SP00164" HPOS="184" VPOS="804" WIDTH="12"/>
						<String ID="P48_ST00187" HPOS="196" VPOS="773" WIDTH="84" HEIGHT="23" CONTENT="struck" WC="0.75" CC="660200"/>
						<SP ID="P48_SP00165" HPOS="280" VPOS="804" WIDTH="13"/>
						<String ID="P48_ST00188" HPOS="293" VPOS="781" WIDTH="45" HEIGHT="15" CONTENT="our" WC="0.84" CC="103"/>
						<SP ID="P48_SP00166" HPOS="338" VPOS="804" WIDTH="12"/>
						<String ID="P48_ST00189" HPOS="350" VPOS="773" WIDTH="99" HEIGHT="23" CONTENT="soldiers" WC="0.67" CC="50006346"/>
						<SP ID="P48_SP00167" HPOS="449" VPOS="804" WIDTH="13"/>
						<String ID="P48_ST00190" HPOS="462" VPOS="773" WIDTH="58" HEIGHT="23" CONTENT="with" WC="0.58" CC="9006"/>
						<SP ID="P48_SP00168" HPOS="520" VPOS="804" WIDTH="19"/>
						<String ID="P48_ST00191" HPOS="539" VPOS="773" WIDTH="100" HEIGHT="30" CONTENT="dismay," WC="0.73" CC="0256400"/>
						<SP ID="P48_SP00169" HPOS="639" VPOS="804" WIDTH="14"/>
						<String ID="P48_ST00192" HPOS="653" VPOS="780" WIDTH="26" HEIGHT="15" CONTENT="so" WC="0.70" CC="50"/>
						<SP ID="P48_SP00170" HPOS="679" VPOS="804" WIDTH="19"/>
						<String ID="P48_ST00193" HPOS="698" VPOS="773" WIDTH="53" HEIGHT="22" CONTENT="that" WC="0.84" CC="0600"/>
						<SP ID="P48_SP00171" HPOS="751" VPOS="804" WIDTH="18"/>
						<String ID="P48_ST00194" HPOS="769" VPOS="772" WIDTH="57" HEIGHT="30" CONTENT="they" WC="0.81" CC="0700"/>
						<SP ID="P48_SP00172" HPOS="826" VPOS="804" WIDTH="14"/>
						<String ID="P48_ST00195" HPOS="840" VPOS="771" WIDTH="70" HEIGHT="23" CONTENT="stood" WC="0.59" CC="44560"/>
					</TextLine>
					<TextLine ID="P48_TL00022" HPOS="65" VPOS="805" WIDTH="845" HEIGHT="33">
						<String ID="P48_ST00196" HPOS="65" VPOS="815" WIDTH="25" HEIGHT="15" CONTENT="as" WC="0.64" CC="07"/>
						<SP ID="P48_SP00173" HPOS="90" VPOS="830" WIDTH="18"/>
						<String ID="P48_ST00197" HPOS="108" VPOS="807" WIDTH="21" HEIGHT="22" CONTENT="if" WC="1.00" CC="00"/>
						<SP ID="P48_SP00174" HPOS="129" VPOS="830" WIDTH="16"/>
						<String ID="P48_ST00198" HPOS="145" VPOS="807" WIDTH="120" HEIGHT="31" CONTENT="petrified," WC="0.88" CC="0443000000"/>
						<SP ID="P48_SP00175" HPOS="265" VPOS="838" WIDTH="19"/>
						<String ID="P48_ST00199" HPOS="284" VPOS="815" WIDTH="14" HEIGHT="14" CONTENT="a" WC="0.64" CC="3"/>
						<SP ID="P48_SP00176" HPOS="298" VPOS="838" WIDTH="18"/>
						<String ID="P48_ST00200" HPOS="316" VPOS="807" WIDTH="67" HEIGHT="22" CONTENT="mark" WC="0.88" CC="0040"/>
						<SP ID="P48_SP00177" HPOS="383" VPOS="838" WIDTH="22"/>
						<String ID="P48_ST00201" HPOS="405" VPOS="807" WIDTH="36" HEIGHT="22" CONTENT="for" WC="0.85" CC="102"/>
						<SP ID="P48_SP00178" HPOS="441" VPOS="838" WIDTH="19"/>
						<String ID="P48_ST00202" HPOS="460" VPOS="807" WIDTH="40" HEIGHT="22" CONTENT="the" WC="0.88" CC="300"/>
						<SP ID="P48_SP00179" HPOS="500" VPOS="838" WIDTH="22"/>
						<String ID="P48_ST00203" HPOS="522" VPOS="806" WIDTH="107" HEIGHT="30" CONTENT="enemy's" WC="0.78" CC="0305005"/>
						<SP ID="P48_SP00180" HPOS="629" VPOS="838" WIDTH="17"/>
						<String ID="P48_ST00204" HPOS="646" VPOS="806" WIDTH="73" HEIGHT="23" CONTENT="darts." WC="0.92" CC="001030"/>
						<SP ID="P48_SP00181" HPOS="719" VPOS="838" WIDTH="44"/>
						<String ID="P48_ST00205" HPOS="763" VPOS="806" WIDTH="35" HEIGHT="23" CONTENT="At" WC="1.00" CC="00"/>
						<SP ID="P48_SP00182" HPOS="798" VPOS="838" WIDTH="18"/>
						<String ID="P48_ST00206" HPOS="816" VPOS="805" WIDTH="94" HEIGHT="31" CONTENT="length," WC="0.67" CC="6018070"/>
					</TextLine>
					<TextLine ID="P48_TL00023" HPOS="66" VPOS="834" WIDTH="844" HEIGHT="37">
						<String ID="P48_ST00207" HPOS="66" VPOS="840" WIDTH="123" HEIGHT="23" CONTENT="animated" WC="0.81" CC="07400300"/>
						<SP ID="P48_SP00183" HPOS="189" VPOS="863" WIDTH="26"/>
						<String ID="P48_ST00208" HPOS="215" VPOS="840" WIDTH="34" HEIGHT="31" CONTENT="by" WC="0.50" CC="09"/>
						<SP ID="P48_SP00184" HPOS="249" VPOS="871" WIDTH="24"/>
						<String ID="P48_ST00209" HPOS="273" VPOS="840" WIDTH="40" HEIGHT="23" CONTENT="the" WC="0.79" CC="060"/>
						<SP ID="P48_SP00185" HPOS="313" VPOS="871" WIDTH="31"/>
						<String ID="P48_ST00210" HPOS="344" VPOS="841" WIDTH="165" HEIGHT="22" CONTENT="exhortations" WC="0.85" CC="007000000045"/>
						<SP ID="P48_SP00186" HPOS="509" VPOS="871" WIDTH="23"/>
						<String ID="P48_ST00211" HPOS="532" VPOS="840" WIDTH="28" HEIGHT="23" CONTENT="of" WC="0.96" CC="00"/>
						<SP ID="P48_SP00187" HPOS="560" VPOS="871" WIDTH="21"/>
						<String ID="P48_ST00212" HPOS="581" VPOS="834" WIDTH="62" HEIGHT="28" CONTENT="their" WC="0.68" CC="07305"/>
						<SP ID="P48_SP00188" HPOS="643" VPOS="871" WIDTH="24"/>
						<String ID="P48_ST00213" HPOS="667" VPOS="839" WIDTH="108" HEIGHT="31" CONTENT="general," WC="0.80" CC="00405050"/>
						<SP ID="P48_SP00189" HPOS="775" VPOS="871" WIDTH="24"/>
						<String ID="P48_ST00214" HPOS="799" VPOS="840" WIDTH="48" HEIGHT="22" CONTENT="and" WC="0.64" CC="900"/>
						<SP ID="P48_SP00190" HPOS="847" VPOS="871" WIDTH="22"/>
						<String ID="P48_ST00215" HPOS="869" VPOS="846" WIDTH="41" HEIGHT="16" CONTENT="en" SUBS_TYPE="HypPart1" SUBS_CONTENT="encouraging" WC="0.80" CC="050"/>
						<HYP CONTENT="-"/>
					</TextLine>
					<TextLine ID="P48_TL00024" HPOS="67" VPOS="873" WIDTH="845" HEIGHT="32">
						<String ID="P48_ST00216" HPOS="67" VPOS="874" WIDTH="134" HEIGHT="31" CONTENT="couraging" SUBS_TYPE="HypPart2" SUBS_CONTENT="encouraging" WC="0.84" CC="400000270"/>
						<SP ID="P48_SP00191" HPOS="201" VPOS="905" WIDTH="18"/>
						<String ID="P48_ST00217" HPOS="219" VPOS="882" WIDTH="46" HEIGHT="15" CONTENT="one" WC="0.88" CC="300"/>
						<SP ID="P48_SP00192" HPOS="265" VPOS="905" WIDTH="19"/>
						<String ID="P48_ST00218" HPOS="284" VPOS="874" WIDTH="102" HEIGHT="23" CONTENT="another" WC="0.62" CC="7105406"/>
						<SP ID="P48_SP00193" HPOS="386" VPOS="905" WIDTH="18"/>
						<String ID="P48_ST00219" HPOS="404" VPOS="878" WIDTH="42" HEIGHT="19" CONTENT="not" WC="0.90" CC="030"/>
						<SP ID="P48_SP00194" HPOS="446" VPOS="905" WIDTH="18"/>
						<String ID="P48_ST00220" HPOS="464" VPOS="878" WIDTH="25" HEIGHT="19" CONTENT="to" WC="0.69" CC="06"/>
						<SP ID="P48_SP00195" HPOS="489" VPOS="905" WIDTH="19"/>
						<String ID="P48_ST00221" HPOS="508" VPOS="873" WIDTH="51" HEIGHT="24" CONTENT="fear" WC="0.73" CC="0306"/>
						<SP ID="P48_SP00196" HPOS="559" VPOS="905" WIDTH="18"/>
						<String ID="P48_ST00222" HPOS="577" VPOS="882" WIDTH="30" HEIGHT="14" CONTENT="an" WC="0.33" CC="48"/>
						<SP ID="P48_SP00197" HPOS="607" VPOS="905" WIDTH="20"/>
						<String ID="P48_ST00223" HPOS="627" VPOS="881" WIDTH="68" HEIGHT="23" CONTENT="army" WC="0.78" CC="0440"/>
						<SP ID="P48_SP00198" HPOS="695" VPOS="905" WIDTH="14"/>
						<String ID="P48_ST00224" HPOS="709" VPOS="873" WIDTH="27" HEIGHT="23" CONTENT="of" WC="0.50" CC="09"/>
						<SP ID="P48_SP00199" HPOS="736" VPOS="905" WIDTH="17"/>
						<String ID="P48_ST00225" HPOS="753" VPOS="881" WIDTH="91" HEIGHT="14" CONTENT="women" WC="0.58" CC="90028"/>
						<SP ID="P48_SP00200" HPOS="844" VPOS="905" WIDTH="20"/>
						<String ID="P48_ST00226" HPOS="864" VPOS="873" WIDTH="48" HEIGHT="22" CONTENT="and" WC="0.78" CC="060"/>
					</TextLine>
					<TextLine ID="P48_TL00025" HPOS="66" VPOS="906" WIDTH="846" HEIGHT="33">
						<String ID="P48_ST00227" HPOS="66" VPOS="907" WIDTH="110" HEIGHT="28" CONTENT="fanatics," WC="0.80" CC="003042240"/>
						<SP ID="P48_SP00201" HPOS="176" VPOS="935" WIDTH="10"/>
						<String ID="P48_ST00228" HPOS="186" VPOS="908" WIDTH="57" HEIGHT="30" CONTENT="they" WC="1.00" CC="0000"/>
						<SP ID="P48_SP00202" HPOS="243" VPOS="938" WIDTH="10"/>
						<String ID="P48_ST00229" HPOS="253" VPOS="908" WIDTH="125" HEIGHT="23" CONTENT="advanced" WC="0.71" CC="00906050"/>
						<SP ID="P48_SP00203" HPOS="378" VPOS="938" WIDTH="15"/>
						<String ID="P48_ST00230" HPOS="393" VPOS="916" WIDTH="62" HEIGHT="23" CONTENT="upon" WC="0.46" CC="3575"/>
						<SP ID="P48_SP00204" HPOS="455" VPOS="939" WIDTH="15"/>
						<String ID="P48_ST00231" HPOS="470" VPOS="908" WIDTH="40" HEIGHT="23" CONTENT="the" WC="0.90" CC="020"/>
						<SP ID="P48_SP00205" HPOS="510" VPOS="939" WIDTH="14"/>
						<String ID="P48_ST00232" HPOS="524" VPOS="916" WIDTH="95" HEIGHT="22" CONTENT="enemy," WC="0.83" CC="006201"/>
						<SP ID="P48_SP00206" HPOS="619" VPOS="939" WIDTH="9"/>
						<String ID="P48_ST00233" HPOS="628" VPOS="907" WIDTH="59" HEIGHT="23" CONTENT="bore" WC="0.91" CC="2000"/>
						<SP ID="P48_SP00207" HPOS="687" VPOS="939" WIDTH="13"/>
						<String ID="P48_ST00234" HPOS="700" VPOS="907" WIDTH="70" HEIGHT="23" CONTENT="down" WC="0.66" CC="0093"/>
						<SP ID="P48_SP00208" HPOS="770" VPOS="939" WIDTH="14"/>
						<String ID="P48_ST00235" HPOS="784" VPOS="906" WIDTH="30" HEIGHT="23" CONTENT="all" WC="1.00" CC="000"/>
						<SP ID="P48_SP00209" HPOS="814" VPOS="939" WIDTH="14"/>
						<String ID="P48_ST00236" HPOS="828" VPOS="906" WIDTH="84" HEIGHT="23" CONTENT="before" WC="0.75" CC="500620"/>
					</TextLine>
					<TextLine ID="P48_TL00026" HPOS="66" VPOS="939" WIDTH="848" HEIGHT="32">
						<String ID="P48_ST00237" HPOS="66" VPOS="942" WIDTH="74" HEIGHT="26" CONTENT="them," WC="0.91" CC="04000"/>
						<SP ID="P48_SP00210" HPOS="140" VPOS="968" WIDTH="15"/>
						<String ID="P48_ST00238" HPOS="155" VPOS="942" WIDTH="46" HEIGHT="22" CONTENT="and" WC="0.77" CC="060"/>
						<SP ID="P48_SP00211" HPOS="201" VPOS="968" WIDTH="15"/>
						<String ID="P48_ST00239" HPOS="216" VPOS="942" WIDTH="112" HEIGHT="22" CONTENT="involved" WC="0.79" CC="02057000"/>
						<SP ID="P48_SP00212" HPOS="328" VPOS="968" WIDTH="13"/>
						<String ID="P48_ST00240" HPOS="341" VPOS="942" WIDTH="66" HEIGHT="22" CONTENT="them" WC="0.95" CC="0002"/>
						<SP ID="P48_SP00213" HPOS="407" VPOS="968" WIDTH="13"/>
						<String ID="P48_ST00241" HPOS="420" VPOS="942" WIDTH="23" HEIGHT="22" CONTENT="in" WC="0.31" CC="66"/>
						<SP ID="P48_SP00214" HPOS="443" VPOS="968" WIDTH="19"/>
						<String ID="P48_ST00242" HPOS="462" VPOS="942" WIDTH="64" HEIGHT="22" CONTENT="their" WC="0.76" CC="05041"/>
						<SP ID="P48_SP00215" HPOS="526" VPOS="968" WIDTH="17"/>
						<String ID="P48_ST00243" HPOS="543" VPOS="950" WIDTH="52" HEIGHT="14" CONTENT="own" WC="0.71" CC="403"/>
						<SP ID="P48_SP00216" HPOS="595" VPOS="968" WIDTH="20"/>
						<String ID="P48_ST00244" HPOS="615" VPOS="941" WIDTH="63" HEIGHT="22" CONTENT="fires." WC="0.89" CC="000023"/>
						<SP ID="P48_SP00217" HPOS="678" VPOS="968" WIDTH="36"/>
						<String ID="P48_ST00245" HPOS="714" VPOS="940" WIDTH="55" HEIGHT="23" CONTENT="The" WC="0.91" CC="020"/>
						<SP ID="P48_SP00218" HPOS="769" VPOS="968" WIDTH="17"/>
						<String ID="P48_ST00246" HPOS="786" VPOS="945" WIDTH="83" HEIGHT="26" CONTENT="troops" WC="0.83" CC="201005"/>
						<SP ID="P48_SP00219" HPOS="869" VPOS="971" WIDTH="18"/>
						<String ID="P48_ST00247" HPOS="887" VPOS="939" WIDTH="27" HEIGHT="23" CONTENT="of" WC="0.84" CC="30"/>
					</TextLine>
					<TextLine ID="P48_TL00027" HPOS="67" VPOS="973" WIDTH="845" HEIGHT="33">
						<String ID="P48_ST00248" HPOS="67" VPOS="976" WIDTH="40" HEIGHT="22" CONTENT="the" WC="0.82" CC="040"/>
						<SP ID="P48_SP00220" HPOS="107" VPOS="998" WIDTH="14"/>
						<String ID="P48_ST00249" HPOS="121" VPOS="983" WIDTH="86" HEIGHT="22" CONTENT="enemy" WC="0.70" CC="06070"/>
						<SP ID="P48_SP00221" HPOS="207" VPOS="1005" WIDTH="14"/>
						<String ID="P48_ST00250" HPOS="221" VPOS="983" WIDTH="62" HEIGHT="15" CONTENT="were" WC="1.00" CC="0000"/>
						<SP ID="P48_SP00222" HPOS="283" VPOS="1005" WIDTH="13"/>
						<String ID="P48_ST00251" HPOS="296" VPOS="975" WIDTH="144" HEIGHT="31" CONTENT="completely" WC="0.83" CC="0460000500"/>
						<SP ID="P48_SP00223" HPOS="440" VPOS="1006" WIDTH="14"/>
						<String ID="P48_ST00252" HPOS="454" VPOS="975" WIDTH="119" HEIGHT="27" CONTENT="defeated," WC="0.95" CC="001300000"/>
						<SP ID="P48_SP00224" HPOS="573" VPOS="1006" WIDTH="14"/>
						<String ID="P48_ST00253" HPOS="587" VPOS="983" WIDTH="15" HEIGHT="15" CONTENT="a" WC="1.00" CC="0"/>
						<SP ID="P48_SP00225" HPOS="602" VPOS="1006" WIDTH="12"/>
						<String ID="P48_ST00254" HPOS="614" VPOS="975" WIDTH="107" HEIGHT="30" CONTENT="garrison" WC="0.78" CC="90010050"/>
						<SP ID="P48_SP00226" HPOS="721" VPOS="1006" WIDTH="15"/>
						<String ID="P48_ST00255" HPOS="736" VPOS="974" WIDTH="86" HEIGHT="31" CONTENT="placed" WC="1.00" CC="000000"/>
						<SP ID="P48_SP00227" HPOS="822" VPOS="1006" WIDTH="12"/>
						<String ID="P48_ST00256" HPOS="834" VPOS="975" WIDTH="22" HEIGHT="21" CONTENT="in" WC="0.63" CC="07"/>
						<SP ID="P48_SP00228" HPOS="856" VPOS="1006" WIDTH="14"/>
						<String ID="P48_ST00257" HPOS="870" VPOS="973" WIDTH="42" HEIGHT="24" CONTENT="the" WC="0.77" CC="060"/>
					</TextLine>
					<TextLine ID="P48_TL00028" HPOS="66" VPOS="1008" WIDTH="846" HEIGHT="31">
						<String ID="P48_ST00258" HPOS="66" VPOS="1009" WIDTH="77" HEIGHT="23" CONTENT="island" WC="0.59" CC="061088"/>
						<SP ID="P48_SP00229" HPOS="143" VPOS="1032" WIDTH="10"/>
						<String ID="P48_ST00259" HPOS="153" VPOS="1019" WIDTH="4" HEIGHT="14" CONTENT=";" WC="1.00" CC="0"/>
						<SP ID="P48_SP00230" HPOS="157" VPOS="1033" WIDTH="16"/>
						<String ID="P48_ST00260" HPOS="173" VPOS="1009" WIDTH="48" HEIGHT="22" CONTENT="and" WC="0.76" CC="070"/>
						<SP ID="P48_SP00231" HPOS="221" VPOS="1033" WIDTH="13"/>
						<String ID="P48_ST00261" HPOS="234" VPOS="1009" WIDTH="40" HEIGHT="22" CONTENT="the" WC="0.95" CC="010"/>
						<SP ID="P48_SP00232" HPOS="274" VPOS="1033" WIDTH="11"/>
						<String ID="P48_ST00262" HPOS="285" VPOS="1016" WIDTH="96" HEIGHT="23" CONTENT="groves," WC="0.66" CC="7303072"/>
						<SP ID="P48_SP00233" HPOS="381" VPOS="1039" WIDTH="10"/>
						<String ID="P48_ST00263" HPOS="391" VPOS="1009" WIDTH="77" HEIGHT="23" CONTENT="which" WC="0.62" CC="07407"/>
						<SP ID="P48_SP00234" HPOS="468" VPOS="1039" WIDTH="12"/>
						<String ID="P48_ST00264" HPOS="480" VPOS="1009" WIDTH="47" HEIGHT="22" CONTENT="had" WC="0.85" CC="040"/>
						<SP ID="P48_SP00235" HPOS="527" VPOS="1039" WIDTH="11"/>
						<String ID="P48_ST00265" HPOS="538" VPOS="1009" WIDTH="60" HEIGHT="22" CONTENT="been" WC="0.62" CC="3604"/>
						<SP ID="P48_SP00236" HPOS="598" VPOS="1039" WIDTH="12"/>
						<String ID="P48_ST00266" HPOS="610" VPOS="1009" WIDTH="41" HEIGHT="22" CONTENT="the" WC="0.66" CC="450"/>
						<SP ID="P48_SP00237" HPOS="651" VPOS="1039" WIDTH="10"/>
						<String ID="P48_ST00267" HPOS="661" VPOS="1008" WIDTH="157" HEIGHT="23" CONTENT="consecrated" WC="0.90" CC="01000030500"/>
						<SP ID="P48_SP00238" HPOS="818" VPOS="1039" WIDTH="9"/>
						<String ID="P48_ST00268" HPOS="827" VPOS="1015" WIDTH="85" HEIGHT="15" CONTENT="scenes" WC="0.79" CC="500600"/>
					</TextLine>
					<TextLine ID="P48_TL00029" HPOS="67" VPOS="1041" WIDTH="845" HEIGHT="31">
						<String ID="P48_ST00269" HPOS="67" VPOS="1042" WIDTH="27" HEIGHT="23" CONTENT="of" WC="1.00" CC="00"/>
						<SP ID="P48_SP00239" HPOS="94" VPOS="1065" WIDTH="14"/>
						<String ID="P48_ST00270" HPOS="108" VPOS="1042" WIDTH="41" HEIGHT="23" CONTENT="the" WC="0.70" CC="071"/>
						<SP ID="P48_SP00240" HPOS="149" VPOS="1065" WIDTH="19"/>
						<String ID="P48_ST00271" HPOS="168" VPOS="1045" WIDTH="62" HEIGHT="20" CONTENT="most" WC="0.28" CC="9394"/>
						<SP ID="P48_SP00241" HPOS="230" VPOS="1065" WIDTH="20"/>
						<String ID="P48_ST00272" HPOS="250" VPOS="1042" WIDTH="132" HEIGHT="22" CONTENT="barbarous" WC="0.70" CC="203500446"/>
						<SP ID="P48_SP00242" HPOS="382" VPOS="1065" WIDTH="19"/>
						<String ID="P48_ST00273" HPOS="401" VPOS="1043" WIDTH="175" HEIGHT="29" CONTENT="superstitions," WC="0.74" CC="60006400241044"/>
						<SP ID="P48_SP00243" HPOS="576" VPOS="1072" WIDTH="15"/>
						<String ID="P48_ST00274" HPOS="591" VPOS="1050" WIDTH="62" HEIGHT="14" CONTENT="were" WC="1.00" CC="0000"/>
						<SP ID="P48_SP00244" HPOS="653" VPOS="1072" WIDTH="20"/>
						<String ID="P48_ST00275" HPOS="673" VPOS="1041" WIDTH="102" HEIGHT="23" CONTENT="levelled" WC="0.95" CC="00000300"/>
						<SP ID="P48_SP00245" HPOS="775" VPOS="1072" WIDTH="18"/>
						<String ID="P48_ST00276" HPOS="793" VPOS="1041" WIDTH="58" HEIGHT="22" CONTENT="with" WC="0.77" CC="0440"/>
						<SP ID="P48_SP00246" HPOS="851" VPOS="1072" WIDTH="19"/>
						<String ID="P48_ST00277" HPOS="870" VPOS="1041" WIDTH="42" HEIGHT="23" CONTENT="the" WC="0.75" CC="070"/>
					</TextLine>
					<TextLine ID="P48_TL00030" HPOS="67" VPOS="1074" WIDTH="845" HEIGHT="31">
						<String ID="P48_ST00278" HPOS="67" VPOS="1075" WIDTH="103" HEIGHT="30" CONTENT="ground." WC="0.60" CC="0708650"/>
						<SP ID="P48_SP00247" HPOS="170" VPOS="1105" WIDTH="37"/>
						<String ID="P48_ST00279" HPOS="207" VPOS="1075" WIDTH="24" HEIGHT="23" CONTENT="It" WC="1.00" CC="00"/>
						<SP ID="P48_SP00248" HPOS="231" VPOS="1105" WIDTH="14"/>
						<String ID="P48_ST00280" HPOS="245" VPOS="1075" WIDTH="46" HEIGHT="23" CONTENT="had" WC="0.96" CC="100"/>
						<SP ID="P48_SP00249" HPOS="291" VPOS="1105" WIDTH="15"/>
						<String ID="P48_ST00281" HPOS="306" VPOS="1076" WIDTH="60" HEIGHT="22" CONTENT="been" WC="0.76" CC="3005"/>
						<SP ID="P48_SP00250" HPOS="366" VPOS="1105" WIDTH="15"/>
						<String ID="P48_ST00282" HPOS="381" VPOS="1075" WIDTH="62" HEIGHT="23" CONTENT="their" WC="0.80" CC="50003"/>
						<SP ID="P48_SP00251" HPOS="443" VPOS="1105" WIDTH="12"/>
						<String ID="P48_ST00283" HPOS="455" VPOS="1076" WIDTH="105" HEIGHT="29" CONTENT="practice" WC="0.77" CC="05040016"/>
						<SP ID="P48_SP00252" HPOS="560" VPOS="1105" WIDTH="13"/>
						<String ID="P48_ST00284" HPOS="573" VPOS="1078" WIDTH="25" HEIGHT="20" CONTENT="to" WC="1.00" CC="00"/>
						<SP ID="P48_SP00253" HPOS="598" VPOS="1105" WIDTH="13"/>
						<String ID="P48_ST00285" HPOS="611" VPOS="1075" WIDTH="109" HEIGHT="23" CONTENT="sacrifice" WC="0.84" CC="600400020"/>
						<SP ID="P48_SP00254" HPOS="720" VPOS="1105" WIDTH="20"/>
						<String ID="P48_ST00286" HPOS="740" VPOS="1083" WIDTH="30" HEIGHT="14" CONTENT="on" WC="0.65" CC="06"/>
						<SP ID="P48_SP00255" HPOS="770" VPOS="1105" WIDTH="14"/>
						<String ID="P48_ST00287" HPOS="784" VPOS="1075" WIDTH="41" HEIGHT="23" CONTENT="the" WC="0.71" CC="026"/>
						<SP ID="P48_SP00256" HPOS="825" VPOS="1105" WIDTH="13"/>
						<String ID="P48_ST00288" HPOS="838" VPOS="1074" WIDTH="74" HEIGHT="24" CONTENT="altars" WC="0.55" CC="907037"/>
					</TextLine>
					<TextLine ID="P48_TL00031" HPOS="67" VPOS="1108" WIDTH="846" HEIGHT="31">
						<String ID="P48_ST00289" HPOS="67" VPOS="1109" WIDTH="121" HEIGHT="30" CONTENT="prisoners" WC="0.71" CC="000633606"/>
						<SP ID="P48_SP00257" HPOS="188" VPOS="1139" WIDTH="18"/>
						<String ID="P48_ST00290" HPOS="206" VPOS="1108" WIDTH="72" HEIGHT="23" CONTENT="taken" WC="0.90" CC="00040"/>
						<SP ID="P48_SP00258" HPOS="278" VPOS="1139" WIDTH="20"/>
						<String ID="P48_ST00291" HPOS="298" VPOS="1109" WIDTH="23" HEIGHT="22" CONTENT="in" WC="0.62" CC="07"/>
						<SP ID="P48_SP00259" HPOS="321" VPOS="1139" WIDTH="18"/>
						<String ID="P48_ST00292" HPOS="339" VPOS="1116" WIDTH="55" HEIGHT="21" CONTENT="war," WC="0.95" CC="0001"/>
						<SP ID="P48_SP00260" HPOS="394" VPOS="1139" WIDTH="14"/>
						<String ID="P48_ST00293" HPOS="408" VPOS="1109" WIDTH="47" HEIGHT="23" CONTENT="and" WC="0.75" CC="070"/>
						<SP ID="P48_SP00261" HPOS="455" VPOS="1139" WIDTH="19"/>
						<String ID="P48_ST00294" HPOS="474" VPOS="1112" WIDTH="25" HEIGHT="20" CONTENT="to" WC="0.92" CC="10"/>
						<SP ID="P48_SP00262" HPOS="499" VPOS="1139" WIDTH="18"/>
						<String ID="P48_ST00295" HPOS="517" VPOS="1109" WIDTH="81" HEIGHT="23" CONTENT="divine" WC="0.88" CC="040020"/>
						<SP ID="P48_SP00263" HPOS="598" VPOS="1139" WIDTH="18"/>
						<String ID="P48_ST00296" HPOS="616" VPOS="1109" WIDTH="41" HEIGHT="22" CONTENT="the" WC="1.00" CC="000"/>
						<SP ID="P48_SP00264" HPOS="657" VPOS="1139" WIDTH="19"/>
						<String ID="P48_ST00297" HPOS="676" VPOS="1109" WIDTH="110" HEIGHT="29" CONTENT="pleasure" WC="0.83" CC="00002450"/>
						<SP ID="P48_SP00265" HPOS="786" VPOS="1139" WIDTH="20"/>
						<String ID="P48_ST00298" HPOS="806" VPOS="1108" WIDTH="28" HEIGHT="23" CONTENT="of" WC="0.80" CC="30"/>
						<SP ID="P48_SP00266" HPOS="834" VPOS="1139" WIDTH="15"/>
						<String ID="P48_ST00299" HPOS="849" VPOS="1109" WIDTH="64" HEIGHT="22" CONTENT="their" WC="0.75" CC="07004"/>
					</TextLine>
					<TextLine ID="P48_TL00032" HPOS="67" VPOS="1141" WIDTH="846" HEIGHT="32">
						<String ID="P48_ST00300" HPOS="67" VPOS="1143" WIDTH="60" HEIGHT="30" CONTENT="gods" WC="0.58" CC="9303"/>
						<SP ID="P48_SP00267" HPOS="127" VPOS="1173" WIDTH="25"/>
						<String ID="P48_ST00301" HPOS="152" VPOS="1143" WIDTH="32" HEIGHT="30" CONTENT="by" WC="1.00" CC="00"/>
						<SP ID="P48_SP00268" HPOS="184" VPOS="1173" WIDTH="22"/>
						<String ID="P48_ST00302" HPOS="206" VPOS="1143" WIDTH="135" HEIGHT="29" CONTENT="inspecting" WC="0.91" CC="0060000010"/>
						<SP ID="P48_SP00269" HPOS="341" VPOS="1173" WIDTH="26"/>
						<String ID="P48_ST00303" HPOS="367" VPOS="1143" WIDTH="89" HEIGHT="22" CONTENT="human" WC="0.68" CC="26006"/>
						<SP ID="P48_SP00270" HPOS="456" VPOS="1173" WIDTH="25"/>
						<String ID="P48_ST00304" HPOS="481" VPOS="1141" WIDTH="136" HEIGHT="25" CONTENT='entrails."*' WC="0.70" CC="07730006070"/>
						<SP ID="P48_SP00271" HPOS="617" VPOS="1173" WIDTH="39"/>
						<String ID="P48_ST00305" HPOS="656" VPOS="1143" WIDTH="36" HEIGHT="22" CONTENT="As" WC="0.88" CC="02"/>
						<SP ID="P48_SP00272" HPOS="692" VPOS="1173" WIDTH="24"/>
						<String ID="P48_ST00306" HPOS="716" VPOS="1146" WIDTH="25" HEIGHT="19" CONTENT="to" WC="1.00" CC="00"/>
						<SP ID="P48_SP00273" HPOS="741" VPOS="1173" WIDTH="22"/>
						<String ID="P48_ST00307" HPOS="763" VPOS="1143" WIDTH="40" HEIGHT="22" CONTENT="the" WC="0.87" CC="030"/>
						<SP ID="P48_SP00274" HPOS="803" VPOS="1173" WIDTH="21"/>
						<String ID="P48_ST00308" HPOS="824" VPOS="1143" WIDTH="89" HEIGHT="30" CONTENT="stigma" WC="0.70" CC="704042"/>
					</TextLine>
					<TextLine ID="P48_TL00033" HPOS="67" VPOS="1175" WIDTH="844" HEIGHT="30">
						<String ID="P48_ST00309" HPOS="67" VPOS="1175" WIDTH="132" HEIGHT="30" CONTENT="attempted" WC="0.82" CC="832000100"/>
						<SP ID="P48_SP00275" HPOS="199" VPOS="1205" WIDTH="19"/>
						<String ID="P48_ST00310" HPOS="218" VPOS="1179" WIDTH="25" HEIGHT="20" CONTENT="to" WC="1.00" CC="00"/>
						<SP ID="P48_SP00276" HPOS="243" VPOS="1205" WIDTH="19"/>
						<String ID="P48_ST00311" HPOS="262" VPOS="1176" WIDTH="29" HEIGHT="23" CONTENT="be" WC="0.94" CC="10"/>
						<SP ID="P48_SP00277" HPOS="291" VPOS="1205" WIDTH="20"/>
						<String ID="P48_ST00312" HPOS="311" VPOS="1177" WIDTH="91" HEIGHT="22" CONTENT="thrown" WC="0.68" CC="405207"/>
						<SP ID="P48_SP00278" HPOS="402" VPOS="1205" WIDTH="20"/>
						<String ID="P48_ST00313" HPOS="422" VPOS="1183" WIDTH="30" HEIGHT="16" CONTENT="on" WC="0.55" CC="34"/>
						<SP ID="P48_SP00279" HPOS="452" VPOS="1205" WIDTH="22"/>
						<String ID="P48_ST00314" HPOS="474" VPOS="1176" WIDTH="110" HEIGHT="23" CONTENT="Bardism" WC="0.75" CC="3040090"/>
						<SP ID="P48_SP00280" HPOS="584" VPOS="1205" WIDTH="18"/>
						<String ID="P48_ST00315" HPOS="602" VPOS="1177" WIDTH="23" HEIGHT="22" CONTENT="in" WC="0.91" CC="01"/>
						<SP ID="P48_SP00281" HPOS="625" VPOS="1205" WIDTH="14"/>
						<String ID="P48_ST00316" HPOS="639" VPOS="1176" WIDTH="41" HEIGHT="23" CONTENT="the" WC="0.80" CC="050"/>
						<SP ID="P48_SP00282" HPOS="680" VPOS="1205" WIDTH="12"/>
						<String ID="P48_ST00317" HPOS="692" VPOS="1176" WIDTH="45" HEIGHT="23" CONTENT="last" WC="0.69" CC="5060"/>
						<SP ID="P48_SP00283" HPOS="737" VPOS="1205" WIDTH="13"/>
						<String ID="P48_ST00318" HPOS="750" VPOS="1182" WIDTH="124" HEIGHT="22" CONTENT="sentence," WC="0.77" CC="906003000"/>
						<SP ID="P48_SP00284" HPOS="874" VPOS="1205" WIDTH="15"/>
						<String ID="P48_ST00319" HPOS="889" VPOS="1177" WIDTH="22" HEIGHT="22" CONTENT="in" WC="0.50" CC="63"/>
					</TextLine>
					<TextLine ID="P48_TL00034" HPOS="68" VPOS="1209" WIDTH="845" HEIGHT="32">
						<String ID="P48_ST00320" HPOS="68" VPOS="1210" WIDTH="108" HEIGHT="23" CONTENT="addition" WC="0.73" CC="90003060"/>
						<SP ID="P48_SP00285" HPOS="176" VPOS="1233" WIDTH="18"/>
						<String ID="P48_ST00321" HPOS="194" VPOS="1212" WIDTH="24" HEIGHT="20" CONTENT="to" WC="0.75" CC="05"/>
						<SP ID="P48_SP00286" HPOS="218" VPOS="1233" WIDTH="20"/>
						<String ID="P48_ST00322" HPOS="238" VPOS="1209" WIDTH="62" HEIGHT="23" CONTENT="what" WC="0.41" CC="9606"/>
						<SP ID="P48_SP00287" HPOS="300" VPOS="1233" WIDTH="19"/>
						<String ID="P48_ST00323" HPOS="319" VPOS="1210" WIDTH="42" HEIGHT="22" CONTENT="has" WC="0.74" CC="502"/>
						<SP ID="P48_SP00288" HPOS="361" VPOS="1233" WIDTH="19"/>
						<String ID="P48_ST00324" HPOS="380" VPOS="1210" WIDTH="60" HEIGHT="22" CONTENT="been" WC="0.81" CC="6000"/>
						<SP ID="P48_SP00289" HPOS="440" VPOS="1233" WIDTH="14"/>
						<String ID="P48_ST00325" HPOS="454" VPOS="1210" WIDTH="51" HEIGHT="22" CONTENT="said" WC="0.71" CC="4060"/>
						<SP ID="P48_SP00290" HPOS="505" VPOS="1233" WIDTH="13"/>
						<String ID="P48_ST00326" HPOS="518" VPOS="1210" WIDTH="106" HEIGHT="31" CONTENT="already," WC="0.82" CC="03360000"/>
						<SP ID="P48_SP00291" HPOS="624" VPOS="1241" WIDTH="14"/>
						<String ID="P48_ST00327" HPOS="638" VPOS="1209" WIDTH="10" HEIGHT="23" CONTENT="I" WC="1.00" CC="0"/>
						<SP ID="P48_SP00292" HPOS="648" VPOS="1241" WIDTH="16"/>
						<String ID="P48_ST00328" HPOS="664" VPOS="1217" WIDTH="43" HEIGHT="15" CONTENT="can" WC="0.78" CC="303"/>
						<SP ID="P48_SP00293" HPOS="707" VPOS="1241" WIDTH="18"/>
						<String ID="P48_ST00329" HPOS="725" VPOS="1210" WIDTH="57" HEIGHT="30" CONTENT="only" WC="0.69" CC="5060"/>
						<SP ID="P48_SP00294" HPOS="782" VPOS="1241" WIDTH="12"/>
						<String ID="P48_ST00330" HPOS="794" VPOS="1217" WIDTH="52" HEIGHT="22" CONTENT="say," WC="0.76" CC="1700"/>
						<SP ID="P48_SP00295" HPOS="846" VPOS="1241" WIDTH="13"/>
						<String ID="P48_ST00331" HPOS="859" VPOS="1210" WIDTH="54" HEIGHT="22" CONTENT="that" WC="0.66" CC="2405"/>
					</TextLine>
					<TextLine ID="P48_TL00035" HPOS="67" VPOS="1243" WIDTH="846" HEIGHT="31">
						<String ID="P48_ST00332" HPOS="67" VPOS="1243" WIDTH="47" HEIGHT="23" CONTENT="had" WC="0.84" CC="400"/>
						<SP ID="P48_SP00296" HPOS="114" VPOS="1266" WIDTH="20"/>
						<String ID="P48_ST00333" HPOS="134" VPOS="1243" WIDTH="40" HEIGHT="22" CONTENT="the" WC="0.76" CC="070"/>
						<SP ID="P48_SP00297" HPOS="174" VPOS="1266" WIDTH="21"/>
						<String ID="P48_ST00334" HPOS="195" VPOS="1243" WIDTH="94" HEIGHT="23" CONTENT="nations" WC="0.72" CC="7000056"/>
						<SP ID="P48_SP00298" HPOS="289" VPOS="1266" WIDTH="12"/>
						<String ID="P48_ST00335" HPOS="301" VPOS="1243" WIDTH="122" HEIGHT="31" CONTENT="governed" WC="0.90" CC="00000610"/>
						<SP ID="P48_SP00299" HPOS="423" VPOS="1274" WIDTH="15"/>
						<String ID="P48_ST00336" HPOS="438" VPOS="1243" WIDTH="32" HEIGHT="31" CONTENT="by" WC="0.81" CC="30"/>
						<SP ID="P48_SP00300" HPOS="470" VPOS="1274" WIDTH="14"/>
						<String ID="P48_ST00337" HPOS="484" VPOS="1243" WIDTH="88" HEIGHT="22" CONTENT="Bardic" WC="0.90" CC="005000"/>
						<SP ID="P48_SP00301" HPOS="572" VPOS="1274" WIDTH="16"/>
						<String ID="P48_ST00338" HPOS="588" VPOS="1243" WIDTH="132" HEIGHT="31" CONTENT="principles" WC="0.64" CC="0346030475"/>
						<SP ID="P48_SP00302" HPOS="720" VPOS="1274" WIDTH="19"/>
						<String ID="P48_ST00339" HPOS="739" VPOS="1243" WIDTH="69" HEIGHT="23" CONTENT="made" WC="1.00" CC="0000"/>
						<SP ID="P48_SP00303" HPOS="808" VPOS="1274" WIDTH="19"/>
						<String ID="P48_ST00340" HPOS="827" VPOS="1251" WIDTH="14" HEIGHT="15" CONTENT="a" WC="1.00" CC="0"/>
						<SP ID="P48_SP00304" HPOS="841" VPOS="1274" WIDTH="19"/>
						<String ID="P48_ST00341" HPOS="860" VPOS="1243" WIDTH="53" HEIGHT="23" CONTENT="rule" WC="0.84" CC="5000"/>
					</TextLine>
					<TextLine ID="P48_TL00036" HPOS="67" VPOS="1276" WIDTH="846" HEIGHT="32">
						<String ID="P48_ST00342" HPOS="67" VPOS="1281" WIDTH="25" HEIGHT="18" CONTENT="to" WC="0.70" CC="05"/>
						<SP ID="P48_SP00305" HPOS="92" VPOS="1299" WIDTH="13"/>
						<String ID="P48_ST00343" HPOS="105" VPOS="1280" WIDTH="35" HEIGHT="19" CONTENT="set" WC="1.00" CC="000"/>
						<SP ID="P48_SP00306" HPOS="140" VPOS="1299" WIDTH="13"/>
						<String ID="P48_ST00344" HPOS="153" VPOS="1276" WIDTH="63" HEIGHT="23" CONTENT="their" WC="0.78" CC="50005"/>
						<SP ID="P48_SP00307" HPOS="216" VPOS="1299" WIDTH="12"/>
						<String ID="P48_ST00345" HPOS="228" VPOS="1277" WIDTH="121" HEIGHT="30" CONTENT="prisoners" WC="0.76" CC="030063015"/>
						<SP ID="P48_SP00308" HPOS="349" VPOS="1307" WIDTH="13"/>
						<String ID="P48_ST00346" HPOS="362" VPOS="1276" WIDTH="57" HEIGHT="28" CONTENT="free," WC="0.98" CC="01000"/>
						<SP ID="P48_SP00309" HPOS="419" VPOS="1307" WIDTH="15"/>
						<String ID="P48_ST00347" HPOS="434" VPOS="1277" WIDTH="58" HEIGHT="31" CONTENT="they" WC="1.00" CC="0000"/>
						<SP ID="P48_SP00310" HPOS="492" VPOS="1308" WIDTH="14"/>
						<String ID="P48_ST00348" HPOS="506" VPOS="1276" WIDTH="79" HEIGHT="23" CONTENT="would" WC="0.68" CC="94100"/>
						<SP ID="P48_SP00311" HPOS="585" VPOS="1308" WIDTH="15"/>
						<String ID="P48_ST00349" HPOS="600" VPOS="1277" WIDTH="60" HEIGHT="22" CONTENT="have" WC="0.96" CC="0010"/>
						<SP ID="P48_SP00312" HPOS="660" VPOS="1308" WIDTH="14"/>
						<String ID="P48_ST00350" HPOS="674" VPOS="1277" WIDTH="62" HEIGHT="23" CONTENT="risen" WC="0.63" CC="50506"/>
						<SP ID="P48_SP00313" HPOS="736" VPOS="1308" WIDTH="20"/>
						<String ID="P48_ST00351" HPOS="756" VPOS="1277" WIDTH="86" HEIGHT="27" CONTENT="above," WC="0.92" CC="021000"/>
						<SP ID="P48_SP00314" HPOS="842" VPOS="1308" WIDTH="14"/>
						<String ID="P48_ST00352" HPOS="856" VPOS="1285" WIDTH="25" HEIGHT="15" CONTENT="as" WC="0.67" CC="06"/>
						<SP ID="P48_SP00315" HPOS="881" VPOS="1308" WIDTH="13"/>
						<String ID="P48_ST00353" HPOS="894" VPOS="1278" WIDTH="19" HEIGHT="22" CONTENT="it" WC="0.52" CC="26"/>
					</TextLine>
					<TextLine ID="P48_TL00037" HPOS="68" VPOS="1310" WIDTH="844" HEIGHT="31">
						<String ID="P48_ST00354" HPOS="68" VPOS="1310" WIDTH="19" HEIGHT="22" CONTENT="is" WC="0.85" CC="02"/>
						<SP ID="P48_SP00316" HPOS="87" VPOS="1332" WIDTH="19"/>
						<String ID="P48_ST00355" HPOS="106" VPOS="1310" WIDTH="57" HEIGHT="31" CONTENT="they" WC="0.83" CC="0600"/>
						<SP ID="P48_SP00317" HPOS="163" VPOS="1341" WIDTH="16"/>
						<String ID="P48_ST00356" HPOS="179" VPOS="1310" WIDTH="70" HEIGHT="23" CONTENT="stand" WC="0.89" CC="10040"/>
						<SP ID="P48_SP00318" HPOS="249" VPOS="1341" WIDTH="18"/>
						<String ID="P48_ST00357" HPOS="267" VPOS="1318" WIDTH="30" HEIGHT="14" CONTENT="on" WC="0.89" CC="02"/>
						<SP ID="P48_SP00319" HPOS="297" VPOS="1341" WIDTH="18"/>
						<String ID="P48_ST00358" HPOS="315" VPOS="1310" WIDTH="40" HEIGHT="23" CONTENT="the" WC="0.74" CC="070"/>
						<SP ID="P48_SP00320" HPOS="355" VPOS="1341" WIDTH="17"/>
						<String ID="P48_ST00359" HPOS="372" VPOS="1318" WIDTH="64" HEIGHT="15" CONTENT="same" WC="0.84" CC="6000"/>
						<SP ID="P48_SP00321" HPOS="436" VPOS="1341" WIDTH="19"/>
						<String ID="P48_ST00360" HPOS="455" VPOS="1310" WIDTH="61" HEIGHT="23" CONTENT="level" WC="0.78" CC="00045"/>
						<SP ID="P48_SP00322" HPOS="516" VPOS="1341" WIDTH="21"/>
						<String ID="P48_ST00361" HPOS="537" VPOS="1310" WIDTH="64" HEIGHT="28" CONTENT="with," WC="0.84" CC="00700"/>
						<SP ID="P48_SP00323" HPOS="601" VPOS="1341" WIDTH="21"/>
						<String ID="P48_ST00362" HPOS="622" VPOS="1310" WIDTH="123" HEIGHT="24" CONTENT="Christian" WC="0.91" CC="010140000"/>
						<SP ID="P48_SP00324" HPOS="745" VPOS="1341" WIDTH="20"/>
						<String ID="P48_ST00363" HPOS="765" VPOS="1311" WIDTH="104" HEIGHT="27" CONTENT="nations," WC="0.78" CC="40005600"/>
						<SP ID="P48_SP00325" HPOS="869" VPOS="1341" WIDTH="20"/>
						<String ID="P48_ST00364" HPOS="889" VPOS="1312" WIDTH="23" HEIGHT="22" CONTENT="in" WC="1.00" CC="00"/>
					</TextLine>
					<TextLine ID="P48_TL00038" HPOS="68" VPOS="1343" WIDTH="844" HEIGHT="32">
						<String ID="P48_ST00365" HPOS="68" VPOS="1344" WIDTH="80" HEIGHT="22" CONTENT="whose" WC="0.75" CC="92000"/>
						<SP ID="P48_SP00326" HPOS="148" VPOS="1366" WIDTH="21"/>
						<String ID="P48_ST00366" HPOS="169" VPOS="1351" WIDTH="67" HEIGHT="21" CONTENT="wars," WC="0.76" CC="02440"/>
						<SP ID="P48_SP00327" HPOS="236" VPOS="1372" WIDTH="14"/>
						<String ID="P48_ST00367" HPOS="250" VPOS="1343" WIDTH="158" HEIGHT="32" CONTENT="continually," WC="0.84" CC="017005000400"/>
						<SP ID="P48_SP00328" HPOS="408" VPOS="1375" WIDTH="14"/>
						<String ID="P48_ST00368" HPOS="422" VPOS="1344" WIDTH="120" HEIGHT="30" CONTENT="prisoners" WC="0.67" CC="640056022"/>
						<SP ID="P48_SP00329" HPOS="542" VPOS="1375" WIDTH="22"/>
						<String ID="P48_ST00369" HPOS="564" VPOS="1344" WIDTH="60" HEIGHT="23" CONTENT="have" WC="1.00" CC="0000"/>
						<SP ID="P48_SP00330" HPOS="624" VPOS="1375" WIDTH="19"/>
						<String ID="P48_ST00370" HPOS="643" VPOS="1344" WIDTH="60" HEIGHT="23" CONTENT="been" WC="0.79" CC="4004"/>
						<SP ID="P48_SP00331" HPOS="703" VPOS="1375" WIDTH="20"/>
						<String ID="P48_ST00371" HPOS="723" VPOS="1348" WIDTH="44" HEIGHT="27" CONTENT="put" WC="0.92" CC="020"/>
						<SP ID="P48_SP00332" HPOS="767" VPOS="1375" WIDTH="19"/>
						<String ID="P48_ST00372" HPOS="786" VPOS="1348" WIDTH="25" HEIGHT="20" CONTENT="to" WC="0.80" CC="04"/>
						<SP ID="P48_SP00333" HPOS="811" VPOS="1375" WIDTH="19"/>
						<String ID="P48_ST00373" HPOS="830" VPOS="1345" WIDTH="82" HEIGHT="23" CONTENT="death." WC="0.89" CC="000600"/>
					</TextLine>
					<TextLine ID="P48_TL00039" HPOS="68" VPOS="1376" WIDTH="845" HEIGHT="30">
						<String ID="P48_ST00374" HPOS="68" VPOS="1376" WIDTH="53" HEIGHT="24" CONTENT="The" WC="1.00" CC="000"/>
						<SP ID="P48_SP00334" HPOS="121" VPOS="1400" WIDTH="14"/>
						<String ID="P48_ST00375" HPOS="135" VPOS="1378" WIDTH="160" HEIGHT="22" CONTENT="intervention" WC="0.83" CC="001000060505"/>
						<SP ID="P48_SP00335" HPOS="295" VPOS="1400" WIDTH="15"/>
						<String ID="P48_ST00376" HPOS="310" VPOS="1376" WIDTH="28" HEIGHT="24" CONTENT="of" WC="1.00" CC="00"/>
						<SP ID="P48_SP00336" HPOS="338" VPOS="1400" WIDTH="9"/>
						<String ID="P48_ST00377" HPOS="347" VPOS="1378" WIDTH="41" HEIGHT="22" CONTENT="the" WC="0.78" CC="060"/>
						<SP ID="P48_SP00337" HPOS="388" VPOS="1400" WIDTH="13"/>
						<String ID="P48_ST00378" HPOS="401" VPOS="1377" WIDTH="93" HEIGHT="24" CONTENT="Druids" WC="0.61" CC="344603"/>
						<SP ID="P48_SP00338" HPOS="494" VPOS="1401" WIDTH="13"/>
						<String ID="P48_ST00379" HPOS="507" VPOS="1378" WIDTH="42" HEIGHT="23" CONTENT="has" WC="0.52" CC="706"/>
						<SP ID="P48_SP00339" HPOS="549" VPOS="1401" WIDTH="13"/>
						<String ID="P48_ST00380" HPOS="562" VPOS="1378" WIDTH="61" HEIGHT="23" CONTENT="been" WC="0.86" CC="0050"/>
						<SP ID="P48_SP00340" HPOS="623" VPOS="1401" WIDTH="20"/>
						<String ID="P48_ST00381" HPOS="643" VPOS="1379" WIDTH="71" HEIGHT="22" CONTENT="much" WC="0.91" CC="0030"/>
						<SP ID="P48_SP00341" HPOS="714" VPOS="1401" WIDTH="21"/>
						<String ID="P48_ST00382" HPOS="735" VPOS="1379" WIDTH="79" HEIGHT="23" CONTENT="belied" WC="0.88" CC="700000"/>
						<SP ID="P48_SP00342" HPOS="814" VPOS="1402" WIDTH="12"/>
						<String ID="P48_ST00383" HPOS="826" VPOS="1389" WIDTH="5" HEIGHT="17" CONTENT=";" WC="1.00" CC="0"/>
						<SP ID="P48_SP00343" HPOS="831" VPOS="1406" WIDTH="20"/>
						<String ID="P48_ST00384" HPOS="851" VPOS="1379" WIDTH="62" HEIGHT="23" CONTENT="their" WC="0.67" CC="41045"/>
					</TextLine>
					<TextLine ID="P48_TL00040" HPOS="68" VPOS="1411" WIDTH="845" HEIGHT="31">
						<String ID="P48_ST00385" HPOS="68" VPOS="1411" WIDTH="123" HEIGHT="31" CONTENT="authority" WC="0.81" CC="011103440"/>
						<SP ID="P48_SP00344" HPOS="191" VPOS="1442" WIDTH="15"/>
						<String ID="P48_ST00386" HPOS="206" VPOS="1419" WIDTH="47" HEIGHT="15" CONTENT="was" WC="0.45" CC="906"/>
						<SP ID="P48_SP00345" HPOS="253" VPOS="1442" WIDTH="20"/>
						<String ID="P48_ST00387" HPOS="273" VPOS="1411" WIDTH="138" HEIGHT="31" CONTENT="interposed" WC="0.77" CC="0650300600"/>
						<SP ID="P48_SP00346" HPOS="411" VPOS="1442" WIDTH="14"/>
						<String ID="P48_ST00388" HPOS="425" VPOS="1415" WIDTH="24" HEIGHT="19" CONTENT="to" WC="0.68" CC="50"/>
						<SP ID="P48_SP00347" HPOS="449" VPOS="1442" WIDTH="13"/>
						<String ID="P48_ST00389" HPOS="462" VPOS="1420" WIDTH="57" HEIGHT="15" CONTENT="save" WC="0.90" CC="0300"/>
						<SP ID="P48_SP00348" HPOS="519" VPOS="1442" WIDTH="13"/>
						<String ID="P48_ST00390" HPOS="532" VPOS="1412" WIDTH="47" HEIGHT="27" CONTENT="life," WC="0.98" CC="00000"/>
						<SP ID="P48_SP00349" HPOS="579" VPOS="1442" WIDTH="14"/>
						<String ID="P48_ST00391" HPOS="593" VPOS="1416" WIDTH="43" HEIGHT="19" CONTENT="not" WC="0.68" CC="045"/>
						<SP ID="P48_SP00350" HPOS="636" VPOS="1442" WIDTH="13"/>
						<String ID="P48_ST00392" HPOS="649" VPOS="1415" WIDTH="24" HEIGHT="20" CONTENT="to" WC="0.79" CC="40"/>
						<SP ID="P48_SP00351" HPOS="673" VPOS="1442" WIDTH="14"/>
						<String ID="P48_ST00393" HPOS="687" VPOS="1413" WIDTH="98" HEIGHT="29" CONTENT="destroy" WC="0.76" CC="0006009"/>
						<SP ID="P48_SP00352" HPOS="785" VPOS="1442" WIDTH="14"/>
						<String ID="P48_ST00394" HPOS="799" VPOS="1413" WIDTH="26" HEIGHT="22" CONTENT="it." WC="0.77" CC="060"/>
						<SP ID="P48_SP00353" HPOS="825" VPOS="1442" WIDTH="31"/>
						<String ID="P48_ST00395" HPOS="856" VPOS="1415" WIDTH="13" HEIGHT="10" CONTENT='"' WC="1.00" CC="0"/>
						<SP ID="P48_SP00354" HPOS="869" VPOS="1442" WIDTH="15"/>
						<String ID="P48_ST00396" HPOS="884" VPOS="1412" WIDTH="29" HEIGHT="24" CONTENT="In" WC="0.52" CC="26"/>
					</TextLine>
					<TextLine ID="P48_TL00041" HPOS="68" VPOS="1444" WIDTH="845" HEIGHT="30">
						<String ID="P48_ST00397" HPOS="68" VPOS="1444" WIDTH="94" HEIGHT="23" CONTENT="nations" WC="0.52" CC="5064366"/>
						<SP ID="P48_SP00355" HPOS="162" VPOS="1467" WIDTH="14"/>
						<String ID="P48_ST00398" HPOS="176" VPOS="1444" WIDTH="88" HEIGHT="30" CONTENT="wholly" WC="0.79" CC="055010"/>
						<SP ID="P48_SP00356" HPOS="264" VPOS="1474" WIDTH="14"/>
						<String ID="P48_ST00399" HPOS="278" VPOS="1445" WIDTH="157" HEIGHT="29" CONTENT='barbarous,"' WC="0.72" CC="00460150506"/>
						<SP ID="P48_SP00357" HPOS="435" VPOS="1474" WIDTH="13"/>
						<String ID="P48_ST00400" HPOS="448" VPOS="1453" WIDTH="24" HEIGHT="15" CONTENT="as" WC="0.71" CC="05"/>
						<SP ID="P48_SP00358" HPOS="472" VPOS="1474" WIDTH="18"/>
						<String ID="P48_ST00401" HPOS="490" VPOS="1446" WIDTH="42" HEIGHT="23" CONTENT="has" WC="0.52" CC="707"/>
						<SP ID="P48_SP00359" HPOS="532" VPOS="1474" WIDTH="19"/>
						<String ID="P48_ST00402" HPOS="551" VPOS="1446" WIDTH="62" HEIGHT="23" CONTENT="been" WC="0.96" CC="1000"/>
						<SP ID="P48_SP00360" HPOS="613" VPOS="1474" WIDTH="14"/>
						<String ID="P48_ST00403" HPOS="627" VPOS="1446" WIDTH="54" HEIGHT="23" CONTENT="well" WC="0.82" CC="0051"/>
						<SP ID="P48_SP00361" HPOS="681" VPOS="1474" WIDTH="19"/>
						<String ID="P48_ST00404" HPOS="700" VPOS="1446" WIDTH="125" HEIGHT="28" CONTENT="observed," WC="0.78" CC="562000102"/>
						<SP ID="P48_SP00362" HPOS="825" VPOS="1474" WIDTH="21"/>
						<String ID="P48_ST00405" HPOS="846" VPOS="1449" WIDTH="14" HEIGHT="10" CONTENT='"' WC="1.00" CC="0"/>
						<SP ID="P48_SP00363" HPOS="860" VPOS="1474" WIDTH="12"/>
						<String ID="P48_ST00406" HPOS="872" VPOS="1447" WIDTH="41" HEIGHT="22" CONTENT="the" WC="0.78" CC="060"/>
					</TextLine>
				</TextBlock>
				<TextBlock ID="P48_TB00004" HPOS="334" VPOS="1511" WIDTH="312" HEIGHT="22" STYLEREFS="TXT_1 PAR_CENTER">
					<TextLine ID="P48_TL00042" HPOS="334" VPOS="1513" WIDTH="312" HEIGHT="20">
						<String ID="P48_ST00407" HPOS="334" VPOS="1513" WIDTH="13" HEIGHT="15" CONTENT="*" WC="0.45" CC="5"/>
						<SP ID="P48_SP00364" HPOS="347" VPOS="1528" WIDTH="14"/>
						<String ID="P48_ST00408" HPOS="361" VPOS="1513" WIDTH="64" HEIGHT="20" CONTENT="Tacit." WC="0.62" CC="066440"/>
						<SP ID="P48_SP00365" HPOS="425" VPOS="1533" WIDTH="12"/>
						<String ID="P48_ST00409" HPOS="437" VPOS="1514" WIDTH="73" HEIGHT="19" CONTENT="Annal." WC="0.45" CC="957720"/>
						<SP ID="P48_SP00366" HPOS="510" VPOS="1533" WIDTH="11"/>
						<String ID="P48_ST00410" HPOS="521" VPOS="1515" WIDTH="40" HEIGHT="18" CONTENT="xiv." WC="0.63" CC="6070"/>
						<SP ID="P48_SP00367" HPOS="561" VPOS="1533" WIDTH="13"/>
						<String ID="P48_ST00411" HPOS="574" VPOS="1514" WIDTH="72" HEIGHT="19" CONTENT="29-39." WC="0.77" CC="050051"/>
					</TextLine>
				</TextBlock>
			</PrintSpace>
		</Page>
	</Layout>
</alto>
