1023 1619
916 83 15 21 9

447 88 124 16 BARDISM.

86 142 90 31 diately
191 143 108 23 invested
313 145 57 22 with
387 145 41 23 the
447 145 42 23 full
509 147 129 31 privileges
657 146 28 24 of
696 148 39 22 the
749 148 89 23 Bardic
850 149 70 23 order
931 159 3 16 ;

86 176 30 23 he
138 176 100 24 became
258 185 13 15 a
290 182 137 26 preceptor,
447 187 28 14 or
497 180 112 23 inchoate
632 181 74 27 Bard,
726 182 79 23 under
825 183 40 22 the
885 183 49 23 title

87 209 165 29 Bardd-Caw,
275 212 48 22 and
342 220 72 19 wore,
433 212 35 23 for
486 213 41 23 the
549 214 53 23 first
622 214 66 28 time,
708 216 41 22 the
768 216 65 23 band
851 215 28 24 of
895 217 39 22 the

85 244 81 23 order.
205 244 51 23 Not
270 245 35 22 till
319 245 61 23 after
393 246 29 23 he
437 246 47 23 had
498 248 112 30 presided
624 252 23 19 at
661 249 68 23 three
742 249 153 27 Gorseddau,
909 258 25 15 or

85 278 150 28 assemblies,
249 287 49 14 was
311 279 29 23 he
353 278 60 33 fully
426 281 116 30 qualified
556 284 25 21 to
595 283 106 22 exercise
714 283 31 22 all
762 284 40 22 the
815 284 119 23 functions

85 311 28 23 of
120 311 40 23 the
171 312 94 23 office.*
294 314 22 21 A
328 313 43 23 full
382 313 65 24 Bard
456 315 70 23 could
538 315 117 30 proclaim
664 317 48 22 and
723 317 57 22 hold
790 324 14 15 a
814 317 120 27 Gorsedd,

85 345 78 23 admit
176 345 121 32 disciples,
308 347 48 23 and
366 346 142 32 Ovyddion,
519 349 47 23 and
575 350 103 22 instruct
690 350 78 29 youth
782 351 24 21 in
819 350 41 23 the
871 351 63 30 prin-

86 379 75 31 ciples
176 379 28 24 of
214 381 102 30 religion
331 382 48 22 and
398 382 121 31 morality.
557 383 53 22 The
629 383 66 22 dress
713 383 27 23 of
755 383 40 23 the
809 383 64 23 Bard
888 392 46 15 was

85 414 180 27 uni-coloured,
286 414 28 24 of
326 415 116 31 sky-blue
447 430 35 3 —
487 423 30 15 an
536 416 105 23 emblem
660 417 28 22 of
699 425 73 22 peace
791 418 48 22 and
859 418 73 22 truth.

86 446 48 24 His
152 455 89 23 person
260 456 49 15 was
331 449 93 22 sacred.
461 449 41 23 He
524 450 78 31 might
619 458 55 23 pass
693 451 23 21 in
737 450 77 32 safety
828 451 106 31 through

86 481 87 23 hostile
195 482 131 23 countries.
371 482 42 23 He
431 491 75 14 never
526 485 120 29 appeared
665 484 24 22 in
708 492 29 14 an
760 492 68 22 army
845 485 45 22 but
909 493 25 14 as

85 522 31 16 an
127 516 92 27 herald,
233 516 49 22 and
297 516 76 22 under
386 516 41 22 the
440 516 100 23 modern
559 517 54 22 idea
629 517 28 22 of
667 525 13 14 a
694 517 47 31 flag
754 517 28 22 of
792 521 75 19 truce.
905 518 28 22 In

86 549 41 22 the
149 549 167 23 Institutional
337 549 88 23 Triads
447 558 40 14 are
505 554 36 19 set
563 549 64 24 forth
677 551 41 22 the
739 551 67 22 three
828 552 106 30 primary

85 582 131 32 privileges
230 582 80 24 ofthe
325 582 77 24 Bards
414 582 29 24 of
456 584 41 22 the
514 583 48 23 Isle
582 583 28 23 of
625 584 104 27 Britain,
730 598 33 4 —
765 585 168 23 maintenance

84 616 126 24 wherever
227 617 58 30 they
298 624 42 24 go,
353 617 54 23 that
425 625 32 15 no
475 617 78 22 naked
570 626 100 22 weapon
685 618 29 22 be
733 618 74 23 borne
826 618 24 23 in
870 619 63 23 their

83 658 126 22 presence,
223 650 48 23 and
287 651 53 22 that
357 651 63 22 their
432 651 130 31 testimony
576 651 29 23 be
618 651 124 31 preferred
760 655 24 20 to
797 652 53 23 that
862 652 27 23 of
902 653 31 22 all

84 684 93 23 others.
214 684 54 23 The
282 685 69 22 three
364 685 110 23 ultimate
491 685 93 30 objects
603 687 26 20 of
641 685 117 27 Bardism,
764 699 34 4 —
805 689 24 20 to
845 685 87 24 reform

83 719 89 22 morals
190 719 48 22 and
257 723 116 23 customs,
387 722 24 19 to
433 725 85 17 secure
538 726 82 23 peace,
641 719 48 23 and
708 723 25 19 to
750 720 78 29 praise
848 727 85 22 every-

83 752 72 30 thing
167 753 65 30 good
251 752 47 23 and
313 752 127 23 excellent.
477 752 53 23 The
549 753 69 22 three
635 753 81 30 things
734 753 127 22 forbidden
880 758 26 17 to
918 761 15 14 a

84 785 74 28 Bard,
166 801 33 2 —
206 786 154 30 immorality,
379 786 81 28 satire,
479 786 48 22 and
549 786 41 22 the
608 786 100 30 bearing
729 786 27 22 of
772 794 70 14 arms.
879 786 54 23 The

83 819 69 23 three
166 819 105 31 delights
285 819 79 23 ofthe
379 819 76 23 Bards
473 819 76 23 ofthe
567 819 46 23 Isle
631 819 28 23 of
670 819 101 28 Britain,
780 833 29 3 —
817 820 40 23 the
876 828 56 23 pro-

83 853 93 31 sperity
184 852 28 23 of
218 853 104 26 science,
333 853 41 23 the
387 853 155 23 reformation
557 852 27 24 of
590 861 118 19 manners,
718 853 47 23 and
775 853 40 22 the
824 854 106 30 triumph

83 886 30 23 of
123 895 75 22 peace
210 895 59 14 over
282 887 151 22 devastation
450 887 47 22 and
515 886 97 32 pillage.
648 886 53 23 The
719 887 68 22 three
805 895 127 22 necessary

85 920 44 23 but
149 921 121 22 reluctant
288 920 80 23 duties
386 920 28 23 of
430 921 40 22 the
491 920 76 23 Bards
586 920 28 23 of
629 920 39 22 the
685 920 48 23 Isle
751 919 28 23 of
795 920 101 27 Britain,
899 935 33 4 —

83 962 100 23 secrecy
198 953 38 24 for
248 954 41 23 the
302 954 58 23 sake
373 954 29 23 of
411 962 75 23 peace
505 954 48 23 and
572 954 41 22 the
629 954 83 31 public
725 954 73 30 good,
812 954 119 23 invective

83 988 160 23 lamentation
258 988 135 23 demanded
408 989 33 29 by
448 988 99 30 justice,
560 988 48 22 and
626 988 40 22 the
681 988 162 30 unsheathing
853 988 28 22 of
891 988 41 23 the

83 1022 79 23 sword
176 1023 95 28 against
282 1022 40 22 the
336 1022 92 23 lawless
441 1022 47 22 and
499 1021 40 23 the
548 1021 170 30 depredatory.
756 1019 79 25 Three
849 1022 81 29 things

83 1056 79 23 which
183 1056 42 23 the
244 1056 78 22 Bards
339 1056 77 30 ought
435 1059 62 19 most
514 1060 26 18 to
558 1055 122 26 maintain,
682 1069 34 4 —
718 1055 39 22 the
777 1055 84 22 Welsh
879 1055 51 23 lan-

83 1097 88 23 guage,
186 1090 123 30 primitive
323 1089 119 27 Bardism,
456 1089 47 23 and
516 1089 42 23 the
571 1089 180 23 remembrance
765 1088 28 24 of
802 1089 32 23 all
846 1088 53 24 that
911 1090 19 21 is

83 1123 66 31 good
162 1123 48 22 and
422 1122 36 23 Of
474 1123 40 22 the
534 1123 74 22 moral
628 1123 46 22 and
694 1122 114 30 religious
826 1123 103 22 instruc-

83 1158 51 21 tion
149 1156 127 31 imparted,
291 1157 18 22 it
323 1157 46 22 will
383 1157 31 22 be
426 1164 66 15 more
507 1164 87 22 proper
608 1159 25 19 to
646 1156 73 30 speak
733 1156 69 22 when
814 1164 34 14 we
861 1163 69 15 come

83 1195 26 18 to
128 1191 41 22 the
185 1190 109 27 Druids;
321 1191 46 22 but
385 1199 25 14 as
429 1190 40 23 the
488 1190 76 22 Bards
579 1198 61 14 were
657 1194 68 25 poets
740 1189 33 31 by
785 1189 143 30 profession,

83 1225 20 22 it
123 1224 18 23 is
160 1225 77 22 worth
254 1224 71 23 while
344 1228 25 19 to
388 1224 134 23 transcribe
539 1224 61 22 from
617 1223 40 22 the
675 1222 86 23 Triads
779 1223 41 22 the
839 1230 89 15 canons

85 1258 80 23 which
186 1258 67 23 these
273 1258 114 23 standard
409 1257 143 23 authorities
571 1257 48 22 laid
639 1256 70 23 down
728 1256 36 23 for
782 1256 148 31 proficiency

83 1293 24 22 in
134 1292 63 23 their
221 1294 46 20 art.
338 1291 54 23 The
413 1291 69 23 three
507 1292 105 30 primary
633 1290 127 31 requisites
780 1289 27 23 of
826 1290 104 31 poetical

83 1326 94 31 genius,
180 1338 33 5 —
215 1333 29 15 an
265 1333 44 23 eye
328 1325 53 23 that
398 1333 44 15 can
456 1333 40 15 see
517 1328 93 22 nature,
629 1332 15 15 a
662 1324 67 22 heart
751 1323 53 23 that
819 1331 45 15 can
882 1322 46 24 feel

83 1363 94 23 nature,
192 1360 48 22 and
253 1366 13 16 a
280 1359 131 23 resolution
425 1359 54 23 that
491 1358 69 23 dares
574 1358 80 23 follow
665 1361 93 19 nature.
795 1356 52 24 The
861 1357 67 23 three

82 1393 58 23 final
160 1393 133 23 intentions
309 1393 29 23 of
353 1396 94 26 poetry,
448 1405 33 4 —
483 1393 108 22 increase
604 1391 27 23 of
641 1391 127 30 goodness,
783 1391 106 23 increase
906 1391 27 23 of

330 1475 12 12 *
358 1474 113 25 Meyrick's
482 1474 114 23 Costumes,
607 1480 21 18 p.
640 1475 32 18 24.

330 1502 13 23 t
359 1502 71 18 Camb.
441 1501 51 19 Brit.
501 1501 73 19 March
585 1502 60 19 1821.

485 1536 14 14 B
513 1530 15 20 2
