1023 1619
368 100 54 16 THE
436 100 93 16 WELSH
544 101 117 15 CHURCH.

889 94 45 23 107

94 165 31 15 on
145 158 41 23 the
204 158 65 32 right
289 159 73 27 hand,
375 160 80 23 which
473 160 24 22 in
517 159 80 25 Saxon
617 161 20 22 is
654 160 76 24 called
750 159 96 28 Sussex,
860 160 77 24 under

93 192 42 23 the
154 193 121 30 guidance
292 193 29 23 of
337 201 66 16 some
417 193 28 23 of
460 194 52 23 that
529 195 82 22 nation
620 204 5 17 ;
645 195 47 22 and
707 194 68 23 there
792 193 11 23 I
820 194 52 23 first
889 201 48 16 saw

93 225 51 23 him
164 227 22 22 in
207 227 40 23 the
265 227 70 30 royal
355 227 49 26 vill,
421 228 79 22 which
518 228 18 22 is
553 228 78 23 called
653 228 79 22 Dene.
763 227 75 30 [East
858 228 79 28 Dean,

93 267 60 15 near
177 260 172 31 Chichester].
393 261 41 23 He
458 261 112 23 received
596 269 38 15 me
658 261 58 23 with
744 261 121 28 kindness,
890 261 47 23 and

94 300 90 24 among
205 295 70 22 other
296 295 104 22 familiar
418 296 176 26 conversation,
608 295 30 22 he
655 295 73 23 asked
746 302 39 15 me
803 295 96 31 eagerly
913 299 24 19 to

94 326 88 24 devote
198 328 89 31 myself
300 332 24 19 to
338 328 36 22 his
387 328 101 27 service,
498 329 47 22 and
557 329 101 23 become
672 329 36 22 his
722 328 77 23 friend
810 338 5 17 ;
833 333 25 18 to
871 328 66 24 leave

95 361 146 31 everything
263 361 12 23 I
297 362 125 30 possessed
439 370 30 14 on
487 363 40 22 the
545 362 49 27 left,
608 371 28 14 or
654 366 101 19 western
775 361 65 23 bank
854 361 27 23 of
897 363 40 22 the

97 394 100 28 Severn,
211 395 47 22 and
270 395 31 23 he
314 396 121 30 promised
454 396 52 22 that
523 396 29 22 he
567 396 80 22 would
665 397 54 30 give
738 404 39 14 me
795 404 65 14 more
879 396 58 22 than

95 435 30 15 an
140 429 142 30 equivalent
294 428 39 24 for
346 429 17 22 it
377 429 22 22 in
414 430 37 21 his
469 437 53 15 own
543 430 143 22 dominions.
722 429 11 23 I
747 429 99 30 replied,
860 430 51 22 that
925 429 12 23 I

97 462 73 22 could
184 466 42 19 not
238 463 162 30 incautiously
413 463 45 23 and
473 463 79 30 rashly
567 464 104 29 promise
683 463 59 23 such
755 463 81 30 things
847 472 5 17 ;
871 462 36 24 for
918 464 19 22 it

96 496 97 22 seemed
206 499 25 20 to
244 504 39 15 me
298 496 88 31 unjust,
400 497 52 22 that
466 496 10 23 I
490 497 86 22 should
591 497 66 22 leave
674 497 68 23 those
758 497 82 22 sacred
857 497 80 29 places

96 528 23 23 in
134 530 81 22 which
233 529 11 23 I
262 530 47 22 had
326 531 61 22 been
407 531 66 25 bred,
487 531 125 26 educated,
627 530 47 23 and
689 530 108 23 crowned
812 530 125 31 (received

95 562 42 23 the
150 562 123 31 tonsure),
284 564 47 22 and
344 567 24 19 at
380 564 46 22 last
439 564 123 26 ordained,
573 564 38 22 for
623 564 41 23 the
677 564 56 22 sake
746 563 28 23 of
783 571 47 23 any
843 564 94 30 earthly

95 595 97 24 honour
210 597 48 23 and
279 604 89 23 power,
388 597 79 23 unless
489 598 32 30 by
541 597 159 30 compulsion.
744 597 71 29 Upon
838 597 46 22 this
906 597 30 23 he

94 630 59 27 said,
170 633 5 10 '
185 630 26 23 If
220 638 49 23 you
283 633 89 21 cannot
390 631 89 23 accede
492 634 25 20 to
530 631 54 27 this,
599 634 23 20 at
635 631 59 23 least
705 630 34 23 let
751 638 37 15 me
802 631 60 22 have
875 638 62 23 your

94 664 92 23 service
200 665 23 21 in
238 667 54 27 part
302 672 6 15 :
327 665 75 29 spend
416 665 36 21 six
467 665 95 22 months
575 664 28 22 of
617 665 40 22 the
674 671 58 24 year
749 665 55 22 with
821 671 38 15 me
871 665 64 26 here,

94 698 46 22 and
160 698 41 22 the
220 698 70 22 other
308 698 37 22 six
363 698 23 22 in
408 698 109 22 Britain.'
553 698 37 22 To
609 698 47 22 this
678 698 11 22 I
714 698 97 30 replied,
830 698 11 22 I
864 697 72 23 could

93 734 44 19 not
156 739 60 14 even
238 731 105 30 promise
359 731 60 27 that,
439 731 74 31 easily
527 738 27 15 or
566 731 95 31 hastily,
675 731 101 22 without
794 731 39 22 the
852 731 84 22 advice

93 764 29 22 of
132 772 40 23 my
186 764 99 23 friends.
324 764 33 23 At
377 764 91 31 length,
487 765 118 27 however,
619 765 70 22 when
708 764 11 22 I
738 764 127 30 perceived
885 765 51 21 that

93 797 31 23 he
137 806 49 14 was
199 799 103 22 anxious
319 798 38 23 for
375 806 39 22 my
429 799 111 26 services,
555 798 94 31 though
668 797 11 23 I
699 797 69 23 knew
786 801 43 19 not
847 797 63 30 why,
922 797 13 23 I

93 832 122 30 promised
235 832 48 22 him
298 831 21 23 if
332 840 41 21 my
390 831 41 23 life
450 840 62 14 were
530 831 86 31 spared
631 831 11 23 I
656 831 78 22 would
754 835 80 18 return
848 835 24 18 to
887 831 48 22 him

93 864 64 23 after
170 866 36 22 six
219 866 104 25 months,
336 865 57 22 with
410 865 58 23 such
483 873 13 15 a
509 865 68 30 reply
590 873 26 14 as
628 864 88 23 should
728 864 30 23 be
772 864 125 31 agreeable
910 868 24 19 to

94 898 58 27 him,
166 907 25 14 as
214 899 52 22 well
286 907 25 14 as
330 899 181 31 advantageous
532 902 24 19 to
577 906 37 14 me
631 898 47 22 and
697 899 71 21 mine.
805 898 66 22 With
887 898 47 22 this

93 940 94 15 answer
200 932 29 23 he
241 941 49 14 was
306 932 106 23 satisfied
421 942 5 16 ;
446 932 46 22 and
506 932 69 22 when
589 932 11 22 I
615 932 45 22 had
674 932 70 31 given
760 931 47 22 him
821 940 14 14 a
849 932 85 30 pledge

93 969 25 20 to
128 970 81 19 return
221 969 25 20 at
258 966 39 23 the
309 966 131 30 appointed
454 966 64 26 time,
530 974 30 14 on
573 966 38 22 the
622 965 82 23 fourth
715 965 47 30 day
772 973 35 14 we
820 965 43 23 left
876 965 57 27 him,

92 1000 48 22 and
153 1000 115 22 returned
281 1007 29 15 on
325 999 134 23 horseback
473 999 102 23 towards
589 1007 44 15 our
645 1007 52 14 own
712 1003 111 26 country.
861 998 73 24 After

92 1040 45 16 our
155 1034 136 29 departure,
307 1040 13 15 a
333 1033 91 23 violent
442 1032 67 23 fever
526 1033 79 22 seized
619 1040 37 15 me
669 1033 24 21 in
706 1032 41 22 the
765 1033 47 29 city
826 1031 28 23 of
864 1032 68 22 Win-

92 1067 101 26 chester,
208 1067 78 22 where
298 1067 10 22 I
324 1067 38 30 lay
376 1066 35 23 for
424 1067 84 22 twelve
527 1066 95 23 months
639 1066 48 22 and
705 1073 46 15 one
770 1065 76 26 week,
864 1066 70 29 night

91 1101 47 22 and
152 1101 56 29 day,
222 1101 102 22 without
337 1101 63 29 hope
413 1100 28 22 of
451 1107 127 22 recovery.
615 1099 35 23 At
663 1099 40 22 the
721 1100 130 29 appointed
865 1100 66 26 time,

91 1134 128 26 therefore,
235 1134 10 22 I
259 1134 73 22 could
351 1138 41 18 not
409 1133 60 23 fulfil
484 1141 40 23 my
538 1133 103 30 promise
655 1132 28 24 of
698 1133 97 30 visiting
814 1133 57 25 him,
884 1134 48 22 and

91 1167 30 23 he
135 1172 53 18 sent
207 1175 148 23 messenger's
368 1171 24 19 to
407 1167 83 22 hasten
503 1175 41 22 my
554 1167 114 30 journey,
682 1167 47 22 and
744 1170 26 19 to
783 1167 93 30 inquire
891 1167 41 22 the

91 1209 72 15 cause
176 1200 27 23 of
214 1209 39 23 my
268 1201 77 31 delay.
382 1200 36 22 As
431 1200 10 23 I
456 1208 47 15 was
516 1200 88 23 unable
617 1204 25 18 to
655 1200 50 22 ride
720 1204 24 18 to
756 1200 58 26 him,
829 1200 9 22 I
853 1203 52 19 sent
918 1207 14 15 a

89 1235 90 23 second
202 1242 137 23 messenger
357 1238 24 18 to
401 1234 40 23 tell
460 1234 49 22 him
531 1234 41 22 the
590 1241 71 15 cause
678 1233 28 22 of
724 1241 40 23 my
784 1233 80 30 delay,
882 1233 49 22 and

89 1277 82 14 assure
192 1269 48 22 him
261 1268 53 23 that
326 1267 22 23 if
364 1268 10 22 I
394 1268 129 23 recovered
545 1267 59 22 from
624 1274 37 24 my
683 1266 116 31 infirmity
821 1266 11 23 I
852 1266 79 23 would

90 1302 62 23 fulfil
164 1302 66 23 what
242 1301 11 23 I
267 1301 48 23 had
330 1302 129 30 promised.
496 1301 46 31 My
562 1300 132 31 complaint
711 1300 44 23 left
773 1308 45 19 me,
832 1300 46 22 and
899 1300 32 31 by

89 1336 41 23 the
149 1336 85 23 advice
252 1335 49 23 and
319 1338 100 20 consent
432 1335 28 22 of
474 1335 30 22 all
524 1343 39 22 my
583 1334 97 26 friends,
694 1333 36 23 for
744 1333 39 23 the
802 1333 90 23 benefit
905 1333 26 23 of

88 1371 54 22 that
161 1370 57 29 holy
235 1369 75 30 place,
324 1369 46 22 and
390 1369 30 22 al!
440 1369 53 22 who
512 1368 72 22 dwelt
604 1367 99 27 therein,
717 1367 12 23 I
749 1367 40 22 did
808 1375 25 14 as
852 1367 11 22 I
882 1367 46 23 had

87 1404 122 30 promised
223 1405 24 20 to
261 1403 40 22 the
320 1402 65 30 king,
399 1402 47 23 and
465 1402 102 23 devoted
587 1400 91 31 myself
691 1404 24 19 to
733 1401 35 22 his
786 1401 98 27 service,
899 1409 27 15 or

87 1438 42 23 the
148 1437 125 23 condition
292 1436 52 23 that
362 1436 10 23 I
391 1435 86 23 should
495 1436 89 22 remain
600 1435 57 22 with
675 1435 49 22 him
742 1435 36 22 six
797 1435 95 22 months
904 1436 25 22 ii.

87 1479 74 24 every
179 1478 64 24 year,
258 1470 77 23 either
354 1469 178 30 continuously,
547 1469 20 22 if
581 1468 10 23 I
606 1468 71 23 could
695 1468 76 30 spend
783 1468 35 23 six
832 1469 83 23 month
922 1477 7 13 1

87 1506 58 23 with
159 1505 49 22 him
221 1507 26 20 at
259 1511 68 20 once,
341 1511 38 20 or.
386 1503 143 30 alternately
545 1503 67 23 three
628 1503 96 23 months
737 1503 23 22 in
776 1502 90 24 Britain
880 1504 49 22 and
