1023 1619
898 90 33 23 43

446 95 125 15 BARDISM.

84 150 172 30 extinguished
270 151 24 22 in
308 151 41 23 the
362 151 92 24 breasts
467 152 29 23 of
506 152 149 23 Welshmen.
692 153 119 28 Bardism,
829 158 24 19 at
871 155 59 23 such

83 191 15 15 a
111 184 78 27 crisis,
201 185 132 22 recovered
344 185 44 22 her
397 186 97 22 ancient
504 186 132 27 dominion,
647 187 48 22 and
708 187 84 24 bowed
801 189 40 22 the
851 189 79 23 hearts

83 216 29 24 of
122 217 40 23 the
176 217 87 30 people
277 225 25 16 as
315 225 45 16 one
374 226 64 15 man.

135 250 12 24 I
167 251 63 30 hope
249 251 53 23 that
320 252 41 22 the
380 252 85 22 reader
484 252 48 22 will
550 256 42 19 not
612 253 69 23 think
701 262 37 15 me
758 255 102 27 tedious,
874 255 22 23 if
906 260 24 19 to

84 285 47 22 this
153 285 100 30 general
274 285 59 23 view
354 285 11 23 I
388 285 95 31 append
505 286 68 23 short
592 287 93 23 notices
706 287 29 23 of
750 296 14 15 a
782 288 44 23 few
846 289 28 23 of
890 290 40 23 the

84 323 63 18 most
166 318 139 24 celebrated
319 319 84 24 Welsh
424 319 85 23 Bards.
546 320 52 23 The
618 324 106 27 greatest
741 322 48 22 and
808 326 62 20 most
889 324 41 22 ad-

84 352 78 23 mired
176 351 29 24 of
214 353 75 27 these,
303 353 48 23 and
365 354 53 22 who
432 354 43 23 has
488 354 148 23 maintained
650 354 36 23 his
700 355 137 31 popularity
852 360 23 19 to
889 357 40 22 the

84 390 99 26 present
196 386 55 32 day,
266 395 48 15 was
328 387 129 24 Taliesin.*
495 388 40 23 He
554 388 64 23 lived
637 388 23 22 in
680 389 40 22 the
739 389 63 22 sixth
821 395 109 26 century.

85 420 24 23 A
131 423 108 28 mystery
261 421 77 30 hangs
360 429 59 15 over
440 422 36 22 his
498 422 73 23 birth.
609 421 39 23 He
667 429 47 16 was
736 422 143 23 discovered
900 431 29 15 an

84 453 87 29 infant,
184 454 102 31 floating
299 456 23 22 in
337 462 14 16 a
362 455 109 23 leathern
486 455 57 31 bag,
556 456 23 22 in
594 456 40 22 the
648 456 163 22 salmon-weir
830 456 99 31 belong-

85 488 43 30 ing
145 492 25 19 to
189 488 89 31 Elphin
296 496 42 15 son
358 489 28 22 of
400 489 139 30 Gwyddno,
559 497 14 14 a
591 489 82 31 prince
692 489 27 22 of
734 489 195 31 Cardiganshire.

84 521 133 32 Gwyddno
228 523 47 22 had
286 523 46 22 lost
342 530 14 15 a
366 527 68 26 great
443 527 55 26 part
510 523 27 22 of
547 523 35 22 his
596 523 113 30 territory
720 523 32 31 by
766 531 29 14 an
810 524 119 30 irruption

84 555 29 23 of
123 556 41 22 the
178 563 48 15 sea.
265 556 53 23 The
331 556 165 23 salmon-weir
509 564 47 15 was
568 556 31 23 all
613 557 29 23 he
655 552 48 27 had
716 561 24 18 to
753 557 55 31 give
823 557 35 22 his
876 566 52 19 son,

84 589 47 22 and
145 589 28 23 of
184 597 85 15 course
283 590 18 22 it
318 594 65 19 must
402 591 60 22 have
482 591 60 22 been
561 599 15 14 a
592 591 113 30 grievous
724 590 206 31 disappointment

84 626 25 19 to
128 631 61 22 poor
209 623 99 31 Elphin,
322 624 98 31 coming
438 632 30 14 on
486 624 40 23 the
539 625 75 30 tiptoe
627 624 29 23 of
665 625 161 30 expectation,
841 628 24 20 to
879 625 51 23 find

83 664 15 15 a
116 656 67 23 child
200 661 26 19 to
245 661 110 27 support,
370 658 92 23 instead
481 657 27 23 of
522 666 15 15 a
554 658 56 22 haul
629 657 28 24 of
672 658 92 23 salmon
785 661 24 20 to
827 662 102 27 support

83 690 106 23 himself.
226 690 133 30 However,
372 692 31 22 he
416 692 69 23 acted
498 692 41 23 the
552 696 54 26 part
618 692 28 23 of
655 699 15 16 a
687 692 72 23 noble
779 692 83 30 prince
881 693 48 22 and

83 732 14 15 a
121 725 66 29 good
218 724 131 24 Christian.
386 725 41 23 He
460 725 57 24 took
546 726 40 22 the
615 725 128 31 foundling
774 726 78 27 home,
881 727 49 22 and

84 758 108 30 brought
205 758 50 23 him
269 766 40 23 up.
347 759 32 23 So
392 766 59 16 soon
465 766 25 16 as
504 760 29 22 he
546 759 48 23 had
607 760 107 22 attained
728 760 40 22 the
782 767 89 22 proper
884 768 45 23 age

83 791 30 24 he
127 799 48 16 was
188 792 86 30 placed
288 793 23 22 in
325 793 41 22 the
383 793 143 30 Monastery
541 793 28 22 of
577 793 162 28 Llancarvan,
752 793 78 22 under
844 793 86 31 Catwg

83 826 41 22 the
139 825 75 29 Wise,
228 826 41 23 the
283 826 52 23 first
348 826 84 23 abbot.
471 826 67 23 Here
552 826 29 23 he
595 827 99 22 became
711 826 146 31 acquainted
872 827 57 23 with

84 859 129 28 Aneurim,
227 860 48 22 and
289 861 19 21 is
326 860 121 31 supposed
466 864 25 19 to
510 860 60 23 have
591 860 59 23 been
670 855 106 36 brought
795 860 77 23 under
890 860 40 24 the

83 894 82 22 notice
178 893 28 23 of
216 893 76 24 Urien
308 893 113 32 Rheged,
434 902 15 14 a
463 894 132 23 Cumbrian
610 893 72 27 chief,
697 894 53 23 who
767 893 46 23 had
826 893 48 24 fled
893 894 36 23 his

83 928 83 22 native
178 927 57 23 land
253 927 49 23 and
322 927 72 23 taken
413 927 84 32 refuge
516 928 23 22 in
553 927 90 23 Wales.
682 928 75 24 Urien
772 936 47 14 was
838 935 14 15 a
871 927 58 24 kind

82 960 77 23 friend
173 964 25 20 to
213 960 115 28 Taliesin,
340 961 63 27 who,
413 970 25 14 as
452 962 23 22 in
487 962 60 30 duty
559 961 90 27 bound,
661 961 42 23 has
714 969 61 23 sung
785 962 41 22 the
839 962 90 30 praises

81 994 30 23 of
121 995 36 23 his
171 998 94 27 patron.
303 995 81 23 There
403 996 19 22 is
441 1003 46 15 one
505 995 148 30 production
670 994 27 23 of
708 995 40 23 the
762 1003 67 15 muse
842 994 28 24 of
881 995 48 23 Ta-

80 1028 69 23 liesin
165 1032 63 20 most
241 1029 151 23 honourable
406 1032 23 20 to
443 1029 58 22 him.
538 1028 27 23 In
577 1036 13 15 a
602 1028 82 31 family
695 1028 57 24 feud
762 1028 73 32 (such
847 1029 82 31 things

81 1063 48 23 will
147 1063 42 29 be)
208 1062 89 30 Elphin
316 1070 47 16 was
383 1063 72 23 taken
476 1063 110 30 prisoner
603 1063 33 30 by
650 1063 36 22 his
705 1062 71 24 uncle
797 1062 131 31 Maelgwn,

80 1097 85 30 prince
185 1096 27 23 of
232 1091 80 28 North
333 1097 91 27 Wales,
444 1097 48 22 and
512 1097 113 22 confined
647 1097 24 22 in
693 1104 15 15 a
731 1100 84 26 strong
840 1097 73 22 castle
922 1107 6 16 ;

82 1130 108 23 Taliesin
206 1130 134 31 thereupon
352 1130 130 23 addressed
493 1134 25 19 to
528 1130 48 22 this
587 1130 72 22 harsh
673 1130 110 22 kinsman
797 1138 14 14 a
824 1130 105 30 poetical

80 1164 85 31 appeal
179 1164 23 23 in
217 1159 85 28 behalf
312 1164 27 23 of
349 1165 36 22 his
399 1163 149 24 benefactor.
576 1163 53 23 The
643 1164 102 30 petition
760 1171 47 15 was
819 1172 110 14 success-

79 1198 43 29 ful,
139 1198 89 31 Elphin
243 1206 46 15 was
303 1198 108 23 released
422 1208 6 17 ;
447 1198 47 22 and
510 1198 40 22 the
569 1197 63 23 Bard
653 1197 46 23 had
719 1197 40 22 the
778 1196 149 24 satisfaction

79 1232 28 24 of
115 1233 98 30 serving
232 1240 46 15 one
292 1232 79 23 friend
385 1232 47 23 and
447 1232 107 30 winning
573 1231 109 26 another,
697 1238 25 15 as
736 1230 124 31 Maelgwn
871 1239 58 14 ever

79 1266 64 24 after
156 1267 100 22 became
270 1266 36 22 his
319 1266 105 23 staunch
437 1268 136 28 supporter.
612 1266 23 22 A
654 1268 58 27 poet
725 1263 78 23 would
823 1263 61 23 have
903 1268 25 19 to

79 1301 55 29 sing
155 1307 14 16 a
189 1300 60 30 long
274 1300 58 22 time
354 1299 118 30 nowaday
494 1298 82 23 before
595 1298 30 22 he
644 1306 60 22 sang
723 1305 14 15 a
756 1297 95 30 captive
869 1297 59 23 free.

80 1334 51 23 But
146 1341 57 15 ours
220 1334 20 22 is
259 1333 103 30 literally
376 1333 48 23 and
443 1331 200 31 metaphorically
663 1339 29 14 an
712 1331 52 22 iron
783 1339 52 23 age.
874 1331 54 24 The

79 1367 43 23 life
135 1367 29 23 of
175 1367 107 22 Taliesin
295 1374 102 22 appears
410 1369 25 20 to
453 1367 60 21 have
532 1365 82 30 glided
633 1364 131 31 tranquilly
778 1372 39 21 on,
830 1369 99 26 exempt

79 1401 64 23 from
156 1408 55 16 care
225 1408 28 15 or
265 1407 98 16 sorrow.
400 1400 100 30 Always
513 1406 14 15 a
539 1398 115 23 welcome
668 1401 70 27 guest
751 1401 25 20 at
788 1398 41 23 the
842 1399 86 23 castles

79 1434 29 25 of
126 1435 37 23 his
184 1434 126 27 admirers,
333 1433 30 23 he
384 1433 48 23 had
454 1440 14 16 a
487 1432 61 23 little
570 1432 134 29 hermitage
723 1431 28 24 of
766 1432 36 23 his
822 1440 61 21 own,
902 1437 25 19 to

316 1508 12 14 *
344 1508 110 20 Cambrian
465 1507 102 23 Plutarch,
578 1513 22 18 p.
612 1507 33 24 41,
658 1507 35 20 &c.
