1023 1619
886 107 32 22 83

342 111 55 16 THE
412 112 79 16 KINGS
508 113 31 15 OF
553 113 100 15 WALES.

71 169 176 31 gomeryshire,
256 170 80 22 where
349 170 30 22 he
393 170 64 23 died.
486 170 28 22 In
529 170 40 23 the
583 171 154 32 churchyard
751 172 74 23 ofthe
838 172 80 31 parish

72 203 69 22 there
160 203 20 22 is
198 211 15 14 a
231 204 61 22 rude
310 203 75 31 effigy
403 203 25 23 of
443 212 14 14 a
475 212 55 15 man
551 205 100 31 bearing
673 214 14 14 a
705 206 77 23 shield
804 214 57 15 over
882 206 36 23 his

72 236 88 27 breast,
171 237 48 23 and
232 238 42 22 the
285 236 121 33 fragment
419 237 47 24 ofa
478 238 78 23 sword
570 239 24 22 in
607 239 37 22 his
657 239 44 23 left
713 239 75 27 hand,
798 240 120 30 supposed

72 270 33 31 by
117 270 51 24 Mr.
180 271 112 23 Pennant
305 274 25 20 to
344 275 124 27 represent
481 272 40 23 the
535 272 95 30 hapless
640 273 149 23 Jorwerth.*
827 274 90 27 David,

73 303 106 25 Owain's
193 305 77 23 eldest
284 313 43 15 son
345 306 32 29 by
393 306 36 22 his
446 306 89 23 second
550 306 60 27 wife,
624 308 121 22 ascended
765 308 40 22 the
824 308 94 27 throne,

71 339 49 23 and
134 339 100 30 reigned
247 339 157 31 twenty-four
418 347 77 24 years.
527 340 49 23 But
588 340 41 23 the
642 341 103 22 blemish
758 341 29 22 of
797 341 40 22 the
850 341 67 22 elder

72 373 93 23 branch
180 380 55 20 was,
246 373 156 32 fortunately,
414 378 41 18 not
467 374 150 31 hereditary:
632 374 132 32 Llywelyn,
774 374 143 24 Jorwerth's

72 414 52 20 son,
139 415 48 14 was
199 415 14 14 a
226 407 55 28 fine,
296 407 181 31 high-spirited,
491 407 131 23 handsome
636 408 84 31 youth,
734 417 58 22 very
806 408 110 31 popular,

72 448 26 15 as
111 440 30 23 he
154 441 116 23 deserved
284 445 25 19 to
322 441 37 27 be,
373 441 55 27 and,
442 441 89 30 having
546 441 35 22 his
599 450 57 14 nose
675 442 98 30 perfect,
787 450 57 23 very
857 450 59 15 soon

71 475 136 22 succeeded
222 475 22 22 in
259 475 99 31 putting
371 476 36 21 his
421 475 70 23 uncle
506 474 101 23 David's
618 483 60 15 nose
693 479 42 20 out
750 475 106 31 ofjoint,
869 476 47 22 and

75 508 65 23 1194
154 509 32 30 by
197 509 40 22 the
250 509 70 23 voice
333 508 28 23 of
372 509 40 22 the
425 509 88 31 people
526 509 111 23 received
650 510 40 22 the
703 517 80 15 crown
798 509 28 23 of
834 509 80 23 North

71 541 91 28 Wales,
178 543 77 23 which
270 551 47 14 was
334 543 36 22 his
388 543 31 30 by
433 538 65 35 right
512 542 27 22 of
551 544 199 29 primogeniture.
787 542 129 31 Llywelyn

71 575 127 31 displayed
211 584 32 15 no
255 580 61 19 taste
334 576 37 22 for
384 576 97 30 making
494 576 64 26 laws,
574 577 43 22 but
633 577 29 22 he
681 577 47 22 had
745 584 15 15 a
776 579 68 27 great
858 584 57 16 con-

70 610 136 23 stitutional
226 611 61 26 idea,
309 610 80 22 which
408 610 30 22 he
458 613 38 19 set
519 610 37 22 his
579 610 68 22 mind
672 617 29 15 on
727 610 115 31 carrying
863 614 50 19 out.

70 643 108 24 Roderic
192 644 40 23 the
246 643 84 27 Great,
344 651 26 15 as
382 644 43 22 has
439 644 61 22 been
513 643 98 31 already
624 644 85 26 stated,
724 644 49 22 laid
786 644 69 22 down
873 644 42 23 the

69 678 119 30 principle
202 678 52 22 that
267 678 41 22 the
322 677 70 30 kings
405 677 27 23 of
442 677 79 23 North
534 677 81 23 Wales
628 677 88 23 should
729 678 29 22 be
772 678 143 22 considered

68 718 26 15 as
112 711 111 30 superior
241 715 25 19 to
289 711 40 22 the
348 711 71 30 kings
441 710 28 23 of
488 711 78 22 South
585 711 83 22 Wales
690 711 46 22 and
759 711 86 27 Powis,
865 711 49 23 and

68 745 95 22 receive
181 744 62 23 from
260 744 66 23 them
347 753 14 14 a
380 745 91 22 certain
491 744 90 23 tribute
601 745 23 22 in
643 744 228 32 acknowledgment
888 745 28 23 of

68 778 144 31 inferiority,
233 778 71 23 while
325 779 42 22 the
389 786 145 23 supremacy
557 786 57 15 over
638 778 32 23 all
695 778 26 23 of
739 779 39 22 the
803 779 110 30 imperial

68 820 81 15 crown
167 807 29 29 of
208 812 105 23 London
331 812 88 22 should
438 812 31 23 be
487 812 144 31 recognised
650 812 31 31 by
695 812 40 23 the
753 816 116 27 payment
888 813 28 22 of

67 847 91 22 tribute
173 847 31 30 byr
215 847 41 22 the
270 846 70 30 kings
353 846 28 23 of
391 845 78 23 North
480 845 89 27 Wales,
580 854 34 18 or,
625 854 26 14 as
664 846 62 22 their
739 845 44 23 full
797 846 51 23 title
861 854 51 20 ran,

68 879 81 31 Kings
171 881 27 22 of
215 880 41 23 All
276 880 90 27 Wales,
387 882 24 20 to
433 879 41 23 the
497 879 102 30 English
620 880 147 30 sovereigns.
806 880 37 23 To
865 880 47 23 this

67 914 120 30 principle
200 913 29 24 of
237 913 186 24 subordination
436 913 128 30 Llywelyn
579 913 116 31 cordially
706 914 156 27 subscribed;
881 914 31 23 he

67 948 141 30 repeatedly
228 947 192 30 acknowledged
446 948 39 22 the
510 954 144 24 supremacy
676 946 28 24 of
726 947 41 23 the
792 948 69 30 kings
886 948 29 22 of

68 981 122 32 England,
204 981 47 23 and
265 981 103 23 claimed
387 981 60 22 from
467 981 41 22 the
524 981 95 29 princes
638 980 28 23 of
678 980 78 23 South
769 981 81 22 Wales
864 981 47 23 and

67 1014 90 29 Powis,
176 1015 49 23 and
245 1015 41 22 the
308 1014 103 32 English
434 1014 87 23 barons
544 1014 55 22 who
621 1014 46 22 had
690 1014 87 23 settled
796 1015 23 22 in
843 1015 68 23 those

66 1053 72 27 parts,
152 1049 72 31 equal
241 1049 103 30 homage
358 1056 25 15 as
397 1048 47 22 due
457 1052 25 19 to
495 1048 103 27 himself,
612 1048 63 22 their
689 1048 53 23 lord
758 1054 153 25 paramount,

66 1084 58 22 with
142 1083 52 23 that
212 1083 80 23 which
313 1084 29 21 he
360 1082 58 31 paid
437 1086 25 19 to
481 1082 41 23 the
543 1082 58 31 king
619 1081 28 23 of
663 1081 122 32 England,
801 1083 37 23 his
856 1083 55 23 lord

66 1120 153 27 paramount.
256 1116 132 31 Llywelyn,
403 1117 24 22 in
441 1116 40 23 the
497 1124 85 15 course
601 1115 28 24 of
643 1116 36 23 his
698 1116 58 31 long
773 1117 76 30 reign,
861 1125 49 14 saw

66 1151 68 23 three
145 1151 70 31 kings
225 1150 161 31 successively
395 1150 70 23 wield
476 1151 40 22 the
529 1149 100 31 English
640 1153 109 27 sceptre:
763 1150 107 23 Richard
882 1150 28 27 I.,

66 1184 76 29 John,
160 1185 48 22 and
228 1184 86 31 Henry
327 1184 48 23 III.
422 1184 30 23 In
470 1185 42 22 the
530 1185 68 29 reign
618 1184 28 22 of
662 1184 107 23 Richard
789 1184 28 27 I.,
831 1185 80 23 which

67 1226 48 15 was
135 1226 58 15 near
214 1219 30 22 its
264 1219 64 22 close
347 1226 30 15 on
397 1218 41 23 the
457 1218 122 23 accession
599 1217 26 23 of
639 1217 127 31 Llywelyn
780 1216 55 33 (the
849 1218 61 22 lion-

66 1252 101 23 hearted
185 1252 114 23 monarch
320 1252 55 22 died
392 1251 86 32 1199),
492 1252 103 29 nothing
613 1251 151 23 remarkable
783 1252 127 22 occurred.

67 1285 99 32 Shortly
180 1285 63 23 after
258 1285 66 24 John
343 1293 67 15 came
430 1289 23 18 to
473 1285 40 22 the
532 1285 94 26 throne,
640 1285 30 22 he
690 1288 53 19 sent
762 1284 99 23 Hubert
879 1285 30 22 de

66 1319 85 31 Burgh
166 1324 25 18 to
204 1319 77 31 guard
296 1319 39 23 the
350 1319 121 26 Marches,
487 1327 26 14 as
531 1318 69 23 those
619 1322 65 26 parts
703 1317 28 23 of
746 1318 41 22 the
806 1322 104 26 country

67 1362 65 15 were
145 1353 77 23 called
236 1353 78 22 which
328 1361 62 15 were
408 1353 25 22 in
452 1353 134 30 possession
607 1351 28 23 of
653 1351 101 31 English
767 1352 74 22 baron
861 1352 47 23 and

66 1387 63 24 their
150 1390 104 20 tenants.
299 1387 87 22 About
405 1387 41 22 the
465 1394 66 14 same
553 1386 67 26 time,
632 1386 23 21 in
673 1385 71 27 1201,
757 1393 14 15 a
784 1390 78 26 treaty
883 1386 29 24 of

65 1429 75 23 peace
162 1429 48 15 was
235 1420 135 23 concluded
391 1420 108 23 between
522 1419 129 30 Llywelyn
677 1419 46 23 and
745 1419 42 23 the
809 1419 57 24 Earl
885 1420 28 24 of

68 1456 81 28 Essex,
161 1455 131 30 justiciary
305 1453 28 24 of
348 1454 42 22 the
408 1453 90 23 realm:
518 1453 40 22 the
578 1456 78 28 treaty
669 1453 130 24 contained
816 1455 92 23 several

354 1528 12 13 *
381 1528 62 23 Tour,
454 1528 40 19 vol.
504 1528 28 19 iii.
543 1533 21 19 p.
576 1527 43 21 175.
