1023 1619
868 100 47 23 149

340 107 132 17 MONASTIC
488 107 198 17 INSTITUTIONS.

73 179 32 4 —
133 163 46 24 We
196 163 60 24 shall
274 163 31 24 all
322 172 31 23 go
366 168 26 19 to
405 164 48 23 hell
466 164 38 24 for
516 165 40 23 the
569 165 57 23 sake
639 165 28 24 of
678 166 35 23 St.
856 165 60 23 This

73 199 94 30 picture
180 197 76 24 ofthe
272 198 72 31 lights
361 198 47 23 and
422 198 111 23 shadows
547 198 26 23 of
582 200 164 23 monasticism
759 200 11 23 I
785 200 46 22 will
843 199 72 23 finish

74 232 56 23 with
147 240 15 15 a
178 231 116 24 beautiful
312 235 93 23 sonnet,
423 232 86 30 copied
527 233 50 22 into
595 233 39 23 the
678 233 122 23 Archæol.

73 265 62 24 from
149 273 66 16 some
228 266 70 23 other
310 265 131 30 periodical
455 270 41 19 not
510 266 101 23 named:
618 281 34 3 —

181 320 64 19 There
255 327 46 18 may
311 319 25 20 be
344 320 95 25 mightier
449 320 56 19 ruins
505 331 27 3 —
533 320 88 25 Conway
624 320 16 19 's
649 320 55 19 flood

184 347 86 20 Mirrors
280 354 12 12 a
300 353 55 14 mass
365 353 55 13 more
430 347 60 20 noble
500 347 30 19 far
539 347 50 19 than
598 347 57 20 thine
664 355 6 16 ;

184 374 47 20 And
242 374 158 26 Aberystwyth's
411 376 61 23 gaunt
482 374 87 19 remains
579 374 49 20 have
639 374 59 20 stood

183 401 43 20 The
236 401 95 20 ceaseless
339 401 62 20 shock
411 401 58 19 when
478 401 63 19 winds
551 401 39 19 and
600 408 65 13 waves
674 400 98 21 combine.

184 428 57 20 Lone
251 428 16 19 is
278 428 125 24 Dolbadarn,
413 428 40 19 and
462 428 34 19 the
506 428 65 24 lovely
581 428 67 20 shrine

185 455 31 20 Of
223 455 58 19 Valle
292 455 71 20 Crucis
373 455 17 19 is
400 461 12 13 a
422 455 50 25 spell
482 455 23 19 of
512 461 74 19 power,

184 483 32 25 By
225 483 64 19 which
300 483 48 18 each
355 488 81 13 meaner
445 483 87 24 thought
541 483 40 18 and
591 488 57 14 sense
658 488 34 13 are
701 482 100 19 charmed.

185 510 67 19 Proud
262 510 22 19 of
292 510 44 18 that
345 510 49 25 long
404 516 56 18 array
471 510 22 18 of
501 510 48 18 arch
558 510 40 18 and
607 512 69 21 tower,

185 537 79 25 Raglan
275 544 45 18 may
328 537 59 18 claim
397 544 11 11 a
419 537 48 18 rude
477 538 151 24 pre-eminence
635 544 5 16 ;

184 564 85 18 Tintern
279 564 17 18 is
306 564 88 24 peerless
404 566 20 16 at
434 564 34 18 the
477 564 98 18 moon-Ut
584 564 52 18 hour
644 571 5 15 ;

184 590 75 24 Neath,
271 590 115 25 Chepstow,
398 590 110 24 Goodrich,
519 591 48 19 each
577 591 36 19 has
622 591 26 19 its
659 593 94 23 pretence
764 599 4 11 :

183 617 42 20 But
234 618 43 19 mid
287 618 36 25 thy
333 618 83 25 solitary
427 618 122 23 mountains,
560 618 73 25 gained

184 644 32 26 By
223 651 27 13 no
259 645 56 25 plain
324 644 71 20 beaten
405 645 65 22 track,
482 651 34 19 my
525 645 58 25 spirit
593 648 57 16 turns

182 671 31 20 To
223 672 54 22 thee,
289 671 116 26 Llanthony
414 679 5 15 ;
434 671 47 22 and,
493 678 21 13 as
523 674 34 23 yet
566 671 115 24 untrained,

181 698 76 20 Would
267 698 61 26 freely
339 698 94 26 worship,
444 698 65 20 where
518 699 56 19 thine
585 699 51 19 altar
646 699 70 22 burns,

155 726 41 23 All,
207 731 46 14 save
262 726 27 24 by
299 726 90 19 nature's
399 726 80 24 priests,
490 732 75 13 unseen
576 726 39 19 and
625 726 134 24 unprofaned.

792 784 16 16 A.

828 782 20 19 S.
860 782 25 19 K.

141 821 141 22 Crickhowell,
293 821 46 19 2lst
349 821 53 19 Nov.
