1023 1619
900 92 48 23 159

372 100 134 15 GIRALDUS
520 101 172 14 CAMBRENSIS.

111 157 50 23 into
175 157 64 31 good
253 157 57 23 than
324 157 52 24 rich
389 157 109 24 families.
536 158 67 23 Even
623 159 42 23 the
682 166 111 16 common
810 159 85 30 people
914 166 36 16 re-

111 192 50 22 tain
181 192 64 22 their
263 191 143 31 genealogy,
420 192 48 23 and
486 199 45 16 can
552 195 42 20 not
611 192 57 30 only
685 193 91 29 readily
794 197 101 18 recount
911 193 39 23 the

110 232 82 15 names
205 225 27 23 of
248 226 62 22 their
323 226 167 29 grandfathers
503 226 47 22 and
563 226 258 30 great-grandfathers,
834 226 44 23 but
891 234 59 15 even

111 259 62 22 refer
183 259 61 23 hack
258 262 24 20 to
295 259 41 23 the
344 259 65 23 sixth
420 267 27 15 or
456 259 99 23 seventh
565 259 148 30 generation.
734 259 51 23 The
795 264 94 26 greater
898 264 53 27 part

111 292 27 23 of
149 293 63 22 their
230 293 55 22 land
299 293 19 22 is
331 293 48 22 laid
397 293 69 22 down
484 297 24 18 to
527 296 136 27 pasturage,
678 293 60 22 little
754 293 19 22 is
785 293 139 28 cultivated,
938 302 13 15 a

110 333 59 24 very
191 326 68 22 small
279 327 111 30 quantity
408 327 18 22 is
442 326 155 23 ornamented
618 326 56 22 with
694 326 100 27 flowers,
808 327 47 22 and
873 336 14 14 a
903 328 47 22 still

111 360 97 22 smaller
221 360 18 22 is
251 368 75 15 sown.
362 360 70 32 They
450 360 92 23 seldom
561 360 62 30 yoke
641 360 47 23 less
704 360 56 23 than
781 360 55 23 four
851 370 61 14 oxen
926 366 24 18 to

111 393 63 23 their
192 393 112 32 ploughs.
343 393 51 24 The
413 394 68 23 boats
498 394 78 22 which
595 394 58 30 they
671 394 96 31 employ
784 395 23 21 in
823 394 89 32 fishing
925 403 26 15 or

111 427 23 22 in
155 428 110 30 crossing
283 428 40 23 the
342 428 75 23 rivers
436 436 39 14 are
494 428 70 22 made
585 427 28 23 of
629 428 75 30 twigs,
727 431 43 20 not
790 428 98 30 oblong,
908 436 43 16 nor

111 461 109 30 pointed,
235 462 43 22 but
291 462 86 22 almost
389 462 86 26 round,
489 469 27 15 or
529 462 80 22 rather
622 461 139 30 triangular,
776 463 102 22 covered
892 463 58 22 both

111 495 83 22 within
209 495 45 22 and
269 496 101 22 without
381 496 56 22 with
451 503 47 15 raw
509 496 75 22 hides.
612 495 52 23 The
674 495 136 27 fishermen,
821 497 130 29 according

111 532 25 19 to
149 528 41 23 the
204 531 92 20 custom
312 529 26 22 of
348 530 39 21 the
401 536 110 23 country,
524 530 22 21 in
560 529 75 30 going
647 532 24 20 to
685 529 46 22 and
746 528 61 24 from
822 530 40 22 the
875 530 75 22 rivers

112 569 70 24 carry
195 563 63 22 their
271 563 69 22 boats
354 570 29 15 on
398 563 62 22 their
472 563 133 22 shoulders.

191 596 28 22 In
233 596 98 22 ancient
344 596 76 27 times,
435 596 46 22 and
495 596 74 22 about
588 599 47 19 two
654 596 108 22 hundred
780 604 70 22 years
867 596 84 23 before

111 629 41 23 the
172 629 138 23 overthrow
330 629 26 23 of
378 629 101 27 Britain,
499 630 40 22 the
564 629 84 23 Welsh
668 637 61 15 were
748 630 132 22 instructed
904 630 46 23 and

112 663 132 23 confirmed
271 664 23 21 in
318 663 40 22 the
387 663 58 22 faith
469 663 32 31 by
528 663 110 30 Faganus
663 663 47 23 and
738 663 141 26 Daniianus,
899 668 52 19 sent

112 697 51 22 into
185 697 40 22 the
250 697 76 22 island
348 701 24 18 at
393 697 41 23 the
454 701 97 27 request
572 697 28 22 of
621 696 67 31 King
709 696 100 29 Lucius,
829 697 33 30 by
885 697 66 31 Pope

112 730 163 27 Eleutherius,
285 731 47 22 and
345 730 59 23 from
416 731 52 22 that
481 731 83 30 period
575 731 68 21 when
654 730 138 24 Germanus
802 730 28 23 of
842 732 109 22 Auxerre

111 765 47 22 and
172 764 84 30 Lupus
270 764 28 23 of
309 764 91 31 Troyes
415 773 66 14 came
495 773 56 14 over
565 772 30 15 on
609 768 104 19 account
723 764 28 23 of
762 764 39 23 the
812 766 138 29 corruption

111 798 79 22 which
216 798 48 22 had
289 802 68 26 crept
381 798 51 23 into
457 798 40 23 the
521 798 77 22 island
619 798 33 30 by
674 798 40 23 the
734 798 106 22 invasion
862 799 28 21 of
911 799 39 23 the

113 831 103 28 Saxons,
236 832 44 22 but
298 832 154 30 particularly
470 832 56 22 with
539 839 14 15 a
566 832 59 22 view
639 831 28 23 of
683 832 121 30 expelling
823 832 39 23 the
884 832 67 23 Pela-

112 866 55 29 gian
188 867 91 28 heresy,
294 866 102 30 nothing
412 865 113 23 heretical
546 872 27 15 or
589 869 112 26 contrary
721 869 24 19 to
764 866 39 22 the
823 868 52 20 true
892 866 58 23 faith

111 906 50 15 was
173 902 25 20 to
211 900 30 22 be
254 899 73 23 found
342 906 88 22 among
444 900 39 21 the
498 899 98 22 natives.
634 898 49 23 But
696 899 18 22 it
728 899 18 22 is
759 899 48 22 said
822 899 51 23 that
885 907 65 15 some

111 936 66 27 parts
191 932 27 23 of
233 933 40 22 the
292 933 97 22 ancient
407 933 121 22 doctrines
544 940 39 15 are
598 933 45 22 still
663 933 115 22 retained.
815 932 69 31 They
897 933 54 31 give

112 966 41 22 the
166 966 52 22 first
231 966 67 31 piece
312 966 90 22 broken
415 966 35 22 off
460 966 60 22 from
535 973 71 23 every
618 966 50 22 loaf
675 966 28 22 of
709 966 73 22 bread
792 969 25 19 to
830 966 40 22 the
884 974 66 22 poor.

113 999 70 31 They
203 1000 30 22 sit
252 1000 69 22 down
342 1004 24 18 to
386 1000 85 22 dinner
490 1000 30 30 by
536 999 67 23 three
617 999 22 22 in
653 1007 14 14 a
680 1007 128 22 company,
822 1000 23 21 in
859 1000 92 22 honour

112 1033 28 23 of
155 1034 41 22 the
210 1033 111 31 Trinity;
341 1033 55 22 with
410 1033 120 23 extended
544 1041 71 19 arms,
629 1033 45 22 and
689 1033 96 31 bowing
801 1033 79 27 heads,
895 1034 56 31 they

112 1067 43 23 ask
174 1076 14 14 a
210 1067 105 30 blessing
329 1067 26 23 of
370 1075 72 23 every
459 1067 73 23 monk
547 1075 28 13 or
591 1067 81 30 priest,
686 1075 27 14 or
731 1066 28 24 of
774 1075 71 23 every
864 1076 87 22 person

112 1102 106 30 wearing
238 1110 14 14 a
275 1101 115 31 religious
413 1101 73 22 habit.
525 1100 70 31 They
620 1100 83 26 desire,
726 1101 77 22 above
827 1100 30 23 all
883 1102 68 22 other

112 1136 102 25 nations,
229 1136 40 21 the
282 1135 121 30 episcopal
422 1135 136 22 ordination
577 1134 47 22 and
641 1135 107 25 unction,
765 1134 31 31 by
818 1135 75 22 which
911 1135 40 23 the

111 1176 72 23 grace
198 1169 78 23 ofthe
290 1168 75 30 Spirit
378 1169 19 22 is
409 1169 82 29 given.
529 1168 36 23 Of
579 1168 29 22 all
626 1168 154 30 pilgrimages
799 1168 57 30 they
872 1169 79 29 prefer

111 1203 53 22 that
177 1206 23 19 to
216 1202 85 27 Rome,
315 1203 78 22 where
410 1203 56 29 they
487 1209 46 23 pay
547 1202 41 22 the
602 1205 61 19 most
675 1201 93 23 fervent
789 1202 124 23 adoration
927 1206 24 19 to

112 1237 41 22 the
168 1236 65 30 Holy
249 1237 53 22 See.
337 1236 47 23 We
398 1236 99 23 observe
511 1236 52 22 that
575 1235 57 31 they
646 1235 65 23 show
724 1243 14 15 a
750 1239 95 27 greater
857 1240 94 26 respect

111 1270 59 22 than
183 1270 71 22 other
269 1270 95 22 nations
377 1273 25 19 to
415 1269 118 23 churches
552 1270 46 22 and
618 1269 170 23 ecclesiastical
807 1276 105 24 persons,
927 1273 24 20 to

110 1304 41 22 the
171 1303 70 23 relics
254 1303 28 23 of
295 1303 81 27 saints,
394 1303 67 27 bells,
484 1303 57 30 holy
562 1303 83 26 books,
660 1303 46 22 and
724 1303 41 22 the
784 1310 74 20 cross,
873 1303 77 23 which

110 1338 60 30 they
183 1337 115 32 devoutly
312 1345 93 19 revere;
424 1336 46 23 and
490 1337 75 22 hence
585 1337 61 21 their
662 1336 117 23 churches
796 1336 71 31 enjoy
885 1345 66 15 more

111 1372 57 23 than
189 1379 111 15 common
321 1370 158 31 tranquillity.
517 1370 48 23 For
578 1378 73 22 peace
663 1370 20 22 is
696 1375 42 17 not
751 1370 56 31 only
824 1371 126 30 preserved

110 1406 106 23 towards
237 1405 30 23 all
285 1405 100 23 animals
407 1404 96 29 feeding
524 1405 22 21 in
568 1404 172 27 churchyards,
755 1404 44 22 but
814 1408 25 19 at
854 1412 13 15 a
884 1408 67 28 great

111 1440 109 23 distance
244 1439 96 30 beyond
367 1439 75 22 them.
478 1437 53 23 The
551 1438 116 31 principal
687 1438 118 23 churches
826 1441 25 20 to
873 1439 77 23 which

110 1474 122 29 antiquity
252 1474 42 22 has
316 1472 110 24 annexed
448 1472 40 23 the
506 1475 96 28 greater
620 1480 136 20 reverence,
782 1472 87 23 extend
889 1473 62 23 their
