1023 1619
883 99 46 22 157

345 106 139 16 GIRALDUS
498 107 175 15 CAMBRENSIS.

90 162 116 25 Giraldus
228 163 168 31 expostulated
419 165 56 22 with
498 165 41 23 the
558 164 141 24 discordant
719 166 52 29 pair
788 172 27 16 so
833 172 98 23 persua-

89 197 75 31 sively
195 197 48 23 and
274 197 186 31 affectionately,
485 198 53 23 that
561 206 15 15 a
599 199 121 30 complete
749 199 182 23 reconciliation

89 230 122 29 followed,
224 231 48 23 and
285 232 57 30 they
356 232 61 22 lived
432 239 13 15 a
459 232 83 22 united
557 232 87 30 couple
658 240 57 15 ever
726 232 69 23 after.
826 233 22 22 A
863 233 68 22 strict

90 265 175 30 diciplinarian,
279 260 104 36 perhaps
396 273 14 15 a
423 265 74 23 shade
513 269 41 19 too
573 266 72 22 much
659 274 35 19 so,
709 266 28 23 he
751 274 47 15 was
812 274 14 15 a
838 274 54 14 man
906 265 27 24 of

89 299 37 22 his
139 299 74 22 word.
251 299 46 22 His
311 306 52 15 own
377 299 164 31 parishioners
560 303 24 18 at
597 299 96 31 Nangle
707 299 91 32 having
817 300 113 23 incurred

89 333 237 22 excommunication
350 332 37 23 for
406 333 41 23 the
468 332 87 32 deadly
574 333 36 22 sin
632 332 28 24 of
680 333 103 31 keeping
806 333 62 23 back
889 333 42 23 the

88 366 81 27 tithes,
183 366 47 23 and
250 366 116 32 repented
387 366 46 23 and
455 367 56 31 paid
532 375 40 23 up,
590 366 31 23 he
641 367 122 30 promised
784 370 25 20 to
831 367 99 23 absolve

88 400 65 23 them
168 408 29 15 on
212 408 13 15 a
236 401 90 22 certain
340 401 54 30 day,
396 414 33 3 —
431 400 41 23 the
485 401 47 30 day
545 408 75 18 came,
633 401 48 22 and
699 400 56 23 with
768 401 19 22 it
799 409 15 14 a
827 404 103 20 tremen-

88 433 61 24 dous
169 437 111 27 tempest,
302 430 77 27 which
400 435 70 22 made
492 434 135 31 travelling,
648 442 25 15 as
692 434 128 30 travelling
842 442 46 15 was
905 435 24 22 in

88 468 70 23 those
170 468 68 29 days,
249 468 128 30 positively
390 469 137 29 dangerous
536 476 5 15 :
561 468 120 28 however,
691 468 29 23 he
733 468 46 23 had
793 469 85 29 passed
893 468 37 22 his

88 502 75 26 word,
174 502 46 23 and
233 509 31 23 go
274 502 30 23 he
315 502 80 23 would
405 512 6 17 ;
426 502 47 22 and
483 503 30 22 he
524 506 70 19 went.
622 502 35 23 As
666 505 25 20 to
700 502 113 30 personal
826 501 59 29 fear,
899 502 30 23 he

88 535 41 23 did
150 541 41 17 not
213 536 70 22 know
305 536 66 22 what
390 536 18 22 it
424 543 54 20 was,
482 549 31 4 —
517 536 9 22 I
546 543 103 23 suppose
668 536 52 22 that
737 543 31 15 no
787 535 140 23 Welshman

88 569 66 22 does.
190 569 97 32 During
307 569 39 23 the
366 573 94 19 contest
478 569 38 22 for
536 569 34 23 St.
590 569 109 28 David's,
721 569 115 23 Giraldus
855 576 48 15 was
914 577 15 14 a

88 603 100 22 marked
210 611 63 19 man,
292 603 47 23 and
362 603 39 23 the
421 603 66 31 royal
509 603 146 31 displeasure
677 611 45 15 was
743 602 143 23 manifested
905 603 23 22 in

88 644 73 24 every
174 637 73 31 shape
260 637 18 22 it
291 637 71 23 could
377 637 29 22 be
415 646 5 13 :
440 645 30 14 on
483 637 34 22 his
528 641 81 19 return
618 637 103 23 towards
734 636 119 31 England,
868 636 61 23 from

88 678 30 15 an
131 671 127 23 excursion
273 671 105 31 through
392 671 41 23 the
446 670 54 22 wild
514 674 65 28 parts
592 670 28 24 of
631 671 195 31 Cardiganshire,
841 678 13 15 a
867 678 61 15 mes-

88 712 86 23 senger
193 707 49 20 met
263 704 49 23 him
335 705 56 22 with
412 704 41 23 the
472 704 153 31 intelligence
644 705 52 22 that
715 704 30 23 all
762 704 41 23 the
820 704 67 23 lands
904 707 25 20 at

88 738 95 23 Brecon
197 738 46 23 and
257 738 119 27 Llandeu,
390 738 132 31 belonging
537 741 24 20 to
574 739 41 22 the
630 746 39 15 see
682 738 27 23 of
727 737 35 24 St.
776 737 91 28 David,
881 738 48 22 and

88 772 29 23 of
127 772 78 23 which
218 773 31 22 he
263 773 46 22 had
323 773 40 22 the
378 776 178 25 management,
569 772 48 22 had
634 772 61 22 been
712 772 77 22 seized
804 779 29 15 on
848 771 84 23 behalf

88 806 28 23 of
126 807 42 22 the
181 806 65 30 king,
251 820 31 2 —
285 806 115 23 Giraldus
411 809 61 19 went
483 813 38 18 on,
533 806 215 28 notwithstanding
757 815 5 17 ;
782 812 14 16 a
804 805 46 23 few
860 805 69 23 miles

89 839 94 23 further
201 840 102 22 another
321 846 138 23 messenger
477 843 49 19 met
544 839 56 27 him,
615 842 23 19 to
652 847 41 22 say
713 840 52 22 that
782 839 31 23 all
826 839 36 22 his
875 846 53 16 own

88 873 70 22 lands
180 873 48 22 and
249 880 117 15 revenues
385 873 80 22 would
485 873 91 30 shortly
599 873 29 22 be
649 873 87 26 seized,
757 873 47 22 and
826 873 52 22 that
899 873 30 22 he

89 906 99 23 himself
198 906 81 22 would
291 906 30 22 be
334 906 93 22 thrown
446 906 50 22 into
509 906 80 31 prison
604 906 18 22 if
639 906 29 22 he
682 906 70 22 could
766 906 29 22 be
809 906 46 23 laid
872 906 57 23 hold

89 940 30 27 of,
121 954 32 3 —
155 940 48 23 still
216 948 30 15 on
261 940 29 22 he
304 944 69 18 went.
406 939 79 23 When
498 940 28 21 he
539 943 41 26 got
594 947 56 14 near
660 940 79 26 home,
748 939 36 22 his
794 948 52 14 own
858 943 73 27 agent

90 978 49 19 met
160 974 57 26 him,
239 974 145 30 confirming
407 974 143 30 everything
561 983 5 16 ;
591 977 25 18 to
638 973 29 22 all
688 973 77 23 which
787 978 142 26 portentous

90 1011 207 20 announcements
311 1007 115 23 Giraldus
439 1007 133 30 pleasantly
587 1007 68 22 made
669 1015 99 18 answer,
894 1015 35 15 we

89 1045 43 19 not
147 1050 66 14 some
232 1041 64 31 good
310 1041 36 23 ale
360 1045 24 19 at
398 1041 69 23 home
476 1041 11 23 ?
507 1041 32 22 let
551 1049 28 14 us
592 1048 31 24 go
636 1041 46 22 and
700 1040 71 23 drink
785 1041 18 23 it
815 1041 83 23 before
911 1041 19 23 it

88 1075 31 23 be
131 1075 32 23 all
301 1075 46 22 His
366 1083 105 22 courage
489 1074 46 23 had
555 1075 28 21 its
602 1075 91 22 reward
703 1084 5 16 ;
732 1082 31 15 on
782 1075 106 31 arriving
905 1077 25 21 at

88 1109 111 23 Llandeu
221 1109 30 23 he
270 1108 75 24 found
367 1108 30 23 all
422 1108 50 23 safe
496 1108 47 23 and
567 1108 85 23 sound.
696 1108 115 24 Giraldus
832 1109 47 23 had
898 1116 30 15 an

88 1143 109 23 author's
218 1143 66 23 lease
303 1142 28 23 of
349 1142 50 28 life,
412 1143 48 22 and
478 1149 49 16 saw
546 1141 169 31 seventy-four
733 1150 69 23 years
813 1152 6 17 ;
837 1142 92 31 shortly

88 1177 82 23 before
191 1177 36 22 his
246 1177 71 22 death
338 1177 29 22 he
381 1184 47 15 was
447 1177 90 22 offered
555 1176 40 23 the
614 1177 173 22 once-coveted
808 1177 121 30 bishopric

86 1210 27 23 of
130 1210 35 23 St.
180 1210 110 26 David's,
303 1218 30 14 on
348 1210 122 22 condition
488 1210 51 22 that
551 1210 31 22 he
594 1210 189 30 acknowledged
801 1210 41 22 the
856 1210 73 31 juris-

87 1245 93 22 diction
195 1243 28 24 of
233 1244 40 22 the
287 1243 158 31 Archbishop
457 1243 29 23 of
497 1243 152 31 Canterbury
659 1252 5 13 :
683 1243 29 22 he
726 1250 61 24 gave
800 1251 14 14 a
826 1243 103 23 decided

86 1278 99 24 refusal.
228 1278 40 23 He
290 1277 55 23 died
367 1281 25 19 at
414 1277 35 23 St.
471 1276 108 28 David's,
600 1277 48 22 and
668 1285 47 14 was
737 1277 84 22 buried
843 1278 23 21 in
887 1277 42 23 the

86 1311 124 25 cathedral
229 1312 100 26 church,
343 1312 80 22 where
442 1311 35 23 his
496 1311 67 23 tomb
582 1318 56 24 may
655 1315 41 27 yet
708 1311 29 22 be
751 1319 64 19 seen,
828 1311 100 31 bearing

87 1347 37 22 his
136 1346 82 30 effigy,
232 1345 139 30 sculptured
386 1346 22 22 in
423 1346 41 22 the
477 1344 118 24 beautiful
609 1345 47 22 and
671 1344 137 23 devotional
825 1345 103 23 attitude

85 1393 33 4 —
125 1380 41 23 the
185 1380 76 23 hands
280 1379 97 31 clasped
390 1380 24 22 in
428 1386 87 24 prayer
520 1392 33 4 —
559 1378 27 23 of
599 1379 41 22 the
657 1378 40 23 old
715 1378 110 24 Catholic
843 1386 85 16 monu-

85 1417 87 19 ments.

138 1449 22 22 A
175 1447 95 32 picture
279 1447 29 22 of
318 1447 83 22 Wales
412 1447 48 22 and
472 1447 42 22 the
527 1446 90 27 W'elsh,
628 1446 83 30 copied
726 1445 62 24 from
801 1447 41 22 the
854 1454 73 24 pages

85 1482 29 24 of
124 1482 40 24 the
357 1480 48 23 will
414 1480 64 24 close
487 1480 46 23 this
543 1487 76 24 essay,
630 1480 85 27 which,
726 1488 24 15 as
761 1480 142 29 heretofore,
914 1480 12 24 I
