1023 1619
119 112 46 23 122

393 122 52 16 THE
460 123 89 15 WELSH
565 122 116 16 CHURCH.

118 178 122 30 Glasgow,
254 178 79 24 where
345 179 38 23 his
396 187 70 16 name
478 181 20 22 is
516 181 47 23 still
576 180 55 24 held
643 181 25 22 in
682 180 104 23 honour.
825 177 87 25 Before
930 176 31 24 he

118 212 116 30 departed
255 212 29 22 he
301 213 72 22 chose
392 221 14 15 a
423 222 131 19 successor,
570 214 35 23 St.
620 214 92 31 Asaph,
726 214 55 23 who
797 213 47 23 had
860 212 46 23 had
920 211 41 23 the

118 248 169 27 management
309 246 28 23 of
353 246 41 24 the
415 248 76 22 house
509 249 88 29 during
620 247 34 24 St.
670 246 156 31 Kentigern's
847 246 114 31 frequent

118 280 116 22 absences
248 286 30 16 on
295 280 36 22 his
346 280 116 29 missions,
482 282 48 22 and
549 282 23 22 in
589 281 80 23 whom
687 281 30 22 he
736 281 86 30 placed
842 280 42 22 full
903 287 58 15 con-

117 313 102 21 fidence.

170 346 36 23 St.
218 346 82 30 Asaph
313 355 48 15 was
374 346 28 24 of
416 347 72 23 noble
502 347 91 31 family,
607 347 47 23 and
667 355 25 15 as
705 346 153 24 remarkable
872 346 36 23 for
921 346 40 23 the

118 388 83 24 graces
215 379 28 23 of
252 379 37 23 his
301 388 86 22 person
401 389 25 14 as
439 380 27 23 of
483 381 37 22 his
538 381 66 22 mind
625 381 47 23 and
692 381 78 23 heart.
806 380 52 23 The
877 380 84 31 people

118 414 71 23 loved
210 413 51 23 him
279 422 27 14 so
323 415 82 24 much,
419 415 59 28 that,
489 418 25 19 to
530 414 61 31 keep
606 415 50 22 him
673 415 90 30 always
781 414 22 22 in
817 414 74 28 mind,
905 414 56 32 they

118 448 111 31 changed
242 448 42 23 the
297 456 69 14 name
383 447 28 24 of
429 449 41 22 the
488 456 40 15 see
548 447 62 24 from
631 448 127 31 Llanelwy
776 451 25 21 to
820 448 35 24 St.
869 448 92 31 Asaph.

119 482 41 23 He
173 490 48 15 was
234 488 15 15 a
261 485 112 20 constant
386 482 47 23 and
446 481 97 24 faithful
559 483 126 29 preacher,
698 483 48 23 and
764 482 46 23 had
831 490 44 16 one
893 485 68 28 great

118 517 93 30 saying,
260 515 69 32 They
350 516 53 23 who
422 523 91 23 oppose
532 516 41 23 the
592 517 133 30 preaching
746 516 28 23 of
790 516 76 23 God's
886 517 74 27 word,

118 558 64 22 envy
195 550 41 23 the
252 550 118 22 salvation
388 549 26 23 of
556 550 40 22 He
610 550 55 23 died
679 550 63 31 May
759 550 22 29 1,
794 550 59 22 596.
889 550 72 22 From

118 583 41 23 the
173 584 70 22 death
258 583 28 23 of
297 583 85 31 Asaph
401 583 23 23 in
438 583 57 28 596,
510 586 24 20 to
548 583 40 23 the
607 584 166 23 consecration
787 583 28 24 of
828 583 96 25 Gilbert
937 583 24 23 in

120 617 71 27 1143,
206 617 56 31 only
275 625 46 14 one
333 625 71 14 name
417 617 49 22 ofa
484 617 86 30 bishop
582 617 29 22 of
628 618 47 22 this
692 618 94 22 diocese
800 626 93 19 occurs,
913 617 48 23 and

118 651 52 23 that
183 652 18 21 is
215 651 142 31 questioned
362 665 28 2 —
394 650 105 27 Chebar,
515 651 54 23 who
587 651 114 23 attended
715 650 97 24 Howell
831 651 40 23 the
888 651 72 23 Good

119 685 68 23 when
200 685 30 23 he
244 688 64 19 went
320 688 25 19 to
361 683 86 24 Rome.
486 683 22 24 It
527 685 20 22 is
567 685 112 22 assumed
702 685 51 22 that
775 685 67 22 there
862 693 48 15 was
929 692 32 15 no

119 719 121 30 episcopal
257 718 137 23 succession
408 718 58 30 kept
480 726 39 22 up.
555 718 50 23 But
618 718 10 22 I
643 726 38 15 am
694 718 72 23 much
784 726 67 15 more
869 718 92 31 willing

118 756 26 19 to
156 753 93 22 believe
262 752 97 22 records
372 755 23 19 to
410 752 60 22 have
484 752 60 22 been
563 752 114 30 wanting,
693 752 79 23 which
790 753 77 29 might
886 752 75 31 easily

118 786 31 23 be
162 786 106 30 through
281 785 41 23 the
335 785 108 23 troubles
456 784 26 23 of
495 786 41 22 the
548 785 76 28 times,
637 786 58 22 than
709 786 40 23 the
762 786 84 22 Welsh
861 786 100 23 Church

118 824 26 19 to
157 820 60 23 have
232 821 60 22 been
306 819 113 30 wanting,
433 819 32 30 by
477 818 97 31 leaving
587 819 40 23 the
641 827 39 15 see
692 822 89 20 vacant
790 819 46 23 five
851 819 110 24 hundred

118 861 69 22 years
200 854 47 22 and
260 860 73 16 more.

171 887 98 23 Gilbert
281 894 48 15 was
345 886 122 28 followed,
481 887 23 22 in
521 887 72 27 1151,
606 887 33 30 by
653 886 110 30 Geoffry,
776 887 150 22 archdeacon
941 886 27 23 of

120 920 157 28 Monmouth,
297 920 42 23 the
356 920 115 23 standard
489 920 116 23 historian
626 920 27 23 of
670 920 92 23 Britain
784 920 89 32 during
892 928 72 24 many

121 955 127 26 centuries,
262 954 80 23 whom
360 954 89 22 devout
468 954 153 31 generations
641 961 76 16 swore
733 954 40 32 by,
787 955 48 22 and
848 954 116 23 indevout

120 989 81 22 critics
214 996 75 15 swear
297 992 31 19 at.
364 987 23 23 It
398 987 42 22 has
452 987 61 23 been
527 988 99 30 proved,
637 987 122 28 however,
771 988 52 23 that
832 988 30 23 he
871 988 42 23 did
924 991 41 20 not

120 1022 90 27 invent,
223 1022 31 22 he
272 1022 56 31 only
342 1020 75 31 freely
430 1021 139 27 translated,
582 1029 30 15 an
626 1021 98 23 ancient
740 1021 91 23 British
845 1022 63 23 book
921 1025 45 27 put

121 1056 51 22 into
191 1056 36 22 his
245 1055 77 32 h^nds
340 1055 32 30 by
387 1050 99 31 Walter,
505 1055 150 22 archdeacon
676 1054 27 23 of
720 1054 105 24 Oxford.
863 1055 102 31 Geoffry

121 1097 48 14 was
183 1097 14 14 a
209 1088 123 31 pluralist:
346 1088 30 22 he
390 1087 54 23 held
457 1088 41 22 the
511 1088 79 31 abbey
604 1088 28 22 of
646 1088 143 31 Abingdon,
803 1088 23 22 in
841 1088 122 31 England,

123 1123 26 22 i?i
167 1122 162 23 commendam
349 1121 56 22 with
424 1121 41 22 the
485 1121 127 31 Bishopric
630 1120 28 23 of
675 1122 92 30 Asaph,
785 1122 48 23 and
853 1123 48 23 had
923 1124 42 22 the

122 1155 142 23 misfortune
277 1160 24 18 to
314 1155 50 22 lose
377 1154 67 23 both.
481 1155 35 22 At
528 1163 14 14 a
555 1155 94 23 council
661 1155 54 23 held
726 1156 24 22 in
764 1154 113 30 London,
891 1157 73 28 1175,

122 1189 102 30 Geoffry
237 1197 47 15 was
301 1188 126 31 presented
440 1188 34 30 by
486 1188 41 23 the
540 1188 82 31 clergy
636 1188 28 23 of
678 1189 36 23 his
733 1189 98 24 diocese
848 1190 38 23 for
906 1198 59 15 non-

123 1223 131 27 residence,
279 1222 47 22 and
342 1229 86 15 sooner
447 1222 58 22 than
525 1229 31 23 go
577 1222 51 23 into
648 1223 125 23 residence
793 1224 31 22 he
845 1224 120 32 resigned.

123 1256 41 23 He
178 1256 117 31 expected
306 1259 26 19 to
345 1255 60 22 have
419 1255 57 30 kept
489 1255 142 30 Abingdon,
645 1256 44 23 but
701 1259 25 21 at
739 1257 40 23 the
792 1258 133 31 complaint
943 1258 28 23 of

123 1290 36 22 his
173 1290 84 23 monks
271 1296 46 16 was
337 1288 87 23 turned
444 1291 44 20 out
508 1288 29 23 of
553 1289 35 22 his
609 1290 88 30 abbey.
734 1290 103 33 Geoffry
855 1300 47 15 was
923 1296 44 20 not

123 1324 102 30 popular
238 1322 144 31 personally,
395 1322 76 23 either
484 1323 23 21 in
521 1322 82 23 WTales
616 1330 27 16 or
657 1324 114 31 England
783 1333 5 18 ;
807 1326 57 22 with
879 1326 31 23 all
930 1327 36 23 his

122 1357 109 30 learning
244 1357 29 22 he
287 1356 47 23 had
347 1359 42 19 not
401 1356 76 22 learnt
488 1360 23 18 to
524 1356 30 23 be
571 1364 127 23 generous,
712 1358 47 23 and
772 1359 32 31 by
819 1367 30 15 an
862 1361 105 23 absence

126 1390 27 22 of
163 1391 67 22 mind
244 1390 102 30 perhaps
361 1389 77 22 venial
451 1389 22 22 in
488 1396 28 16 an
537 1390 95 28 author,
646 1391 30 22 he
688 1400 77 15 seems
779 1396 25 20 to
824 1393 61 24 have
909 1395 58 23 read

124 1431 46 16 one
194 1423 28 24 of
242 1431 45 15 our
311 1422 85 23 Lord's
420 1422 142 23 Beatitudes
587 1423 150 26 backwards.
786 1426 55 25 The
865 1428 53 23 rule
942 1428 29 23 of

125 1457 100 30 Geoffry
230 1456 16 23 's
259 1456 41 23 life
313 1464 47 14 was
372 1456 50 22 said
434 1459 25 20 to
473 1456 61 23 have
545 1457 62 23 been
626 1459 54 23 that
728 1460 19 23 it
759 1461 20 22 is
792 1468 67 16 more
872 1462 96 23 blessed

350 1525 13 14 *
375 1526 87 20 Willis's
473 1527 29 19 St.
512 1528 77 26 Asaph,
598 1529 41 21 vol.
650 1529 15 21 i.
676 1537 22 18 p.
708 1530 32 22 39.
