1023 1619
365 123 55 17 THE
434 124 80 16 KINGS
527 125 31 15 OF
572 125 96 15 WALES.

906 118 32 23 59

93 181 28 24 of
129 182 42 23 the
184 181 52 28 soil,
248 182 40 23 the
298 185 171 28 management
480 182 28 23 of
517 191 13 14 a
543 183 77 31 dairy,
635 183 46 23 and
691 183 40 24 the
741 188 37 19 art
786 184 28 23 of
823 186 117 31 weaving.

94 216 59 23 And
166 217 18 21 it
198 216 18 22 is
226 216 41 23 the
281 216 60 31 duty
354 216 28 23 of
396 216 40 23 the
450 216 69 24 chief
528 216 27 24 of
569 217 41 23 the
623 217 63 23 tribe
700 220 24 21 to
738 219 68 22 insist
818 219 52 22 that
882 219 58 32 they

93 258 41 16 are
155 250 60 30 duly
235 250 94 31 taught,
347 250 48 23 and
414 253 25 20 to
460 250 95 23 avouch
576 250 39 24 for
635 251 64 23 their
720 252 73 30 being
811 260 27 15 so
856 253 23 21 in
900 252 40 24 the

93 287 78 24 court,
186 284 24 22 in
224 284 41 23 the
277 284 84 23 sacred
374 284 77 30 place,
462 284 46 23 and
522 285 24 22 in
560 291 73 24 every
646 285 121 31 assembly
778 285 38 24 for
825 286 115 32 religious

315 318 128 23 Moelmud
468 318 107 23 declares
600 319 52 22 that
800 319 139 28 Cambrian,

94 352 75 31 being
184 360 15 14 a
211 352 88 22 landed
319 352 145 30 proprietor,
478 356 64 18 must
563 352 60 30 keep
642 352 48 22 and
711 357 101 27 support
830 362 14 14 a

94 385 50 23 Let
156 386 41 22 the
210 385 222 33 bachelor-squires
445 385 78 24 ofthe
536 385 160 32 Principality
709 386 58 22 look
779 390 26 20 to
818 387 55 23 this.

149 420 22 22 A
195 423 70 28 great
283 420 74 22 stride
382 420 82 30 brings
483 427 38 16 me
542 423 26 20 to
589 420 102 23 another
709 428 70 15 name
797 420 96 24 famous
915 422 24 22 in

96 453 92 24 British
215 457 75 27 story,
315 454 54 23 that
392 453 28 24 of
442 454 114 30 Caradog
580 462 27 15 or
635 454 157 23 Caractacus.
839 454 29 23 In
899 455 42 23 the

94 488 70 30 reign
187 487 28 23 of
231 488 40 22 the
292 487 120 30 Emperor
434 487 127 29 Claudius,
578 488 42 23 the
639 490 129 20 statesmen
788 487 28 24 of
831 488 111 30 imperial

95 521 89 28 Rome,
200 521 104 23 sensible
321 522 54 23 that
392 522 41 22 the
450 522 106 29 prestige
577 521 27 24 of
618 521 53 23 that
689 522 95 30 mighty
805 529 69 16 name
893 522 49 23 hod

96 556 82 30 begun
198 558 24 20 to
242 555 102 28 decline,
358 556 79 22 aimed
456 556 32 30 by
505 556 91 22 distant
614 559 130 26 conquests
762 559 26 19 to
807 556 76 22 efface
901 556 41 22 the

94 589 84 22 shame
198 589 28 22 of
239 592 98 27 present
354 589 174 22 humiliations.
572 589 53 22 The
639 589 131 30 triumphal
789 589 152 31 processions

94 626 66 19 must
170 622 30 23 be
211 622 70 23 made
291 626 25 19 to
326 630 34 15 re-
364 630 95 15 assume
469 622 138 31 something
618 622 28 23 of
654 623 62 22 their
723 622 89 23 former
819 623 124 31 grandeur

94 656 49 23 and
161 655 168 24 truthfulness.
366 656 54 22 The
438 660 119 27 conquest
574 656 29 23 of
619 656 93 23 Britain
727 664 47 15 was
792 657 151 23 determined

94 698 32 15 on
140 693 25 20 to
178 690 104 23 retrieve
294 690 42 23 the
355 690 96 23 honour
466 690 28 23 of
506 690 41 23 the
565 690 97 23 Roman
675 698 71 15 arms.
783 690 53 23 The
851 690 92 24 Silures

94 727 26 20 at
133 724 53 23 that
199 724 83 31 period
296 724 126 23 inhabited
442 724 87 27 South,
543 724 41 23 the
602 724 143 27 Ordovices,
762 723 78 24 North
854 724 90 23 Wales.

95 757 54 24 The
163 758 116 30 invading
293 758 93 30 legions
399 758 76 23 found
490 766 31 15 no
541 761 62 20 tame
623 757 153 26 submission,
790 766 32 14 no
835 758 110 30 quailing

95 792 89 23 hearts.
246 791 28 23 In
289 799 15 16 a
316 793 147 22 convention
478 792 29 23 of
518 792 42 23 the
578 795 111 27 country,
702 792 48 22 and
764 787 180 35 neighbouring

95 830 114 26 country,
232 826 77 23 under
327 826 32 22 all
378 826 40 22 the
437 826 73 22 limits
530 825 28 24 of
573 826 41 22 the
634 826 83 23 nation
736 825 27 23 of
780 826 41 22 the
844 825 100 32 Cymry,

97 859 114 31 Caradog
235 860 42 22 the
302 866 44 16 son
366 859 29 23 of
417 859 64 23 Bran
503 866 49 16 was
574 859 109 23 invested
707 859 59 23 with
790 860 41 22 the
850 859 94 23 martial

96 893 157 31 sovereignty
266 892 28 23 of
309 893 31 22 all
360 893 41 22 the
417 893 47 22 Isle
483 892 29 23 of
527 893 102 27 Britain,
643 893 53 22 that
716 893 29 22 he
761 893 78 30 might
854 900 90 23 oppose

96 927 42 23 the
156 926 110 23 invasion
287 926 28 23 of
330 926 40 23 the
389 926 117 23 Romans.
553 926 42 22 All
617 926 41 22 the
676 926 106 28 Britons,
803 926 60 23 from
886 926 59 32 king

96 965 26 19 to
150 960 85 27 vassal,
261 960 102 23 enlisted
388 960 78 23 under
491 960 36 22 his
552 960 92 22 banner
670 963 25 20 at
718 960 42 23 the
784 960 47 23 call
858 959 28 24 of
906 960 39 23 the

97 998 113 27 country,
236 995 95 30 against
358 993 40 24 foe
427 994 48 22 and
692 997 14 23 t
752 993 54 23 The
832 1001 113 24 courage,

95 1028 85 27 talent,
209 1028 47 23 and
287 1027 155 32 generalship
474 1027 28 23 of
531 1027 150 23 Caractacus
711 1027 61 23 have
801 1027 58 28 had,
887 1027 58 24 with

95 1062 43 23 the
159 1062 128 30 exception
310 1061 27 24 of
356 1062 41 22 the
419 1057 66 27 brief
498 1062 82 22 notice
596 1061 24 23 in
639 1062 41 22 the
700 1061 95 27 Triads,
816 1069 30 15 no
864 1061 81 23 native

96 1096 146 23 chronicler.
285 1095 54 24 The
358 1096 116 30 vigorous
492 1103 48 22 pen
559 1094 26 24 of
602 1095 100 23 Tacitus
719 1098 168 27 compensates
905 1095 40 23 the

96 1129 82 23 defect
187 1138 6 14 :
218 1130 41 22 the
279 1130 157 30 ungrudging
454 1130 79 29 praise
550 1128 29 24 of
594 1136 30 16 an
643 1136 86 24 enemy
749 1129 19 23 is
786 1129 42 23 the
847 1129 98 30 highest

96 1163 101 23 tribute.
235 1163 72 23 After
325 1163 90 30 having
433 1163 71 23 stood
519 1163 37 23 his
574 1163 97 31 ground
688 1163 56 23 nine
762 1170 70 23 years
851 1163 94 29 against

97 1197 41 23 the
152 1197 78 23 ablest
243 1197 168 23 commanders
424 1197 48 22 and
486 1197 52 22 best
550 1200 83 26 troops
648 1196 26 23 of
687 1197 41 22 the
741 1197 98 30 empire,
854 1197 91 22 Carac-

96 1234 70 20 tacus
186 1231 120 23 retreated
325 1232 51 21 into
396 1231 40 22 the
453 1235 105 26 country
570 1230 29 23 of
609 1230 41 23 the
668 1230 144 27 Ordovices,
823 1230 78 22 where
915 1230 30 22 he

98 1264 110 24 resolved
221 1269 25 18 to
260 1265 85 22 decide
363 1265 40 22 the
420 1263 49 24 fate
485 1264 28 23 of
525 1264 37 22 his
580 1267 102 27 country
697 1264 31 30 by
743 1271 13 15 a
771 1263 77 31 single
861 1263 84 24 battle.

99 1298 54 23 The
171 1298 83 31 policy
266 1298 28 23 of
309 1299 46 22 this
375 1298 107 23 decision
501 1305 57 24 may
570 1298 32 22 be
618 1296 144 33 questioned
773 1307 6 16 ;
800 1297 43 22 but
856 1296 89 24 Carac-

99 1337 68 19 tacus
190 1332 69 23 knew
279 1332 64 23 what
364 1340 36 15 we
422 1332 31 23 do
474 1335 43 19 not
538 1332 80 26 know,
640 1331 41 23 the
703 1330 138 23 difficulties
864 1330 28 23 of
910 1330 35 23 his

97 1367 107 31 position
217 1366 48 23 and
278 1365 41 24 the
333 1373 123 15 resources
469 1373 32 15 on
514 1365 79 23 which
608 1365 30 22 he
653 1365 48 22 had
715 1368 25 19 to
758 1364 104 30 depend.
898 1364 47 24 We

97 1407 58 23 may
169 1400 70 23 fairlv
253 1406 102 20 assume,
370 1400 51 22 that
434 1400 23 21 in
471 1399 86 30 taking
573 1399 47 22 this
638 1406 85 15 course
741 1398 31 23 he
784 1398 42 22 did
839 1398 40 23 the
892 1398 53 24 best

97 1434 80 23 which
197 1434 77 22 under
290 1434 41 22 the
347 1433 189 23 circumstances
554 1432 73 23 could
644 1432 30 23 be
690 1432 72 23 done.
800 1432 145 24 Caractacus

97 1467 108 25 selected
220 1467 36 23 his
269 1474 54 16 own
337 1467 104 29 ground,
454 1466 48 23 and
515 1466 41 23 the
571 1466 86 23 choice
676 1465 30 24 he
723 1465 70 24 made
806 1473 87 23 proves
905 1467 40 22 the

147 1540 13 14 *
176 1539 105 21 Probert's
291 1538 88 21 Ancient
388 1537 70 20 Welsh
470 1537 65 19 Laws.
581 1537 15 24 f
610 1537 120 19 Williams's
742 1536 82 26 Cymry,
836 1544 21 18 p.
870 1538 31 19 50.
