1023 1619
905 105 32 22 69

362 111 55 16 THE
431 111 81 16 KINGS
528 112 32 15 OF
576 112 94 15 WALES.

92 168 151 23 Arthurus
265 175 28 15 in
314 175 97 16 insula
669 169 84 23 Below
774 170 55 28 this,
851 173 25 20 at
898 170 40 23 the

92 202 72 30 depth
186 201 27 23 of
223 202 93 23 sixteen
335 201 49 24 feet
403 201 62 23 from
484 202 41 23 the
546 201 102 29 surface,
662 211 15 15 a
694 203 71 23 coffin
782 203 28 24 of
820 204 118 23 hollowed

92 236 46 23 oak
152 244 49 14 was
220 235 87 28 found,
320 236 143 31 containing
483 236 75 23 bones
578 236 28 23 of
616 244 29 15 an
666 238 104 22 unusual
789 239 58 22 size.
884 238 53 23 The

91 270 40 31 leg
148 270 64 23 bone
224 278 50 14 was
286 270 68 22 three
371 270 90 30 fingers
479 268 133 32 (probably
626 270 23 22 in
667 271 41 23 the
723 271 117 31 breadth)
854 271 84 31 longer

92 304 58 23 than
170 304 52 23 that
242 303 28 23 of
285 304 42 22 the
346 303 78 23 tallest
443 311 56 15 man
518 304 58 23 then
595 307 105 27 present.
737 304 52 24 The
809 305 62 23 skull
890 313 47 15 was

92 337 74 31 large,
180 338 47 23 and
246 337 99 23 showed
364 338 40 22 the
417 338 80 22 marks
511 337 28 23 of
549 340 39 21 ten
603 338 99 23 wounds
710 347 6 18 ;
734 345 46 16 one
793 339 48 22 had
853 346 14 15 a
880 339 58 22 cleft

92 372 23 22 in
134 372 26 27 it,
174 372 47 22 and
241 372 40 22 the
300 372 106 30 opening
424 371 48 23 still
492 372 131 27 remained,
637 372 141 31 apparently
793 372 40 22 the
851 372 87 23 mortal

92 405 72 23 blow.
202 405 54 22 The
275 405 76 22 bones
368 412 63 15 were
451 405 114 22 removed
587 405 50 22 into
657 405 40 22 the
715 409 68 26 great
802 405 92 24 church
913 409 24 19 at

92 438 176 32 Glastonbury,
291 438 47 23 and
358 438 126 31 deposited
504 439 22 22 in
545 447 13 14 a
574 438 158 31 magnificent
750 439 88 27 shrine,
859 439 78 23 which

92 480 47 15 was
153 472 140 23 afterwards
303 472 95 31 placed,
410 473 24 22 in
445 473 133 22 obedience
589 477 24 18 to
623 472 42 23 the
675 472 70 23 order
758 472 28 23 of
794 472 105 24 Edward
909 472 28 28 I.,

92 506 83 24 before
189 507 40 22 the
243 506 58 32 high
315 506 68 23 altar.
412 505 41 24 He
467 506 86 23 visited
564 506 167 31 Glastonbury
741 506 57 23 with
811 506 37 23 his
858 514 79 23 queen

92 541 25 22 in
130 541 72 26 1276,
216 540 47 23 and
278 540 47 23 had
338 540 41 22 the
392 540 81 23 shrine
486 540 27 23 of
522 540 95 23 Arthur
629 535 95 35 opened
737 543 24 20 to
776 540 161 31 contemplate

92 574 38 22 his
142 575 111 22 remains.
291 573 71 31 They
372 582 62 15 were
447 574 60 23 both
521 582 25 15 so
561 574 128 23 interested
703 574 32 30 by
748 574 41 23 the
802 574 72 30 sight,
886 575 52 21 that

93 608 41 23 the
151 607 59 32 king
228 607 80 24 folded
326 608 42 22 the
387 608 75 23 bones
478 607 28 24 of
518 608 95 22 Arthur
629 608 23 22 in
671 615 13 15 a
700 608 52 22 rich
772 608 98 27 shroud,
890 608 48 22 and

92 642 42 23 the
144 649 77 23 queen
233 642 69 23 those
313 641 27 23 of
347 642 37 22 his
395 641 60 27 wife,
467 642 78 22 which
556 641 49 24 also
615 641 38 31 lay
665 642 75 27 there,
751 642 48 22 and
812 641 125 31 deposited

92 676 66 22 them
178 675 171 30 reverentially
368 676 24 22 in
411 675 41 23 the
621 675 53 23 The
693 675 132 31 legendary
843 676 95 22 Arthur

92 709 44 23 has
154 709 98 32 enough
266 709 23 22 in
304 717 113 14 common
430 709 58 22 with
508 709 40 22 the
566 709 49 22 real
629 709 58 22 hero
705 712 24 19 to
748 709 63 22 show
826 709 53 22 that
898 709 39 22 the

94 743 122 23 materials
229 746 43 20 out
285 742 28 23 of
318 742 79 24 which
412 742 39 23 the
464 746 69 27 poets
546 742 155 23 constructed
714 742 63 22 their
788 742 77 22 fables
876 750 62 15 were

94 777 100 23 historic
208 776 76 27 facts;
302 776 45 23 but
361 777 95 22 Arthur
468 775 29 24 of
507 776 102 27 Britain,
623 776 41 22 the
681 775 129 23 renowned
823 775 25 22 in
866 783 71 20 arms,

93 810 49 23 had
159 818 32 15 no
208 810 103 23 familiar
329 810 70 30 spirit
415 813 25 19 to
453 809 31 23 do
503 809 36 23 his
556 809 110 31 bidding,
679 817 56 14 save
754 809 57 30 only
824 809 41 22 the
877 808 61 33 lofty

94 844 48 22 and
161 844 90 30 patriot
269 843 52 23 soul
340 843 78 23 which
433 843 56 23 God
507 843 48 22 had
574 843 71 30 given
663 842 50 22 him
724 851 5 14 :
749 850 31 15 no
799 843 79 30 magic
890 851 48 14 was

94 877 46 27 his,
153 877 45 23 but
216 877 154 30 unswerving
389 876 93 31 fidelity
500 879 23 20 to
545 876 35 22 his
600 875 121 31 country's
740 883 71 16 cause
829 876 48 22 and
895 884 43 15 un-

96 911 93 23 tainted
202 910 75 23 truth.
307 910 59 23 And
379 910 21 22 if
408 918 58 14 ever
478 910 40 22 the
532 910 46 30 day
589 913 83 19 return
675 924 30 2 —
707 917 56 24 may
776 910 17 22 it
806 917 74 15 never
892 910 30 23 be
931 910 6 23 !

95 959 35 4 —
135 945 52 23 that
200 944 60 23 such
277 944 102 23 another
396 944 65 22 hand
474 944 30 22 be
520 943 113 31 required
647 946 25 19 to
684 943 65 31 repel
766 943 40 23 the
824 943 114 31 invading

95 978 47 28 foe,
155 986 55 15 sure
219 978 13 23 I
242 985 39 16 am
295 978 51 23 that
360 978 40 23 the
413 985 55 15 race
481 977 80 23 which
572 977 44 23 has
627 976 114 24 Arthur's
754 976 72 24 blood
840 978 24 21 in
877 977 61 23 their

96 1012 68 23 veins
178 1012 47 23 will
238 1015 42 19 not
294 1011 41 23 fail
348 1014 25 20 at
387 1012 40 22 the
440 1011 75 23 crisis.

269 1087 13 15 *
298 1088 99 20 Turner's
408 1087 168 26 Anglo-Saxons,
587 1086 39 20 vol.
636 1086 13 20 i.
660 1092 20 20 p.
691 1086 45 20 294.
