1023 1619
439 100 127 15 BARDISM.

893 94 30 22 41

80 152 90 27 tioned,
190 153 41 23 the
251 153 77 24 Chief
343 154 28 23 of
390 155 76 31 Song.
534 156 39 23 He
593 156 78 30 ought
690 159 24 20 to
734 157 62 22 have
814 157 37 23 his
870 157 58 23 land

79 186 56 27 free,
153 187 48 22 and
222 187 36 23 his
278 191 51 19 seat
349 189 18 22 is
385 192 59 19 next
461 192 24 20 to
505 189 40 23 the
560 189 78 31 judge
657 189 28 23 of
699 190 41 22 the
759 191 91 30 palace.
887 191 41 23 He

80 220 78 30 ought
177 223 24 20 to
221 228 142 17 commence
382 223 97 30 singing
499 223 22 22 in
542 223 79 29 praise
639 223 27 22 of
682 223 65 27 God,
760 225 49 22 and
827 225 58 22 then
903 225 24 22 in

80 255 78 29 praise
178 254 29 23 of
216 255 41 22 the
275 255 59 31 king
355 256 54 22 who
428 263 66 15 owns
513 256 41 22 the
573 260 79 23 court,
666 264 27 15 or
706 258 27 21 of
742 258 110 23 another.
890 258 38 23 No

80 295 46 16 one
145 289 78 30 ought
237 292 24 19 to
274 289 82 23 solicit
370 297 14 15 a
402 289 86 23 favour
505 291 45 22 but
563 289 41 23 the
618 289 74 24 Chief
701 290 29 23 of
742 290 80 32 Song;
842 292 48 22 and
903 292 24 22 in

81 322 110 31 dividing
205 322 18 22 it
237 322 56 23 with
312 322 34 23 his
364 324 167 29 companions,
549 328 47 18 two
615 323 83 23 shares
716 324 90 31 belong
825 328 24 20 to
869 326 58 22 him.

83 355 41 23 He
136 355 84 24 claims
232 356 159 32 twenty-four
403 365 76 22 pence
491 357 62 23 from
566 365 74 23 every
652 358 107 22 minstrel
773 362 25 19 at
810 359 41 22 the
864 359 64 23 close

81 389 29 23 of
119 389 37 23 his
168 389 165 24 instructions.
361 390 41 23 He
416 391 77 30 ought
503 394 24 20 to
538 391 65 31 sleep
611 391 58 22 with
680 391 40 23 the
732 391 181 31 heir-apparent
921 401 6 14 :

82 422 37 23 his
132 424 136 30 protection
284 425 19 21 is
316 423 62 24 from
391 425 42 23 the
446 426 56 22 time
516 425 30 22 he
560 425 87 30 begins
660 428 24 20 to
694 425 54 30 sing
759 425 22 22 in
793 426 40 22 the
845 426 83 29 palace

83 457 61 22 until
159 458 29 22 he
201 457 99 24 finishes
313 458 36 23 his
362 458 45 23 last
419 466 69 23 song.
527 458 54 24 The
593 459 48 22 fine
654 458 39 23 for
705 459 117 30 insulting
841 454 49 28 him
910 460 19 22 is

82 491 38 22 six
134 499 63 15 cows
210 492 47 22 and
273 499 46 16 one
337 492 111 23 hundred
466 493 48 22 and
533 496 90 27 twenty
640 492 72 23 silver
730 493 108 29 pennies.
881 492 47 23 His

82 524 71 23 value
166 525 19 22 is
199 532 46 16 one
258 526 110 22 hundred
382 526 47 22 and
444 527 142 28 twenty-six
747 526 53 23 The
814 526 76 23 Chief
905 526 26 23 of

85 558 68 31 Song
167 566 47 15 was
227 566 14 16 a
255 559 51 23 title
322 560 74 22 borne
409 560 124 30 generally
548 560 31 30 by
593 567 14 15 a
621 560 116 22 musician
751 560 54 22 who
819 560 46 22 had
885 560 44 22 ob-

83 593 83 22 tained
179 600 15 15 a
207 593 67 22 chair
287 592 28 23 of
326 593 161 30 precedency,
490 607 32 2 —
525 593 30 22 he
569 601 46 14 was
634 601 46 14 one
698 593 28 22 of
735 593 41 23 tbe
794 593 136 23 extraordi-

83 633 61 23 nary
158 626 97 22 officers
272 626 28 23 of
312 620 41 29 the
372 631 78 18 court.
487 626 73 23 After
578 627 40 22 the
639 626 76 24 Chief
730 626 28 23 of
775 626 74 32 Song,
887 627 43 23 the

85 659 126 23 Domestic
229 659 66 23 Bard
311 661 20 21 is
348 660 102 23 entitled
468 664 25 19 to
511 661 55 30 sing
583 661 67 22 three
669 669 72 22 songs
760 660 58 23 also.
854 660 26 23 If
888 661 41 22 the

82 701 80 23 queen
175 693 78 24 desire
266 702 14 14 a
293 702 68 23 song,
375 694 32 22 let
424 694 41 23 the
484 693 126 24 Domestic
630 693 63 23 Bard
713 702 31 22 go
763 694 46 22 and
828 694 54 31 sing
902 698 24 19 to

82 726 45 24 her
138 735 26 15 as
177 735 74 23 many
263 736 73 22 songs
348 736 25 14 as
386 728 42 23 she
442 728 97 26 desires,
550 728 45 23 but
605 728 52 22 that
670 728 83 30 lowly,
765 728 51 22 that
830 728 28 22 he
873 736 56 22 may

82 764 43 20 not
139 761 94 23 disturb
247 761 40 23 the
302 762 72 22 mirth
388 762 23 21 in
425 762 41 22 the
479 761 56 23 hall.
573 761 40 23 He
632 762 19 21 is
670 761 100 23 entitled
789 765 24 19 to
831 769 14 15 a
863 761 66 23 buck

83 802 28 15 or
123 802 29 15 an
168 803 31 14 ox
212 795 62 23 from
288 796 40 22 the
342 796 75 29 booty
431 795 80 23 which
525 796 40 21 the
578 794 86 31 family
675 803 54 22 may
742 795 83 22 obtain
839 794 63 23 from
916 803 14 15 a

84 829 182 30 neighbouring
280 828 128 31 kingdom,
421 828 62 23 after
498 829 40 22 the
556 828 59 30 king
631 829 42 22 has
693 829 88 22 chosen
803 829 35 22 his
857 829 72 22 third.

85 861 41 23 He
146 865 65 20 must
230 863 50 22 also
301 863 53 29 sing
372 863 41 22 the
436 862 138 30 Monarchy
594 862 28 23 of
643 862 91 22 Britain
755 861 56 31 (the
833 862 97 23 ancient

85 895 115 23 National
215 895 124 31 Anthem)
355 896 69 22 while
439 896 56 30 they
509 896 69 22 share
592 896 40 23 the
644 896 84 30 booty.
767 895 37 23 He
819 896 82 22 claims
914 903 15 16 a

83 930 159 22 chess-board
256 930 71 22 made
340 930 77 22 ofthe
430 930 59 22 horn
504 929 49 23 ofa
566 929 98 23 sea-fish
676 929 61 23 from
751 929 41 23 the
806 929 64 30 king,
881 930 48 22 and

82 970 15 15 a
109 963 55 30 ring
177 963 63 22 from
253 963 41 22 the
307 971 88 23 queen.
434 963 47 22 His
494 963 100 30 lodging
608 963 19 22 is
638 963 57 22 with
707 963 41 22 the
759 966 88 19 master
858 963 72 22 ofthe

84 996 144 23 household.
265 996 28 23 In
306 997 99 30 singing
416 996 56 23 with
487 996 69 22 other
569 996 82 27 Bards,
663 996 30 22 he
705 996 20 22 is
737 996 100 22 entitled
852 1000 23 18 to
889 996 41 22 the

83 1030 83 23 shares
179 1030 28 23 of
218 1034 46 19 two
279 1039 62 14 men.
378 1025 53 28 The
445 1030 48 22 fine
508 1030 36 22 for
561 1029 117 31 insulting
697 1029 50 23 him
765 1030 20 22 is
803 1030 37 22 six
858 1037 72 20 cows,

83 1064 48 23 and
149 1072 46 15 one
212 1064 112 23 hundred
342 1064 47 22 and
411 1067 92 27 twenty
522 1063 73 23 silver
613 1064 107 30 pennies.
759 1063 47 23 His
825 1063 67 30 price
913 1064 17 22 is

84 1106 46 15 one
144 1098 111 23 hundred
268 1098 46 23 and
328 1098 142 30 twenty-six
638 1097 39 22 He
691 1097 77 31 ought
781 1101 24 18 to
820 1097 60 23 have
894 1097 36 22 his

83 1132 56 22 land
155 1132 55 27 free,
224 1132 47 23 and
286 1132 36 23 his
334 1132 71 23 horse
424 1132 25 22 in
466 1131 132 23 readiness.
635 1130 30 23 In
684 1131 40 23 the
743 1130 86 23 castles
847 1130 28 23 of
890 1132 40 21 the

84 1165 128 24 chieftains
233 1167 68 22 there
321 1173 63 16 were
409 1165 128 23 Domestic
558 1165 78 23 Bards
660 1164 123 31 enjoying,
804 1164 126 31 relatively

84 1199 128 31 speaking,
231 1200 92 22 similar
339 1199 129 31 privileges
478 1206 6 18 ;
511 1199 47 22 and
577 1199 40 23 the
635 1198 89 23 middle
743 1198 95 26 classes,
858 1197 21 23 if
895 1206 35 14 we

85 1241 56 22 may
159 1241 43 15 use
222 1233 40 22 the
281 1233 147 30 expression,
448 1233 48 22 had
513 1233 64 22 their
597 1232 75 23 Bards
693 1236 40 18 too
744 1240 6 14 :
779 1239 29 15 an
831 1231 99 23 inferior

85 1267 79 27 order,
186 1267 127 30 separated
335 1266 62 23 from
419 1266 64 23 their
505 1273 66 16 more
593 1266 108 23 elevated
722 1266 114 22 brethren
863 1265 32 30 by
916 1272 14 16 a

84 1304 84 26 strong
179 1300 49 23 line
239 1300 27 22 of
274 1301 174 25 demarcation,
459 1300 77 22 which
549 1300 68 22 when
632 1299 164 29 transgressed
809 1306 30 15 on
853 1299 78 23 either

84 1334 60 27 side,
154 1338 69 27 great
235 1342 48 15 was
292 1334 41 22 the
337 1333 112 32 jealousy
461 1333 45 23 and
517 1333 146 22 discontent.
696 1333 52 22 The
760 1332 93 31 Family
864 1332 63 23 Bard

85 1377 49 14 was
147 1368 77 23 called
240 1367 115 23 Teuluwr
356 1381 33 3 —
391 1368 36 22 his
440 1366 119 31 principal
572 1367 61 29 duty
647 1374 47 14 was
707 1366 41 22 the
765 1366 164 30 preservation

85 1401 28 25 of
124 1402 41 23 the
178 1401 135 31 genealogy
327 1400 27 24 of
363 1401 36 23 his
412 1405 95 27 patron.
544 1400 54 23 The
611 1399 98 23 inferior
722 1399 70 23 order
811 1400 58 23 bore
887 1399 42 24 the

270 1482 11 11 *
297 1481 105 20 Probert's
413 1481 87 19 Ancient
509 1481 71 18 Welsh
591 1481 65 22 Laws,
667 1486 21 19 p.
702 1480 43 19 123.

269 1511 14 23 f
298 1509 53 20 Ibid.
363 1515 19 19 p.
395 1508 46 20 101.
