1023 1619
97 121 32 22 62

367 131 54 16 THE
436 131 79 16 KINGS
530 131 32 16 OF
575 129 97 17 WALES.

98 195 30 15 on
144 187 39 23 the
196 191 144 26 sumptuous
353 190 121 22 mansions
487 189 52 22 that
552 186 107 25 adorned
677 187 26 26 it,
723 186 30 23 he
772 185 127 24 remarked
918 189 25 21 to

97 221 37 23 his
147 221 145 28 attendants,
332 222 23 23 Is
374 223 18 22 it
406 222 104 32 possible
525 222 51 23 that
596 222 40 22 the
651 221 116 26 Romans,
782 221 53 22 who
848 228 95 23 possess

98 254 60 23 such
178 255 109 30 splendid
309 255 95 31 palaces
424 261 25 18 at
470 256 79 27 home,
570 263 45 15 can
635 262 63 23 envy
724 261 39 16 me
783 262 41 22 my
843 249 99 28 humble

98 291 97 28 cottage
214 289 24 22 in
424 290 28 23 In
465 290 66 23 what
548 288 84 24 school
646 295 48 16 was
713 288 47 23 this
779 288 67 31 royal
864 288 77 30 philo-

99 322 89 30 sopher
200 322 94 23 trained
303 323 10 23 ?
336 324 80 23 where
435 324 41 22 did
489 323 31 23 he
537 323 66 23 learn
621 322 68 23 these
708 322 104 22 sublime
830 322 91 22 lessons
929 322 11 22 ?

98 355 73 23 From
185 355 40 24 the
244 355 82 24 Druid
343 358 111 22 teachers
472 357 28 23 of
516 357 37 22 his
571 364 54 23 age,
638 355 63 23 from
720 355 40 22 the
774 355 130 31 professors
918 355 26 23 of

98 389 53 23 that
164 389 81 23 divine
263 393 43 27 yet
319 390 162 24 calumniated
494 390 67 27 faith,
577 390 81 23 whose
677 389 115 23 innocent
808 388 74 23 blood
895 396 48 16 was

99 431 27 15 so
139 431 58 15 soon
216 427 24 19 to
262 424 30 23 be
312 425 106 29 mingled
440 425 58 22 with
512 424 63 23 their
587 423 130 23 sacrifices.
755 422 127 23 Tradition
901 422 42 23 has

97 458 130 29 preserved
239 458 42 23 the
294 458 45 23 site
352 453 77 28 ofthe
442 458 85 30 simple
541 457 113 31 dwelling
668 458 23 22 in
705 457 79 23 which
796 456 147 24 Caractacus

97 492 96 22 resided
215 492 23 22 in
258 491 85 24 earlier
362 492 48 23 aud
428 491 111 32 peaceful
558 498 77 24 years.
673 490 24 24 It
713 491 21 23 is
752 494 25 20 at
799 490 142 27 Dunraven,

98 525 124 30 anciently
243 525 149 32 Dindryfan,
416 526 24 22 in
459 525 225 31 Glamorganshire.
756 525 79 23 There
860 525 19 22 is
901 529 42 25 yet

98 559 135 31 remaining
245 566 15 15 a
272 559 62 30 lofty
348 559 172 23 embankment
533 567 31 15 on
578 559 41 22 the
632 559 55 22 land
702 559 50 22 side
766 558 28 23 of
803 559 42 22 the
858 559 83 26 house,

100 592 78 23 which
196 600 102 23 appears
316 597 25 19 to
360 593 61 23 have
439 593 120 23 extended
578 600 81 15 across
678 592 41 23 the
737 592 136 31 peninsula,
895 592 47 23 and

98 625 94 23 formed
205 634 14 15 a
231 626 144 24 formidable
388 627 93 23 barrier
492 628 22 21 in
531 627 51 22 that
595 626 127 27 direction,
736 626 71 22 while
820 626 41 22 the
880 626 62 23 cliff's

99 660 117 23 rendered
229 661 40 22 the
282 660 68 31 place
363 660 167 32 impregnable
543 668 31 15 on
587 660 41 23 the
641 668 40 15 sea
694 660 58 23 side.
782 659 60 23 This
856 659 84 23 fortifi-

98 693 80 23 cation
192 697 63 20 must
267 694 31 22 be
311 694 143 23 considered
473 697 24 20 to
514 694 30 23 be
557 702 25 15 as
596 694 40 23 old
648 702 26 14 as
688 694 39 22 the
741 694 57 23 time
812 693 28 23 of
851 693 89 24 Carac-

98 730 77 23 tacus,
189 727 20 23 if
219 730 41 20 not
274 736 65 15 more

150 760 11 23 I
174 761 61 23 have
248 769 31 15 no
293 762 128 30 sympathy
434 762 58 22 with
505 762 41 23 the
559 762 136 23 inordinate
708 762 126 26 ambition,
848 760 92 24 selfish-

99 802 62 19 ness,
174 795 48 22 and
235 795 93 31 cruelty
342 795 28 23 of
381 795 95 23 Roman
490 796 130 29 despotism
633 805 5 16 ;
652 796 43 22 but
710 802 89 24 among
813 795 40 23 the
867 802 73 23 many

99 828 158 23 adventurers
270 829 54 23 who
334 829 104 23 climbed
453 830 39 22 the
506 829 108 30 imperial
628 830 93 26 throne,
735 830 48 22 and
793 829 56 22 died
862 829 23 22 in
900 829 40 23 the

100 862 94 30 purple,
214 863 19 22 it
245 863 78 22 would
342 863 25 22 ill
386 863 101 22 become
506 870 38 15 me
562 866 25 19 to
605 870 54 22 pass
678 870 57 15 over
754 863 24 22 in
797 862 89 23 silence
900 863 40 22 the

99 896 126 22 honoured
238 904 70 14 name
321 896 28 22 of
358 896 139 23 Carausius.
502 899 13 22 +
553 896 22 23 A
594 896 81 23 native
687 896 29 22 of
727 896 124 30 Menapia,
864 903 28 15 or
906 896 34 23 St.

99 929 112 27 David's,
224 929 36 23 his
274 929 102 23 childish
397 930 117 30 thoughts
527 930 47 22 and
593 930 113 30 longings
719 938 61 15 were
799 930 91 22 riveted
910 938 30 14 on

98 963 41 22 the
154 970 74 16 ocean
242 963 52 23 that
305 964 89 22 bathed
408 964 36 22 his
463 964 80 23 home.
581 964 130 23 Carausius
730 963 19 23 is
767 963 51 23 said
837 967 25 19 to
881 963 59 24 have

99 996 61 23 been
171 996 27 23 of
205 997 98 23 humble
316 1001 138 27 parentage,
459 1012 31 3 —
492 1005 14 15 a
520 998 182 28 circumstance,
713 997 19 22 if
739 998 18 22 it
768 1005 62 15 were
843 1005 35 19 so,
889 997 51 24 that

98 1029 95 24 reflects
211 1031 41 22 the
270 1034 95 28 greater
382 1031 77 23 credit
471 1039 30 15 on
515 1031 37 22 his
564 1030 61 23 after
636 1039 89 15 career.
763 1031 22 23 A
799 1031 56 27 fine,
875 1031 64 27 bold,

97 1064 161 31 enterprising
271 1064 83 31 youth,
368 1065 30 22 he
410 1065 119 23 attracted
542 1065 40 22 the
596 1065 79 22 notice
689 1064 76 23 ofthe
778 1067 96 21 veteran
888 1073 52 15 sea-

97 1098 108 29 captains
225 1098 54 23 who
298 1098 85 23 visited
404 1098 39 23 the
463 1098 90 23 British
573 1101 85 24 coasts,
676 1098 48 23 and
746 1098 34 30 by
800 1099 80 23 whom
903 1099 37 22 his

97 1134 73 20 tastes
189 1139 61 15 were
269 1132 161 30 encouraged.
475 1131 39 23 He
533 1132 99 23 became
651 1139 14 15 a
683 1132 67 30 pupil
769 1132 24 23 in
810 1133 41 22 the
868 1132 72 23 naval

98 1165 82 23 school
202 1165 28 23 of
249 1165 107 27 Batavia,
380 1166 40 22 the
442 1168 68 28 great
533 1173 102 23 nursery
657 1165 27 24 of
703 1165 92 24 sailors.
834 1165 39 24 On
899 1166 41 23 the

97 1198 145 30 completion
256 1199 29 23 of
294 1199 37 22 his
344 1199 126 23 education
486 1199 28 23 he
528 1194 99 28 entered
641 1200 39 22 the
697 1200 101 27 service,
818 1200 22 22 in
862 1200 78 22 which

98 1233 30 22 he
142 1239 58 16 soon
214 1233 175 30 distinguished
403 1232 97 23 himself
508 1240 26 15 so
548 1233 72 22 much
636 1241 25 15 as
675 1236 24 20 to
712 1241 56 15 earn
790 1233 150 23 honourable

97 1266 116 27 mention,
227 1266 51 23 first
290 1266 77 23 under
380 1266 41 23 the
433 1266 120 31 Emperor
565 1266 103 27 Probus,
682 1267 48 22 and
743 1267 57 22 then
811 1267 78 24 under
899 1267 40 24 the

97 1299 133 31 Emperors
243 1299 78 24 Cams
330 1300 48 23 and
392 1299 111 25 Carinus.
537 1300 46 22 His
595 1300 104 23 abilities
713 1308 61 15 were
787 1304 44 20 not
843 1301 96 31 applied

98 1333 56 31 only
168 1338 25 18 to
211 1333 42 23 the
271 1332 133 32 profession
424 1333 27 23 of
465 1334 37 22 his
520 1334 93 23 choice.
650 1335 36 22 As
703 1343 15 14 a
735 1335 90 23 soldier
843 1335 30 24 he
892 1343 48 16 was

97 1365 67 24 often
178 1367 77 23 called
267 1368 52 22 into
332 1368 89 26 action,
434 1367 47 23 and
495 1368 36 22 his
544 1368 77 31 signal
635 1368 82 23 merits
731 1369 142 30 recognised
892 1369 48 23 and

98 1401 131 22 rewarded.
265 1400 79 24 When
360 1401 23 23 in
398 1401 39 23 the
454 1402 67 30 reign
541 1402 27 22 of
581 1401 163 24 Maximinian
763 1403 19 22 it
800 1411 47 15 was
866 1403 74 23 found

95 1441 127 24 necessary
246 1437 25 20 to
295 1435 87 23 station
408 1443 13 15 a
445 1435 70 23 naval
539 1435 66 24 force
630 1439 25 20 at
680 1436 181 28 Gessoriacum,
886 1444 54 15 now

94 1465 137 33 Boulogne,
250 1471 25 20 to
294 1468 61 31 keep
374 1469 24 22 in
417 1469 76 23 check
512 1469 41 23 the
571 1469 82 23 Frank
672 1470 47 22 and
742 1470 81 23 Saxon
842 1470 96 30 pirates,

116 1538 12 13 *
144 1537 60 21 Rees'
216 1538 65 20 South
290 1538 76 25 Wales,
376 1546 21 18 p.
408 1539 48 20 681.
475 1541 15 23 f
504 1541 99 19 Fenton's
611 1541 174 23 Pembrokeshire,
796 1548 35 19 pp.
842 1542 74 21 44-49.
