<?xml version="1.0" encoding="UTF-8"?>
<alto xmlns:xsi="http://www.w3.org/2001/XMLSchema-instance" xsi:noNamespaceSchemaLocation="http://www.bl.uk/schemas/alto/alto-1-4.xsd" xmlns:xlink="http://www.w3.org/1999/xlink">
	<Description>
		<MeasurementUnit>mm10</MeasurementUnit>
		<sourceImageInformation>
			<fileName>//head1/IN/2008-22/A0011651692/008518.jp2</fileName>
		</sourceImageInformation>
		<OCRProcessing ID="OCRPROCESSING_1">
			<preProcessingStep>
				<processingSoftware>
					<softwareCreator>CCS Content Conversion Specialists GmbH, Germany</softwareCreator>
					<softwareName>CCS docWORKS</softwareName>
					<softwareVersion>6.1-0.67</softwareVersion>
				</processingSoftware>
			</preProcessingStep>
			<ocrProcessingStep>
				<processingSoftware>
					<softwareCreator>ABBYY (BIT Software), Russia</softwareCreator>
					<softwareName>Finereader</softwareName>
				</processingSoftware>
			</ocrProcessingStep>
		</OCRProcessing>
	</Description>
	<Styles>
		<TextStyle ID="TXT_0" FONTSIZE="10" FONTFAMILY="Courier New"/>
		<TextStyle ID="TXT_1" FONTSIZE="9" FONTFAMILY="Courier New"/>
		<ParagraphStyle ID="PAR_LEFT" ALIGN="Left"/>
		<ParagraphStyle ID="PAR_CENTER" ALIGN="Center"/>
	</Styles>
	<Layout>
		<Page ID="P128" PHYSICAL_IMG_NR="128" HEIGHT="1619" WIDTH="1023" PRINTED_IMG_NR="114" POSITION="Left" ACCURACY="76.40">
			<TopMargin ID="P128_TM00001" HPOS="0" VPOS="0" WIDTH="1022" HEIGHT="132">
				<TextBlock ID="P128_TB00001" HPOS="99" VPOS="107" WIDTH="47" HEIGHT="23" STYLEREFS="TXT_0 PAR_LEFT">
					<TextLine ID="P128_TL00001" HPOS="99" VPOS="107" WIDTH="47" HEIGHT="23">
						<String ID="P128_ST00001" HPOS="99" VPOS="107" WIDTH="47" HEIGHT="23" CONTENT="114" WC="1.00" CC="000"/>
					</TextLine>
				</TextBlock>
				<TextBlock ID="P128_TB00002" HPOS="375" VPOS="113" WIDTH="287" HEIGHT="16" STYLEREFS="TXT_1 PAR_CENTER">
					<TextLine ID="P128_TL00002" HPOS="377" VPOS="114" WIDTH="285" HEIGHT="15">
						<String ID="P128_ST00002" HPOS="377" VPOS="114" WIDTH="53" HEIGHT="15" CONTENT="THE" WC="0.91" CC="002"/>
						<SP ID="P128_SP00001" HPOS="430" VPOS="129" WIDTH="14"/>
						<String ID="P128_ST00003" HPOS="444" VPOS="114" WIDTH="90" HEIGHT="15" CONTENT="WELSH" WC="0.60" CC="81504"/>
						<SP ID="P128_SP00002" HPOS="534" VPOS="129" WIDTH="14"/>
						<String ID="P128_ST00004" HPOS="548" VPOS="114" WIDTH="114" HEIGHT="15" CONTENT="CHURCH." WC="0.73" CC="0319030"/>
					</TextLine>
				</TextBlock>
			</TopMargin>
			<LeftMargin ID="P128_LM00001" HPOS="0" VPOS="132" WIDTH="97" HEIGHT="1414"/>
			<RightMargin ID="P128_RM00001" HPOS="944" VPOS="132" WIDTH="78" HEIGHT="1414"/>
			<BottomMargin ID="P128_BM00001" HPOS="0" VPOS="1546" WIDTH="1022" HEIGHT="72"/>
			<PrintSpace ID="P128_PS00001" HPOS="97" VPOS="132" WIDTH="848" HEIGHT="1414">
				<TextBlock ID="P128_TB00003" HPOS="97" VPOS="169" WIDTH="848" HEIGHT="1377" STYLEREFS="TXT_1 PAR_LEFT">
					<TextLine ID="P128_TL00003" HPOS="99" VPOS="170" WIDTH="843" HEIGHT="34">
						<String ID="P128_ST00005" HPOS="99" VPOS="173" WIDTH="28" HEIGHT="24" CONTENT="of" WC="0.77" CC="40"/>
						<SP ID="P128_SP00003" HPOS="127" VPOS="197" WIDTH="10"/>
						<String ID="P128_ST00006" HPOS="137" VPOS="174" WIDTH="40" HEIGHT="22" CONTENT="the" WC="1.00" CC="000"/>
						<SP ID="P128_SP00004" HPOS="177" VPOS="197" WIDTH="16"/>
						<String ID="P128_ST00007" HPOS="193" VPOS="172" WIDTH="143" HEIGHT="31" CONTENT="Scriptures," WC="0.71" CC="30369133000"/>
						<SP ID="P128_SP00005" HPOS="336" VPOS="203" WIDTH="13"/>
						<String ID="P128_ST00008" HPOS="349" VPOS="173" WIDTH="90" HEIGHT="31" CONTENT="having" WC="0.76" CC="610050"/>
						<SP ID="P128_SP00006" HPOS="439" VPOS="204" WIDTH="13"/>
						<String ID="P128_ST00009" HPOS="452" VPOS="174" WIDTH="69" HEIGHT="23" CONTENT="Teilo" WC="0.86" CC="00221"/>
						<SP ID="P128_SP00007" HPOS="521" VPOS="204" WIDTH="13"/>
						<String ID="P128_ST00010" HPOS="534" VPOS="174" WIDTH="36" HEIGHT="23" CONTENT="his" WC="0.82" CC="005"/>
						<SP ID="P128_SP00008" HPOS="570" VPOS="204" WIDTH="10"/>
						<String ID="P128_ST00011" HPOS="580" VPOS="172" WIDTH="197" HEIGHT="25" CONTENT="fellow-student." WC="0.79" CC="000508070000350"/>
						<SP ID="P128_SP00009" HPOS="777" VPOS="204" WIDTH="35"/>
						<String ID="P128_ST00012" HPOS="812" VPOS="172" WIDTH="35" HEIGHT="23" CONTENT="St." WC="0.84" CC="400"/>
						<SP ID="P128_SP00010" HPOS="847" VPOS="204" WIDTH="12"/>
						<String ID="P128_ST00013" HPOS="859" VPOS="170" WIDTH="83" HEIGHT="24" CONTENT="David" WC="1.00" CC="00000"/>
					</TextLine>
					<TextLine ID="P128_TL00004" HPOS="99" VPOS="204" WIDTH="842" HEIGHT="35">
						<String ID="P128_ST00014" HPOS="99" VPOS="207" WIDTH="20" HEIGHT="23" CONTENT="is" WC="0.60" CC="25"/>
						<SP ID="P128_SP00011" HPOS="119" VPOS="230" WIDTH="13"/>
						<String ID="P128_ST00015" HPOS="132" VPOS="207" WIDTH="77" HEIGHT="22" CONTENT="stated" WC="0.69" CC="540170"/>
						<SP ID="P128_SP00012" HPOS="209" VPOS="230" WIDTH="13"/>
						<String ID="P128_ST00016" HPOS="222" VPOS="210" WIDTH="25" HEIGHT="19" CONTENT="to" WC="1.00" CC="00"/>
						<SP ID="P128_SP00013" HPOS="247" VPOS="230" WIDTH="10"/>
						<String ID="P128_ST00017" HPOS="257" VPOS="207" WIDTH="61" HEIGHT="23" CONTENT="have" WC="0.82" CC="7000"/>
						<SP ID="P128_SP00014" HPOS="318" VPOS="230" WIDTH="12"/>
						<String ID="P128_ST00018" HPOS="330" VPOS="208" WIDTH="84" HEIGHT="29" CONTENT="passed" WC="0.82" CC="006300"/>
						<SP ID="P128_SP00015" HPOS="414" VPOS="237" WIDTH="13"/>
						<String ID="P128_ST00019" HPOS="427" VPOS="215" WIDTH="72" HEIGHT="24" CONTENT="many" WC="0.83" CC="5010"/>
						<SP ID="P128_SP00016" HPOS="499" VPOS="239" WIDTH="10"/>
						<String ID="P128_ST00020" HPOS="509" VPOS="215" WIDTH="70" HEIGHT="22" CONTENT="years" WC="0.78" CC="00064"/>
						<SP ID="P128_SP00017" HPOS="579" VPOS="239" WIDTH="10"/>
						<String ID="P128_ST00021" HPOS="589" VPOS="215" WIDTH="25" HEIGHT="15" CONTENT="as" WC="1.00" CC="00"/>
						<SP ID="P128_SP00018" HPOS="614" VPOS="239" WIDTH="13"/>
						<String ID="P128_ST00022" HPOS="627" VPOS="215" WIDTH="13" HEIGHT="15" CONTENT="a" WC="1.00" CC="0"/>
						<SP ID="P128_SP00019" HPOS="640" VPOS="239" WIDTH="11"/>
						<String ID="P128_ST00023" HPOS="651" VPOS="207" WIDTH="141" HEIGHT="30" CONTENT="missionary" WC="0.70" CC="0076067020"/>
						<SP ID="P128_SP00020" HPOS="792" VPOS="239" WIDTH="11"/>
						<String ID="P128_ST00024" HPOS="803" VPOS="206" WIDTH="23" HEIGHT="22" CONTENT="in" WC="0.82" CC="30"/>
						<SP ID="P128_SP00021" HPOS="826" VPOS="239" WIDTH="12"/>
						<String ID="P128_ST00025" HPOS="838" VPOS="204" WIDTH="103" HEIGHT="27" CONTENT="Britain," WC="0.80" CC="30000442"/>
					</TextLine>
					<TextLine ID="P128_TL00005" HPOS="99" VPOS="240" WIDTH="843" HEIGHT="32">
						<String ID="P128_ST00026" HPOS="99" VPOS="241" WIDTH="99" HEIGHT="29" CONTENT="visiting" WC="0.79" CC="63000310"/>
						<SP ID="P128_SP00022" HPOS="198" VPOS="270" WIDTH="11"/>
						<String ID="P128_ST00027" HPOS="209" VPOS="240" WIDTH="165" HEIGHT="31" CONTENT="Glastonbury" WC="0.63" CC="46060266600"/>
						<SP ID="P128_SP00023" HPOS="374" VPOS="271" WIDTH="9"/>
						<String ID="P128_ST00028" HPOS="383" VPOS="241" WIDTH="91" HEIGHT="27" CONTENT=";*Bath," WC="0.84" CC="0030070"/>
						<SP ID="P128_SP00024" HPOS="474" VPOS="271" WIDTH="9"/>
						<String ID="P128_ST00029" HPOS="483" VPOS="241" WIDTH="79" HEIGHT="22" CONTENT="where" WC="0.92" CC="00030"/>
						<SP ID="P128_SP00025" HPOS="562" VPOS="271" WIDTH="9"/>
						<String ID="P128_ST00030" HPOS="571" VPOS="241" WIDTH="32" HEIGHT="31" CONTENT="by" WC="0.80" CC="40"/>
						<SP ID="P128_SP00026" HPOS="603" VPOS="272" WIDTH="11"/>
						<String ID="P128_ST00031" HPOS="614" VPOS="241" WIDTH="36" HEIGHT="22" CONTENT="his" WC="0.88" CC="003"/>
						<SP ID="P128_SP00027" HPOS="650" VPOS="272" WIDTH="10"/>
						<String ID="P128_ST00032" HPOS="660" VPOS="240" WIDTH="118" HEIGHT="31" CONTENT="blessings" WC="0.55" CC="237761704"/>
						<SP ID="P128_SP00028" HPOS="778" VPOS="272" WIDTH="8"/>
						<String ID="P128_ST00033" HPOS="786" VPOS="240" WIDTH="47" HEIGHT="23" CONTENT="and" WC="0.73" CC="070"/>
						<SP ID="P128_SP00029" HPOS="833" VPOS="272" WIDTH="9"/>
						<String ID="P128_ST00034" HPOS="842" VPOS="246" WIDTH="100" HEIGHT="24" CONTENT="prayers" WC="0.68" CC="7300045"/>
					</TextLine>
					<TextLine ID="P128_TL00006" HPOS="99" VPOS="274" WIDTH="842" HEIGHT="31">
						<String ID="P128_ST00035" HPOS="99" VPOS="274" WIDTH="68" HEIGHT="23" CONTENT="those" WC="0.73" CC="02460"/>
						<SP ID="P128_SP00030" HPOS="167" VPOS="297" WIDTH="15"/>
						<String ID="P128_ST00036" HPOS="182" VPOS="274" WIDTH="77" HEIGHT="23" CONTENT="famed" WC="0.92" CC="03000"/>
						<SP ID="P128_SP00031" HPOS="259" VPOS="297" WIDTH="11"/>
						<String ID="P128_ST00037" HPOS="270" VPOS="274" WIDTH="94" HEIGHT="31" CONTENT="springs" WC="0.91" CC="6000000"/>
						<SP ID="P128_SP00032" HPOS="364" VPOS="305" WIDTH="10"/>
						<String ID="P128_ST00038" HPOS="374" VPOS="274" WIDTH="100" HEIGHT="23" CONTENT="became" WC="0.78" CC="507000"/>
						<SP ID="P128_SP00033" HPOS="474" VPOS="305" WIDTH="13"/>
						<String ID="P128_ST00039" HPOS="487" VPOS="283" WIDTH="25" HEIGHT="14" CONTENT="as" WC="0.79" CC="04"/>
						<SP ID="P128_SP00034" HPOS="512" VPOS="305" WIDTH="12"/>
						<String ID="P128_ST00040" HPOS="524" VPOS="274" WIDTH="107" HEIGHT="31" CONTENT="salutary" WC="0.58" CC="57680050"/>
						<SP ID="P128_SP00035" HPOS="631" VPOS="305" WIDTH="14"/>
						<String ID="P128_ST00041" HPOS="645" VPOS="281" WIDTH="24" HEIGHT="15" CONTENT="as" WC="0.28" CC="67"/>
						<SP ID="P128_SP00036" HPOS="669" VPOS="305" WIDTH="15"/>
						<String ID="P128_ST00042" HPOS="684" VPOS="274" WIDTH="56" HEIGHT="30" CONTENT="they" WC="1.00" CC="0000"/>
						<SP ID="P128_SP00037" HPOS="740" VPOS="305" WIDTH="13"/>
						<String ID="P128_ST00043" HPOS="753" VPOS="281" WIDTH="40" HEIGHT="15" CONTENT="are" WC="0.88" CC="030"/>
						<SP ID="P128_SP00038" HPOS="793" VPOS="305" WIDTH="13"/>
						<String ID="P128_ST00044" HPOS="806" VPOS="280" WIDTH="120" HEIGHT="16" CONTENT="nauseous" WC="0.73" CC="00440056"/>
						<String ID="P128_ST00045" HPOS="935" VPOS="282" WIDTH="6" HEIGHT="17" CONTENT=";" WC="1.00" CC="0"/>
					</TextLine>
					<TextLine ID="P128_TL00007" HPOS="99" VPOS="302" WIDTH="846" HEIGHT="33">
						<String ID="P128_ST00046" HPOS="99" VPOS="307" WIDTH="89" HEIGHT="23" CONTENT="Devon" WC="0.59" CC="00928"/>
						<SP ID="P128_SP00039" HPOS="188" VPOS="330" WIDTH="20"/>
						<String ID="P128_ST00047" HPOS="208" VPOS="308" WIDTH="48" HEIGHT="22" CONTENT="and" WC="0.32" CC="982"/>
						<SP ID="P128_SP00040" HPOS="256" VPOS="330" WIDTH="19"/>
						<String ID="P128_ST00048" HPOS="275" VPOS="302" WIDTH="129" HEIGHT="33" CONTENT="Cornwall," WC="0.79" CC="002701250"/>
						<SP ID="P128_SP00041" HPOS="404" VPOS="335" WIDTH="19"/>
						<String ID="P128_ST00049" HPOS="423" VPOS="309" WIDTH="23" HEIGHT="21" CONTENT="in" WC="0.64" CC="07"/>
						<SP ID="P128_SP00042" HPOS="446" VPOS="335" WIDTH="18"/>
						<String ID="P128_ST00050" HPOS="464" VPOS="308" WIDTH="79" HEIGHT="22" CONTENT="which" WC="0.80" CC="04005"/>
						<SP ID="P128_SP00043" HPOS="543" VPOS="335" WIDTH="20"/>
						<String ID="P128_ST00051" HPOS="563" VPOS="308" WIDTH="68" HEIGHT="22" CONTENT="there" WC="0.75" CC="06050"/>
						<SP ID="P128_SP00044" HPOS="631" VPOS="335" WIDTH="18"/>
						<String ID="P128_ST00052" HPOS="649" VPOS="314" WIDTH="41" HEIGHT="16" CONTENT="are" WC="0.95" CC="100"/>
						<SP ID="P128_SP00045" HPOS="690" VPOS="335" WIDTH="13"/>
						<String ID="P128_ST00053" HPOS="703" VPOS="308" WIDTH="67" HEIGHT="22" CONTENT="three" WC="0.99" CC="00000"/>
						<SP ID="P128_SP00046" HPOS="770" VPOS="335" WIDTH="14"/>
						<String ID="P128_ST00054" HPOS="784" VPOS="307" WIDTH="120" HEIGHT="22" CONTENT="churches" WC="0.55" CC="07061459"/>
						<SP ID="P128_SP00047" HPOS="904" VPOS="335" WIDTH="13"/>
						<String ID="P128_ST00055" HPOS="917" VPOS="305" WIDTH="28" HEIGHT="24" CONTENT="of" WC="1.00" CC="00"/>
					</TextLine>
					<TextLine ID="P128_TL00008" HPOS="99" VPOS="339" WIDTH="842" HEIGHT="33">
						<String ID="P128_ST00056" HPOS="99" VPOS="341" WIDTH="79" HEIGHT="22" CONTENT="which" WC="0.78" CC="00505"/>
						<SP ID="P128_SP00048" HPOS="178" VPOS="363" WIDTH="15"/>
						<String ID="P128_ST00057" HPOS="193" VPOS="341" WIDTH="29" HEIGHT="22" CONTENT="he" WC="0.59" CC="61"/>
						<SP ID="P128_SP00049" HPOS="222" VPOS="363" WIDTH="14"/>
						<String ID="P128_ST00058" HPOS="236" VPOS="341" WIDTH="18" HEIGHT="22" CONTENT="is" WC="1.00" CC="00"/>
						<SP ID="P128_SP00050" HPOS="254" VPOS="363" WIDTH="14"/>
						<String ID="P128_ST00059" HPOS="268" VPOS="341" WIDTH="40" HEIGHT="22" CONTENT="the" WC="0.93" CC="100"/>
						<SP ID="P128_SP00051" HPOS="308" VPOS="363" WIDTH="12"/>
						<String ID="P128_ST00060" HPOS="320" VPOS="345" WIDTH="86" HEIGHT="27" CONTENT="patron" WC="0.71" CC="070404"/>
						<SP ID="P128_SP00052" HPOS="406" VPOS="372" WIDTH="11"/>
						<String ID="P128_ST00061" HPOS="417" VPOS="342" WIDTH="63" HEIGHT="22" CONTENT="saint" WC="0.67" CC="50550"/>
						<String ID="P128_ST00062" HPOS="488" VPOS="351" WIDTH="6" HEIGHT="17" CONTENT=";" WC="0.45" CC="5"/>
						<SP ID="P128_SP00053" HPOS="494" VPOS="372" WIDTH="17"/>
						<String ID="P128_ST00063" HPOS="511" VPOS="341" WIDTH="153" HEIGHT="22" CONTENT="Leominster" WC="0.70" CC="4060624005"/>
						<SP ID="P128_SP00054" HPOS="664" VPOS="372" WIDTH="10"/>
						<String ID="P128_ST00064" HPOS="674" VPOS="350" WIDTH="5" HEIGHT="17" CONTENT=";" WC="1.00" CC="0"/>
						<SP ID="P128_SP00055" HPOS="679" VPOS="372" WIDTH="20"/>
						<String ID="P128_ST00065" HPOS="699" VPOS="340" WIDTH="111" HEIGHT="30" CONTENT="R'agland" WC="0.62" CC="55006580"/>
						<SP ID="P128_SP00056" HPOS="810" VPOS="372" WIDTH="11"/>
						<String ID="P128_ST00066" HPOS="821" VPOS="349" WIDTH="5" HEIGHT="17" CONTENT=";" WC="1.00" CC="0"/>
						<SP ID="P128_SP00057" HPOS="826" VPOS="372" WIDTH="18"/>
						<String ID="P128_ST00067" HPOS="844" VPOS="339" WIDTH="97" HEIGHT="28" CONTENT="Gower," WC="0.78" CC="009030"/>
					</TextLine>
					<TextLine ID="P128_TL00009" HPOS="99" VPOS="373" WIDTH="845" HEIGHT="32">
						<String ID="P128_ST00068" HPOS="99" VPOS="374" WIDTH="24" HEIGHT="23" CONTENT="in" WC="0.91" CC="10"/>
						<SP ID="P128_SP00058" HPOS="123" VPOS="397" WIDTH="19"/>
						<String ID="P128_ST00069" HPOS="142" VPOS="374" WIDTH="213" HEIGHT="31" CONTENT="Glamorganshire" WC="0.66" CC="60003400576660"/>
						<String ID="P128_ST00070" HPOS="364" VPOS="385" WIDTH="5" HEIGHT="13" CONTENT=":" WC="0.42" CC="5"/>
						<SP ID="P128_SP00059" HPOS="369" VPOS="405" WIDTH="16"/>
						<String ID="P128_ST00071" HPOS="385" VPOS="375" WIDTH="47" HEIGHT="22" CONTENT="and" WC="0.79" CC="050"/>
						<SP ID="P128_SP00060" HPOS="432" VPOS="405" WIDTH="17"/>
						<String ID="P128_ST00072" HPOS="449" VPOS="375" WIDTH="91" HEIGHT="30" CONTENT="resting" WC="0.58" CC="5070726"/>
						<SP ID="P128_SP00061" HPOS="540" VPOS="405" WIDTH="17"/>
						<String ID="P128_ST00073" HPOS="557" VPOS="374" WIDTH="61" HEIGHT="22" CONTENT="from" WC="0.64" CC="0608"/>
						<SP ID="P128_SP00062" HPOS="618" VPOS="405" WIDTH="17"/>
						<String ID="P128_ST00074" HPOS="635" VPOS="374" WIDTH="37" HEIGHT="22" CONTENT="his" WC="0.68" CC="603"/>
						<SP ID="P128_SP00063" HPOS="672" VPOS="405" WIDTH="12"/>
						<String ID="P128_ST00075" HPOS="684" VPOS="374" WIDTH="98" HEIGHT="22" CONTENT="labours" WC="0.71" CC="7000507"/>
						<SP ID="P128_SP00064" HPOS="782" VPOS="405" WIDTH="13"/>
						<String ID="P128_ST00076" HPOS="795" VPOS="374" WIDTH="23" HEIGHT="22" CONTENT="in" WC="0.77" CC="04"/>
						<SP ID="P128_SP00065" HPOS="818" VPOS="405" WIDTH="19"/>
						<String ID="P128_ST00077" HPOS="837" VPOS="373" WIDTH="40" HEIGHT="22" CONTENT="the" WC="0.69" CC="620"/>
						<SP ID="P128_SP00066" HPOS="877" VPOS="405" WIDTH="13"/>
						<String ID="P128_ST00078" HPOS="890" VPOS="373" WIDTH="54" HEIGHT="23" CONTENT="vale" WC="0.79" CC="0080"/>
					</TextLine>
					<TextLine ID="P128_TL00010" HPOS="99" VPOS="406" WIDTH="845" HEIGHT="32">
						<String ID="P128_ST00079" HPOS="99" VPOS="407" WIDTH="28" HEIGHT="24" CONTENT="of" WC="0.82" CC="03"/>
						<SP ID="P128_SP00067" HPOS="127" VPOS="431" WIDTH="10"/>
						<String ID="P128_ST00080" HPOS="137" VPOS="407" WIDTH="94" HEIGHT="24" CONTENT="Rosina" WC="0.70" CC="029050"/>
						<SP ID="P128_SP00068" HPOS="231" VPOS="431" WIDTH="12"/>
						<String ID="P128_ST00081" HPOS="243" VPOS="416" WIDTH="57" HEIGHT="15" CONTENT="near" WC="0.90" CC="4000"/>
						<SP ID="P128_SP00069" HPOS="300" VPOS="431" WIDTH="15"/>
						<String ID="P128_ST00082" HPOS="315" VPOS="407" WIDTH="121" HEIGHT="28" CONTENT="Menevia," WC="0.96" CC="00300000"/>
						<SP ID="P128_SP00070" HPOS="436" VPOS="435" WIDTH="15"/>
						<String ID="P128_ST00083" HPOS="451" VPOS="408" WIDTH="36" HEIGHT="22" CONTENT="his" WC="0.58" CC="722"/>
						<SP ID="P128_SP00071" HPOS="487" VPOS="435" WIDTH="13"/>
						<String ID="P128_ST00084" HPOS="500" VPOS="408" WIDTH="81" HEIGHT="22" CONTENT="native" WC="0.91" CC="100400"/>
						<SP ID="P128_SP00072" HPOS="581" VPOS="435" WIDTH="13"/>
						<String ID="P128_ST00085" HPOS="594" VPOS="407" WIDTH="75" HEIGHT="31" CONTENT="place." WC="0.85" CC="035000"/>
						<SP ID="P128_SP00073" HPOS="669" VPOS="438" WIDTH="42"/>
						<String ID="P128_ST00086" HPOS="711" VPOS="407" WIDTH="67" HEIGHT="22" CONTENT="Here" WC="0.86" CC="1030"/>
						<SP ID="P128_SP00074" HPOS="778" VPOS="438" WIDTH="14"/>
						<String ID="P128_ST00087" HPOS="792" VPOS="407" WIDTH="30" HEIGHT="22" CONTENT="he" WC="0.70" CC="60"/>
						<SP ID="P128_SP00075" HPOS="822" VPOS="438" WIDTH="14"/>
						<String ID="P128_ST00088" HPOS="836" VPOS="406" WIDTH="108" HEIGHT="23" CONTENT="founded" WC="0.77" CC="0078000"/>
					</TextLine>
					<TextLine ID="P128_TL00011" HPOS="99" VPOS="440" WIDTH="845" HEIGHT="32">
						<String ID="P128_ST00089" HPOS="99" VPOS="450" WIDTH="28" HEIGHT="15" CONTENT="or" WC="0.63" CC="51"/>
						<SP ID="P128_SP00076" HPOS="127" VPOS="465" WIDTH="23"/>
						<String ID="P128_ST00090" HPOS="150" VPOS="442" WIDTH="108" HEIGHT="23" CONTENT="restored" WC="0.76" CC="20930200"/>
						<SP ID="P128_SP00077" HPOS="258" VPOS="465" WIDTH="24"/>
						<String ID="P128_ST00091" HPOS="282" VPOS="450" WIDTH="15" HEIGHT="14" CONTENT="a" WC="1.00" CC="0"/>
						<SP ID="P128_SP00078" HPOS="297" VPOS="465" WIDTH="24"/>
						<String ID="P128_ST00092" HPOS="321" VPOS="446" WIDTH="145" HEIGHT="26" CONTENT="monastery," WC="0.79" CC="1040810400"/>
						<SP ID="P128_SP00079" HPOS="466" VPOS="472" WIDTH="25"/>
						<String ID="P128_ST00093" HPOS="491" VPOS="441" WIDTH="27" HEIGHT="23" CONTENT="of" WC="0.87" CC="02"/>
						<SP ID="P128_SP00080" HPOS="518" VPOS="472" WIDTH="19"/>
						<String ID="P128_ST00094" HPOS="537" VPOS="441" WIDTH="80" HEIGHT="23" CONTENT="which" WC="0.86" CC="00600"/>
						<SP ID="P128_SP00081" HPOS="617" VPOS="472" WIDTH="24"/>
						<String ID="P128_ST00095" HPOS="641" VPOS="440" WIDTH="48" HEIGHT="23" CONTENT="and" WC="0.78" CC="060"/>
						<SP ID="P128_SP00082" HPOS="689" VPOS="472" WIDTH="24"/>
						<String ID="P128_ST00096" HPOS="713" VPOS="440" WIDTH="42" HEIGHT="23" CONTENT="the" WC="0.78" CC="060"/>
						<SP ID="P128_SP00083" HPOS="755" VPOS="472" WIDTH="23"/>
						<String ID="P128_ST00097" HPOS="778" VPOS="440" WIDTH="166" HEIGHT="31" CONTENT="surrounding" WC="0.52" CC="52304229279"/>
					</TextLine>
					<TextLine ID="P128_TL00012" HPOS="99" VPOS="473" WIDTH="845" HEIGHT="33">
						<String ID="P128_ST00098" HPOS="99" VPOS="479" WIDTH="104" HEIGHT="27" CONTENT="country" WC="0.77" CC="0107070"/>
						<SP ID="P128_SP00084" HPOS="203" VPOS="506" WIDTH="19"/>
						<String ID="P128_ST00099" HPOS="222" VPOS="476" WIDTH="29" HEIGHT="22" CONTENT="he" WC="0.98" CC="00"/>
						<SP ID="P128_SP00085" HPOS="251" VPOS="506" WIDTH="19"/>
						<String ID="P128_ST00100" HPOS="270" VPOS="476" WIDTH="100" HEIGHT="23" CONTENT="became" WC="0.90" CC="320000"/>
						<SP ID="P128_SP00086" HPOS="370" VPOS="506" WIDTH="18"/>
						<String ID="P128_ST00101" HPOS="388" VPOS="475" WIDTH="177" HEIGHT="31" CONTENT="quasi-bishop," WC="0.69" CC="9400404277000"/>
						<SP ID="P128_SP00087" HPOS="565" VPOS="506" WIDTH="21"/>
						<String ID="P128_ST00102" HPOS="586" VPOS="474" WIDTH="20" HEIGHT="23" CONTENT="if" WC="0.50" CC="09"/>
						<SP ID="P128_SP00088" HPOS="606" VPOS="506" WIDTH="14"/>
						<String ID="P128_ST00103" HPOS="620" VPOS="474" WIDTH="184" HEIGHT="32" CONTENT="chorepiscopus" WC="0.68" CC="4006040636404"/>
						<SP ID="P128_SP00089" HPOS="804" VPOS="506" WIDTH="15"/>
						<String ID="P128_ST00104" HPOS="819" VPOS="473" WIDTH="47" HEIGHT="23" CONTENT="will" WC="0.56" CC="9070"/>
						<SP ID="P128_SP00090" HPOS="866" VPOS="506" WIDTH="20"/>
						<String ID="P128_ST00105" HPOS="886" VPOS="474" WIDTH="58" HEIGHT="22" CONTENT="bear" WC="0.66" CC="7600"/>
					</TextLine>
					<TextLine ID="P128_TL00013" HPOS="99" VPOS="507" WIDTH="843" HEIGHT="33">
						<String ID="P128_ST00106" HPOS="99" VPOS="509" WIDTH="53" HEIGHT="23" CONTENT="that" WC="0.72" CC="0208"/>
						<SP ID="P128_SP00091" HPOS="152" VPOS="532" WIDTH="17"/>
						<String ID="P128_ST00107" HPOS="169" VPOS="509" WIDTH="136" HEIGHT="31" CONTENT="rendering." WC="0.75" CC="2080140600"/>
						<SP ID="P128_SP00092" HPOS="305" VPOS="540" WIDTH="37"/>
						<String ID="P128_ST00108" HPOS="342" VPOS="509" WIDTH="40" HEIGHT="23" CONTENT="He" WC="1.00" CC="00"/>
						<SP ID="P128_SP00093" HPOS="382" VPOS="540" WIDTH="22"/>
						<String ID="P128_ST00109" HPOS="404" VPOS="517" WIDTH="61" HEIGHT="23" CONTENT="gave" WC="1.00" CC="0000"/>
						<SP ID="P128_SP00094" HPOS="465" VPOS="540" WIDTH="20"/>
						<String ID="P128_ST00110" HPOS="485" VPOS="512" WIDTH="25" HEIGHT="20" CONTENT="to" WC="1.00" CC="00"/>
						<SP ID="P128_SP00095" HPOS="510" VPOS="540" WIDTH="18"/>
						<String ID="P128_ST00111" HPOS="528" VPOS="509" WIDTH="35" HEIGHT="22" CONTENT="his" WC="0.97" CC="000"/>
						<SP ID="P128_SP00096" HPOS="563" VPOS="540" WIDTH="19"/>
						<String ID="P128_ST00112" HPOS="582" VPOS="508" WIDTH="86" HEIGHT="23" CONTENT="monks" WC="0.86" CC="00303"/>
						<SP ID="P128_SP00097" HPOS="668" VPOS="540" WIDTH="19"/>
						<String ID="P128_ST00113" HPOS="687" VPOS="516" WIDTH="14" HEIGHT="15" CONTENT="a" WC="1.00" CC="0"/>
						<SP ID="P128_SP00098" HPOS="701" VPOS="540" WIDTH="19"/>
						<String ID="P128_ST00114" HPOS="720" VPOS="516" WIDTH="58" HEIGHT="24" CONTENT="very" WC="0.90" CC="0030"/>
						<SP ID="P128_SP00099" HPOS="778" VPOS="540" WIDTH="17"/>
						<String ID="P128_ST00115" HPOS="795" VPOS="508" WIDTH="68" HEIGHT="23" CONTENT="strict" WC="0.67" CC="606600"/>
						<SP ID="P128_SP00100" HPOS="863" VPOS="540" WIDTH="19"/>
						<String ID="P128_ST00116" HPOS="882" VPOS="507" WIDTH="60" HEIGHT="24" CONTENT="rule." WC="0.86" CC="00700"/>
					</TextLine>
					<TextLine ID="P128_TL00014" HPOS="99" VPOS="542" WIDTH="845" HEIGHT="32">
						<String ID="P128_ST00117" HPOS="99" VPOS="545" WIDTH="16" HEIGHT="11" CONTENT='"' WC="0.54" CC="4"/>
						<SP ID="P128_SP00101" HPOS="115" VPOS="556" WIDTH="11"/>
						<String ID="P128_ST00118" HPOS="126" VPOS="543" WIDTH="39" HEIGHT="23" CONTENT="He" WC="0.43" CC="73"/>
						<SP ID="P128_SP00102" HPOS="165" VPOS="566" WIDTH="14"/>
						<String ID="P128_ST00119" HPOS="179" VPOS="543" WIDTH="114" HEIGHT="23" CONTENT="ordained" WC="0.66" CC="09002670"/>
						<SP ID="P128_SP00103" HPOS="293" VPOS="566" WIDTH="14"/>
						<String ID="P128_ST00120" HPOS="307" VPOS="543" WIDTH="52" HEIGHT="23" CONTENT="that" WC="0.81" CC="0700"/>
						<SP ID="P128_SP00104" HPOS="359" VPOS="566" WIDTH="13"/>
						<String ID="P128_ST00121" HPOS="372" VPOS="551" WIDTH="72" HEIGHT="23" CONTENT="every" WC="0.74" CC="00029"/>
						<SP ID="P128_SP00105" HPOS="444" VPOS="574" WIDTH="14"/>
						<String ID="P128_ST00122" HPOS="458" VPOS="543" WIDTH="73" HEIGHT="23" CONTENT="monk" WC="0.44" CC="5528"/>
						<SP ID="P128_SP00106" HPOS="531" VPOS="574" WIDTH="13"/>
						<String ID="P128_ST00123" HPOS="544" VPOS="542" WIDTH="86" HEIGHT="23" CONTENT="should" WC="0.95" CC="101000"/>
						<SP ID="P128_SP00107" HPOS="630" VPOS="574" WIDTH="18"/>
						<String ID="P128_ST00124" HPOS="648" VPOS="542" WIDTH="86" HEIGHT="23" CONTENT="labour" WC="0.76" CC="407002"/>
						<SP ID="P128_SP00108" HPOS="734" VPOS="574" WIDTH="17"/>
						<String ID="P128_ST00125" HPOS="751" VPOS="542" WIDTH="65" HEIGHT="31" CONTENT="daily" WC="0.88" CC="00500"/>
						<SP ID="P128_SP00109" HPOS="816" VPOS="574" WIDTH="15"/>
						<String ID="P128_ST00126" HPOS="831" VPOS="542" WIDTH="56" HEIGHT="22" CONTENT="with" WC="0.82" CC="0140"/>
						<SP ID="P128_SP00110" HPOS="887" VPOS="574" WIDTH="20"/>
						<String ID="P128_ST00127" HPOS="907" VPOS="542" WIDTH="37" HEIGHT="22" CONTENT="his" WC="0.80" CC="006"/>
					</TextLine>
					<TextLine ID="P128_TL00015" HPOS="99" VPOS="576" WIDTH="845" HEIGHT="31">
						<String ID="P128_ST00128" HPOS="99" VPOS="577" WIDTH="77" HEIGHT="22" CONTENT="hands" WC="0.52" CC="60808"/>
						<SP ID="P128_SP00111" HPOS="176" VPOS="599" WIDTH="14"/>
						<String ID="P128_ST00129" HPOS="190" VPOS="576" WIDTH="37" HEIGHT="23" CONTENT="for" WC="0.34" CC="395"/>
						<SP ID="P128_SP00112" HPOS="227" VPOS="599" WIDTH="16"/>
						<String ID="P128_ST00130" HPOS="243" VPOS="578" WIDTH="40" HEIGHT="21" CONTENT="the" WC="0.63" CC="055"/>
						<SP ID="P128_SP00113" HPOS="283" VPOS="599" WIDTH="18"/>
						<String ID="P128_ST00131" HPOS="301" VPOS="584" WIDTH="112" HEIGHT="16" CONTENT="common" WC="0.65" CC="309007"/>
						<SP ID="P128_SP00114" HPOS="413" VPOS="600" WIDTH="19"/>
						<String ID="P128_ST00132" HPOS="432" VPOS="577" WIDTH="64" HEIGHT="30" CONTENT="good" WC="1.00" CC="0000"/>
						<SP ID="P128_SP00115" HPOS="496" VPOS="607" WIDTH="19"/>
						<String ID="P128_ST00133" HPOS="515" VPOS="576" WIDTH="28" HEIGHT="23" CONTENT="of" WC="1.00" CC="00"/>
						<SP ID="P128_SP00116" HPOS="543" VPOS="607" WIDTH="10"/>
						<String ID="P128_ST00134" HPOS="553" VPOS="577" WIDTH="40" HEIGHT="22" CONTENT="the" WC="0.63" CC="271"/>
						<SP ID="P128_SP00117" HPOS="593" VPOS="607" WIDTH="18"/>
						<String ID="P128_ST00135" HPOS="611" VPOS="579" WIDTH="145" HEIGHT="28" CONTENT="monastery," WC="0.64" CC="4264770200"/>
						<SP ID="P128_SP00118" HPOS="756" VPOS="607" WIDTH="14"/>
						<String ID="P128_ST00136" HPOS="770" VPOS="576" WIDTH="133" HEIGHT="30" CONTENT="according" WC="0.91" CC="002050000"/>
						<SP ID="P128_SP00119" HPOS="903" VPOS="607" WIDTH="16"/>
						<String ID="P128_ST00137" HPOS="919" VPOS="579" WIDTH="25" HEIGHT="20" CONTENT="to" WC="0.56" CC="26"/>
					</TextLine>
					<TextLine ID="P128_TL00016" HPOS="99" VPOS="609" WIDTH="844" HEIGHT="32">
						<String ID="P128_ST00138" HPOS="99" VPOS="610" WIDTH="42" HEIGHT="23" CONTENT="the" WC="0.77" CC="060"/>
						<SP ID="P128_SP00120" HPOS="141" VPOS="633" WIDTH="22"/>
						<String ID="P128_ST00139" HPOS="163" VPOS="611" WIDTH="66" HEIGHT="22" CONTENT="word" WC="0.60" CC="0590"/>
						<SP ID="P128_SP00121" HPOS="229" VPOS="633" WIDTH="24"/>
						<String ID="P128_ST00140" HPOS="253" VPOS="610" WIDTH="28" HEIGHT="23" CONTENT="of" WC="1.00" CC="00"/>
						<SP ID="P128_SP00122" HPOS="281" VPOS="633" WIDTH="22"/>
						<String ID="P128_ST00141" HPOS="303" VPOS="611" WIDTH="40" HEIGHT="22" CONTENT="the" WC="0.79" CC="600"/>
						<SP ID="P128_SP00123" HPOS="343" VPOS="633" WIDTH="23"/>
						<String ID="P128_ST00142" HPOS="366" VPOS="611" WIDTH="110" HEIGHT="30" CONTENT="Apostle," WC="0.85" CC="00056000"/>
						<SP ID="P128_SP00124" HPOS="476" VPOS="641" WIDTH="22"/>
						<String ID="P128_ST00143" HPOS="498" VPOS="613" WIDTH="6" HEIGHT="10" CONTENT="'" WC="0.32" CC="6"/>
						<SP ID="P128_SP00125" HPOS="504" VPOS="641" WIDTH="10"/>
						<String ID="P128_ST00144" HPOS="514" VPOS="610" WIDTH="65" HEIGHT="23" CONTENT="That" WC="0.71" CC="0074"/>
						<SP ID="P128_SP00126" HPOS="579" VPOS="641" WIDTH="21"/>
						<String ID="P128_ST00145" HPOS="600" VPOS="610" WIDTH="22" HEIGHT="23" CONTENT="if" WC="1.00" CC="00"/>
						<SP ID="P128_SP00127" HPOS="622" VPOS="641" WIDTH="18"/>
						<String ID="P128_ST00146" HPOS="640" VPOS="617" WIDTH="47" HEIGHT="24" CONTENT="any" WC="0.88" CC="030"/>
						<SP ID="P128_SP00128" HPOS="687" VPOS="641" WIDTH="22"/>
						<String ID="P128_ST00147" HPOS="709" VPOS="610" WIDTH="80" HEIGHT="23" CONTENT="would" WC="0.87" CC="06000"/>
						<SP ID="P128_SP00129" HPOS="789" VPOS="641" WIDTH="23"/>
						<String ID="P128_ST00148" HPOS="812" VPOS="614" WIDTH="42" HEIGHT="18" CONTENT="not" WC="0.80" CC="005"/>
						<SP ID="P128_SP00130" HPOS="854" VPOS="641" WIDTH="22"/>
						<String ID="P128_ST00149" HPOS="876" VPOS="609" WIDTH="67" HEIGHT="24" CONTENT="work" WC="0.74" CC="0116"/>
					</TextLine>
					<TextLine ID="P128_TL00017" HPOS="99" VPOS="643" WIDTH="844" HEIGHT="31">
						<String ID="P128_ST00150" HPOS="99" VPOS="644" WIDTH="95" HEIGHT="23" CONTENT="neither" WC="0.64" CC="6100709"/>
						<SP ID="P128_SP00131" HPOS="194" VPOS="667" WIDTH="12"/>
						<String ID="P128_ST00151" HPOS="206" VPOS="644" WIDTH="86" HEIGHT="23" CONTENT="should" WC="0.72" CC="660300"/>
						<SP ID="P128_SP00132" HPOS="292" VPOS="667" WIDTH="14"/>
						<String ID="P128_ST00152" HPOS="306" VPOS="644" WIDTH="29" HEIGHT="23" CONTENT="he" WC="0.62" CC="70"/>
						<SP ID="P128_SP00133" HPOS="335" VPOS="667" WIDTH="13"/>
						<String ID="P128_ST00153" HPOS="348" VPOS="643" WIDTH="56" HEIGHT="24" CONTENT="eat.'" WC="0.81" CC="40400"/>
						<SP ID="P128_SP00134" HPOS="404" VPOS="667" WIDTH="36"/>
						<String ID="P128_ST00154" HPOS="440" VPOS="644" WIDTH="40" HEIGHT="23" CONTENT="He" WC="0.71" CC="50"/>
						<SP ID="P128_SP00135" HPOS="480" VPOS="667" WIDTH="15"/>
						<String ID="P128_ST00155" HPOS="495" VPOS="644" WIDTH="78" HEIGHT="22" CONTENT="would" WC="0.71" CC="94000"/>
						<SP ID="P128_SP00136" HPOS="573" VPOS="667" WIDTH="20"/>
						<String ID="P128_ST00156" HPOS="593" VPOS="647" WIDTH="42" HEIGHT="20" CONTENT="not" WC="0.83" CC="400"/>
						<SP ID="P128_SP00137" HPOS="635" VPOS="667" WIDTH="13"/>
						<String ID="P128_ST00157" HPOS="648" VPOS="644" WIDTH="75" HEIGHT="23" CONTENT="suffer" WC="0.77" CC="430005"/>
						<SP ID="P128_SP00138" HPOS="723" VPOS="667" WIDTH="17"/>
						<String ID="P128_ST00158" HPOS="740" VPOS="644" WIDTH="37" HEIGHT="22" CONTENT="his" WC="0.67" CC="180"/>
						<SP ID="P128_SP00139" HPOS="777" VPOS="667" WIDTH="13"/>
						<String ID="P128_ST00159" HPOS="790" VPOS="643" WIDTH="115" HEIGHT="31" CONTENT="religious" WC="0.79" CC="305003023"/>
						<SP ID="P128_SP00140" HPOS="905" VPOS="674" WIDTH="13"/>
						<String ID="P128_ST00160" HPOS="918" VPOS="647" WIDTH="25" HEIGHT="19" CONTENT="to" WC="1.00" CC="00"/>
					</TextLine>
					<TextLine ID="P128_TL00018" HPOS="99" VPOS="675" WIDTH="843" HEIGHT="34">
						<String ID="P128_ST00161" HPOS="99" VPOS="678" WIDTH="94" HEIGHT="22" CONTENT="receive" WC="0.79" CC="7000140"/>
						<SP ID="P128_SP00141" HPOS="193" VPOS="700" WIDTH="11"/>
						<String ID="P128_ST00162" HPOS="204" VPOS="685" WIDTH="46" HEIGHT="24" CONTENT="any" WC="0.79" CC="060"/>
						<SP ID="P128_SP00142" HPOS="250" VPOS="709" WIDTH="11"/>
						<String ID="P128_ST00163" HPOS="261" VPOS="678" WIDTH="57" HEIGHT="31" CONTENT="gifts" WC="0.68" CC="90014"/>
						<SP ID="P128_SP00143" HPOS="318" VPOS="709" WIDTH="10"/>
						<String ID="P128_ST00164" HPOS="328" VPOS="677" WIDTH="144" HEIGHT="32" CONTENT="(especially" WC="0.94" CC="00300000010"/>
						<SP ID="P128_SP00144" HPOS="472" VPOS="709" WIDTH="10"/>
						<String ID="P128_ST00165" HPOS="482" VPOS="677" WIDTH="61" HEIGHT="23" CONTENT="from" WC="0.54" CC="0674"/>
						<SP ID="P128_SP00145" HPOS="543" VPOS="709" WIDTH="12"/>
						<String ID="P128_ST00166" HPOS="555" VPOS="678" WIDTH="92" HEIGHT="22" CONTENT="wicked" WC="0.97" CC="010000"/>
						<SP ID="P128_SP00146" HPOS="647" VPOS="709" WIDTH="12"/>
						<String ID="P128_ST00167" HPOS="659" VPOS="675" WIDTH="75" HEIGHT="34" CONTENT="men)," WC="0.87" CC="00510"/>
						<SP ID="P128_SP00147" HPOS="734" VPOS="709" WIDTH="12"/>
						<String ID="P128_ST00168" HPOS="746" VPOS="677" WIDTH="47" HEIGHT="23" CONTENT="and" WC="0.72" CC="080"/>
						<SP ID="P128_SP00148" HPOS="793" VPOS="709" WIDTH="14"/>
						<String ID="P128_ST00169" HPOS="807" VPOS="678" WIDTH="22" HEIGHT="22" CONTENT="in" WC="0.76" CC="04"/>
						<SP ID="P128_SP00149" HPOS="829" VPOS="709" WIDTH="15"/>
						<String ID="P128_ST00170" HPOS="844" VPOS="677" WIDTH="98" HEIGHT="31" CONTENT="general" WC="0.84" CC="0060300"/>
					</TextLine>
					<TextLine ID="P128_TL00019" HPOS="99" VPOS="711" WIDTH="843" HEIGHT="31">
						<String ID="P128_ST00171" HPOS="99" VPOS="711" WIDTH="31" HEIGHT="22" CONTENT="he" WC="0.71" CC="50"/>
						<SP ID="P128_SP00150" HPOS="130" VPOS="733" WIDTH="13"/>
						<String ID="P128_ST00172" HPOS="143" VPOS="711" WIDTH="86" HEIGHT="30" CONTENT="taught" WC="0.76" CC="204070"/>
						<SP ID="P128_SP00151" HPOS="229" VPOS="741" WIDTH="13"/>
						<String ID="P128_ST00173" HPOS="242" VPOS="711" WIDTH="66" HEIGHT="23" CONTENT="them" WC="0.85" CC="0005"/>
						<SP ID="P128_SP00152" HPOS="308" VPOS="741" WIDTH="12"/>
						<String ID="P128_ST00174" HPOS="320" VPOS="715" WIDTH="25" HEIGHT="19" CONTENT="to" WC="1.00" CC="00"/>
						<SP ID="P128_SP00153" HPOS="345" VPOS="741" WIDTH="13"/>
						<String ID="P128_ST00175" HPOS="358" VPOS="711" WIDTH="54" HEIGHT="23" CONTENT="love" WC="0.90" CC="1200"/>
						<SP ID="P128_SP00154" HPOS="412" VPOS="741" WIDTH="13"/>
						<String ID="P128_ST00176" HPOS="425" VPOS="711" WIDTH="55" HEIGHT="31" CONTENT="holy" WC="0.73" CC="6040"/>
						<SP ID="P128_SP00155" HPOS="480" VPOS="742" WIDTH="14"/>
						<String ID="P128_ST00177" HPOS="494" VPOS="714" WIDTH="101" HEIGHT="28" CONTENT="poverty" WC="0.86" CC="0301400"/>
						<SP ID="P128_SP00156" HPOS="595" VPOS="742" WIDTH="13"/>
						<String ID="P128_ST00178" HPOS="608" VPOS="711" WIDTH="48" HEIGHT="22" CONTENT="and" WC="0.87" CC="030"/>
						<SP ID="P128_SP00157" HPOS="656" VPOS="742" WIDTH="13"/>
						<String ID="P128_ST00179" HPOS="669" VPOS="711" WIDTH="78" HEIGHT="22" CONTENT="detest" WC="0.90" CC="000050"/>
						<SP ID="P128_SP00158" HPOS="747" VPOS="742" WIDTH="10"/>
						<String ID="P128_ST00180" HPOS="757" VPOS="711" WIDTH="86" HEIGHT="22" CONTENT="riches." WC="0.75" CC="4006050"/>
						<SP ID="P128_SP00159" HPOS="843" VPOS="742" WIDTH="26"/>
						<String ID="P128_ST00181" HPOS="869" VPOS="711" WIDTH="73" HEIGHT="30" CONTENT="They" WC="0.86" CC="0500"/>
					</TextLine>
					<TextLine ID="P128_TL00020" HPOS="99" VPOS="744" WIDTH="843" HEIGHT="28">
						<String ID="P128_ST00182" HPOS="99" VPOS="744" WIDTH="59" HEIGHT="23" CONTENT="used" WC="0.68" CC="0930"/>
						<SP ID="P128_SP00160" HPOS="158" VPOS="767" WIDTH="14"/>
						<String ID="P128_ST00183" HPOS="172" VPOS="752" WIDTH="31" HEIGHT="15" CONTENT="no" WC="0.41" CC="65"/>
						<SP ID="P128_SP00161" HPOS="203" VPOS="767" WIDTH="13"/>
						<String ID="P128_ST00184" HPOS="216" VPOS="752" WIDTH="62" HEIGHT="15" CONTENT="oxen" WC="0.97" CC="0000"/>
						<SP ID="P128_SP00162" HPOS="278" VPOS="767" WIDTH="14"/>
						<String ID="P128_ST00185" HPOS="292" VPOS="753" WIDTH="28" HEIGHT="14" CONTENT="or" WC="0.96" CC="00"/>
						<SP ID="P128_SP00163" HPOS="320" VPOS="767" WIDTH="12"/>
						<String ID="P128_ST00186" HPOS="332" VPOS="745" WIDTH="69" HEIGHT="22" CONTENT="other" WC="0.69" CC="03605"/>
						<SP ID="P128_SP00164" HPOS="401" VPOS="767" WIDTH="13"/>
						<String ID="P128_ST00187" HPOS="414" VPOS="745" WIDTH="71" HEIGHT="22" CONTENT="cattle" WC="0.90" CC="030100"/>
						<SP ID="P128_SP00165" HPOS="485" VPOS="767" WIDTH="14"/>
						<String ID="P128_ST00188" HPOS="499" VPOS="749" WIDTH="25" HEIGHT="18" CONTENT="to" WC="1.00" CC="00"/>
						<SP ID="P128_SP00166" HPOS="524" VPOS="767" WIDTH="13"/>
						<String ID="P128_ST00189" HPOS="537" VPOS="752" WIDTH="54" HEIGHT="15" CONTENT="ease" WC="0.85" CC="0050"/>
						<SP ID="P128_SP00167" HPOS="591" VPOS="767" WIDTH="19"/>
						<String ID="P128_ST00190" HPOS="610" VPOS="744" WIDTH="62" HEIGHT="23" CONTENT="their" WC="0.63" CC="16054"/>
						<SP ID="P128_SP00168" HPOS="672" VPOS="767" WIDTH="18"/>
						<String ID="P128_ST00191" HPOS="690" VPOS="744" WIDTH="107" HEIGHT="28" CONTENT="labours," WC="0.81" CC="20001910"/>
						<SP ID="P128_SP00169" HPOS="797" VPOS="772" WIDTH="14"/>
						<String ID="P128_ST00192" HPOS="811" VPOS="744" WIDTH="44" HEIGHT="23" CONTENT="but" WC="0.64" CC="064"/>
						<SP ID="P128_SP00170" HPOS="855" VPOS="772" WIDTH="17"/>
						<String ID="P128_ST00193" HPOS="872" VPOS="744" WIDTH="70" HEIGHT="23" CONTENT="tilled" WC="0.93" CC="000400"/>
					</TextLine>
					<TextLine ID="P128_TL00021" HPOS="99" VPOS="777" WIDTH="842" HEIGHT="32">
						<String ID="P128_ST00194" HPOS="99" VPOS="778" WIDTH="42" HEIGHT="23" CONTENT="the" WC="0.83" CC="400"/>
						<SP ID="P128_SP00171" HPOS="141" VPOS="801" WIDTH="21"/>
						<String ID="P128_ST00195" HPOS="162" VPOS="778" WIDTH="94" HEIGHT="30" CONTENT="ground" WC="0.67" CC="643050"/>
						<SP ID="P128_SP00172" HPOS="256" VPOS="808" WIDTH="21"/>
						<String ID="P128_ST00196" HPOS="277" VPOS="778" WIDTH="58" HEIGHT="23" CONTENT="with" WC="0.78" CC="0206"/>
						<SP ID="P128_SP00173" HPOS="335" VPOS="808" WIDTH="21"/>
						<String ID="P128_ST00197" HPOS="356" VPOS="778" WIDTH="63" HEIGHT="23" CONTENT="their" WC="0.58" CC="34605"/>
						<SP ID="P128_SP00174" HPOS="419" VPOS="808" WIDTH="20"/>
						<String ID="P128_ST00198" HPOS="439" VPOS="786" WIDTH="53" HEIGHT="15" CONTENT="own" WC="0.68" CC="306"/>
						<SP ID="P128_SP00175" HPOS="492" VPOS="808" WIDTH="22"/>
						<String ID="P128_ST00199" HPOS="514" VPOS="778" WIDTH="84" HEIGHT="22" CONTENT="hands." WC="0.73" CC="707010"/>
						<SP ID="P128_SP00176" HPOS="598" VPOS="808" WIDTH="36"/>
						<String ID="P128_ST00200" HPOS="634" VPOS="777" WIDTH="72" HEIGHT="32" CONTENT="They" WC="0.64" CC="0409"/>
						<SP ID="P128_SP00177" HPOS="706" VPOS="809" WIDTH="19"/>
						<String ID="P128_ST00201" HPOS="725" VPOS="777" WIDTH="47" HEIGHT="23" CONTENT="had" WC="0.75" CC="700"/>
						<SP ID="P128_SP00178" HPOS="772" VPOS="809" WIDTH="25"/>
						<String ID="P128_ST00202" HPOS="797" VPOS="786" WIDTH="31" HEIGHT="14" CONTENT="no" WC="0.84" CC="30"/>
						<SP ID="P128_SP00179" HPOS="828" VPOS="809" WIDTH="25"/>
						<String ID="P128_ST00203" HPOS="853" VPOS="778" WIDTH="88" HEIGHT="31" CONTENT="speech" WC="0.69" CC="900017"/>
					</TextLine>
					<TextLine ID="P128_TL00022" HPOS="99" VPOS="807" WIDTH="844" HEIGHT="36">
						<String ID="P128_ST00204" HPOS="99" VPOS="812" WIDTH="112" HEIGHT="30" CONTENT="together" WC="0.87" CC="00001044"/>
						<SP ID="P128_SP00180" HPOS="211" VPOS="842" WIDTH="13"/>
						<String ID="P128_ST00205" HPOS="224" VPOS="812" WIDTH="44" HEIGHT="22" CONTENT="but" WC="0.71" CC="710"/>
						<SP ID="P128_SP00181" HPOS="268" VPOS="842" WIDTH="13"/>
						<String ID="P128_ST00206" HPOS="281" VPOS="812" WIDTH="67" HEIGHT="23" CONTENT="when" WC="0.63" CC="9202"/>
						<SP ID="P128_SP00182" HPOS="348" VPOS="842" WIDTH="15"/>
						<String ID="P128_ST00207" HPOS="363" VPOS="812" WIDTH="117" HEIGHT="31" CONTENT="necessity" WC="0.84" CC="003017100"/>
						<SP ID="P128_SP00183" HPOS="480" VPOS="843" WIDTH="15"/>
						<String ID="P128_ST00208" HPOS="495" VPOS="811" WIDTH="112" HEIGHT="31" CONTENT="required" WC="0.76" CC="40021910"/>
						<SP ID="P128_SP00184" HPOS="607" VPOS="843" WIDTH="14"/>
						<String ID="P128_ST00209" HPOS="621" VPOS="812" WIDTH="25" HEIGHT="21" CONTENT="it." WC="0.94" CC="100"/>
						<SP ID="P128_SP00185" HPOS="646" VPOS="843" WIDTH="37"/>
						<String ID="P128_ST00210" HPOS="683" VPOS="807" WIDTH="98" HEIGHT="36" CONTENT="During" WC="0.87" CC="006000"/>
						<SP ID="P128_SP00186" HPOS="781" VPOS="843" WIDTH="17"/>
						<String ID="P128_ST00211" HPOS="798" VPOS="811" WIDTH="63" HEIGHT="23" CONTENT="their" WC="0.46" CC="06945"/>
						<SP ID="P128_SP00187" HPOS="861" VPOS="843" WIDTH="13"/>
						<String ID="P128_ST00212" HPOS="874" VPOS="811" WIDTH="69" HEIGHT="23" CONTENT="work" WC="0.88" CC="0004"/>
					</TextLine>
					<TextLine ID="P128_TL00023" HPOS="99" VPOS="845" WIDTH="846" HEIGHT="31">
						<String ID="P128_ST00213" HPOS="99" VPOS="845" WIDTH="58" HEIGHT="31" CONTENT="they" WC="0.88" CC="0400"/>
						<SP ID="P128_SP00188" HPOS="157" VPOS="876" WIDTH="14"/>
						<String ID="P128_ST00214" HPOS="171" VPOS="845" WIDTH="127" HEIGHT="31" CONTENT="employed" WC="0.77" CC="00000970"/>
						<SP ID="P128_SP00189" HPOS="298" VPOS="876" WIDTH="14"/>
						<String ID="P128_ST00215" HPOS="312" VPOS="845" WIDTH="142" HEIGHT="23" CONTENT="themselves" WC="0.64" CC="4237600605"/>
						<SP ID="P128_SP00190" HPOS="454" VPOS="876" WIDTH="14"/>
						<String ID="P128_ST00216" HPOS="468" VPOS="846" WIDTH="22" HEIGHT="21" CONTENT="in" WC="0.72" CC="05"/>
						<SP ID="P128_SP00191" HPOS="490" VPOS="876" WIDTH="19"/>
						<String ID="P128_ST00217" HPOS="509" VPOS="853" WIDTH="96" HEIGHT="23" CONTENT="prayer," WC="0.90" CC="0300003"/>
						<SP ID="P128_SP00192" HPOS="605" VPOS="876" WIDTH="13"/>
						<String ID="P128_ST00218" HPOS="618" VPOS="853" WIDTH="28" HEIGHT="14" CONTENT="or" WC="0.73" CC="05"/>
						<SP ID="P128_SP00193" HPOS="646" VPOS="876" WIDTH="18"/>
						<String ID="P128_ST00219" HPOS="664" VPOS="845" WIDTH="25" HEIGHT="22" CONTENT="in" WC="0.73" CC="32"/>
						<SP ID="P128_SP00194" HPOS="689" VPOS="876" WIDTH="18"/>
						<String ID="P128_ST00220" HPOS="707" VPOS="845" WIDTH="190" HEIGHT="30" CONTENT="contemplation" WC="0.77" CC="0030029070004"/>
						<SP ID="P128_SP00195" HPOS="897" VPOS="876" WIDTH="20"/>
						<String ID="P128_ST00221" HPOS="917" VPOS="845" WIDTH="28" HEIGHT="22" CONTENT="of" WC="0.18" CC="69"/>
					</TextLine>
					<TextLine ID="P128_TL00024" HPOS="99" VPOS="878" WIDTH="844" HEIGHT="31">
						<String ID="P128_ST00222" HPOS="99" VPOS="879" WIDTH="119" HEIGHT="30" CONTENT="heavenly" WC="0.77" CC="34000720"/>
						<SP ID="P128_SP00196" HPOS="218" VPOS="909" WIDTH="13"/>
						<String ID="P128_ST00223" HPOS="231" VPOS="879" WIDTH="89" HEIGHT="30" CONTENT="things." WC="0.77" CC="0602060"/>
						<SP ID="P128_SP00197" HPOS="320" VPOS="909" WIDTH="37"/>
						<String ID="P128_ST00224" HPOS="357" VPOS="879" WIDTH="98" HEIGHT="30" CONTENT="Having" WC="0.72" CC="770002"/>
						<SP ID="P128_SP00198" HPOS="455" VPOS="909" WIDTH="13"/>
						<String ID="P128_ST00225" HPOS="468" VPOS="879" WIDTH="102" HEIGHT="22" CONTENT="finished" WC="0.54" CC="44627640"/>
						<SP ID="P128_SP00199" HPOS="570" VPOS="909" WIDTH="18"/>
						<String ID="P128_ST00226" HPOS="588" VPOS="879" WIDTH="63" HEIGHT="22" CONTENT="their" WC="0.69" CC="00464"/>
						<SP ID="P128_SP00200" HPOS="651" VPOS="909" WIDTH="13"/>
						<String ID="P128_ST00227" HPOS="664" VPOS="878" WIDTH="67" HEIGHT="23" CONTENT="work" WC="0.48" CC="8109"/>
						<SP ID="P128_SP00201" HPOS="731" VPOS="909" WIDTH="18"/>
						<String ID="P128_ST00228" HPOS="749" VPOS="879" WIDTH="91" HEIGHT="22" CONTENT="abroad" WC="0.77" CC="904000"/>
						<SP ID="P128_SP00202" HPOS="840" VPOS="909" WIDTH="19"/>
						<String ID="P128_ST00229" HPOS="859" VPOS="879" WIDTH="23" HEIGHT="22" CONTENT="in" WC="0.63" CC="07"/>
						<SP ID="P128_SP00203" HPOS="882" VPOS="909" WIDTH="20"/>
						<String ID="P128_ST00230" HPOS="902" VPOS="878" WIDTH="41" HEIGHT="24" CONTENT="thc" WC="0.42" CC="377"/>
					</TextLine>
					<TextLine ID="P128_TL00025" HPOS="99" VPOS="910" WIDTH="845" HEIGHT="34">
						<String ID="P128_ST00231" HPOS="99" VPOS="912" WIDTH="69" HEIGHT="23" CONTENT="fields" WC="0.59" CC="662007"/>
						<SP ID="P128_SP00204" HPOS="168" VPOS="935" WIDTH="14"/>
						<String ID="P128_ST00232" HPOS="182" VPOS="912" WIDTH="143" HEIGHT="32" CONTENT="(according" WC="0.69" CC="0070069070"/>
						<SP ID="P128_SP00205" HPOS="325" VPOS="944" WIDTH="15"/>
						<String ID="P128_ST00233" HPOS="340" VPOS="916" WIDTH="24" HEIGHT="20" CONTENT="to" WC="0.70" CC="60"/>
						<SP ID="P128_SP00206" HPOS="364" VPOS="944" WIDTH="13"/>
						<String ID="P128_ST00234" HPOS="377" VPOS="913" WIDTH="40" HEIGHT="23" CONTENT="the" WC="0.66" CC="090"/>
						<SP ID="P128_SP00207" HPOS="417" VPOS="944" WIDTH="13"/>
						<String ID="P128_ST00235" HPOS="430" VPOS="913" WIDTH="57" HEIGHT="22" CONTENT="time" WC="0.70" CC="1280"/>
						<SP ID="P128_SP00208" HPOS="487" VPOS="944" WIDTH="13"/>
						<String ID="P128_ST00236" HPOS="500" VPOS="913" WIDTH="100" HEIGHT="22" CONTENT="allotted" WC="0.89" CC="01000070"/>
						<SP ID="P128_SP00209" HPOS="600" VPOS="944" WIDTH="17"/>
						<String ID="P128_ST00237" HPOS="617" VPOS="910" WIDTH="80" HEIGHT="33" CONTENT="them)" WC="0.93" CC="03000"/>
						<SP ID="P128_SP00210" HPOS="697" VPOS="944" WIDTH="15"/>
						<String ID="P128_ST00238" HPOS="712" VPOS="913" WIDTH="55" HEIGHT="30" CONTENT="they" WC="0.61" CC="6009"/>
						<SP ID="P128_SP00211" HPOS="767" VPOS="944" WIDTH="18"/>
						<String ID="P128_ST00239" HPOS="785" VPOS="912" WIDTH="114" HEIGHT="23" CONTENT="returned" WC="0.74" CC="06060700"/>
						<SP ID="P128_SP00212" HPOS="899" VPOS="944" WIDTH="19"/>
						<String ID="P128_ST00240" HPOS="918" VPOS="915" WIDTH="26" HEIGHT="20" CONTENT="to" WC="0.30" CC="58"/>
					</TextLine>
					<TextLine ID="P128_TL00026" HPOS="99" VPOS="946" WIDTH="843" HEIGHT="31">
						<String ID="P128_ST00241" HPOS="99" VPOS="946" WIDTH="41" HEIGHT="23" CONTENT="the" WC="0.66" CC="242"/>
						<SP ID="P128_SP00213" HPOS="140" VPOS="969" WIDTH="15"/>
						<String ID="P128_ST00242" HPOS="155" VPOS="949" WIDTH="143" HEIGHT="28" CONTENT="monastery," WC="0.72" CC="6070442300"/>
						<SP ID="P128_SP00214" HPOS="298" VPOS="977" WIDTH="15"/>
						<String ID="P128_ST00243" HPOS="313" VPOS="947" WIDTH="46" HEIGHT="22" CONTENT="and" WC="0.94" CC="010"/>
						<SP ID="P128_SP00215" HPOS="359" VPOS="977" WIDTH="14"/>
						<String ID="P128_ST00244" HPOS="373" VPOS="949" WIDTH="70" HEIGHT="27" CONTENT="spent" WC="0.88" CC="30020"/>
						<SP ID="P128_SP00216" HPOS="443" VPOS="977" WIDTH="12"/>
						<String ID="P128_ST00245" HPOS="455" VPOS="947" WIDTH="64" HEIGHT="22" CONTENT="what" WC="0.82" CC="0204"/>
						<SP ID="P128_SP00217" HPOS="519" VPOS="977" WIDTH="10"/>
						<String ID="P128_ST00246" HPOS="529" VPOS="947" WIDTH="57" HEIGHT="22" CONTENT="time" WC="0.65" CC="0490"/>
						<SP ID="P128_SP00218" HPOS="586" VPOS="977" WIDTH="11"/>
						<String ID="P128_ST00247" HPOS="597" VPOS="946" WIDTH="122" HEIGHT="23" CONTENT="remained" WC="0.87" CC="30000600"/>
						<SP ID="P128_SP00219" HPOS="719" VPOS="977" WIDTH="11"/>
						<String ID="P128_ST00248" HPOS="730" VPOS="946" WIDTH="35" HEIGHT="23" CONTENT="till" WC="0.96" CC="0001"/>
						<SP ID="P128_SP00220" HPOS="765" VPOS="977" WIDTH="13"/>
						<String ID="P128_ST00249" HPOS="778" VPOS="947" WIDTH="41" HEIGHT="22" CONTENT="the" WC="0.84" CC="040"/>
						<SP ID="P128_SP00221" HPOS="819" VPOS="977" WIDTH="10"/>
						<String ID="P128_ST00250" HPOS="829" VPOS="947" WIDTH="113" HEIGHT="30" CONTENT="evening," WC="0.86" CC="00060500"/>
					</TextLine>
					<TextLine ID="P128_TL00027" HPOS="99" VPOS="979" WIDTH="843" HEIGHT="35">
						<String ID="P128_ST00251" HPOS="99" VPOS="979" WIDTH="78" HEIGHT="23" CONTENT="either" WC="0.72" CC="224050"/>
						<SP ID="P128_SP00222" HPOS="177" VPOS="1002" WIDTH="19"/>
						<String ID="P128_ST00252" HPOS="196" VPOS="980" WIDTH="23" HEIGHT="22" CONTENT="in" WC="0.63" CC="07"/>
						<SP ID="P128_SP00223" HPOS="219" VPOS="1002" WIDTH="22"/>
						<String ID="P128_ST00253" HPOS="241" VPOS="980" WIDTH="108" HEIGHT="31" CONTENT="reading," WC="0.74" CC="40000790"/>
						<SP ID="P128_SP00224" HPOS="349" VPOS="1011" WIDTH="20"/>
						<String ID="P128_ST00254" HPOS="369" VPOS="988" WIDTH="28" HEIGHT="14" CONTENT="or" WC="0.50" CC="09"/>
						<SP ID="P128_SP00225" HPOS="397" VPOS="1011" WIDTH="21"/>
						<String ID="P128_ST00255" HPOS="418" VPOS="981" WIDTH="22" HEIGHT="21" CONTENT="in" WC="0.60" CC="34"/>
						<SP ID="P128_SP00226" HPOS="440" VPOS="1011" WIDTH="23"/>
						<String ID="P128_ST00256" HPOS="463" VPOS="981" WIDTH="103" HEIGHT="33" CONTENT="writing," WC="0.70" CC="00540670"/>
						<SP ID="P128_SP00227" HPOS="566" VPOS="1014" WIDTH="20"/>
						<String ID="P128_ST00257" HPOS="586" VPOS="987" WIDTH="28" HEIGHT="16" CONTENT="or" WC="0.57" CC="34"/>
						<SP ID="P128_SP00228" HPOS="614" VPOS="1014" WIDTH="25"/>
						<String ID="P128_ST00258" HPOS="639" VPOS="981" WIDTH="23" HEIGHT="22" CONTENT="in" WC="1.00" CC="00"/>
						<SP ID="P128_SP00229" HPOS="662" VPOS="1014" WIDTH="25"/>
						<String ID="P128_ST00259" HPOS="687" VPOS="980" WIDTH="112" HEIGHT="31" CONTENT="praying." WC="1.00" CC="00000000"/>
						<SP ID="P128_SP00230" HPOS="799" VPOS="1014" WIDTH="48"/>
						<String ID="P128_ST00260" HPOS="847" VPOS="980" WIDTH="27" HEIGHT="23" CONTENT="In" WC="0.65" CC="06"/>
						<SP ID="P128_SP00231" HPOS="874" VPOS="1014" WIDTH="26"/>
						<String ID="P128_ST00261" HPOS="900" VPOS="981" WIDTH="42" HEIGHT="22" CONTENT="tho" WC="0.68" CC="017"/>
					</TextLine>
					<TextLine ID="P128_TL00028" HPOS="99" VPOS="1014" WIDTH="844" HEIGHT="30">
						<String ID="P128_ST00262" HPOS="99" VPOS="1014" WIDTH="105" HEIGHT="29" CONTENT="evening" WC="0.75" CC="0706200"/>
						<SP ID="P128_SP00232" HPOS="204" VPOS="1043" WIDTH="18"/>
						<String ID="P128_ST00263" HPOS="222" VPOS="1014" WIDTH="58" HEIGHT="30" CONTENT="they" WC="0.83" CC="0600"/>
						<SP ID="P128_SP00233" HPOS="280" VPOS="1044" WIDTH="13"/>
						<String ID="P128_ST00264" HPOS="293" VPOS="1014" WIDTH="32" HEIGHT="22" CONTENT="all" WC="0.70" CC="061"/>
						<SP ID="P128_SP00234" HPOS="325" VPOS="1044" WIDTH="19"/>
						<String ID="P128_ST00265" HPOS="344" VPOS="1017" WIDTH="63" HEIGHT="19" CONTENT="went" WC="0.57" CC="9070"/>
						<SP ID="P128_SP00235" HPOS="407" VPOS="1044" WIDTH="13"/>
						<String ID="P128_ST00266" HPOS="420" VPOS="1016" WIDTH="24" HEIGHT="20" CONTENT="to" WC="0.69" CC="50"/>
						<SP ID="P128_SP00236" HPOS="444" VPOS="1044" WIDTH="18"/>
						<String ID="P128_ST00267" HPOS="462" VPOS="1014" WIDTH="40" HEIGHT="22" CONTENT="the" WC="0.90" CC="300"/>
						<SP ID="P128_SP00237" HPOS="502" VPOS="1044" WIDTH="19"/>
						<String ID="P128_ST00268" HPOS="521" VPOS="1014" WIDTH="102" HEIGHT="28" CONTENT="church," WC="0.51" CC="7566070"/>
						<SP ID="P128_SP00238" HPOS="623" VPOS="1044" WIDTH="13"/>
						<String ID="P128_ST00269" HPOS="636" VPOS="1014" WIDTH="80" HEIGHT="22" CONTENT="where" WC="0.73" CC="06060"/>
						<SP ID="P128_SP00239" HPOS="716" VPOS="1044" WIDTH="18"/>
						<String ID="P128_ST00270" HPOS="734" VPOS="1014" WIDTH="58" HEIGHT="29" CONTENT="they" WC="0.83" CC="0600"/>
						<SP ID="P128_SP00240" HPOS="792" VPOS="1044" WIDTH="17"/>
						<String ID="P128_ST00271" HPOS="809" VPOS="1014" WIDTH="134" HEIGHT="22" CONTENT="continued" WC="0.74" CC="000046019"/>
					</TextLine>
					<TextLine ID="P128_TL00029" HPOS="99" VPOS="1047" WIDTH="845" HEIGHT="30">
						<String ID="P128_ST00272" HPOS="99" VPOS="1047" WIDTH="24" HEIGHT="22" CONTENT="in" WC="0.71" CC="23"/>
						<SP ID="P128_SP00241" HPOS="123" VPOS="1069" WIDTH="16"/>
						<String ID="P128_ST00273" HPOS="139" VPOS="1054" WIDTH="87" HEIGHT="23" CONTENT="prayer" WC="0.66" CC="760005"/>
						<SP ID="P128_SP00242" HPOS="226" VPOS="1077" WIDTH="18"/>
						<String ID="P128_ST00274" HPOS="244" VPOS="1047" WIDTH="35" HEIGHT="22" CONTENT="till" WC="0.84" CC="2030"/>
						<SP ID="P128_SP00243" HPOS="279" VPOS="1077" WIDTH="13"/>
						<String ID="P128_ST00275" HPOS="292" VPOS="1048" WIDTH="40" HEIGHT="22" CONTENT="the" WC="0.74" CC="070"/>
						<SP ID="P128_SP00244" HPOS="332" VPOS="1077" WIDTH="19"/>
						<String ID="P128_ST00276" HPOS="351" VPOS="1051" WIDTH="61" HEIGHT="19" CONTENT="stars" WC="0.48" CC="64157"/>
						<SP ID="P128_SP00245" HPOS="412" VPOS="1077" WIDTH="13"/>
						<String ID="P128_ST00277" HPOS="425" VPOS="1047" WIDTH="120" HEIGHT="30" CONTENT="appeared" WC="0.79" CC="00002580"/>
						<SP ID="P128_SP00246" HPOS="545" VPOS="1077" WIDTH="10"/>
						<String ID="P128_ST00278" HPOS="555" VPOS="1056" WIDTH="5" HEIGHT="18" CONTENT=";" WC="1.00" CC="0"/>
						<SP ID="P128_SP00247" HPOS="560" VPOS="1077" WIDTH="19"/>
						<String ID="P128_ST00279" HPOS="579" VPOS="1048" WIDTH="46" HEIGHT="22" CONTENT="and" WC="1.00" CC="000"/>
						<SP ID="P128_SP00248" HPOS="625" VPOS="1077" WIDTH="20"/>
						<String ID="P128_ST00280" HPOS="645" VPOS="1047" WIDTH="57" HEIGHT="22" CONTENT="then" WC="0.66" CC="0552"/>
						<SP ID="P128_SP00249" HPOS="702" VPOS="1077" WIDTH="20"/>
						<String ID="P128_ST00281" HPOS="722" VPOS="1047" WIDTH="58" HEIGHT="22" CONTENT="took" WC="0.68" CC="5060"/>
						<SP ID="P128_SP00250" HPOS="780" VPOS="1077" WIDTH="18"/>
						<String ID="P128_ST00282" HPOS="798" VPOS="1047" WIDTH="63" HEIGHT="22" CONTENT="their" WC="0.86" CC="01005"/>
						<SP ID="P128_SP00251" HPOS="861" VPOS="1077" WIDTH="18"/>
						<String ID="P128_ST00283" HPOS="879" VPOS="1047" WIDTH="65" HEIGHT="23" CONTENT="meal" WC="1.00" CC="0000"/>
					</TextLine>
					<TextLine ID="P128_TL00030" HPOS="99" VPOS="1080" WIDTH="843" HEIGHT="30">
						<String ID="P128_ST00284" HPOS="99" VPOS="1080" WIDTH="32" HEIGHT="22" CONTENT="all" WC="0.97" CC="000"/>
						<SP ID="P128_SP00252" HPOS="131" VPOS="1102" WIDTH="13"/>
						<String ID="P128_ST00285" HPOS="144" VPOS="1080" WIDTH="118" HEIGHT="29" CONTENT="together," WC="0.66" CC="007737020"/>
						<SP ID="P128_SP00253" HPOS="262" VPOS="1109" WIDTH="14"/>
						<String ID="P128_ST00286" HPOS="276" VPOS="1081" WIDTH="82" HEIGHT="29" CONTENT="eating" WC="0.88" CC="000070"/>
						<SP ID="P128_SP00254" HPOS="358" VPOS="1110" WIDTH="12"/>
						<String ID="P128_ST00287" HPOS="370" VPOS="1080" WIDTH="123" HEIGHT="30" CONTENT="sparingly" WC="0.70" CC="600408060"/>
						<SP ID="P128_SP00255" HPOS="493" VPOS="1110" WIDTH="14"/>
						<String ID="P128_ST00288" HPOS="507" VPOS="1081" WIDTH="46" HEIGHT="22" CONTENT="and" WC="0.79" CC="060"/>
						<SP ID="P128_SP00256" HPOS="553" VPOS="1110" WIDTH="15"/>
						<String ID="P128_ST00289" HPOS="568" VPOS="1084" WIDTH="41" HEIGHT="19" CONTENT="not" WC="0.34" CC="756"/>
						<SP ID="P128_SP00257" HPOS="609" VPOS="1110" WIDTH="14"/>
						<String ID="P128_ST00290" HPOS="623" VPOS="1083" WIDTH="24" HEIGHT="20" CONTENT="to" WC="0.78" CC="03"/>
						<SP ID="P128_SP00258" HPOS="647" VPOS="1110" WIDTH="13"/>
						<String ID="P128_ST00291" HPOS="660" VPOS="1081" WIDTH="96" HEIGHT="29" CONTENT="satiety." WC="0.75" CC="50003090"/>
						<SP ID="P128_SP00259" HPOS="756" VPOS="1110" WIDTH="38"/>
						<String ID="P128_ST00292" HPOS="794" VPOS="1080" WIDTH="76" HEIGHT="23" CONTENT="Their" WC="0.78" CC="03034"/>
						<SP ID="P128_SP00260" HPOS="870" VPOS="1110" WIDTH="13"/>
						<String ID="P128_ST00293" HPOS="883" VPOS="1080" WIDTH="59" HEIGHT="23" CONTENT="food" WC="0.89" CC="0103"/>
					</TextLine>
					<TextLine ID="P128_TL00031" HPOS="99" VPOS="1113" WIDTH="843" HEIGHT="27">
						<String ID="P128_ST00294" HPOS="99" VPOS="1120" WIDTH="48" HEIGHT="15" CONTENT="was" WC="0.83" CC="005"/>
						<SP ID="P128_SP00261" HPOS="147" VPOS="1135" WIDTH="13"/>
						<String ID="P128_ST00295" HPOS="160" VPOS="1113" WIDTH="74" HEIGHT="23" CONTENT="bread" WC="0.67" CC="76200"/>
						<SP ID="P128_SP00262" HPOS="234" VPOS="1136" WIDTH="14"/>
						<String ID="P128_ST00296" HPOS="248" VPOS="1113" WIDTH="56" HEIGHT="22" CONTENT="with" WC="0.76" CC="0206"/>
						<SP ID="P128_SP00263" HPOS="304" VPOS="1136" WIDTH="13"/>
						<String ID="P128_ST00297" HPOS="317" VPOS="1114" WIDTH="71" HEIGHT="22" CONTENT="herbs" WC="0.72" CC="70060"/>
						<SP ID="P128_SP00264" HPOS="388" VPOS="1136" WIDTH="13"/>
						<String ID="P128_ST00298" HPOS="401" VPOS="1121" WIDTH="28" HEIGHT="14" CONTENT="or" WC="0.72" CC="50"/>
						<SP ID="P128_SP00265" HPOS="429" VPOS="1136" WIDTH="12"/>
						<String ID="P128_ST00299" HPOS="441" VPOS="1117" WIDTH="65" HEIGHT="19" CONTENT="roots" WC="0.82" CC="30004"/>
						<SP ID="P128_SP00266" HPOS="506" VPOS="1136" WIDTH="12"/>
						<String ID="P128_ST00300" HPOS="518" VPOS="1114" WIDTH="116" HEIGHT="22" CONTENT="seasoned" WC="0.82" CC="50305000"/>
						<SP ID="P128_SP00267" HPOS="634" VPOS="1136" WIDTH="14"/>
						<String ID="P128_ST00301" HPOS="648" VPOS="1114" WIDTH="56" HEIGHT="22" CONTENT="with" WC="0.70" CC="0046"/>
						<SP ID="P128_SP00268" HPOS="704" VPOS="1136" WIDTH="13"/>
						<String ID="P128_ST00302" HPOS="717" VPOS="1113" WIDTH="46" HEIGHT="23" CONTENT="salt" WC="0.76" CC="3006"/>
						<String ID="P128_ST00303" HPOS="773" VPOS="1123" WIDTH="5" HEIGHT="17" CONTENT=";" WC="1.00" CC="0"/>
						<SP ID="P128_SP00269" HPOS="778" VPOS="1140" WIDTH="18"/>
						<String ID="P128_ST00304" HPOS="796" VPOS="1114" WIDTH="63" HEIGHT="22" CONTENT="their" WC="0.75" CC="24005"/>
						<SP ID="P128_SP00270" HPOS="859" VPOS="1140" WIDTH="10"/>
						<String ID="P128_ST00305" HPOS="869" VPOS="1114" WIDTH="73" HEIGHT="22" CONTENT="drink" WC="0.71" CC="00409"/>
					</TextLine>
					<TextLine ID="P128_TL00032" HPOS="98" VPOS="1146" WIDTH="843" HEIGHT="32">
						<String ID="P128_ST00306" HPOS="98" VPOS="1153" WIDTH="49" HEIGHT="16" CONTENT="was" WC="0.56" CC="075"/>
						<SP ID="P128_SP00271" HPOS="147" VPOS="1169" WIDTH="24"/>
						<String ID="P128_ST00307" HPOS="171" VPOS="1153" WIDTH="14" HEIGHT="16" CONTENT="a" WC="1.00" CC="0"/>
						<SP ID="P128_SP00272" HPOS="185" VPOS="1169" WIDTH="24"/>
						<String ID="P128_ST00308" HPOS="209" VPOS="1147" WIDTH="104" HEIGHT="22" CONTENT="mixture" WC="0.64" CC="6006542"/>
						<SP ID="P128_SP00273" HPOS="313" VPOS="1169" WIDTH="24"/>
						<String ID="P128_ST00309" HPOS="337" VPOS="1146" WIDTH="28" HEIGHT="23" CONTENT="of" WC="1.00" CC="00"/>
						<SP ID="P128_SP00274" HPOS="365" VPOS="1169" WIDTH="22"/>
						<String ID="P128_ST00310" HPOS="387" VPOS="1147" WIDTH="58" HEIGHT="22" CONTENT="milk" WC="0.69" CC="6500"/>
						<SP ID="P128_SP00275" HPOS="445" VPOS="1169" WIDTH="24"/>
						<String ID="P128_ST00311" HPOS="469" VPOS="1147" WIDTH="48" HEIGHT="22" CONTENT="and" WC="0.78" CC="060"/>
						<SP ID="P128_SP00276" HPOS="517" VPOS="1169" WIDTH="25"/>
						<String ID="P128_ST00312" HPOS="542" VPOS="1150" WIDTH="81" HEIGHT="19" CONTENT="water." WC="0.75" CC="900050"/>
						<SP ID="P128_SP00277" HPOS="623" VPOS="1169" WIDTH="45"/>
						<String ID="P128_ST00313" HPOS="668" VPOS="1146" WIDTH="72" HEIGHT="23" CONTENT="After" WC="0.84" CC="00304"/>
						<SP ID="P128_SP00278" HPOS="740" VPOS="1169" WIDTH="24"/>
						<String ID="P128_ST00314" HPOS="764" VPOS="1155" WIDTH="90" HEIGHT="23" CONTENT="supper" WC="0.83" CC="200007"/>
						<SP ID="P128_SP00279" HPOS="854" VPOS="1178" WIDTH="29"/>
						<String ID="P128_ST00315" HPOS="883" VPOS="1148" WIDTH="58" HEIGHT="30" CONTENT="they" WC="0.78" CC="5110"/>
					</TextLine>
					<TextLine ID="P128_TL00033" HPOS="99" VPOS="1180" WIDTH="841" HEIGHT="33">
						<String ID="P128_ST00316" HPOS="99" VPOS="1180" WIDTH="123" HEIGHT="22" CONTENT="remained" WC="0.63" CC="50095350"/>
						<SP ID="P128_SP00280" HPOS="222" VPOS="1202" WIDTH="15"/>
						<String ID="P128_ST00317" HPOS="237" VPOS="1180" WIDTH="75" HEIGHT="22" CONTENT="about" WC="0.54" CC="09660"/>
						<SP ID="P128_SP00281" HPOS="312" VPOS="1202" WIDTH="19"/>
						<String ID="P128_ST00318" HPOS="331" VPOS="1180" WIDTH="66" HEIGHT="22" CONTENT="three" WC="0.68" CC="41900"/>
						<SP ID="P128_SP00282" HPOS="397" VPOS="1202" WIDTH="20"/>
						<String ID="P128_ST00319" HPOS="417" VPOS="1180" WIDTH="72" HEIGHT="22" CONTENT="hours" WC="0.71" CC="70006"/>
						<SP ID="P128_SP00283" HPOS="489" VPOS="1202" WIDTH="18"/>
						<String ID="P128_ST00320" HPOS="507" VPOS="1180" WIDTH="127" HEIGHT="31" CONTENT="employed" WC="0.88" CC="27000000"/>
						<SP ID="P128_SP00284" HPOS="634" VPOS="1211" WIDTH="20"/>
						<String ID="P128_ST00321" HPOS="654" VPOS="1180" WIDTH="23" HEIGHT="22" CONTENT="in" WC="0.81" CC="03"/>
						<SP ID="P128_SP00285" HPOS="677" VPOS="1211" WIDTH="20"/>
						<String ID="P128_ST00322" HPOS="697" VPOS="1180" WIDTH="128" HEIGHT="32" CONTENT="watching," WC="0.71" CC="705070500"/>
						<SP ID="P128_SP00286" HPOS="825" VPOS="1212" WIDTH="20"/>
						<String ID="P128_ST00323" HPOS="845" VPOS="1189" WIDTH="95" HEIGHT="24" CONTENT="prayer," WC="0.80" CC="0000543"/>
					</TextLine>
					<TextLine ID="P128_TL00034" HPOS="99" VPOS="1213" WIDTH="843" HEIGHT="33">
						<String ID="P128_ST00324" HPOS="99" VPOS="1213" WIDTH="49" HEIGHT="22" CONTENT="and" WC="0.77" CC="150"/>
						<SP ID="P128_SP00287" HPOS="148" VPOS="1235" WIDTH="21"/>
						<String ID="P128_ST00325" HPOS="169" VPOS="1213" WIDTH="132" HEIGHT="28" CONTENT="adoration," WC="0.81" CC="0006000263"/>
						<SP ID="P128_SP00288" HPOS="301" VPOS="1241" WIDTH="19"/>
						<String ID="P128_ST00326" HPOS="320" VPOS="1213" WIDTH="46" HEIGHT="22" CONTENT="and" WC="0.95" CC="010"/>
						<SP ID="P128_SP00289" HPOS="366" VPOS="1241" WIDTH="20"/>
						<String ID="P128_ST00327" HPOS="386" VPOS="1213" WIDTH="56" HEIGHT="23" CONTENT="then" WC="0.80" CC="0105"/>
						<SP ID="P128_SP00290" HPOS="442" VPOS="1241" WIDTH="21"/>
						<String ID="P128_ST00328" HPOS="463" VPOS="1217" WIDTH="63" HEIGHT="19" CONTENT="went" WC="0.47" CC="9443"/>
						<SP ID="P128_SP00291" HPOS="526" VPOS="1241" WIDTH="18"/>
						<String ID="P128_ST00329" HPOS="544" VPOS="1217" WIDTH="24" HEIGHT="19" CONTENT="to" WC="0.83" CC="03"/>
						<SP ID="P128_SP00292" HPOS="568" VPOS="1241" WIDTH="20"/>
						<String ID="P128_ST00330" HPOS="588" VPOS="1217" WIDTH="47" HEIGHT="19" CONTENT="rest" WC="0.72" CC="6004"/>
						<String ID="P128_ST00331" HPOS="645" VPOS="1224" WIDTH="5" HEIGHT="17" CONTENT=";" WC="1.00" CC="0"/>
						<SP ID="P128_SP00293" HPOS="650" VPOS="1241" WIDTH="27"/>
						<String ID="P128_ST00332" HPOS="677" VPOS="1213" WIDTH="57" HEIGHT="32" CONTENT="they" WC="0.60" CC="1607"/>
						<SP ID="P128_SP00294" HPOS="734" VPOS="1245" WIDTH="20"/>
						<String ID="P128_ST00333" HPOS="754" VPOS="1222" WIDTH="52" HEIGHT="15" CONTENT="rose" WC="0.76" CC="1340"/>
						<SP ID="P128_SP00295" HPOS="806" VPOS="1245" WIDTH="20"/>
						<String ID="P128_ST00334" HPOS="826" VPOS="1216" WIDTH="71" HEIGHT="30" CONTENT="again" WC="0.73" CC="60006"/>
						<SP ID="P128_SP00296" HPOS="897" VPOS="1246" WIDTH="19"/>
						<String ID="P128_ST00335" HPOS="916" VPOS="1219" WIDTH="26" HEIGHT="20" CONTENT="at" WC="0.97" CC="00"/>
					</TextLine>
					<TextLine ID="P128_TL00035" HPOS="100" VPOS="1246" WIDTH="842" HEIGHT="33">
						<String ID="P128_ST00336" HPOS="100" VPOS="1246" WIDTH="188" HEIGHT="31" CONTENT="cock-crowing," WC="0.80" CC="0000002490700"/>
						<SP ID="P128_SP00297" HPOS="288" VPOS="1277" WIDTH="20"/>
						<String ID="P128_ST00337" HPOS="308" VPOS="1247" WIDTH="46" HEIGHT="22" CONTENT="and" WC="0.76" CC="070"/>
						<SP ID="P128_SP00298" HPOS="354" VPOS="1277" WIDTH="22"/>
						<String ID="P128_ST00338" HPOS="376" VPOS="1246" WIDTH="131" HEIGHT="23" CONTENT="continued" WC="0.79" CC="014327000"/>
						<SP ID="P128_SP00299" HPOS="507" VPOS="1277" WIDTH="20"/>
						<String ID="P128_ST00339" HPOS="527" VPOS="1251" WIDTH="25" HEIGHT="18" CONTENT="at" WC="0.82" CC="03"/>
						<SP ID="P128_SP00300" HPOS="552" VPOS="1277" WIDTH="18"/>
						<String ID="P128_ST00340" HPOS="570" VPOS="1247" WIDTH="63" HEIGHT="23" CONTENT="their" WC="0.88" CC="30200"/>
						<SP ID="P128_SP00301" HPOS="633" VPOS="1277" WIDTH="18"/>
						<String ID="P128_ST00341" HPOS="651" VPOS="1255" WIDTH="99" HEIGHT="23" CONTENT="prayers" WC="0.78" CC="0009032"/>
						<SP ID="P128_SP00302" HPOS="750" VPOS="1278" WIDTH="18"/>
						<String ID="P128_ST00342" HPOS="768" VPOS="1248" WIDTH="37" HEIGHT="22" CONTENT="till" WC="0.84" CC="0330"/>
						<SP ID="P128_SP00303" HPOS="805" VPOS="1278" WIDTH="21"/>
						<String ID="P128_ST00343" HPOS="826" VPOS="1249" WIDTH="41" HEIGHT="22" CONTENT="the" WC="0.79" CC="032"/>
						<SP ID="P128_SP00304" HPOS="867" VPOS="1278" WIDTH="18"/>
						<String ID="P128_ST00344" HPOS="885" VPOS="1249" WIDTH="57" HEIGHT="30" CONTENT="day." WC="0.75" CC="0090"/>
					</TextLine>
					<TextLine ID="P128_TL00036" HPOS="99" VPOS="1279" WIDTH="843" HEIGHT="33">
						<String ID="P128_ST00345" HPOS="99" VPOS="1279" WIDTH="43" HEIGHT="23" CONTENT="All" WC="1.00" CC="000"/>
						<SP ID="P128_SP00305" HPOS="142" VPOS="1302" WIDTH="18"/>
						<String ID="P128_ST00346" HPOS="160" VPOS="1280" WIDTH="63" HEIGHT="22" CONTENT="their" WC="0.91" CC="02002"/>
						<SP ID="P128_SP00306" HPOS="223" VPOS="1302" WIDTH="24"/>
						<String ID="P128_ST00347" HPOS="247" VPOS="1280" WIDTH="88" HEIGHT="23" CONTENT="inward" WC="0.73" CC="059000"/>
						<SP ID="P128_SP00307" HPOS="335" VPOS="1303" WIDTH="20"/>
						<String ID="P128_ST00348" HPOS="355" VPOS="1281" WIDTH="153" HEIGHT="30" CONTENT="temptations" WC="0.69" CC="50004005467"/>
						<SP ID="P128_SP00308" HPOS="508" VPOS="1311" WIDTH="13"/>
						<String ID="P128_ST00349" HPOS="521" VPOS="1280" WIDTH="48" HEIGHT="23" CONTENT="and" WC="1.00" CC="000"/>
						<SP ID="P128_SP00309" HPOS="569" VPOS="1311" WIDTH="18"/>
						<String ID="P128_ST00350" HPOS="587" VPOS="1280" WIDTH="117" HEIGHT="32" CONTENT="thoughts" WC="0.83" CC="00020046"/>
						<SP ID="P128_SP00310" HPOS="704" VPOS="1312" WIDTH="19"/>
						<String ID="P128_ST00351" HPOS="723" VPOS="1282" WIDTH="58" HEIGHT="30" CONTENT="they" WC="0.58" CC="0609"/>
						<SP ID="P128_SP00311" HPOS="781" VPOS="1312" WIDTH="17"/>
						<String ID="P128_ST00352" HPOS="798" VPOS="1282" WIDTH="144" HEIGHT="24" CONTENT="discovered" WC="0.57" CC="0064392850"/>
					</TextLine>
					<TextLine ID="P128_TL00037" HPOS="99" VPOS="1313" WIDTH="842" HEIGHT="34">
						<String ID="P128_ST00353" HPOS="99" VPOS="1316" WIDTH="25" HEIGHT="19" CONTENT="to" WC="1.00" CC="00"/>
						<SP ID="P128_SP00312" HPOS="124" VPOS="1335" WIDTH="13"/>
						<String ID="P128_ST00354" HPOS="137" VPOS="1313" WIDTH="62" HEIGHT="23" CONTENT="their" WC="0.50" CC="05926"/>
						<SP ID="P128_SP00313" HPOS="199" VPOS="1336" WIDTH="16"/>
						<String ID="P128_ST00355" HPOS="215" VPOS="1314" WIDTH="75" HEIGHT="22" CONTENT="abbot" WC="0.76" CC="06400"/>
						<SP ID="P128_SP00314" HPOS="290" VPOS="1336" WIDTH="18"/>
						<String ID="P128_ST00356" HPOS="308" VPOS="1322" WIDTH="28" HEIGHT="14" CONTENT="or" WC="0.89" CC="20"/>
						<SP ID="P128_SP00315" HPOS="336" VPOS="1336" WIDTH="15"/>
						<String ID="P128_ST00357" HPOS="351" VPOS="1314" WIDTH="115" HEIGHT="31" CONTENT="superior," WC="0.71" CC="500460340"/>
						<SP ID="P128_SP00316" HPOS="466" VPOS="1345" WIDTH="18"/>
						<String ID="P128_ST00358" HPOS="484" VPOS="1314" WIDTH="47" HEIGHT="22" CONTENT="and" WC="0.81" CC="050"/>
						<SP ID="P128_SP00317" HPOS="531" VPOS="1345" WIDTH="20"/>
						<String ID="P128_ST00359" HPOS="551" VPOS="1314" WIDTH="39" HEIGHT="22" CONTENT="did" WC="0.17" CC="959"/>
						<SP ID="P128_SP00318" HPOS="590" VPOS="1345" WIDTH="20"/>
						<String ID="P128_ST00360" HPOS="610" VPOS="1315" WIDTH="104" HEIGHT="31" CONTENT="nothing" WC="0.69" CC="7007060"/>
						<SP ID="P128_SP00319" HPOS="714" VPOS="1346" WIDTH="18"/>
						<String ID="P128_ST00361" HPOS="732" VPOS="1315" WIDTH="103" HEIGHT="23" CONTENT="without" WC="0.94" CC="0003000"/>
						<SP ID="P128_SP00320" HPOS="835" VPOS="1346" WIDTH="19"/>
						<String ID="P128_ST00362" HPOS="854" VPOS="1316" WIDTH="87" HEIGHT="31" CONTENT="asking" WC="0.65" CC="360307"/>
					</TextLine>
					<TextLine ID="P128_TL00038" HPOS="99" VPOS="1346" WIDTH="843" HEIGHT="35">
						<String ID="P128_ST00363" HPOS="99" VPOS="1346" WIDTH="37" HEIGHT="23" CONTENT="his" WC="0.82" CC="005"/>
						<SP ID="P128_SP00321" HPOS="136" VPOS="1369" WIDTH="24"/>
						<String ID="P128_ST00364" HPOS="160" VPOS="1346" WIDTH="68" HEIGHT="24" CONTENT="leave" WC="1.00" CC="00000"/>
						<SP ID="P128_SP00322" HPOS="228" VPOS="1370" WIDTH="24"/>
						<String ID="P128_ST00365" HPOS="252" VPOS="1347" WIDTH="46" HEIGHT="23" CONTENT="and" WC="0.82" CC="050"/>
						<SP ID="P128_SP00323" HPOS="298" VPOS="1370" WIDTH="26"/>
						<String ID="P128_ST00366" HPOS="324" VPOS="1348" WIDTH="148" HEIGHT="30" CONTENT="permission." WC="0.66" CC="00450661560"/>
						<SP ID="P128_SP00324" HPOS="472" VPOS="1378" WIDTH="44"/>
						<String ID="P128_ST00367" HPOS="516" VPOS="1347" WIDTH="74" HEIGHT="23" CONTENT="Their" WC="0.89" CC="05000"/>
						<SP ID="P128_SP00325" HPOS="590" VPOS="1378" WIDTH="25"/>
						<String ID="P128_ST00368" HPOS="615" VPOS="1348" WIDTH="68" HEIGHT="23" CONTENT="habit" WC="0.63" CC="64700"/>
						<SP ID="P128_SP00326" HPOS="683" VPOS="1378" WIDTH="23"/>
						<String ID="P128_ST00369" HPOS="706" VPOS="1357" WIDTH="28" HEIGHT="14" CONTENT="or" WC="0.77" CC="04"/>
						<SP ID="P128_SP00327" HPOS="734" VPOS="1378" WIDTH="24"/>
						<String ID="P128_ST00370" HPOS="758" VPOS="1349" WIDTH="110" HEIGHT="32" CONTENT="clothing" WC="0.88" CC="00002007"/>
						<SP ID="P128_SP00328" HPOS="868" VPOS="1381" WIDTH="27"/>
						<String ID="P128_ST00371" HPOS="895" VPOS="1358" WIDTH="47" HEIGHT="15" CONTENT="was" WC="0.42" CC="907"/>
					</TextLine>
					<TextLine ID="P128_TL00039" HPOS="99" VPOS="1379" WIDTH="841" HEIGHT="34">
						<String ID="P128_ST00372" HPOS="99" VPOS="1379" WIDTH="28" HEIGHT="23" CONTENT="of" WC="0.69" CC="60"/>
						<SP ID="P128_SP00329" HPOS="127" VPOS="1402" WIDTH="15"/>
						<String ID="P128_ST00373" HPOS="142" VPOS="1380" WIDTH="66" HEIGHT="23" CONTENT="skins" WC="0.56" CC="50672"/>
						<SP ID="P128_SP00330" HPOS="208" VPOS="1403" WIDTH="18"/>
						<String ID="P128_ST00374" HPOS="226" VPOS="1379" WIDTH="28" HEIGHT="24" CONTENT="of" WC="0.35" CC="48"/>
						<SP ID="P128_SP00331" HPOS="254" VPOS="1403" WIDTH="16"/>
						<String ID="P128_ST00375" HPOS="270" VPOS="1381" WIDTH="87" HEIGHT="22" CONTENT="beasts." WC="0.77" CC="0006360"/>
						<SP ID="P128_SP00332" HPOS="357" VPOS="1403" WIDTH="36"/>
						<String ID="P128_ST00376" HPOS="393" VPOS="1381" WIDTH="150" HEIGHT="23" CONTENT="Whosoever" WC="0.64" CC="052631390"/>
						<SP ID="P128_SP00333" HPOS="543" VPOS="1404" WIDTH="20"/>
						<String ID="P128_ST00377" HPOS="563" VPOS="1381" WIDTH="94" HEIGHT="24" CONTENT="desired" WC="0.84" CC="0040600"/>
						<SP ID="P128_SP00334" HPOS="657" VPOS="1405" WIDTH="21"/>
						<String ID="P128_ST00378" HPOS="678" VPOS="1384" WIDTH="24" HEIGHT="21" CONTENT="to" WC="0.79" CC="30"/>
						<SP ID="P128_SP00335" HPOS="702" VPOS="1405" WIDTH="20"/>
						<String ID="P128_ST00379" HPOS="722" VPOS="1382" WIDTH="52" HEIGHT="31" CONTENT="join" WC="0.75" CC="0135"/>
						<SP ID="P128_SP00336" HPOS="774" VPOS="1413" WIDTH="24"/>
						<String ID="P128_ST00380" HPOS="798" VPOS="1383" WIDTH="99" HEIGHT="23" CONTENT="himself" WC="0.82" CC="5024000"/>
						<SP ID="P128_SP00337" HPOS="897" VPOS="1413" WIDTH="18"/>
						<String ID="P128_ST00381" HPOS="915" VPOS="1387" WIDTH="25" HEIGHT="19" CONTENT="to" WC="0.77" CC="04"/>
					</TextLine>
					<TextLine ID="P128_TL00040" HPOS="98" VPOS="1414" WIDTH="844" HEIGHT="32">
						<String ID="P128_ST00382" HPOS="98" VPOS="1414" WIDTH="63" HEIGHT="22" CONTENT="their" WC="0.85" CC="04003"/>
						<SP ID="P128_SP00338" HPOS="161" VPOS="1436" WIDTH="13"/>
						<String ID="P128_ST00383" HPOS="174" VPOS="1414" WIDTH="56" HEIGHT="31" CONTENT="holy" WC="0.73" CC="5050"/>
						<SP ID="P128_SP00339" HPOS="230" VPOS="1445" WIDTH="12"/>
						<String ID="P128_ST00384" HPOS="242" VPOS="1415" WIDTH="100" HEIGHT="30" CONTENT="society," WC="0.81" CC="70200004"/>
						<SP ID="P128_SP00340" HPOS="342" VPOS="1445" WIDTH="13"/>
						<String ID="P128_ST00385" HPOS="355" VPOS="1423" WIDTH="47" HEIGHT="14" CONTENT="was" WC="0.44" CC="906"/>
						<SP ID="P128_SP00341" HPOS="402" VPOS="1445" WIDTH="12"/>
						<String ID="P128_ST00386" HPOS="414" VPOS="1414" WIDTH="98" HEIGHT="31" CONTENT="obliged" WC="0.85" CC="5300000"/>
						<SP ID="P128_SP00342" HPOS="512" VPOS="1445" WIDTH="12"/>
						<String ID="P128_ST00387" HPOS="524" VPOS="1418" WIDTH="25" HEIGHT="19" CONTENT="to" WC="0.56" CC="08"/>
						<SP ID="P128_SP00343" HPOS="549" VPOS="1445" WIDTH="14"/>
						<String ID="P128_ST00388" HPOS="563" VPOS="1415" WIDTH="90" HEIGHT="23" CONTENT="remain" WC="0.81" CC="005060"/>
						<SP ID="P128_SP00344" HPOS="653" VPOS="1445" WIDTH="14"/>
						<String ID="P128_ST00389" HPOS="667" VPOS="1418" WIDTH="40" HEIGHT="21" CONTENT="ten" WC="0.99" CC="000"/>
						<SP ID="P128_SP00345" HPOS="707" VPOS="1445" WIDTH="11"/>
						<String ID="P128_ST00390" HPOS="718" VPOS="1416" WIDTH="60" HEIGHT="30" CONTENT="days" WC="0.69" CC="0092"/>
						<SP ID="P128_SP00346" HPOS="778" VPOS="1446" WIDTH="13"/>
						<String ID="P128_ST00391" HPOS="791" VPOS="1420" WIDTH="26" HEIGHT="20" CONTENT="at" WC="0.92" CC="01"/>
						<SP ID="P128_SP00347" HPOS="817" VPOS="1446" WIDTH="12"/>
						<String ID="P128_ST00392" HPOS="829" VPOS="1417" WIDTH="41" HEIGHT="23" CONTENT="the" WC="0.75" CC="070"/>
						<SP ID="P128_SP00348" HPOS="870" VPOS="1446" WIDTH="11"/>
						<String ID="P128_ST00393" HPOS="881" VPOS="1417" WIDTH="61" HEIGHT="23" CONTENT="door" WC="0.83" CC="0060"/>
					</TextLine>
					<TextLine ID="P128_TL00041" HPOS="98" VPOS="1446" WIDTH="841" HEIGHT="33">
						<String ID="P128_ST00394" HPOS="98" VPOS="1446" WIDTH="79" HEIGHT="24" CONTENT="ofthe" WC="0.85" CC="00610"/>
						<SP ID="P128_SP00349" HPOS="177" VPOS="1470" WIDTH="20"/>
						<String ID="P128_ST00395" HPOS="197" VPOS="1451" WIDTH="145" HEIGHT="28" CONTENT="monastery," WC="0.72" CC="0070940005"/>
						<SP ID="P128_SP00350" HPOS="342" VPOS="1479" WIDTH="13"/>
						<String ID="P128_ST00396" HPOS="355" VPOS="1448" WIDTH="200" HEIGHT="30" CONTENT="acknowledging" WC="0.76" CC="0085000008620"/>
						<SP ID="P128_SP00351" HPOS="555" VPOS="1479" WIDTH="19"/>
						<String ID="P128_ST00397" HPOS="574" VPOS="1449" WIDTH="99" HEIGHT="23" CONTENT="himself" WC="0.69" CC="4455001"/>
						<SP ID="P128_SP00352" HPOS="673" VPOS="1479" WIDTH="8"/>
						<String ID="P128_ST00398" HPOS="681" VPOS="1457" WIDTH="14" HEIGHT="15" CONTENT="a" WC="1.00" CC="0"/>
						<SP ID="P128_SP00353" HPOS="695" VPOS="1479" WIDTH="13"/>
						<String ID="P128_ST00399" HPOS="708" VPOS="1451" WIDTH="123" HEIGHT="22" CONTENT="wretched" WC="0.92" CC="00000510"/>
						<SP ID="P128_SP00354" HPOS="831" VPOS="1479" WIDTH="19"/>
						<String ID="P128_ST00400" HPOS="850" VPOS="1451" WIDTH="89" HEIGHT="27" CONTENT="sinner," WC="0.81" CC="5004020"/>
					</TextLine>
					<TextLine ID="P128_TL00042" HPOS="99" VPOS="1481" WIDTH="841" HEIGHT="31">
						<String ID="P128_ST00401" HPOS="99" VPOS="1481" WIDTH="46" HEIGHT="22" CONTENT="and" WC="0.79" CC="060"/>
						<SP ID="P128_SP00355" HPOS="145" VPOS="1503" WIDTH="14"/>
						<String ID="P128_ST00402" HPOS="159" VPOS="1482" WIDTH="128" HEIGHT="30" CONTENT="unworthy" WC="0.73" CC="04051540"/>
						<SP ID="P128_SP00356" HPOS="287" VPOS="1512" WIDTH="12"/>
						<String ID="P128_ST00403" HPOS="299" VPOS="1485" WIDTH="25" HEIGHT="19" CONTENT="to" WC="0.88" CC="02"/>
						<SP ID="P128_SP00357" HPOS="324" VPOS="1512" WIDTH="18"/>
						<String ID="P128_ST00404" HPOS="342" VPOS="1482" WIDTH="28" HEIGHT="22" CONTENT="be" WC="0.67" CC="60"/>
						<SP ID="P128_SP00358" HPOS="370" VPOS="1512" WIDTH="13"/>
						<String ID="P128_ST00405" HPOS="383" VPOS="1482" WIDTH="116" HEIGHT="22" CONTENT="admitted" WC="0.83" CC="00510600"/>
						<SP ID="P128_SP00359" HPOS="499" VPOS="1512" WIDTH="19"/>
						<String ID="P128_ST00406" HPOS="518" VPOS="1486" WIDTH="111" HEIGHT="26" CONTENT="amongst" WC="0.80" CC="0024060"/>
						<SP ID="P128_SP00360" HPOS="629" VPOS="1512" WIDTH="13"/>
						<String ID="P128_ST00407" HPOS="642" VPOS="1483" WIDTH="66" HEIGHT="23" CONTENT="them" WC="0.86" CC="5000"/>
						<SP ID="P128_SP00361" HPOS="708" VPOS="1512" WIDTH="10"/>
						<String ID="P128_ST00408" HPOS="718" VPOS="1493" WIDTH="6" HEIGHT="17" CONTENT=";" WC="0.45" CC="5"/>
						<SP ID="P128_SP00362" HPOS="724" VPOS="1512" WIDTH="20"/>
						<String ID="P128_ST00409" HPOS="744" VPOS="1484" WIDTH="79" HEIGHT="22" CONTENT="where" WC="1.00" CC="00000"/>
						<SP ID="P128_SP00363" HPOS="823" VPOS="1512" WIDTH="20"/>
						<String ID="P128_ST00410" HPOS="843" VPOS="1484" WIDTH="29" HEIGHT="23" CONTENT="he" WC="0.96" CC="00"/>
						<SP ID="P128_SP00364" HPOS="872" VPOS="1512" WIDTH="20"/>
						<String ID="P128_ST00411" HPOS="892" VPOS="1492" WIDTH="48" HEIGHT="15" CONTENT="was" WC="0.85" CC="004"/>
					</TextLine>
					<TextLine ID="P128_TL00043" HPOS="99" VPOS="1514" WIDTH="841" HEIGHT="32">
						<String ID="P128_ST00412" HPOS="99" VPOS="1514" WIDTH="107" HEIGHT="32" CONTENT="severely" WC="0.87" CC="00502000"/>
						<SP ID="P128_SP00365" HPOS="206" VPOS="1546" WIDTH="14"/>
						<String ID="P128_ST00413" HPOS="220" VPOS="1516" WIDTH="61" HEIGHT="22" CONTENT="tried" WC="0.85" CC="00700"/>
						<SP ID="P128_SP00366" HPOS="281" VPOS="1546" WIDTH="18"/>
						<String ID="P128_ST00414" HPOS="299" VPOS="1516" WIDTH="32" HEIGHT="30" CONTENT="by" WC="0.80" CC="30"/>
						<SP ID="P128_SP00367" HPOS="331" VPOS="1546" WIDTH="15"/>
						<String ID="P128_ST00415" HPOS="346" VPOS="1515" WIDTH="59" HEIGHT="23" CONTENT="rude" WC="0.83" CC="3300"/>
						<SP ID="P128_SP00368" HPOS="405" VPOS="1546" WIDTH="14"/>
						<String ID="P128_ST00416" HPOS="419" VPOS="1515" WIDTH="76" HEIGHT="23" CONTENT="words" WC="0.63" CC="90106"/>
						<SP ID="P128_SP00369" HPOS="495" VPOS="1546" WIDTH="18"/>
						<String ID="P128_ST00417" HPOS="513" VPOS="1516" WIDTH="47" HEIGHT="23" CONTENT="and" WC="0.79" CC="060"/>
						<SP ID="P128_SP00370" HPOS="560" VPOS="1546" WIDTH="19"/>
						<String ID="P128_ST00418" HPOS="579" VPOS="1517" WIDTH="78" HEIGHT="29" CONTENT="rough" WC="0.62" CC="02096"/>
						<SP ID="P128_SP00371" HPOS="657" VPOS="1546" WIDTH="21"/>
						<String ID="P128_ST00419" HPOS="678" VPOS="1524" WIDTH="83" HEIGHT="22" CONTENT="usage," WC="0.75" CC="060800"/>
						<SP ID="P128_SP00372" HPOS="761" VPOS="1546" WIDTH="14"/>
						<String ID="P128_ST00420" HPOS="775" VPOS="1517" WIDTH="79" HEIGHT="23" CONTENT="which" WC="0.97" CC="00100"/>
						<SP ID="P128_SP00373" HPOS="854" VPOS="1546" WIDTH="19"/>
						<String ID="P128_ST00421" HPOS="873" VPOS="1517" WIDTH="21" HEIGHT="24" CONTENT="if" WC="1.00" CC="00"/>
						<SP ID="P128_SP00374" HPOS="894" VPOS="1546" WIDTH="16"/>
						<String ID="P128_ST00422" HPOS="910" VPOS="1518" WIDTH="30" HEIGHT="23" CONTENT="he" WC="0.83" CC="30"/>
					</TextLine>
				</TextBlock>
			</PrintSpace>
		</Page>
	</Layout>
</alto>
