1023 1619
82 98 33 22 44

440 108 126 15 BARDISM.

84 163 78 24 which
177 164 29 23 he
220 164 71 24 could
305 165 70 23 retire
388 165 68 23 when
476 166 29 23 he
519 166 89 23 wished
619 175 6 14 :
644 166 19 23 it
680 174 48 17 was
746 173 31 15 on
797 165 41 23 the
857 164 69 24 Lake

85 196 159 32 Ceirionydd,
258 199 23 22 in
296 198 228 24 Caernarvonshire.
560 199 71 24 None
650 199 29 23 of
694 200 41 22 the
750 199 77 23 Bards
845 199 81 22 whose

84 231 108 31 writings
204 239 40 15 are
257 235 83 19 extant
354 237 61 18 went
428 241 26 14 so
467 233 86 31 deeply
568 234 51 22 into
636 233 40 23 the
695 233 40 23 old
752 232 90 23 Bardic
860 240 66 22 mys-

84 265 72 23 teries
168 273 26 15 as
206 265 42 23 did
259 265 113 28 Taliesin,
386 266 79 23 whose
476 267 77 22 whole
567 267 68 22 heart
647 267 48 22 and
708 266 51 23 soul
772 274 61 15 were
846 266 24 22 in
884 266 41 23 the

84 298 60 23 faith
163 299 28 22 of
201 299 36 22 his
250 299 98 23 fathers.
386 299 40 23 He
444 300 58 22 took
520 301 41 22 the
581 300 78 27 oaths,
674 300 107 30 imposed
800 300 66 22 since
886 300 41 22 the

84 332 58 22 time
161 332 28 22 of
204 332 121 32 Pelagius,
338 334 216 30 notwithstanding
564 342 6 14 :
590 333 36 23 for
640 334 29 22 he
682 334 20 21 is
715 333 145 26 celebrated,
875 333 24 22 in
912 341 16 15 a

84 366 189 31 comparatively
287 366 99 23 modern
404 366 84 28 Triad,
505 375 26 14 as
549 375 47 14 one
614 366 28 23 of
657 367 40 22 the
717 367 68 22 three
804 366 122 23 Christian

85 395 87 27 Bards.
210 399 105 24 Taliesin
337 400 41 23 did
399 404 42 18 not
459 400 94 22 disdain
570 401 41 22 the
630 404 73 19 sweet
721 399 163 23 consolations
903 399 28 23 of

84 433 118 24 domestic
224 433 41 23 life
274 442 6 14 :
305 433 30 23 he
357 434 113 27 married,
489 434 48 22 and
559 434 48 22 had
628 442 14 14 a
662 441 51 18 son,
733 441 30 15 on
786 433 79 22 whom
888 433 41 23 the

84 467 89 23 mantle
187 466 25 24 of
222 468 37 22 his
272 467 78 23 father
362 467 42 22 did
417 471 42 19 not
472 467 113 23 descend.
623 466 131 28 However,
769 466 28 23 he
812 467 61 22 tried
892 467 37 23 his

84 501 61 22 best.
182 501 53 23 The
248 501 77 30 single
338 501 47 23 line
399 501 27 22 of
436 502 34 21 his
484 501 159 31 composition
661 501 53 23 that
733 501 42 22 has
795 501 60 22 been
873 508 55 23 pre-

84 535 85 23 served
189 542 58 15 runs
265 535 24 22 in
308 542 15 15 a
340 534 90 24 doleful
448 536 83 26 strain,
554 536 137 29 expressive
717 534 27 23 of
758 534 41 23 the
818 535 68 29 pains
905 534 27 24 of

84 569 153 29 production,
250 569 48 22 and
311 569 149 30 reconciling
475 576 27 15 us
513 573 24 18 to
548 569 41 22 the
600 569 47 22 loss
658 568 74 23 ofthe
743 571 56 20 rest.
865 568 64 23 Hast

84 602 59 22 thou
156 605 43 19 not
212 602 73 22 heard
299 602 62 22 what
375 609 47 15 was
435 610 63 23 sung
511 602 31 31 by
559 602 85 22 Avaon
656 602 27 22 of
693 602 87 23 honest
798 609 75 21 muse,
889 602 40 22 the

84 643 43 15 son
141 635 27 23 of
178 635 125 23 Taliesin?
307 650 32 3 —
342 635 57 23 'the
412 635 75 23 cheek
503 639 89 19 cannot
605 635 99 23 conceal
722 635 40 23 the
775 635 116 23 affliction
906 635 26 23 of

85 669 41 22 the
139 669 84 22 heart.'
283 669 87 22 Avaon
386 669 46 22 laid
445 669 70 22 down
530 669 40 22 the
583 669 50 31 lyre
647 674 24 18 to
686 669 55 23 take
754 677 33 22 up
798 669 40 22 the
850 669 77 27 lance,

85 702 49 23 and
147 710 47 15 was
207 710 46 15 one
266 702 27 23 of
306 703 40 22 the
365 702 96 23 bravest
479 703 47 22 and
544 707 64 18 most
626 702 176 32 distinguished
818 703 109 22 warriors

84 735 28 23 of
123 736 37 22 his
173 737 65 22 time.
276 736 40 23 He
329 736 19 22 is
361 736 120 23 reckoned
495 744 88 23 among
623 737 41 22 the
677 736 112 23 bull-like
800 735 128 24 chieftains

85 769 27 23 of
122 769 92 23 Britain
259 770 57 26 and,
326 770 40 22 the
380 770 79 30 ruling
473 771 96 29 passion
581 773 83 27 strong
677 770 63 23 after
752 770 81 27 death,
843 778 25 15 as
882 778 46 15 one

85 802 27 24 of
122 803 68 23 those
200 804 52 22 who
262 804 131 22 continued
425 803 167 31 slaughtering
603 812 29 14 on
643 804 64 23 their
847 803 81 24 There

84 837 22 22 is
122 844 31 15 an
172 837 66 30 early
251 845 70 22 poem
340 837 32 30 by
391 836 115 29 Taliesin,
520 837 129 23 addressed
668 840 25 20 to
713 837 97 30 Elphin,
824 838 23 22 in
868 838 61 22 allu-

84 871 52 22 sion
157 874 25 19 to
202 871 40 22 the
261 870 85 23 Bard's
365 871 134 29 discovery,
520 878 28 15 an
568 870 79 24 infant
665 871 23 22 in
709 871 40 23 the
769 871 64 22 weir.
876 871 53 23 The

85 903 123 31 following
238 904 140 23 translation
410 905 19 22 is
459 904 61 23 from
543 905 42 22 the
609 905 110 30 graceful
743 912 46 23 pen
818 904 28 24 of
868 904 61 24 Mrs.

85 936 124 30 Llewelyn
221 946 5 15 :
229 951 33 3 —

277 1006 18 19 O
307 1006 75 25 Elphin
393 1006 38 19 fair
440 1007 3 18 !
460 1006 77 19 lament
547 1013 26 12 no
583 1012 63 17 more,

276 1033 34 19 No
321 1039 46 12 man
377 1033 72 19 should
460 1033 42 18 e'er
511 1033 31 19 his
553 1033 28 18 lot
592 1033 80 25 deplore
680 1041 5 15 ;

276 1060 86 24 Despair
371 1066 27 12 no
409 1060 76 24 earthly
496 1061 52 23 good
559 1066 37 12 can
606 1060 65 25 bring,

274 1086 39 19 We
324 1093 32 12 see
366 1088 37 17 not
413 1087 79 18 whence
502 1093 37 12 our
548 1087 99 24 blessings
658 1088 66 24 spring

276 1113 94 25 Kynllo's
380 1119 70 19 prayer
459 1113 58 19 deem
528 1116 36 16 not
574 1114 97 24 unheard,

276 1140 45 19 God
331 1140 40 19 will
382 1140 95 19 maintain
488 1140 31 19 his
530 1140 68 20 sacred
608 1141 61 19 word.

277 1167 24 19 In
312 1166 124 26 Gwyddno's
446 1167 46 19 weir
502 1173 39 12 was
551 1174 60 12 never
621 1174 47 13 seen

275 1194 30 18 As
315 1194 51 25 good
376 1200 23 12 as
410 1193 55 19 there
475 1194 90 25 to-night
575 1194 36 19 has
621 1194 57 20 been.

277 1221 46 18 Fair
333 1221 83 25 Elphin,
428 1221 37 24 dry
475 1221 36 25 thy
521 1221 72 19 tearful
604 1221 49 24 face,

276 1248 34 18 No
321 1248 39 18 evil
369 1248 62 18 hence
441 1254 36 12 can
488 1254 73 12 sorrow
573 1248 57 19 chase
639 1256 4 11 :

276 1275 86 24 Though
373 1275 92 24 deeming
475 1275 50 18 thou
535 1275 45 18 hast
590 1275 38 18 had
640 1281 25 12 no
675 1276 49 24 gain,

265 1317 3 2 -
277 1301 58 19 Grief
343 1304 73 16 cannot
426 1308 44 12 ease
481 1302 34 18 the
525 1302 90 18 bosom's
625 1304 55 23 pain.

277 1328 71 19 Doubt
358 1331 35 16 not
404 1329 33 18 the
448 1331 55 22 great
512 1328 112 20 Jehovah's
635 1336 73 18 power,

276 1355 86 25 Though
372 1355 51 23 frail,
437 1355 8 19 I
457 1361 45 13 own
511 1362 11 12 a
532 1356 63 25 gifted
605 1356 67 19 dower
680 1364 6 14 ;

276 1382 60 19 From
346 1382 69 22 rivers,
426 1388 50 17 seas,
488 1382 39 19 and
538 1383 115 19 mountains
664 1383 55 25 high.

277 1408 58 20 Good
345 1412 20 16 to
376 1409 34 19 the
421 1409 51 25 good
483 1409 40 19 will
534 1409 45 20 God
590 1410 79 25 supply.

277 1436 44 18 Fair
332 1436 77 25 Elphin
419 1437 4 18 !
437 1436 53 19 blest
500 1436 48 19 with
559 1437 70 24 genius
640 1443 44 19 gay,

277 1463 104 24 Unmanly
392 1464 97 23 thoughts
498 1464 37 24 thy
545 1464 70 18 bosom
626 1470 52 18 sway
691 1471 5 15 ;

276 1490 59 18 Thou
346 1490 92 18 shouldst
448 1490 64 25 dispel
522 1491 40 18 this
573 1491 81 24 pensive
664 1491 60 22 mood,

276 1516 43 19 The
330 1516 68 19 future
409 1517 40 18 fear
459 1520 36 16 not
497 1528 25 2 —
525 1517 45 19 God
580 1518 17 18 is
607 1518 58 22 good.
