<?xml version="1.0" encoding="UTF-8"?>
<alto xmlns:xsi="http://www.w3.org/2001/XMLSchema-instance" xsi:noNamespaceSchemaLocation="http://www.bl.uk/schemas/alto/alto-1-4.xsd" xmlns:xlink="http://www.w3.org/1999/xlink">
	<Description>
		<MeasurementUnit>mm10</MeasurementUnit>
		<sourceImageInformation>
			<fileName>//head1/IN/2008-22/A0011651692/008477.jp2</fileName>
		</sourceImageInformation>
		<OCRProcessing ID="OCRPROCESSING_1">
			<preProcessingStep>
				<processingSoftware>
					<softwareCreator>CCS Content Conversion Specialists GmbH, Germany</softwareCreator>
					<softwareName>CCS docWORKS</softwareName>
					<softwareVersion>6.1-0.67</softwareVersion>
				</processingSoftware>
			</preProcessingStep>
			<ocrProcessingStep>
				<processingSoftware>
					<softwareCreator>ABBYY (BIT Software), Russia</softwareCreator>
					<softwareName>Finereader</softwareName>
				</processingSoftware>
			</ocrProcessingStep>
		</OCRProcessing>
	</Description>
	<Styles>
		<TextStyle ID="TXT_0" FONTSIZE="10" FONTFAMILY="Courier New"/>
		<TextStyle ID="TXT_1" FONTSIZE="9" FONTFAMILY="Courier New"/>
		<ParagraphStyle ID="PAR_RIGHT" ALIGN="Right"/>
		<ParagraphStyle ID="PAR_CENTER" ALIGN="Center"/>
		<ParagraphStyle ID="PAR_LEFT" ALIGN="Left"/>
	</Styles>
	<Layout>
		<Page ID="P89" PHYSICAL_IMG_NR="89" HEIGHT="1619" WIDTH="1023" PRINTED_IMG_NR="75" POSITION="Right" ACCURACY="76.35">
			<TopMargin ID="P89_TM00001" HPOS="0" VPOS="0" WIDTH="1022" HEIGHT="141">
				<TextBlock ID="P89_TB00001" HPOS="905" VPOS="116" WIDTH="30" HEIGHT="23" STYLEREFS="TXT_0 PAR_RIGHT">
					<TextLine ID="P89_TL00001" HPOS="905" VPOS="116" WIDTH="30" HEIGHT="23">
						<String ID="P89_ST00001" HPOS="905" VPOS="116" WIDTH="30" HEIGHT="23" CONTENT="75" WC="1.00" CC="00"/>
					</TextLine>
				</TextBlock>
				<TextBlock ID="P89_TB00002" HPOS="363" VPOS="121" WIDTH="304" HEIGHT="17" STYLEREFS="TXT_1 PAR_CENTER">
					<TextLine ID="P89_TL00002" HPOS="363" VPOS="123" WIDTH="304" HEIGHT="15">
						<String ID="P89_ST00002" HPOS="363" VPOS="123" WIDTH="54" HEIGHT="15" CONTENT="THE" WC="1.00" CC="000"/>
						<SP ID="P89_SP00001" HPOS="417" VPOS="138" WIDTH="15"/>
						<String ID="P89_ST00003" HPOS="432" VPOS="123" WIDTH="79" HEIGHT="15" CONTENT="KINGS" WC="0.89" CC="05000"/>
						<SP ID="P89_SP00002" HPOS="511" VPOS="138" WIDTH="14"/>
						<String ID="P89_ST00004" HPOS="525" VPOS="123" WIDTH="33" HEIGHT="15" CONTENT="OF" WC="0.66" CC="06"/>
						<SP ID="P89_SP00003" HPOS="558" VPOS="138" WIDTH="15"/>
						<String ID="P89_ST00005" HPOS="573" VPOS="123" WIDTH="94" HEIGHT="15" CONTENT="WALES." WC="0.69" CC="900413"/>
					</TextLine>
				</TextBlock>
			</TopMargin>
			<LeftMargin ID="P89_LM00001" HPOS="0" VPOS="141" WIDTH="88" HEIGHT="1417"/>
			<RightMargin ID="P89_RM00001" HPOS="942" VPOS="141" WIDTH="80" HEIGHT="1417"/>
			<BottomMargin ID="P89_BM00001" HPOS="0" VPOS="1558" WIDTH="1022" HEIGHT="60"/>
			<PrintSpace ID="P89_PS00001" HPOS="88" VPOS="141" WIDTH="854" HEIGHT="1417">
				<TextBlock ID="P89_TB00003" HPOS="88" VPOS="179" WIDTH="851" HEIGHT="260" STYLEREFS="TXT_1 PAR_LEFT">
					<TextLine ID="P89_TL00003" HPOS="89" VPOS="179" WIDTH="848" HEIGHT="33">
						<String ID="P89_ST00006" HPOS="89" VPOS="180" WIDTH="71" HEIGHT="22" CONTENT="drink" WC="0.82" CC="00260"/>
						<SP ID="P89_SP00004" HPOS="160" VPOS="202" WIDTH="14"/>
						<String ID="P89_ST00007" HPOS="174" VPOS="180" WIDTH="23" HEIGHT="23" CONTENT="in" WC="0.81" CC="03"/>
						<SP ID="P89_SP00005" HPOS="197" VPOS="203" WIDTH="15"/>
						<String ID="P89_ST00008" HPOS="212" VPOS="180" WIDTH="19" HEIGHT="23" CONTENT="it" WC="0.72" CC="50"/>
						<String ID="P89_ST00009" HPOS="241" VPOS="190" WIDTH="6" HEIGHT="17" CONTENT=";" WC="1.00" CC="0"/>
						<SP ID="P89_SP00006" HPOS="247" VPOS="207" WIDTH="21"/>
						<String ID="P89_ST00010" HPOS="268" VPOS="179" WIDTH="36" HEIGHT="24" CONTENT="for" WC="0.72" CC="404"/>
						<SP ID="P89_SP00007" HPOS="304" VPOS="207" WIDTH="19"/>
						<String ID="P89_ST00011" HPOS="323" VPOS="180" WIDTH="30" HEIGHT="23" CONTENT="he" WC="0.76" CC="40"/>
						<SP ID="P89_SP00008" HPOS="353" VPOS="207" WIDTH="19"/>
						<String ID="P89_ST00012" HPOS="372" VPOS="181" WIDTH="76" HEIGHT="30" CONTENT="ought" WC="0.55" CC="08850"/>
						<SP ID="P89_SP00009" HPOS="448" VPOS="211" WIDTH="19"/>
						<String ID="P89_ST00013" HPOS="467" VPOS="181" WIDTH="57" HEIGHT="31" CONTENT="only" WC="0.61" CC="3039"/>
						<SP ID="P89_SP00010" HPOS="524" VPOS="212" WIDTH="14"/>
						<String ID="P89_ST00014" HPOS="538" VPOS="184" WIDTH="24" HEIGHT="20" CONTENT="to" WC="0.81" CC="21"/>
						<SP ID="P89_SP00011" HPOS="562" VPOS="212" WIDTH="15"/>
						<String ID="P89_ST00015" HPOS="577" VPOS="182" WIDTH="97" HEIGHT="30" CONTENT="quench" WC="0.90" CC="022000"/>
						<SP ID="P89_SP00012" HPOS="674" VPOS="212" WIDTH="20"/>
						<String ID="P89_ST00016" HPOS="694" VPOS="183" WIDTH="35" HEIGHT="22" CONTENT="his" WC="0.80" CC="005"/>
						<SP ID="P89_SP00013" HPOS="729" VPOS="212" WIDTH="19"/>
						<String ID="P89_ST00017" HPOS="748" VPOS="182" WIDTH="77" HEIGHT="27" CONTENT="thirst," WC="0.67" CC="1733340"/>
						<SP ID="P89_SP00014" HPOS="825" VPOS="212" WIDTH="14"/>
						<String ID="P89_ST00018" HPOS="839" VPOS="183" WIDTH="44" HEIGHT="23" CONTENT="lest" WC="0.82" CC="0060"/>
						<SP ID="P89_SP00015" HPOS="883" VPOS="212" WIDTH="18"/>
						<String ID="P89_ST00019" HPOS="901" VPOS="183" WIDTH="36" HEIGHT="23" CONTENT="his" WC="0.56" CC="607"/>
					</TextLine>
					<TextLine ID="P89_TL00004" HPOS="89" VPOS="214" WIDTH="850" HEIGHT="31">
						<String ID="P89_ST00020" HPOS="89" VPOS="214" WIDTH="66" HEIGHT="23" CONTENT="birds" WC="0.85" CC="00007"/>
						<SP ID="P89_SP00016" HPOS="155" VPOS="237" WIDTH="14"/>
						<String ID="P89_ST00021" HPOS="169" VPOS="215" WIDTH="30" HEIGHT="22" CONTENT="be" WC="0.63" CC="70"/>
						<SP ID="P89_SP00017" HPOS="199" VPOS="237" WIDTH="18"/>
						<String ID="P89_ST00022" HPOS="217" VPOS="214" WIDTH="94" HEIGHT="31" CONTENT="injured" WC="0.81" CC="0507000"/>
						<SP ID="P89_SP00018" HPOS="311" VPOS="245" WIDTH="20"/>
						<String ID="P89_ST00023" HPOS="331" VPOS="215" WIDTH="33" HEIGHT="30" CONTENT="by" WC="0.50" CC="09"/>
						<SP ID="P89_SP00019" HPOS="364" VPOS="245" WIDTH="12"/>
						<String ID="P89_ST00024" HPOS="376" VPOS="215" WIDTH="106" HEIGHT="30" CONTENT="neglect." WC="0.71" CC="60013740"/>
						<SP ID="P89_SP00020" HPOS="482" VPOS="245" WIDTH="40"/>
						<String ID="P89_ST00025" HPOS="522" VPOS="215" WIDTH="39" HEIGHT="23" CONTENT="He" WC="0.90" CC="10"/>
						<SP ID="P89_SP00021" HPOS="561" VPOS="245" WIDTH="19"/>
						<String ID="P89_ST00026" HPOS="580" VPOS="217" WIDTH="19" HEIGHT="21" CONTENT="is" WC="0.70" CC="06"/>
						<SP ID="P89_SP00022" HPOS="599" VPOS="245" WIDTH="19"/>
						<String ID="P89_ST00027" HPOS="618" VPOS="216" WIDTH="100" HEIGHT="23" CONTENT="entitled" WC="0.82" CC="04210500"/>
						<SP ID="P89_SP00023" HPOS="718" VPOS="245" WIDTH="19"/>
						<String ID="P89_ST00028" HPOS="737" VPOS="220" WIDTH="25" HEIGHT="19" CONTENT="to" WC="1.00" CC="00"/>
						<SP ID="P89_SP00024" HPOS="762" VPOS="245" WIDTH="19"/>
						<String ID="P89_ST00029" HPOS="781" VPOS="217" WIDTH="40" HEIGHT="22" CONTENT="the" WC="0.61" CC="074"/>
						<SP ID="P89_SP00025" HPOS="821" VPOS="245" WIDTH="19"/>
						<String ID="P89_ST00030" HPOS="840" VPOS="217" WIDTH="53" HEIGHT="22" CONTENT="skin" WC="0.55" CC="7307"/>
						<SP ID="P89_SP00026" HPOS="893" VPOS="245" WIDTH="19"/>
						<String ID="P89_ST00031" HPOS="912" VPOS="217" WIDTH="27" HEIGHT="22" CONTENT="of" WC="0.79" CC="40"/>
					</TextLine>
					<TextLine ID="P89_TL00005" HPOS="89" VPOS="247" WIDTH="848" HEIGHT="34">
						<String ID="P89_ST00032" HPOS="89" VPOS="256" WIDTH="14" HEIGHT="15" CONTENT="a" WC="0.23" CC="7"/>
						<SP ID="P89_SP00027" HPOS="103" VPOS="271" WIDTH="13"/>
						<String ID="P89_ST00033" HPOS="116" VPOS="251" WIDTH="53" HEIGHT="27" CONTENT="stag" WC="0.83" CC="6000"/>
						<SP ID="P89_SP00028" HPOS="169" VPOS="278" WIDTH="14"/>
						<String ID="P89_ST00034" HPOS="183" VPOS="249" WIDTH="22" HEIGHT="21" CONTENT="in" WC="0.90" CC="10"/>
						<SP ID="P89_SP00029" HPOS="205" VPOS="278" WIDTH="16"/>
						<String ID="P89_ST00035" HPOS="221" VPOS="247" WIDTH="111" HEIGHT="24" CONTENT="October" WC="0.80" CC="5040102"/>
						<SP ID="P89_SP00030" HPOS="332" VPOS="278" WIDTH="12"/>
						<String ID="P89_ST00036" HPOS="344" VPOS="249" WIDTH="47" HEIGHT="22" CONTENT="and" WC="0.83" CC="040"/>
						<SP ID="P89_SP00031" HPOS="391" VPOS="278" WIDTH="20"/>
						<String ID="P89_ST00037" HPOS="411" VPOS="250" WIDTH="41" HEIGHT="22" CONTENT="the" WC="0.84" CC="400"/>
						<SP ID="P89_SP00032" HPOS="452" VPOS="278" WIDTH="18"/>
						<String ID="P89_ST00038" HPOS="470" VPOS="249" WIDTH="54" HEIGHT="22" CONTENT="skin" WC="0.86" CC="4010"/>
						<SP ID="P89_SP00033" HPOS="524" VPOS="278" WIDTH="20"/>
						<String ID="P89_ST00039" HPOS="544" VPOS="249" WIDTH="28" HEIGHT="23" CONTENT="of" WC="0.99" CC="00"/>
						<SP ID="P89_SP00034" HPOS="572" VPOS="278" WIDTH="15"/>
						<String ID="P89_ST00040" HPOS="587" VPOS="257" WIDTH="15" HEIGHT="15" CONTENT="a" WC="1.00" CC="0"/>
						<SP ID="P89_SP00035" HPOS="602" VPOS="278" WIDTH="19"/>
						<String ID="P89_ST00041" HPOS="621" VPOS="250" WIDTH="58" HEIGHT="22" CONTENT="hind" WC="0.79" CC="0160"/>
						<SP ID="P89_SP00036" HPOS="679" VPOS="278" WIDTH="19"/>
						<String ID="P89_ST00042" HPOS="698" VPOS="250" WIDTH="23" HEIGHT="22" CONTENT="in" WC="0.50" CC="36"/>
						<SP ID="P89_SP00037" HPOS="721" VPOS="278" WIDTH="20"/>
						<String ID="P89_ST00043" HPOS="741" VPOS="250" WIDTH="69" HEIGHT="31" CONTENT="May," WC="1.00" CC="0000"/>
						<SP ID="P89_SP00038" HPOS="810" VPOS="281" WIDTH="14"/>
						<String ID="P89_ST00044" HPOS="824" VPOS="255" WIDTH="24" HEIGHT="18" CONTENT="to" WC="0.52" CC="63"/>
						<SP ID="P89_SP00039" HPOS="848" VPOS="281" WIDTH="19"/>
						<String ID="P89_ST00045" HPOS="867" VPOS="250" WIDTH="70" HEIGHT="23" CONTENT="make" WC="0.98" CC="0000"/>
					</TextLine>
					<TextLine ID="P89_TL00006" HPOS="89" VPOS="281" WIDTH="849" HEIGHT="34">
						<String ID="P89_ST00046" HPOS="89" VPOS="281" WIDTH="85" HEIGHT="31" CONTENT="gloves" WC="0.62" CC="763004"/>
						<SP ID="P89_SP00040" HPOS="174" VPOS="312" WIDTH="14"/>
						<String ID="P89_ST00047" HPOS="188" VPOS="285" WIDTH="25" HEIGHT="20" CONTENT="to" WC="0.88" CC="02"/>
						<SP ID="P89_SP00041" HPOS="213" VPOS="312" WIDTH="14"/>
						<String ID="P89_ST00048" HPOS="227" VPOS="283" WIDTH="63" HEIGHT="22" CONTENT="train" WC="0.65" CC="59010"/>
						<SP ID="P89_SP00042" HPOS="290" VPOS="312" WIDTH="14"/>
						<String ID="P89_ST00049" HPOS="304" VPOS="283" WIDTH="37" HEIGHT="22" CONTENT="his" WC="0.58" CC="524"/>
						<SP ID="P89_SP00043" HPOS="341" VPOS="312" WIDTH="13"/>
						<String ID="P89_ST00050" HPOS="354" VPOS="282" WIDTH="89" HEIGHT="28" CONTENT="hawks," WC="0.71" CC="500550"/>
						<SP ID="P89_SP00044" HPOS="443" VPOS="312" WIDTH="16"/>
						<String ID="P89_ST00051" HPOS="459" VPOS="283" WIDTH="47" HEIGHT="23" CONTENT="and" WC="0.80" CC="140"/>
						<SP ID="P89_SP00045" HPOS="506" VPOS="312" WIDTH="13"/>
						<String ID="P89_ST00052" HPOS="519" VPOS="283" WIDTH="50" HEIGHT="23" CONTENT="also" WC="0.71" CC="0064"/>
						<SP ID="P89_SP00046" HPOS="569" VPOS="312" WIDTH="13"/>
						<String ID="P89_ST00053" HPOS="582" VPOS="286" WIDTH="26" HEIGHT="20" CONTENT="to" WC="0.50" CC="90"/>
						<SP ID="P89_SP00047" HPOS="608" VPOS="312" WIDTH="14"/>
						<String ID="P89_ST00054" HPOS="622" VPOS="283" WIDTH="69" HEIGHT="23" CONTENT="make" WC="0.77" CC="4400"/>
						<SP ID="P89_SP00048" HPOS="691" VPOS="312" WIDTH="14"/>
						<String ID="P89_ST00055" HPOS="705" VPOS="283" WIDTH="63" HEIGHT="23" CONTENT="their" WC="0.61" CC="56007"/>
						<SP ID="P89_SP00049" HPOS="768" VPOS="312" WIDTH="7"/>
						<String ID="P89_ST00056" HPOS="775" VPOS="284" WIDTH="85" HEIGHT="31" CONTENT="jesses." WC="0.66" CC="0546060"/>
						<SP ID="P89_SP00050" HPOS="860" VPOS="315" WIDTH="38"/>
						<String ID="P89_ST00057" HPOS="898" VPOS="284" WIDTH="40" HEIGHT="23" CONTENT="He" WC="0.60" CC="70"/>
					</TextLine>
					<TextLine ID="P89_TL00007" HPOS="89" VPOS="316" WIDTH="849" HEIGHT="32">
						<String ID="P89_ST00058" HPOS="89" VPOS="320" WIDTH="67" HEIGHT="18" CONTENT="must" WC="0.53" CC="6570"/>
						<SP ID="P89_SP00051" HPOS="156" VPOS="338" WIDTH="14"/>
						<String ID="P89_ST00059" HPOS="170" VPOS="316" WIDTH="29" HEIGHT="22" CONTENT="be" WC="0.95" CC="10"/>
						<SP ID="P89_SP00052" HPOS="199" VPOS="338" WIDTH="14"/>
						<String ID="P89_ST00060" HPOS="213" VPOS="316" WIDTH="127" HEIGHT="23" CONTENT="honoured" WC="0.62" CC="64214460"/>
						<SP ID="P89_SP00053" HPOS="340" VPOS="339" WIDTH="14"/>
						<String ID="P89_ST00061" HPOS="354" VPOS="317" WIDTH="55" HEIGHT="22" CONTENT="with" WC="0.83" CC="0060"/>
						<SP ID="P89_SP00054" HPOS="409" VPOS="339" WIDTH="15"/>
						<String ID="P89_ST00062" HPOS="424" VPOS="317" WIDTH="68" HEIGHT="22" CONTENT="three" WC="0.93" CC="00030"/>
						<SP ID="P89_SP00055" HPOS="492" VPOS="339" WIDTH="13"/>
						<String ID="P89_ST00063" HPOS="505" VPOS="320" WIDTH="110" HEIGHT="27" CONTENT="presents" WC="0.97" CC="00010100"/>
						<SP ID="P89_SP00056" HPOS="615" VPOS="347" WIDTH="14"/>
						<String ID="P89_ST00064" HPOS="629" VPOS="317" WIDTH="40" HEIGHT="22" CONTENT="the" WC="0.85" CC="310"/>
						<SP ID="P89_SP00057" HPOS="669" VPOS="347" WIDTH="14"/>
						<String ID="P89_ST00065" HPOS="683" VPOS="317" WIDTH="47" HEIGHT="31" CONTENT="day" WC="1.00" CC="000"/>
						<SP ID="P89_SP00058" HPOS="730" VPOS="348" WIDTH="14"/>
						<String ID="P89_ST00066" HPOS="744" VPOS="317" WIDTH="35" HEIGHT="23" CONTENT="his" WC="0.65" CC="720"/>
						<SP ID="P89_SP00059" HPOS="779" VPOS="348" WIDTH="14"/>
						<String ID="P89_ST00067" HPOS="793" VPOS="318" WIDTH="71" HEIGHT="22" CONTENT="hawk" WC="0.83" CC="6000"/>
						<SP ID="P89_SP00060" HPOS="864" VPOS="348" WIDTH="20"/>
						<String ID="P89_ST00068" HPOS="884" VPOS="318" WIDTH="54" HEIGHT="22" CONTENT="kills" WC="0.89" CC="00005"/>
					</TextLine>
					<TextLine ID="P89_TL00008" HPOS="90" VPOS="349" WIDTH="847" HEIGHT="28">
						<String ID="P89_ST00069" HPOS="90" VPOS="357" WIDTH="47" HEIGHT="15" CONTENT="one" WC="0.91" CC="110"/>
						<SP ID="P89_SP00061" HPOS="137" VPOS="372" WIDTH="13"/>
						<String ID="P89_ST00070" HPOS="150" VPOS="349" WIDTH="28" HEIGHT="23" CONTENT="of" WC="0.78" CC="40"/>
						<SP ID="P89_SP00062" HPOS="178" VPOS="372" WIDTH="10"/>
						<String ID="P89_ST00071" HPOS="188" VPOS="350" WIDTH="67" HEIGHT="22" CONTENT="these" WC="0.71" CC="05071"/>
						<SP ID="P89_SP00063" HPOS="255" VPOS="372" WIDTH="14"/>
						<String ID="P89_ST00072" HPOS="269" VPOS="350" WIDTH="68" HEIGHT="22" CONTENT="three" WC="0.75" CC="20530"/>
						<SP ID="P89_SP00064" HPOS="337" VPOS="372" WIDTH="14"/>
						<String ID="P89_ST00073" HPOS="351" VPOS="350" WIDTH="65" HEIGHT="22" CONTENT="birds" WC="0.85" CC="00006"/>
						<String ID="P89_ST00074" HPOS="419" VPOS="365" WIDTH="32" HEIGHT="2" CONTENT="—" WC="0.20" CC="8"/>
						<String ID="P89_ST00075" HPOS="453" VPOS="358" WIDTH="12" HEIGHT="14" CONTENT="a" WC="0.01" CC="9"/>
						<SP ID="P89_SP00065" HPOS="465" VPOS="372" WIDTH="14"/>
						<String ID="P89_ST00076" HPOS="479" VPOS="350" WIDTH="98" HEIGHT="27" CONTENT="bittern," WC="0.69" CC="50253430"/>
						<SP ID="P89_SP00066" HPOS="577" VPOS="377" WIDTH="14"/>
						<String ID="P89_ST00077" HPOS="591" VPOS="358" WIDTH="15" HEIGHT="15" CONTENT="a" WC="1.00" CC="0"/>
						<SP ID="P89_SP00067" HPOS="606" VPOS="377" WIDTH="13"/>
						<String ID="P89_ST00078" HPOS="619" VPOS="359" WIDTH="78" HEIGHT="18" CONTENT="crane," WC="0.74" CC="460400"/>
						<SP ID="P89_SP00068" HPOS="697" VPOS="377" WIDTH="12"/>
						<String ID="P89_ST00079" HPOS="709" VPOS="359" WIDTH="26" HEIGHT="14" CONTENT="or" WC="0.39" CC="56"/>
						<SP ID="P89_SP00069" HPOS="735" VPOS="377" WIDTH="13"/>
						<String ID="P89_ST00080" HPOS="748" VPOS="359" WIDTH="14" HEIGHT="14" CONTENT="a" WC="1.00" CC="0"/>
						<SP ID="P89_SP00070" HPOS="762" VPOS="377" WIDTH="13"/>
						<String ID="P89_ST00081" HPOS="775" VPOS="352" WIDTH="84" HEIGHT="22" CONTENT="heron." WC="0.71" CC="330440"/>
						<SP ID="P89_SP00071" HPOS="859" VPOS="377" WIDTH="38"/>
						<String ID="P89_ST00082" HPOS="897" VPOS="351" WIDTH="40" HEIGHT="23" CONTENT="He" WC="0.89" CC="20"/>
					</TextLine>
					<TextLine ID="P89_TL00009" HPOS="91" VPOS="383" WIDTH="848" HEIGHT="33">
						<String ID="P89_ST00083" HPOS="91" VPOS="383" WIDTH="84" HEIGHT="23" CONTENT="claims" WC="0.81" CC="000056"/>
						<SP ID="P89_SP00072" HPOS="175" VPOS="406" WIDTH="13"/>
						<String ID="P89_ST00084" HPOS="188" VPOS="383" WIDTH="42" HEIGHT="23" CONTENT="the" WC="0.83" CC="400"/>
						<SP ID="P89_SP00073" HPOS="230" VPOS="406" WIDTH="13"/>
						<String ID="P89_ST00085" HPOS="243" VPOS="383" WIDTH="89" HEIGHT="23" CONTENT="mantle" WC="0.98" CC="000010"/>
						<SP ID="P89_SP00074" HPOS="332" VPOS="406" WIDTH="14"/>
						<String ID="P89_ST00086" HPOS="346" VPOS="384" WIDTH="23" HEIGHT="22" CONTENT="in" WC="0.66" CC="06"/>
						<SP ID="P89_SP00075" HPOS="369" VPOS="406" WIDTH="14"/>
						<String ID="P89_ST00087" HPOS="383" VPOS="383" WIDTH="78" HEIGHT="23" CONTENT="which" WC="0.59" CC="84600"/>
						<SP ID="P89_SP00076" HPOS="461" VPOS="406" WIDTH="14"/>
						<String ID="P89_ST00088" HPOS="475" VPOS="384" WIDTH="41" HEIGHT="22" CONTENT="the" WC="0.83" CC="040"/>
						<SP ID="P89_SP00077" HPOS="516" VPOS="406" WIDTH="15"/>
						<String ID="P89_ST00089" HPOS="531" VPOS="384" WIDTH="57" HEIGHT="31" CONTENT="king" WC="0.70" CC="0470"/>
						<SP ID="P89_SP00078" HPOS="588" VPOS="415" WIDTH="14"/>
						<String ID="P89_ST00090" HPOS="602" VPOS="384" WIDTH="63" HEIGHT="23" CONTENT="rides" WC="0.86" CC="32001"/>
						<SP ID="P89_SP00079" HPOS="665" VPOS="415" WIDTH="14"/>
						<String ID="P89_ST00091" HPOS="679" VPOS="393" WIDTH="29" HEIGHT="14" CONTENT="on" WC="0.73" CC="05"/>
						<SP ID="P89_SP00080" HPOS="708" VPOS="415" WIDTH="16"/>
						<String ID="P89_ST00092" HPOS="724" VPOS="385" WIDTH="40" HEIGHT="22" CONTENT="the" WC="0.86" CC="040"/>
						<SP ID="P89_SP00081" HPOS="764" VPOS="415" WIDTH="19"/>
						<String ID="P89_ST00093" HPOS="783" VPOS="385" WIDTH="68" HEIGHT="23" CONTENT="three" WC="0.87" CC="01400"/>
						<SP ID="P89_SP00082" HPOS="851" VPOS="415" WIDTH="18"/>
						<String ID="P89_ST00094" HPOS="869" VPOS="388" WIDTH="70" HEIGHT="28" CONTENT="great" WC="0.87" CC="04200"/>
					</TextLine>
					<TextLine ID="P89_TL00010" HPOS="91" VPOS="416" WIDTH="130" HEIGHT="23">
						<String ID="P89_ST00095" HPOS="91" VPOS="416" WIDTH="130" HEIGHT="23" CONTENT='festivals."' WC="0.83" CC="00620001402"/>
					</TextLine>
				</TextBlock>
				<TextBlock ID="P89_TB00004" HPOS="92" VPOS="450" WIDTH="850" HEIGHT="1108" STYLEREFS="TXT_1 PAR_LEFT">
					<TextLine ID="P89_TL00011" HPOS="144" VPOS="450" WIDTH="795" HEIGHT="32">
						<String ID="P89_ST00096" HPOS="144" VPOS="450" WIDTH="55" HEIGHT="23" CONTENT="The" WC="0.79" CC="060"/>
						<SP ID="P89_SP00083" HPOS="199" VPOS="473" WIDTH="16"/>
						<String ID="P89_ST00097" HPOS="215" VPOS="450" WIDTH="77" HEIGHT="31" CONTENT="judge" WC="0.89" CC="00005"/>
						<SP ID="P89_SP00084" HPOS="292" VPOS="481" WIDTH="16"/>
						<String ID="P89_ST00098" HPOS="308" VPOS="450" WIDTH="26" HEIGHT="23" CONTENT="of" WC="0.40" CC="29"/>
						<SP ID="P89_SP00085" HPOS="334" VPOS="481" WIDTH="16"/>
						<String ID="P89_ST00099" HPOS="350" VPOS="451" WIDTH="42" HEIGHT="22" CONTENT="the" WC="1.00" CC="000"/>
						<SP ID="P89_SP00086" HPOS="392" VPOS="481" WIDTH="15"/>
						<String ID="P89_ST00100" HPOS="407" VPOS="450" WIDTH="84" HEIGHT="31" CONTENT="palace" WC="0.78" CC="007600"/>
						<SP ID="P89_SP00087" HPOS="491" VPOS="481" WIDTH="22"/>
						<String ID="P89_ST00101" HPOS="513" VPOS="453" WIDTH="13" HEIGHT="12" CONTENT='"' WC="0.28" CC="7"/>
						<SP ID="P89_SP00088" HPOS="526" VPOS="481" WIDTH="10"/>
						<String ID="P89_ST00102" HPOS="536" VPOS="451" WIDTH="106" HEIGHT="23" CONTENT="receives" WC="0.73" CC="67000014"/>
						<SP ID="P89_SP00089" HPOS="642" VPOS="481" WIDTH="20"/>
						<String ID="P89_ST00103" HPOS="662" VPOS="451" WIDTH="35" HEIGHT="23" CONTENT="his" WC="0.81" CC="005"/>
						<SP ID="P89_SP00090" HPOS="697" VPOS="481" WIDTH="17"/>
						<String ID="P89_ST00104" HPOS="714" VPOS="451" WIDTH="82" HEIGHT="31" CONTENT="pillow" WC="0.78" CC="050440"/>
						<SP ID="P89_SP00091" HPOS="796" VPOS="482" WIDTH="17"/>
						<String ID="P89_ST00105" HPOS="813" VPOS="452" WIDTH="48" HEIGHT="22" CONTENT="and" WC="1.00" CC="000"/>
						<SP ID="P89_SP00092" HPOS="861" VPOS="482" WIDTH="18"/>
						<String ID="P89_ST00106" HPOS="879" VPOS="452" WIDTH="60" HEIGHT="23" CONTENT="bed" SUBS_TYPE="HypPart1" SUBS_CONTENT="bedlinen" WC="0.77" CC="0701"/>
						<HYP CONTENT="-"/>
					</TextLine>
					<TextLine ID="P89_TL00012" HPOS="92" VPOS="484" WIDTH="847" HEIGHT="31">
						<String ID="P89_ST00107" HPOS="92" VPOS="484" WIDTH="64" HEIGHT="24" CONTENT="linen" SUBS_TYPE="HypPart2" SUBS_CONTENT="bedlinen" WC="0.61" CC="27503"/>
						<SP ID="P89_SP00093" HPOS="156" VPOS="508" WIDTH="16"/>
						<String ID="P89_ST00108" HPOS="172" VPOS="484" WIDTH="59" HEIGHT="23" CONTENT="from" WC="0.67" CC="0507"/>
						<SP ID="P89_SP00094" HPOS="231" VPOS="508" WIDTH="14"/>
						<String ID="P89_ST00109" HPOS="245" VPOS="484" WIDTH="41" HEIGHT="23" CONTENT="the" WC="0.75" CC="070"/>
						<SP ID="P89_SP00095" HPOS="286" VPOS="508" WIDTH="18"/>
						<String ID="P89_ST00110" HPOS="304" VPOS="492" WIDTH="87" HEIGHT="23" CONTENT="queen," WC="0.84" CC="004050"/>
						<SP ID="P89_SP00096" HPOS="391" VPOS="515" WIDTH="11"/>
						<String ID="P89_ST00111" HPOS="402" VPOS="484" WIDTH="71" HEIGHT="23" CONTENT="while" WC="0.89" CC="04000"/>
						<SP ID="P89_SP00097" HPOS="473" VPOS="515" WIDTH="13"/>
						<String ID="P89_ST00112" HPOS="486" VPOS="485" WIDTH="40" HEIGHT="22" CONTENT="the" WC="0.83" CC="050"/>
						<SP ID="P89_SP00098" HPOS="526" VPOS="515" WIDTH="15"/>
						<String ID="P89_ST00113" HPOS="541" VPOS="485" WIDTH="100" HEIGHT="23" CONTENT="cushion" WC="0.61" CC="3667003"/>
						<SP ID="P89_SP00099" HPOS="641" VPOS="515" WIDTH="14"/>
						<String ID="P89_ST00114" HPOS="655" VPOS="493" WIDTH="65" HEIGHT="22" CONTENT="upon" WC="0.71" CC="7004"/>
						<SP ID="P89_SP00100" HPOS="720" VPOS="515" WIDTH="15"/>
						<String ID="P89_ST00115" HPOS="735" VPOS="486" WIDTH="77" HEIGHT="22" CONTENT="which" WC="0.99" CC="00000"/>
						<SP ID="P89_SP00101" HPOS="812" VPOS="515" WIDTH="15"/>
						<String ID="P89_ST00116" HPOS="827" VPOS="486" WIDTH="40" HEIGHT="22" CONTENT="the" WC="0.64" CC="307"/>
						<SP ID="P89_SP00102" HPOS="867" VPOS="515" WIDTH="14"/>
						<String ID="P89_ST00117" HPOS="881" VPOS="486" WIDTH="58" HEIGHT="29" CONTENT="king" WC="0.55" CC="9070"/>
					</TextLine>
					<TextLine ID="P89_TL00013" HPOS="93" VPOS="515" WIDTH="847" HEIGHT="34">
						<String ID="P89_ST00118" HPOS="93" VPOS="522" WIDTH="36" HEIGHT="19" CONTENT="sat" WC="0.79" CC="006"/>
						<SP ID="P89_SP00103" HPOS="129" VPOS="541" WIDTH="14"/>
						<String ID="P89_ST00119" HPOS="143" VPOS="518" WIDTH="87" HEIGHT="30" CONTENT="during" WC="0.59" CC="025069"/>
						<SP ID="P89_SP00104" HPOS="230" VPOS="548" WIDTH="15"/>
						<String ID="P89_ST00120" HPOS="245" VPOS="518" WIDTH="40" HEIGHT="22" CONTENT="the" WC="0.94" CC="010"/>
						<SP ID="P89_SP00105" HPOS="285" VPOS="548" WIDTH="14"/>
						<String ID="P89_ST00121" HPOS="299" VPOS="519" WIDTH="48" HEIGHT="29" CONTENT="day" WC="0.75" CC="070"/>
						<SP ID="P89_SP00106" HPOS="347" VPOS="548" WIDTH="13"/>
						<String ID="P89_ST00122" HPOS="360" VPOS="518" WIDTH="60" HEIGHT="22" CONTENT="shall" WC="0.77" CC="40060"/>
						<SP ID="P89_SP00107" HPOS="420" VPOS="548" WIDTH="19"/>
						<String ID="P89_ST00123" HPOS="439" VPOS="518" WIDTH="31" HEIGHT="22" CONTENT="be" WC="1.00" CC="00"/>
						<SP ID="P89_SP00108" HPOS="470" VPOS="548" WIDTH="18"/>
						<String ID="P89_ST00124" HPOS="488" VPOS="519" WIDTH="77" HEIGHT="22" CONTENT="under" WC="0.52" CC="63076"/>
						<SP ID="P89_SP00109" HPOS="565" VPOS="548" WIDTH="19"/>
						<String ID="P89_ST00125" HPOS="584" VPOS="518" WIDTH="47" HEIGHT="23" CONTENT="him" WC="0.88" CC="300"/>
						<SP ID="P89_SP00110" HPOS="631" VPOS="548" WIDTH="21"/>
						<String ID="P89_ST00126" HPOS="652" VPOS="522" WIDTH="23" HEIGHT="19" CONTENT="at" WC="1.00" CC="00"/>
						<SP ID="P89_SP00111" HPOS="675" VPOS="548" WIDTH="20"/>
						<String ID="P89_ST00127" HPOS="695" VPOS="519" WIDTH="76" HEIGHT="30" CONTENT="night." WC="0.76" CC="700700"/>
						<SP ID="P89_SP00112" HPOS="771" VPOS="549" WIDTH="36"/>
						<String ID="P89_ST00128" HPOS="807" VPOS="519" WIDTH="47" HEIGHT="22" CONTENT="His" WC="0.69" CC="305"/>
						<SP ID="P89_SP00113" HPOS="854" VPOS="549" WIDTH="19"/>
						<String ID="P89_ST00129" HPOS="873" VPOS="515" WIDTH="67" HEIGHT="26" CONTENT="steed" WC="0.24" CC="94769"/>
					</TextLine>
					<TextLine ID="P89_TL00014" HPOS="93" VPOS="551" WIDTH="846" HEIGHT="31">
						<String ID="P89_ST00130" HPOS="93" VPOS="555" WIDTH="66" HEIGHT="19" CONTENT="must" WC="0.50" CC="6436"/>
						<SP ID="P89_SP00114" HPOS="159" VPOS="574" WIDTH="13"/>
						<String ID="P89_ST00131" HPOS="172" VPOS="552" WIDTH="29" HEIGHT="22" CONTENT="be" WC="0.86" CC="02"/>
						<SP ID="P89_SP00115" HPOS="201" VPOS="574" WIDTH="14"/>
						<String ID="P89_ST00132" HPOS="215" VPOS="553" WIDTH="108" HEIGHT="21" CONTENT="between" WC="0.71" CC="0060076"/>
						<SP ID="P89_SP00116" HPOS="323" VPOS="574" WIDTH="14"/>
						<String ID="P89_ST00133" HPOS="337" VPOS="552" WIDTH="41" HEIGHT="22" CONTENT="the" WC="0.78" CC="060"/>
						<SP ID="P89_SP00117" HPOS="378" VPOS="574" WIDTH="15"/>
						<String ID="P89_ST00134" HPOS="393" VPOS="551" WIDTH="78" HEIGHT="31" CONTENT="king's" WC="0.84" CC="007001"/>
						<SP ID="P89_SP00118" HPOS="471" VPOS="582" WIDTH="13"/>
						<String ID="P89_ST00135" HPOS="484" VPOS="552" WIDTH="66" HEIGHT="22" CONTENT="steed" WC="0.74" CC="41600"/>
						<SP ID="P89_SP00119" HPOS="550" VPOS="582" WIDTH="14"/>
						<String ID="P89_ST00136" HPOS="564" VPOS="552" WIDTH="48" HEIGHT="22" CONTENT="and" WC="0.96" CC="010"/>
						<SP ID="P89_SP00120" HPOS="612" VPOS="582" WIDTH="12"/>
						<String ID="P89_ST00137" HPOS="624" VPOS="552" WIDTH="41" HEIGHT="23" CONTENT="the" WC="0.76" CC="070"/>
						<SP ID="P89_SP00121" HPOS="665" VPOS="582" WIDTH="13"/>
						<String ID="P89_ST00138" HPOS="678" VPOS="552" WIDTH="61" HEIGHT="25" CONTENT="wall," WC="0.95" CC="00002"/>
						<SP ID="P89_SP00122" HPOS="739" VPOS="582" WIDTH="9"/>
						<String ID="P89_ST00139" HPOS="748" VPOS="552" WIDTH="48" HEIGHT="22" CONTENT="and" WC="0.81" CC="050"/>
						<SP ID="P89_SP00123" HPOS="796" VPOS="582" WIDTH="13"/>
						<String ID="P89_ST00140" HPOS="809" VPOS="553" WIDTH="19" HEIGHT="21" CONTENT="is" WC="0.79" CC="04"/>
						<SP ID="P89_SP00124" HPOS="828" VPOS="582" WIDTH="11"/>
						<String ID="P89_ST00141" HPOS="839" VPOS="553" WIDTH="100" HEIGHT="22" CONTENT="entitled" WC="0.64" CC="66544000"/>
					</TextLine>
					<TextLine ID="P89_TL00015" HPOS="93" VPOS="585" WIDTH="847" HEIGHT="30">
						<String ID="P89_ST00142" HPOS="93" VPOS="589" WIDTH="25" HEIGHT="19" CONTENT="to" WC="0.77" CC="04"/>
						<SP ID="P89_SP00125" HPOS="118" VPOS="608" WIDTH="15"/>
						<String ID="P89_ST00143" HPOS="133" VPOS="590" WIDTH="46" HEIGHT="18" CONTENT="two" WC="0.43" CC="492"/>
						<SP ID="P89_SP00126" HPOS="179" VPOS="608" WIDTH="13"/>
						<String ID="P89_ST00144" HPOS="192" VPOS="586" WIDTH="82" HEIGHT="22" CONTENT="shares" WC="0.58" CC="505606"/>
						<SP ID="P89_SP00127" HPOS="274" VPOS="608" WIDTH="13"/>
						<String ID="P89_ST00145" HPOS="287" VPOS="585" WIDTH="28" HEIGHT="23" CONTENT="of" WC="0.83" CC="30"/>
						<SP ID="P89_SP00128" HPOS="315" VPOS="608" WIDTH="10"/>
						<String ID="P89_ST00146" HPOS="325" VPOS="586" WIDTH="40" HEIGHT="22" CONTENT="the" WC="1.00" CC="000"/>
						<SP ID="P89_SP00129" HPOS="365" VPOS="608" WIDTH="14"/>
						<String ID="P89_ST00147" HPOS="379" VPOS="585" WIDTH="144" HEIGHT="30" CONTENT="provender." WC="0.68" CC="8360050700"/>
						<SP ID="P89_SP00130" HPOS="523" VPOS="615" WIDTH="38"/>
						<String ID="P89_ST00148" HPOS="561" VPOS="585" WIDTH="40" HEIGHT="23" CONTENT="He" WC="0.76" CC="40"/>
						<SP ID="P89_SP00131" HPOS="601" VPOS="615" WIDTH="14"/>
						<String ID="P89_ST00149" HPOS="615" VPOS="586" WIDTH="19" HEIGHT="21" CONTENT="is" WC="0.75" CC="05"/>
						<SP ID="P89_SP00132" HPOS="634" VPOS="615" WIDTH="17"/>
						<String ID="P89_ST00150" HPOS="651" VPOS="585" WIDTH="99" HEIGHT="23" CONTENT="entitled" WC="0.69" CC="64603030"/>
						<SP ID="P89_SP00133" HPOS="750" VPOS="615" WIDTH="19"/>
						<String ID="P89_ST00151" HPOS="769" VPOS="589" WIDTH="26" HEIGHT="19" CONTENT="to" WC="0.75" CC="04"/>
						<SP ID="P89_SP00134" HPOS="795" VPOS="615" WIDTH="18"/>
						<String ID="P89_ST00152" HPOS="813" VPOS="587" WIDTH="94" HEIGHT="22" CONTENT="receive" WC="0.93" CC="4000000"/>
						<SP ID="P89_SP00135" HPOS="907" VPOS="615" WIDTH="19"/>
						<String ID="P89_ST00153" HPOS="926" VPOS="593" WIDTH="14" HEIGHT="16" CONTENT="a" WC="1.00" CC="0"/>
					</TextLine>
					<TextLine ID="P89_TL00016" HPOS="94" VPOS="614" WIDTH="845" HEIGHT="35">
						<String ID="P89_ST00154" HPOS="94" VPOS="619" WIDTH="167" HEIGHT="26" CONTENT="chess-board," WC="0.80" CC="166440000000"/>
						<SP ID="P89_SP00136" HPOS="261" VPOS="645" WIDTH="15"/>
						<String ID="P89_ST00155" HPOS="276" VPOS="619" WIDTH="70" HEIGHT="23" CONTENT="made" WC="0.87" CC="5000"/>
						<SP ID="P89_SP00137" HPOS="346" VPOS="645" WIDTH="13"/>
						<String ID="P89_ST00156" HPOS="359" VPOS="614" WIDTH="28" HEIGHT="27" CONTENT="of" WC="1.00" CC="00"/>
						<SP ID="P89_SP00138" HPOS="387" VPOS="645" WIDTH="11"/>
						<String ID="P89_ST00157" HPOS="398" VPOS="619" WIDTH="40" HEIGHT="22" CONTENT="the" WC="0.89" CC="300"/>
						<SP ID="P89_SP00139" HPOS="438" VPOS="645" WIDTH="13"/>
						<String ID="P89_ST00158" HPOS="451" VPOS="619" WIDTH="63" HEIGHT="23" CONTENT="bone" WC="0.88" CC="2020"/>
						<SP ID="P89_SP00140" HPOS="514" VPOS="645" WIDTH="14"/>
						<String ID="P89_ST00159" HPOS="528" VPOS="618" WIDTH="28" HEIGHT="23" CONTENT="of" WC="1.00" CC="00"/>
						<SP ID="P89_SP00141" HPOS="556" VPOS="645" WIDTH="9"/>
						<String ID="P89_ST00160" HPOS="565" VPOS="626" WIDTH="14" HEIGHT="15" CONTENT="a" WC="1.00" CC="0"/>
						<SP ID="P89_SP00142" HPOS="579" VPOS="645" WIDTH="12"/>
						<String ID="P89_ST00161" HPOS="591" VPOS="626" WIDTH="40" HEIGHT="15" CONTENT="sea" WC="1.00" CC="000"/>
						<SP ID="P89_SP00143" HPOS="631" VPOS="645" WIDTH="13"/>
						<String ID="P89_ST00162" HPOS="644" VPOS="619" WIDTH="52" HEIGHT="26" CONTENT="fish," WC="0.86" CC="00700"/>
						<SP ID="P89_SP00144" HPOS="696" VPOS="645" WIDTH="14"/>
						<String ID="P89_ST00163" HPOS="710" VPOS="618" WIDTH="62" HEIGHT="24" CONTENT="from" WC="0.67" CC="2064"/>
						<SP ID="P89_SP00145" HPOS="772" VPOS="645" WIDTH="13"/>
						<String ID="P89_ST00164" HPOS="785" VPOS="619" WIDTH="42" HEIGHT="23" CONTENT="the" WC="1.00" CC="000"/>
						<SP ID="P89_SP00146" HPOS="827" VPOS="645" WIDTH="18"/>
						<String ID="P89_ST00165" HPOS="845" VPOS="627" WIDTH="77" HEIGHT="22" CONTENT="queen" WC="0.91" CC="00004"/>
						<SP ID="P89_SP00147" HPOS="922" VPOS="649" WIDTH="11"/>
						<String ID="P89_ST00166" HPOS="933" VPOS="629" WIDTH="6" HEIGHT="17" CONTENT=";" WC="1.00" CC="0"/>
					</TextLine>
					<TextLine ID="P89_TL00017" HPOS="93" VPOS="652" WIDTH="846" HEIGHT="31">
						<String ID="P89_ST00167" HPOS="93" VPOS="653" WIDTH="47" HEIGHT="23" CONTENT="and" WC="1.00" CC="000"/>
						<SP ID="P89_SP00148" HPOS="140" VPOS="676" WIDTH="10"/>
						<String ID="P89_ST00168" HPOS="150" VPOS="653" WIDTH="104" HEIGHT="22" CONTENT="another" WC="0.70" CC="0700605"/>
						<SP ID="P89_SP00149" HPOS="254" VPOS="676" WIDTH="8"/>
						<String ID="P89_ST00169" HPOS="262" VPOS="652" WIDTH="60" HEIGHT="23" CONTENT="from" WC="0.66" CC="0425"/>
						<SP ID="P89_SP00150" HPOS="322" VPOS="676" WIDTH="15"/>
						<String ID="P89_ST00170" HPOS="337" VPOS="653" WIDTH="40" HEIGHT="22" CONTENT="the" WC="0.84" CC="040"/>
						<SP ID="P89_SP00151" HPOS="377" VPOS="676" WIDTH="14"/>
						<String ID="P89_ST00171" HPOS="391" VPOS="652" WIDTH="117" HEIGHT="23" CONTENT="domestic" WC="0.82" CC="00660100"/>
						<SP ID="P89_SP00152" HPOS="508" VPOS="676" WIDTH="10"/>
						<String ID="P89_ST00172" HPOS="518" VPOS="653" WIDTH="60" HEIGHT="22" CONTENT="bard" WC="0.60" CC="5090"/>
						<SP ID="P89_SP00153" HPOS="578" VPOS="676" WIDTH="9"/>
						<String ID="P89_ST00173" HPOS="587" VPOS="662" WIDTH="5" HEIGHT="16" CONTENT=";" WC="0.68" CC="3"/>
						<SP ID="P89_SP00154" HPOS="592" VPOS="678" WIDTH="14"/>
						<String ID="P89_ST00174" HPOS="606" VPOS="652" WIDTH="47" HEIGHT="23" CONTENT="and" WC="0.75" CC="070"/>
						<SP ID="P89_SP00155" HPOS="653" VPOS="678" WIDTH="14"/>
						<String ID="P89_ST00175" HPOS="667" VPOS="653" WIDTH="67" HEIGHT="22" CONTENT="these" WC="0.85" CC="00070"/>
						<SP ID="P89_SP00156" HPOS="734" VPOS="678" WIDTH="14"/>
						<String ID="P89_ST00176" HPOS="748" VPOS="656" WIDTH="41" HEIGHT="27" CONTENT="toy" WC="0.84" CC="400"/>
						<SP ID="P89_SP00157" HPOS="789" VPOS="683" WIDTH="10"/>
						<String ID="P89_ST00177" HPOS="799" VPOS="657" WIDTH="140" HEIGHT="19" CONTENT="ornaments" WC="0.59" CC="408050737"/>
					</TextLine>
					<TextLine ID="P89_TL00018" HPOS="94" VPOS="682" WIDTH="845" HEIGHT="34">
						<String ID="P89_ST00178" HPOS="94" VPOS="686" WIDTH="31" HEIGHT="23" CONTENT="he" WC="0.63" CC="70"/>
						<SP ID="P89_SP00158" HPOS="125" VPOS="709" WIDTH="14"/>
						<String ID="P89_ST00179" HPOS="139" VPOS="690" WIDTH="65" HEIGHT="19" CONTENT="must" WC="0.63" CC="4054"/>
						<SP ID="P89_SP00159" HPOS="204" VPOS="709" WIDTH="13"/>
						<String ID="P89_ST00180" HPOS="217" VPOS="687" WIDTH="93" HEIGHT="22" CONTENT="neither" WC="0.61" CC="6105724"/>
						<SP ID="P89_SP00160" HPOS="310" VPOS="709" WIDTH="13"/>
						<String ID="P89_ST00181" HPOS="323" VPOS="686" WIDTH="42" HEIGHT="23" CONTENT="sell" WC="0.55" CC="6505"/>
						<SP ID="P89_SP00161" HPOS="365" VPOS="709" WIDTH="14"/>
						<String ID="P89_ST00182" HPOS="379" VPOS="693" WIDTH="45" HEIGHT="15" CONTENT="nor" WC="1.00" CC="000"/>
						<SP ID="P89_SP00162" HPOS="424" VPOS="709" WIDTH="12"/>
						<String ID="P89_ST00183" HPOS="436" VPOS="686" WIDTH="55" HEIGHT="29" CONTENT="give" WC="0.67" CC="8400"/>
						<SP ID="P89_SP00163" HPOS="491" VPOS="715" WIDTH="19"/>
						<String ID="P89_ST00184" HPOS="510" VPOS="686" WIDTH="80" HEIGHT="23" CONTENT="whilst" WC="0.69" CC="071045"/>
						<SP ID="P89_SP00164" HPOS="590" VPOS="715" WIDTH="18"/>
						<String ID="P89_ST00185" HPOS="608" VPOS="686" WIDTH="30" HEIGHT="22" CONTENT="he" WC="0.69" CC="60"/>
						<SP ID="P89_SP00165" HPOS="638" VPOS="715" WIDTH="19"/>
						<String ID="P89_ST00186" HPOS="657" VPOS="686" WIDTH="66" HEIGHT="22" CONTENT="lives." WC="0.83" CC="000450"/>
						<SP ID="P89_SP00166" HPOS="723" VPOS="715" WIDTH="37"/>
						<String ID="P89_ST00187" HPOS="760" VPOS="682" WIDTH="41" HEIGHT="27" CONTENT="He" WC="0.62" CC="70"/>
						<SP ID="P89_SP00167" HPOS="801" VPOS="715" WIDTH="18"/>
						<String ID="P89_ST00188" HPOS="819" VPOS="687" WIDTH="77" HEIGHT="29" CONTENT="ought" WC="0.66" CC="06505"/>
						<SP ID="P89_SP00168" HPOS="896" VPOS="716" WIDTH="19"/>
						<String ID="P89_ST00189" HPOS="915" VPOS="690" WIDTH="24" HEIGHT="19" CONTENT="to" WC="0.80" CC="40"/>
					</TextLine>
					<TextLine ID="P89_TL00019" HPOS="93" VPOS="719" WIDTH="846" HEIGHT="32">
						<String ID="P89_ST00190" HPOS="93" VPOS="720" WIDTH="95" HEIGHT="22" CONTENT="receive" WC="0.75" CC="4240500"/>
						<SP ID="P89_SP00169" HPOS="188" VPOS="742" WIDTH="14"/>
						<String ID="P89_ST00191" HPOS="202" VPOS="720" WIDTH="37" HEIGHT="22" CONTENT="his" WC="0.56" CC="705"/>
						<SP ID="P89_SP00170" HPOS="239" VPOS="742" WIDTH="12"/>
						<String ID="P89_ST00192" HPOS="251" VPOS="720" WIDTH="67" HEIGHT="22" CONTENT="steed" WC="0.80" CC="90000"/>
						<SP ID="P89_SP00171" HPOS="318" VPOS="742" WIDTH="19"/>
						<String ID="P89_ST00193" HPOS="337" VPOS="719" WIDTH="61" HEIGHT="23" CONTENT="from" WC="0.90" CC="0300"/>
						<SP ID="P89_SP00172" HPOS="398" VPOS="742" WIDTH="21"/>
						<String ID="P89_ST00194" HPOS="419" VPOS="720" WIDTH="40" HEIGHT="22" CONTENT="the" WC="0.87" CC="030"/>
						<SP ID="P89_SP00173" HPOS="459" VPOS="742" WIDTH="19"/>
						<String ID="P89_ST00195" HPOS="478" VPOS="723" WIDTH="88" HEIGHT="19" CONTENT="master" WC="0.76" CC="604002"/>
						<SP ID="P89_SP00174" HPOS="566" VPOS="742" WIDTH="19"/>
						<String ID="P89_ST00196" HPOS="585" VPOS="719" WIDTH="27" HEIGHT="23" CONTENT="of" WC="1.00" CC="00"/>
						<SP ID="P89_SP00175" HPOS="612" VPOS="742" WIDTH="13"/>
						<String ID="P89_ST00197" HPOS="625" VPOS="720" WIDTH="42" HEIGHT="22" CONTENT="the" WC="0.77" CC="420"/>
						<SP ID="P89_SP00176" HPOS="667" VPOS="742" WIDTH="19"/>
						<String ID="P89_ST00198" HPOS="686" VPOS="720" WIDTH="77" HEIGHT="26" CONTENT="horse," WC="0.76" CC="304600"/>
						<SP ID="P89_SP00177" HPOS="763" VPOS="746" WIDTH="15"/>
						<String ID="P89_ST00199" HPOS="778" VPOS="720" WIDTH="118" HEIGHT="31" CONTENT="complete" WC="0.87" CC="00600040"/>
						<SP ID="P89_SP00178" HPOS="896" VPOS="751" WIDTH="19"/>
						<String ID="P89_ST00200" HPOS="915" VPOS="720" WIDTH="24" HEIGHT="22" CONTENT="in" WC="0.79" CC="40"/>
					</TextLine>
					<TextLine ID="P89_TL00020" HPOS="94" VPOS="753" WIDTH="845" HEIGHT="32">
						<String ID="P89_ST00201" HPOS="94" VPOS="761" WIDTH="73" HEIGHT="24" CONTENT="every" WC="0.88" CC="50000"/>
						<SP ID="P89_SP00179" HPOS="167" VPOS="785" WIDTH="20"/>
						<String ID="P89_ST00202" HPOS="187" VPOS="757" WIDTH="102" HEIGHT="26" CONTENT="respect," WC="0.74" CC="00790101"/>
						<SP ID="P89_SP00180" HPOS="289" VPOS="785" WIDTH="19"/>
						<String ID="P89_ST00203" HPOS="308" VPOS="754" WIDTH="47" HEIGHT="21" CONTENT="and" WC="0.78" CC="060"/>
						<SP ID="P89_SP00181" HPOS="355" VPOS="785" WIDTH="20"/>
						<String ID="P89_ST00204" HPOS="375" VPOS="753" WIDTH="74" HEIGHT="30" CONTENT="ready" WC="0.71" CC="04090"/>
						<SP ID="P89_SP00182" HPOS="449" VPOS="785" WIDTH="19"/>
						<String ID="P89_ST00205" HPOS="468" VPOS="753" WIDTH="99" HEIGHT="22" CONTENT="saddled" WC="0.76" CC="3009300"/>
						<SP ID="P89_SP00183" HPOS="567" VPOS="785" WIDTH="20"/>
						<String ID="P89_ST00206" HPOS="587" VPOS="753" WIDTH="70" HEIGHT="22" CONTENT="when" WC="0.72" CC="0315"/>
						<SP ID="P89_SP00184" HPOS="657" VPOS="785" WIDTH="20"/>
						<String ID="P89_ST00207" HPOS="677" VPOS="753" WIDTH="30" HEIGHT="22" CONTENT="he" WC="0.71" CC="50"/>
						<SP ID="P89_SP00185" HPOS="707" VPOS="785" WIDTH="19"/>
						<String ID="P89_ST00208" HPOS="726" VPOS="757" WIDTH="97" HEIGHT="18" CONTENT="mounts" WC="0.61" CC="101656"/>
						<SP ID="P89_SP00186" HPOS="823" VPOS="785" WIDTH="20"/>
						<String ID="P89_ST00209" HPOS="843" VPOS="753" WIDTH="38" HEIGHT="22" CONTENT="for" WC="0.62" CC="073"/>
						<SP ID="P89_SP00187" HPOS="881" VPOS="785" WIDTH="19"/>
						<String ID="P89_ST00210" HPOS="900" VPOS="754" WIDTH="39" HEIGHT="22" CONTENT="the" WC="0.85" CC="400"/>
					</TextLine>
					<TextLine ID="P89_TL00021" HPOS="93" VPOS="786" WIDTH="847" HEIGHT="32">
						<String ID="P89_ST00211" HPOS="93" VPOS="795" WIDTH="106" HEIGHT="23" CONTENT="purpose" WC="0.74" CC="9100050"/>
						<SP ID="P89_SP00188" HPOS="199" VPOS="818" WIDTH="14"/>
						<String ID="P89_ST00212" HPOS="213" VPOS="786" WIDTH="26" HEIGHT="23" CONTENT="of" WC="0.77" CC="40"/>
						<SP ID="P89_SP00189" HPOS="239" VPOS="818" WIDTH="10"/>
						<String ID="P89_ST00213" HPOS="249" VPOS="787" WIDTH="88" HEIGHT="31" CONTENT="riding." WC="0.77" CC="5300700"/>
						<SP ID="P89_SP00190" HPOS="337" VPOS="818" WIDTH="37"/>
						<String ID="P89_ST00214" HPOS="374" VPOS="786" WIDTH="53" HEIGHT="22" CONTENT="The" WC="0.78" CC="060"/>
						<SP ID="P89_SP00191" HPOS="427" VPOS="818" WIDTH="13"/>
						<String ID="P89_ST00215" HPOS="440" VPOS="791" WIDTH="82" HEIGHT="26" CONTENT="porter" WC="0.83" CC="002420"/>
						<SP ID="P89_SP00192" HPOS="522" VPOS="818" WIDTH="13"/>
						<String ID="P89_ST00216" HPOS="535" VPOS="790" WIDTH="64" HEIGHT="19" CONTENT="must" WC="0.88" CC="3100"/>
						<SP ID="P89_SP00193" HPOS="599" VPOS="818" WIDTH="14"/>
						<String ID="P89_ST00217" HPOS="613" VPOS="794" WIDTH="61" HEIGHT="22" CONTENT="open" WC="1.00" CC="0000"/>
						<SP ID="P89_SP00194" HPOS="674" VPOS="818" WIDTH="14"/>
						<String ID="P89_ST00218" HPOS="688" VPOS="787" WIDTH="41" HEIGHT="22" CONTENT="the" WC="0.79" CC="060"/>
						<SP ID="P89_SP00195" HPOS="729" VPOS="818" WIDTH="14"/>
						<String ID="P89_ST00219" HPOS="743" VPOS="786" WIDTH="65" HEIGHT="31" CONTENT="large" WC="0.49" CC="05990"/>
						<SP ID="P89_SP00196" HPOS="808" VPOS="818" WIDTH="20"/>
						<String ID="P89_ST00220" HPOS="828" VPOS="792" WIDTH="56" HEIGHT="26" CONTENT="gate" WC="0.78" CC="0800"/>
						<SP ID="P89_SP00197" HPOS="884" VPOS="818" WIDTH="18"/>
						<String ID="P89_ST00221" HPOS="902" VPOS="786" WIDTH="38" HEIGHT="23" CONTENT="for" WC="0.72" CC="602"/>
					</TextLine>
					<TextLine ID="P89_TL00022" HPOS="94" VPOS="820" WIDTH="845" HEIGHT="31">
						<String ID="P89_ST00222" HPOS="94" VPOS="821" WIDTH="51" HEIGHT="22" CONTENT="him" WC="0.75" CC="205"/>
						<SP ID="P89_SP00198" HPOS="145" VPOS="843" WIDTH="14"/>
						<String ID="P89_ST00223" HPOS="159" VPOS="821" WIDTH="68" HEIGHT="22" CONTENT="when" WC="0.84" CC="0006"/>
						<SP ID="P89_SP00199" HPOS="227" VPOS="843" WIDTH="15"/>
						<String ID="P89_ST00224" HPOS="242" VPOS="821" WIDTH="96" HEIGHT="29" CONTENT="coming" WC="0.49" CC="007679"/>
						<SP ID="P89_SP00200" HPOS="338" VPOS="850" WIDTH="14"/>
						<String ID="P89_ST00225" HPOS="352" VPOS="824" WIDTH="24" HEIGHT="18" CONTENT="to" WC="1.00" CC="00"/>
						<SP ID="P89_SP00201" HPOS="376" VPOS="850" WIDTH="14"/>
						<String ID="P89_ST00226" HPOS="390" VPOS="820" WIDTH="40" HEIGHT="22" CONTENT="the" WC="0.75" CC="520"/>
						<SP ID="P89_SP00202" HPOS="430" VPOS="850" WIDTH="14"/>
						<String ID="P89_ST00227" HPOS="444" VPOS="820" WIDTH="91" HEIGHT="30" CONTENT="palace," WC="0.71" CC="9400500"/>
						<SP ID="P89_SP00203" HPOS="535" VPOS="850" WIDTH="13"/>
						<String ID="P89_ST00228" HPOS="548" VPOS="820" WIDTH="48" HEIGHT="22" CONTENT="and" WC="0.94" CC="010"/>
						<SP ID="P89_SP00204" HPOS="596" VPOS="850" WIDTH="13"/>
						<String ID="P89_ST00229" HPOS="609" VPOS="820" WIDTH="24" HEIGHT="22" CONTENT="in" WC="0.73" CC="14"/>
						<SP ID="P89_SP00205" HPOS="633" VPOS="850" WIDTH="14"/>
						<String ID="P89_ST00230" HPOS="647" VPOS="820" WIDTH="74" HEIGHT="31" CONTENT="going" WC="0.90" CC="00040"/>
						<SP ID="P89_SP00206" HPOS="721" VPOS="851" WIDTH="14"/>
						<String ID="P89_ST00231" HPOS="735" VPOS="820" WIDTH="22" HEIGHT="22" CONTENT="in" WC="0.84" CC="02"/>
						<SP ID="P89_SP00207" HPOS="757" VPOS="851" WIDTH="14"/>
						<String ID="P89_ST00232" HPOS="771" VPOS="820" WIDTH="47" HEIGHT="22" CONTENT="and" WC="0.79" CC="060"/>
						<SP ID="P89_SP00208" HPOS="818" VPOS="851" WIDTH="11"/>
						<String ID="P89_ST00233" HPOS="829" VPOS="825" WIDTH="55" HEIGHT="22" CONTENT="out;" WC="0.56" CC="5056"/>
						<SP ID="P89_SP00209" HPOS="884" VPOS="851" WIDTH="18"/>
						<String ID="P89_ST00234" HPOS="902" VPOS="820" WIDTH="37" HEIGHT="24" CONTENT="for" WC="0.84" CC="030"/>
					</TextLine>
					<TextLine ID="P89_TL00023" HPOS="94" VPOS="853" WIDTH="845" HEIGHT="32">
						<String ID="P89_ST00235" HPOS="94" VPOS="855" WIDTH="31" HEIGHT="22" CONTENT="he" WC="0.83" CC="30"/>
						<SP ID="P89_SP00210" HPOS="125" VPOS="877" WIDTH="14"/>
						<String ID="P89_ST00236" HPOS="139" VPOS="858" WIDTH="63" HEIGHT="19" CONTENT="must" WC="0.70" CC="0560"/>
						<SP ID="P89_SP00211" HPOS="202" VPOS="877" WIDTH="13"/>
						<String ID="P89_ST00237" HPOS="215" VPOS="862" WIDTH="74" HEIGHT="14" CONTENT="never" WC="0.74" CC="70401"/>
						<SP ID="P89_SP00212" HPOS="289" VPOS="877" WIDTH="12"/>
						<String ID="P89_ST00238" HPOS="301" VPOS="862" WIDTH="31" HEIGHT="22" CONTENT="go" WC="1.00" CC="00"/>
						<SP ID="P89_SP00213" HPOS="332" VPOS="884" WIDTH="14"/>
						<String ID="P89_ST00239" HPOS="346" VPOS="853" WIDTH="107" HEIGHT="31" CONTENT="through" WC="0.78" CC="0305005"/>
						<SP ID="P89_SP00214" HPOS="453" VPOS="884" WIDTH="12"/>
						<String ID="P89_ST00240" HPOS="465" VPOS="854" WIDTH="41" HEIGHT="22" CONTENT="the" WC="0.84" CC="040"/>
						<SP ID="P89_SP00215" HPOS="506" VPOS="884" WIDTH="14"/>
						<String ID="P89_ST00241" HPOS="520" VPOS="853" WIDTH="66" HEIGHT="22" CONTENT="small" WC="0.53" CC="59160"/>
						<SP ID="P89_SP00216" HPOS="586" VPOS="884" WIDTH="13"/>
						<String ID="P89_ST00242" HPOS="599" VPOS="857" WIDTH="64" HEIGHT="27" CONTENT="gate," WC="0.81" CC="04301"/>
						<SP ID="P89_SP00217" HPOS="663" VPOS="884" WIDTH="10"/>
						<String ID="P89_ST00243" HPOS="673" VPOS="854" WIDTH="107" HEIGHT="22" CONTENT="whether" WC="0.61" CC="8770003"/>
						<SP ID="P89_SP00218" HPOS="780" VPOS="884" WIDTH="12"/>
						<String ID="P89_ST00244" HPOS="792" VPOS="854" WIDTH="23" HEIGHT="22" CONTENT="in" WC="0.57" CC="08"/>
						<SP ID="P89_SP00219" HPOS="815" VPOS="884" WIDTH="14"/>
						<String ID="P89_ST00245" HPOS="829" VPOS="855" WIDTH="74" HEIGHT="30" CONTENT="going" WC="0.74" CC="04080"/>
						<SP ID="P89_SP00220" HPOS="903" VPOS="885" WIDTH="10"/>
						<String ID="P89_ST00246" HPOS="913" VPOS="862" WIDTH="26" HEIGHT="15" CONTENT="or" WC="1.00" CC="00"/>
					</TextLine>
					<TextLine ID="P89_TL00024" HPOS="96" VPOS="886" WIDTH="844" HEIGHT="32">
						<String ID="P89_ST00247" HPOS="96" VPOS="887" WIDTH="123" HEIGHT="31" CONTENT='coming."' WC="0.80" CC="20600006"/>
						<SP ID="P89_SP00221" HPOS="219" VPOS="918" WIDTH="36"/>
						<String ID="P89_ST00248" HPOS="255" VPOS="887" WIDTH="54" HEIGHT="23" CONTENT="The" WC="1.00" CC="000"/>
						<SP ID="P89_SP00222" HPOS="309" VPOS="918" WIDTH="18"/>
						<String ID="P89_ST00249" HPOS="327" VPOS="891" WIDTH="88" HEIGHT="18" CONTENT="master" WC="0.75" CC="406004"/>
						<SP ID="P89_SP00223" HPOS="415" VPOS="918" WIDTH="18"/>
						<String ID="P89_ST00250" HPOS="433" VPOS="886" WIDTH="26" HEIGHT="23" CONTENT="of" WC="0.83" CC="30"/>
						<SP ID="P89_SP00224" HPOS="459" VPOS="918" WIDTH="14"/>
						<String ID="P89_ST00251" HPOS="473" VPOS="888" WIDTH="41" HEIGHT="21" CONTENT="the" WC="1.00" CC="000"/>
						<SP ID="P89_SP00225" HPOS="514" VPOS="918" WIDTH="17"/>
						<String ID="P89_ST00252" HPOS="531" VPOS="887" WIDTH="70" HEIGHT="23" CONTENT="horse" WC="0.56" CC="44660"/>
						<SP ID="P89_SP00226" HPOS="601" VPOS="918" WIDTH="22"/>
						<String ID="P89_ST00253" HPOS="623" VPOS="890" WIDTH="13" HEIGHT="10" CONTENT='"' WC="0.57" CC="4"/>
						<SP ID="P89_SP00227" HPOS="636" VPOS="918" WIDTH="11"/>
						<String ID="P89_ST00254" HPOS="647" VPOS="886" WIDTH="83" HEIGHT="24" CONTENT="claims" WC="0.88" CC="000060"/>
						<SP ID="P89_SP00228" HPOS="730" VPOS="918" WIDTH="20"/>
						<String ID="P89_ST00255" HPOS="750" VPOS="887" WIDTH="131" HEIGHT="31" CONTENT="fourpence" WC="0.82" CC="024000800"/>
						<SP ID="P89_SP00229" HPOS="881" VPOS="918" WIDTH="22"/>
						<String ID="P89_ST00256" HPOS="903" VPOS="887" WIDTH="37" HEIGHT="23" CONTENT="for" WC="0.77" CC="024"/>
					</TextLine>
					<TextLine ID="P89_TL00025" HPOS="94" VPOS="916" WIDTH="845" HEIGHT="36">
						<String ID="P89_ST00257" HPOS="94" VPOS="929" WIDTH="74" HEIGHT="23" CONTENT="every" WC="1.00" CC="00000"/>
						<SP ID="P89_SP00230" HPOS="168" VPOS="952" WIDTH="15"/>
						<String ID="P89_ST00258" HPOS="183" VPOS="916" WIDTH="70" HEIGHT="28" CONTENT="horse" WC="0.65" CC="70360"/>
						<SP ID="P89_SP00231" HPOS="253" VPOS="952" WIDTH="13"/>
						<String ID="P89_ST00259" HPOS="266" VPOS="921" WIDTH="79" HEIGHT="22" CONTENT="which" WC="0.88" CC="01300"/>
						<SP ID="P89_SP00232" HPOS="345" VPOS="952" WIDTH="14"/>
						<String ID="P89_ST00260" HPOS="359" VPOS="921" WIDTH="40" HEIGHT="22" CONTENT="the" WC="1.00" CC="000"/>
						<SP ID="P89_SP00233" HPOS="399" VPOS="952" WIDTH="14"/>
						<String ID="P89_ST00261" HPOS="413" VPOS="920" WIDTH="58" HEIGHT="32" CONTENT="king" WC="0.73" CC="0270"/>
						<SP ID="P89_SP00234" HPOS="471" VPOS="952" WIDTH="10"/>
						<String ID="P89_ST00262" HPOS="481" VPOS="921" WIDTH="74" HEIGHT="30" CONTENT="gives," WC="0.78" CC="050070"/>
						<SP ID="P89_SP00235" HPOS="555" VPOS="952" WIDTH="12"/>
						<String ID="P89_ST00263" HPOS="567" VPOS="924" WIDTH="87" HEIGHT="27" CONTENT="except" WC="0.96" CC="000001"/>
						<SP ID="P89_SP00236" HPOS="654" VPOS="952" WIDTH="12"/>
						<String ID="P89_ST00264" HPOS="666" VPOS="924" WIDTH="25" HEIGHT="19" CONTENT="to" WC="0.83" CC="03"/>
						<SP ID="P89_SP00237" HPOS="691" VPOS="952" WIDTH="13"/>
						<String ID="P89_ST00265" HPOS="704" VPOS="921" WIDTH="68" HEIGHT="22" CONTENT="three" WC="0.93" CC="00110"/>
						<SP ID="P89_SP00238" HPOS="772" VPOS="952" WIDTH="10"/>
						<String ID="P89_ST00266" HPOS="782" VPOS="929" WIDTH="53" HEIGHT="14" CONTENT="men" WC="0.58" CC="507"/>
						<SP ID="P89_SP00239" HPOS="835" VPOS="952" WIDTH="12"/>
						<String ID="P89_ST00267" HPOS="847" VPOS="931" WIDTH="5" HEIGHT="15" CONTENT=";" WC="0.32" CC="6"/>
						<SP ID="P89_SP00240" HPOS="852" VPOS="952" WIDTH="20"/>
						<String ID="P89_ST00268" HPOS="872" VPOS="922" WIDTH="67" HEIGHT="23" CONTENT="these" WC="0.69" CC="25060"/>
					</TextLine>
					<TextLine ID="P89_TL00026" HPOS="94" VPOS="953" WIDTH="846" HEIGHT="32">
						<String ID="P89_ST00269" HPOS="94" VPOS="963" WIDTH="42" HEIGHT="15" CONTENT="are" WC="0.56" CC="750"/>
						<SP ID="P89_SP00241" HPOS="136" VPOS="978" WIDTH="19"/>
						<String ID="P89_ST00270" HPOS="155" VPOS="955" WIDTH="40" HEIGHT="23" CONTENT="the" WC="1.00" CC="000"/>
						<SP ID="P89_SP00242" HPOS="195" VPOS="978" WIDTH="18"/>
						<String ID="P89_ST00271" HPOS="213" VPOS="955" WIDTH="97" HEIGHT="30" CONTENT="bishop," WC="0.71" CC="7220700"/>
						<SP ID="P89_SP00243" HPOS="310" VPOS="985" WIDTH="19"/>
						<String ID="P89_ST00272" HPOS="329" VPOS="955" WIDTH="41" HEIGHT="22" CONTENT="the" WC="0.89" CC="030"/>
						<SP ID="P89_SP00244" HPOS="370" VPOS="985" WIDTH="18"/>
						<String ID="P89_ST00273" HPOS="388" VPOS="957" WIDTH="89" HEIGHT="20" CONTENT="master" WC="0.70" CC="508003"/>
						<SP ID="P89_SP00245" HPOS="477" VPOS="985" WIDTH="18"/>
						<String ID="P89_ST00274" HPOS="495" VPOS="953" WIDTH="29" HEIGHT="23" CONTENT="of" WC="0.65" CC="70"/>
						<SP ID="P89_SP00246" HPOS="524" VPOS="985" WIDTH="14"/>
						<String ID="P89_ST00275" HPOS="538" VPOS="955" WIDTH="41" HEIGHT="22" CONTENT="the" WC="0.74" CC="070"/>
						<SP ID="P89_SP00247" HPOS="579" VPOS="985" WIDTH="18"/>
						<String ID="P89_ST00276" HPOS="597" VPOS="954" WIDTH="91" HEIGHT="28" CONTENT="hawks," WC="0.64" CC="708060"/>
						<SP ID="P89_SP00248" HPOS="688" VPOS="985" WIDTH="19"/>
						<String ID="P89_ST00277" HPOS="707" VPOS="955" WIDTH="45" HEIGHT="22" CONTENT="and" WC="0.63" CC="028"/>
						<SP ID="P89_SP00249" HPOS="752" VPOS="985" WIDTH="22"/>
						<String ID="P89_ST00278" HPOS="774" VPOS="955" WIDTH="39" HEIGHT="22" CONTENT="the" WC="0.44" CC="645"/>
						<SP ID="P89_SP00250" HPOS="813" VPOS="985" WIDTH="19"/>
						<String ID="P89_ST00279" HPOS="832" VPOS="955" WIDTH="108" HEIGHT="23" CONTENT="buffoon." WC="0.48" CC="56337663"/>
					</TextLine>
					<TextLine ID="P89_TL00027" HPOS="96" VPOS="987" WIDTH="843" HEIGHT="31">
						<String ID="P89_ST00280" HPOS="96" VPOS="989" WIDTH="42" HEIGHT="23" CONTENT="He" WC="0.78" CC="40"/>
						<SP ID="P89_SP00251" HPOS="138" VPOS="1012" WIDTH="13"/>
						<String ID="P89_ST00281" HPOS="151" VPOS="989" WIDTH="107" HEIGHT="23" CONTENT="receives" WC="0.76" CC="32200504"/>
						<SP ID="P89_SP00252" HPOS="258" VPOS="1012" WIDTH="13"/>
						<String ID="P89_ST00282" HPOS="271" VPOS="988" WIDTH="103" HEIGHT="30" CONTENT="nothing" WC="0.71" CC="8046010"/>
						<SP ID="P89_SP00253" HPOS="374" VPOS="1018" WIDTH="13"/>
						<String ID="P89_ST00283" HPOS="387" VPOS="987" WIDTH="38" HEIGHT="23" CONTENT="for" WC="0.74" CC="402"/>
						<SP ID="P89_SP00254" HPOS="425" VPOS="1018" WIDTH="12"/>
						<String ID="P89_ST00284" HPOS="437" VPOS="996" WIDTH="13" HEIGHT="14" CONTENT="a" WC="0.89" CC="1"/>
						<SP ID="P89_SP00255" HPOS="450" VPOS="1018" WIDTH="14"/>
						<String ID="P89_ST00285" HPOS="464" VPOS="988" WIDTH="69" HEIGHT="22" CONTENT="horse" WC="0.71" CC="52060"/>
						<SP ID="P89_SP00256" HPOS="533" VPOS="1018" WIDTH="14"/>
						<String ID="P89_ST00286" HPOS="547" VPOS="988" WIDTH="70" HEIGHT="30" CONTENT="given" WC="0.86" CC="00007"/>
						<SP ID="P89_SP00257" HPOS="617" VPOS="1018" WIDTH="15"/>
						<String ID="P89_ST00287" HPOS="632" VPOS="991" WIDTH="25" HEIGHT="19" CONTENT="to" WC="1.00" CC="00"/>
						<SP ID="P89_SP00258" HPOS="657" VPOS="1018" WIDTH="14"/>
						<String ID="P89_ST00288" HPOS="671" VPOS="988" WIDTH="39" HEIGHT="22" CONTENT="the" WC="0.57" CC="660"/>
						<SP ID="P89_SP00259" HPOS="710" VPOS="1018" WIDTH="14"/>
						<String ID="P89_ST00289" HPOS="724" VPOS="988" WIDTH="94" HEIGHT="30" CONTENT="bishop," WC="0.62" CC="0097071"/>
						<SP ID="P89_SP00260" HPOS="818" VPOS="1018" WIDTH="18"/>
						<String ID="P89_ST00290" HPOS="836" VPOS="989" WIDTH="103" HEIGHT="22" CONTENT="because" WC="0.65" CC="4006256"/>
					</TextLine>
					<TextLine ID="P89_TL00028" HPOS="95" VPOS="1020" WIDTH="844" HEIGHT="31">
						<String ID="P89_ST00291" HPOS="95" VPOS="1023" WIDTH="31" HEIGHT="22" CONTENT="he" WC="0.71" CC="50"/>
						<SP ID="P89_SP00261" HPOS="126" VPOS="1045" WIDTH="19"/>
						<String ID="P89_ST00292" HPOS="145" VPOS="1023" WIDTH="20" HEIGHT="22" CONTENT="is" WC="0.71" CC="05"/>
						<SP ID="P89_SP00262" HPOS="165" VPOS="1045" WIDTH="18"/>
						<String ID="P89_ST00293" HPOS="183" VPOS="1023" WIDTH="41" HEIGHT="22" CONTENT="the" WC="0.72" CC="160"/>
						<SP ID="P89_SP00263" HPOS="224" VPOS="1045" WIDTH="19"/>
						<String ID="P89_ST00294" HPOS="243" VPOS="1021" WIDTH="78" HEIGHT="30" CONTENT="king's" WC="0.52" CC="006965"/>
						<SP ID="P89_SP00264" HPOS="321" VPOS="1051" WIDTH="18"/>
						<String ID="P89_ST00295" HPOS="339" VPOS="1020" WIDTH="133" HEIGHT="28" CONTENT="confessor," WC="0.91" CC="0060000200"/>
						<SP ID="P89_SP00265" HPOS="472" VPOS="1051" WIDTH="14"/>
						<String ID="P89_ST00296" HPOS="486" VPOS="1022" WIDTH="59" HEIGHT="22" CONTENT="rises" WC="0.74" CC="60500"/>
						<SP ID="P89_SP00266" HPOS="545" VPOS="1051" WIDTH="19"/>
						<String ID="P89_ST00297" HPOS="564" VPOS="1029" WIDTH="32" HEIGHT="22" CONTENT="up" WC="1.00" CC="00"/>
						<SP ID="P89_SP00267" HPOS="596" VPOS="1051" WIDTH="19"/>
						<String ID="P89_ST00298" HPOS="615" VPOS="1021" WIDTH="81" HEIGHT="23" CONTENT="before" WC="0.87" CC="106000"/>
						<SP ID="P89_SP00268" HPOS="696" VPOS="1051" WIDTH="18"/>
						<String ID="P89_ST00299" HPOS="714" VPOS="1022" WIDTH="59" HEIGHT="26" CONTENT="him," WC="0.56" CC="7710"/>
						<SP ID="P89_SP00269" HPOS="773" VPOS="1051" WIDTH="17"/>
						<String ID="P89_ST00300" HPOS="790" VPOS="1023" WIDTH="41" HEIGHT="22" CONTENT="sits" WC="0.51" CC="8055"/>
						<SP ID="P89_SP00270" HPOS="831" VPOS="1051" WIDTH="20"/>
						<String ID="P89_ST00301" HPOS="851" VPOS="1023" WIDTH="88" HEIGHT="22" CONTENT="behind" WC="0.70" CC="702070"/>
					</TextLine>
					<TextLine ID="P89_TL00029" HPOS="95" VPOS="1051" WIDTH="844" HEIGHT="33">
						<String ID="P89_ST00302" HPOS="95" VPOS="1056" WIDTH="59" HEIGHT="28" CONTENT="him," WC="0.81" CC="5020"/>
						<SP ID="P89_SP00271" HPOS="154" VPOS="1084" WIDTH="19"/>
						<String ID="P89_ST00303" HPOS="173" VPOS="1057" WIDTH="47" HEIGHT="22" CONTENT="and" WC="0.76" CC="070"/>
						<SP ID="P89_SP00272" HPOS="220" VPOS="1084" WIDTH="22"/>
						<String ID="P89_ST00304" HPOS="242" VPOS="1051" WIDTH="69" HEIGHT="28" CONTENT="holds" WC="0.52" CC="60097"/>
						<SP ID="P89_SP00273" HPOS="311" VPOS="1084" WIDTH="24"/>
						<String ID="P89_ST00305" HPOS="335" VPOS="1055" WIDTH="36" HEIGHT="23" CONTENT="his" WC="0.72" CC="107"/>
						<SP ID="P89_SP00274" HPOS="371" VPOS="1084" WIDTH="19"/>
						<String ID="P89_ST00306" HPOS="390" VPOS="1055" WIDTH="91" HEIGHT="23" CONTENT="sleeves" WC="0.70" CC="6600007"/>
						<SP ID="P89_SP00275" HPOS="481" VPOS="1084" WIDTH="18"/>
						<String ID="P89_ST00307" HPOS="499" VPOS="1055" WIDTH="70" HEIGHT="22" CONTENT="while" WC="0.51" CC="97060"/>
						<SP ID="P89_SP00276" HPOS="569" VPOS="1084" WIDTH="20"/>
						<String ID="P89_ST00308" HPOS="589" VPOS="1055" WIDTH="40" HEIGHT="22" CONTENT="the" WC="0.79" CC="050"/>
						<SP ID="P89_SP00277" HPOS="629" VPOS="1084" WIDTH="20"/>
						<String ID="P89_ST00309" HPOS="649" VPOS="1055" WIDTH="58" HEIGHT="29" CONTENT="king" WC="0.70" CC="0029"/>
						<SP ID="P89_SP00278" HPOS="707" VPOS="1084" WIDTH="19"/>
						<String ID="P89_ST00310" HPOS="726" VPOS="1056" WIDTH="90" HEIGHT="22" CONTENT="washes" WC="0.53" CC="989000"/>
						<SP ID="P89_SP00279" HPOS="816" VPOS="1084" WIDTH="18"/>
						<String ID="P89_ST00311" HPOS="834" VPOS="1055" WIDTH="105" HEIGHT="24" CONTENT="himself." WC="0.77" CC="60070030"/>
					</TextLine>
					<TextLine ID="P89_TL00030" HPOS="96" VPOS="1088" WIDTH="843" HEIGHT="31">
						<String ID="P89_ST00312" HPOS="96" VPOS="1090" WIDTH="41" HEIGHT="22" CONTENT="He" WC="0.85" CC="20"/>
						<SP ID="P89_SP00280" HPOS="137" VPOS="1112" WIDTH="18"/>
						<String ID="P89_ST00313" HPOS="155" VPOS="1090" WIDTH="105" HEIGHT="22" CONTENT="receives" WC="0.76" CC="17720000"/>
						<SP ID="P89_SP00281" HPOS="260" VPOS="1112" WIDTH="17"/>
						<String ID="P89_ST00314" HPOS="277" VPOS="1089" WIDTH="103" HEIGHT="30" CONTENT="nothing" WC="0.74" CC="2057020"/>
						<SP ID="P89_SP00282" HPOS="380" VPOS="1119" WIDTH="18"/>
						<String ID="P89_ST00315" HPOS="398" VPOS="1089" WIDTH="61" HEIGHT="22" CONTENT="from" WC="0.60" CC="0545"/>
						<SP ID="P89_SP00283" HPOS="459" VPOS="1119" WIDTH="18"/>
						<String ID="P89_ST00316" HPOS="477" VPOS="1089" WIDTH="41" HEIGHT="22" CONTENT="the" WC="0.80" CC="050"/>
						<SP ID="P89_SP00284" HPOS="518" VPOS="1119" WIDTH="16"/>
						<String ID="P89_ST00317" HPOS="534" VPOS="1092" WIDTH="88" HEIGHT="19" CONTENT="master" WC="0.75" CC="706010"/>
						<SP ID="P89_SP00285" HPOS="622" VPOS="1119" WIDTH="17"/>
						<String ID="P89_ST00318" HPOS="639" VPOS="1088" WIDTH="28" HEIGHT="23" CONTENT="of" WC="0.61" CC="34"/>
						<SP ID="P89_SP00286" HPOS="667" VPOS="1119" WIDTH="10"/>
						<String ID="P89_ST00319" HPOS="677" VPOS="1089" WIDTH="40" HEIGHT="22" CONTENT="the" WC="0.74" CC="250"/>
						<SP ID="P89_SP00287" HPOS="717" VPOS="1119" WIDTH="18"/>
						<String ID="P89_ST00320" HPOS="735" VPOS="1089" WIDTH="91" HEIGHT="28" CONTENT="hawks," WC="0.77" CC="700060"/>
						<SP ID="P89_SP00288" HPOS="826" VPOS="1119" WIDTH="19"/>
						<String ID="P89_ST00321" HPOS="845" VPOS="1089" WIDTH="36" HEIGHT="23" CONTENT="for" WC="0.83" CC="031"/>
						<SP ID="P89_SP00289" HPOS="881" VPOS="1119" WIDTH="18"/>
						<String ID="P89_ST00322" HPOS="899" VPOS="1090" WIDTH="40" HEIGHT="22" CONTENT="the" WC="0.76" CC="070"/>
					</TextLine>
					<TextLine ID="P89_TL00031" HPOS="95" VPOS="1122" WIDTH="845" HEIGHT="32">
						<String ID="P89_ST00323" HPOS="95" VPOS="1123" WIDTH="60" HEIGHT="31" CONTENT="king" WC="0.68" CC="0038"/>
						<SP ID="P89_SP00290" HPOS="155" VPOS="1154" WIDTH="17"/>
						<String ID="P89_ST00324" HPOS="172" VPOS="1131" WIDTH="79" HEIGHT="14" CONTENT="serves" WC="0.59" CC="736007"/>
						<SP ID="P89_SP00291" HPOS="251" VPOS="1154" WIDTH="18"/>
						<String ID="P89_ST00325" HPOS="269" VPOS="1123" WIDTH="49" HEIGHT="22" CONTENT="him" WC="0.76" CC="600"/>
						<SP ID="P89_SP00292" HPOS="318" VPOS="1154" WIDTH="23"/>
						<String ID="P89_ST00326" HPOS="341" VPOS="1130" WIDTH="30" HEIGHT="15" CONTENT="on" WC="0.75" CC="50"/>
						<SP ID="P89_SP00293" HPOS="371" VPOS="1154" WIDTH="21"/>
						<String ID="P89_ST00327" HPOS="392" VPOS="1123" WIDTH="67" HEIGHT="22" CONTENT="three" WC="0.79" CC="45000"/>
						<SP ID="P89_SP00294" HPOS="459" VPOS="1154" WIDTH="22"/>
						<String ID="P89_ST00328" HPOS="481" VPOS="1123" WIDTH="124" HEIGHT="22" CONTENT="occasions" WC="0.89" CC="040000004"/>
						<String ID="P89_ST00329" HPOS="614" VPOS="1131" WIDTH="5" HEIGHT="14" CONTENT=":" WC="1.00" CC="0"/>
						<SP ID="P89_SP00295" HPOS="619" VPOS="1154" WIDTH="24"/>
						<String ID="P89_ST00330" HPOS="643" VPOS="1122" WIDTH="68" HEIGHT="23" CONTENT="when" WC="0.48" CC="9314"/>
						<SP ID="P89_SP00296" HPOS="711" VPOS="1154" WIDTH="22"/>
						<String ID="P89_ST00331" HPOS="733" VPOS="1123" WIDTH="29" HEIGHT="22" CONTENT="he" WC="0.28" CC="76"/>
						<SP ID="P89_SP00297" HPOS="762" VPOS="1154" WIDTH="19"/>
						<String ID="P89_ST00332" HPOS="781" VPOS="1130" WIDTH="101" HEIGHT="23" CONTENT="pursues" WC="0.56" CC="0655057"/>
						<SP ID="P89_SP00298" HPOS="882" VPOS="1154" WIDTH="22"/>
						<String ID="P89_ST00333" HPOS="904" VPOS="1123" WIDTH="36" HEIGHT="22" CONTENT="his" WC="0.93" CC="001"/>
					</TextLine>
					<TextLine ID="P89_TL00032" HPOS="95" VPOS="1156" WIDTH="844" HEIGHT="32">
						<String ID="P89_ST00334" HPOS="95" VPOS="1157" WIDTH="80" HEIGHT="26" CONTENT="hawk," WC="0.70" CC="40090"/>
						<SP ID="P89_SP00299" HPOS="175" VPOS="1183" WIDTH="9"/>
						<String ID="P89_ST00335" HPOS="184" VPOS="1157" WIDTH="41" HEIGHT="22" CONTENT="the" WC="0.83" CC="040"/>
						<SP ID="P89_SP00300" HPOS="225" VPOS="1183" WIDTH="11"/>
						<String ID="P89_ST00336" HPOS="236" VPOS="1156" WIDTH="58" HEIGHT="32" CONTENT="king" WC="0.71" CC="6040"/>
						<SP ID="P89_SP00301" HPOS="294" VPOS="1188" WIDTH="10"/>
						<String ID="P89_ST00337" HPOS="304" VPOS="1156" WIDTH="68" HEIGHT="23" CONTENT="holds" WC="0.77" CC="04006"/>
						<SP ID="P89_SP00302" HPOS="372" VPOS="1188" WIDTH="9"/>
						<String ID="P89_ST00338" HPOS="381" VPOS="1156" WIDTH="35" HEIGHT="22" CONTENT="his" WC="0.59" CC="606"/>
						<SP ID="P89_SP00303" HPOS="416" VPOS="1188" WIDTH="10"/>
						<String ID="P89_ST00339" HPOS="426" VPOS="1156" WIDTH="77" HEIGHT="28" CONTENT="horse," WC="0.64" CC="076700"/>
						<SP ID="P89_SP00304" HPOS="503" VPOS="1188" WIDTH="11"/>
						<String ID="P89_ST00340" HPOS="514" VPOS="1164" WIDTH="25" HEIGHT="14" CONTENT="as" WC="0.76" CC="04"/>
						<SP ID="P89_SP00305" HPOS="539" VPOS="1188" WIDTH="14"/>
						<String ID="P89_ST00341" HPOS="553" VPOS="1156" WIDTH="28" HEIGHT="22" CONTENT="he" WC="0.83" CC="03"/>
						<SP ID="P89_SP00306" HPOS="581" VPOS="1188" WIDTH="11"/>
						<String ID="P89_ST00342" HPOS="592" VPOS="1156" WIDTH="70" HEIGHT="22" CONTENT="holds" WC="0.97" CC="00001"/>
						<SP ID="P89_SP00307" HPOS="662" VPOS="1188" WIDTH="12"/>
						<String ID="P89_ST00343" HPOS="674" VPOS="1156" WIDTH="37" HEIGHT="22" CONTENT="his" WC="0.42" CC="457"/>
						<SP ID="P89_SP00308" HPOS="711" VPOS="1188" WIDTH="11"/>
						<String ID="P89_ST00344" HPOS="722" VPOS="1156" WIDTH="69" HEIGHT="23" CONTENT="horse" WC="0.44" CC="64690"/>
						<SP ID="P89_SP00309" HPOS="791" VPOS="1188" WIDTH="11"/>
						<String ID="P89_ST00345" HPOS="802" VPOS="1156" WIDTH="58" HEIGHT="23" CONTENT="both" WC="0.74" CC="7020"/>
						<SP ID="P89_SP00310" HPOS="860" VPOS="1188" WIDTH="10"/>
						<String ID="P89_ST00346" HPOS="870" VPOS="1156" WIDTH="69" HEIGHT="22" CONTENT="when" WC="0.47" CC="9730"/>
					</TextLine>
					<TextLine ID="P89_TL00033" HPOS="95" VPOS="1189" WIDTH="844" HEIGHT="32">
						<String ID="P89_ST00347" HPOS="95" VPOS="1191" WIDTH="31" HEIGHT="22" CONTENT="he" WC="0.88" CC="20"/>
						<SP ID="P89_SP00311" HPOS="126" VPOS="1213" WIDTH="13"/>
						<String ID="P89_ST00348" HPOS="139" VPOS="1190" WIDTH="95" HEIGHT="31" CONTENT="alights," WC="0.74" CC="12007360"/>
						<SP ID="P89_SP00312" HPOS="234" VPOS="1221" WIDTH="15"/>
						<String ID="P89_ST00349" HPOS="249" VPOS="1190" WIDTH="46" HEIGHT="22" CONTENT="and" WC="0.73" CC="070"/>
						<SP ID="P89_SP00313" HPOS="295" VPOS="1221" WIDTH="15"/>
						<String ID="P89_ST00350" HPOS="310" VPOS="1190" WIDTH="67" HEIGHT="22" CONTENT="when" WC="0.83" CC="0006"/>
						<SP ID="P89_SP00314" HPOS="377" VPOS="1221" WIDTH="16"/>
						<String ID="P89_ST00351" HPOS="393" VPOS="1189" WIDTH="29" HEIGHT="23" CONTENT="he" WC="0.55" CC="53"/>
						<SP ID="P89_SP00315" HPOS="422" VPOS="1221" WIDTH="15"/>
						<String ID="P89_ST00352" HPOS="437" VPOS="1194" WIDTH="96" HEIGHT="18" CONTENT="mounts" WC="0.70" CC="830500"/>
						<SP ID="P89_SP00316" HPOS="533" VPOS="1221" WIDTH="14"/>
						<String ID="P89_ST00353" HPOS="547" VPOS="1189" WIDTH="30" HEIGHT="22" CONTENT="he" WC="0.70" CC="50"/>
						<SP ID="P89_SP00317" HPOS="577" VPOS="1221" WIDTH="14"/>
						<String ID="P89_ST00354" HPOS="591" VPOS="1194" WIDTH="64" HEIGHT="18" CONTENT="must" WC="0.58" CC="9060"/>
						<SP ID="P89_SP00318" HPOS="655" VPOS="1221" WIDTH="14"/>
						<String ID="P89_ST00355" HPOS="669" VPOS="1189" WIDTH="55" HEIGHT="22" CONTENT="hold" WC="0.76" CC="2700"/>
						<SP ID="P89_SP00319" HPOS="724" VPOS="1221" WIDTH="15"/>
						<String ID="P89_ST00356" HPOS="739" VPOS="1190" WIDTH="35" HEIGHT="22" CONTENT="his" WC="0.42" CC="655"/>
						<SP ID="P89_SP00320" HPOS="774" VPOS="1221" WIDTH="10"/>
						<String ID="P89_ST00357" HPOS="784" VPOS="1190" WIDTH="99" HEIGHT="30" CONTENT="stirrup," WC="0.74" CC="42046001"/>
						<SP ID="P89_SP00321" HPOS="883" VPOS="1221" WIDTH="10"/>
						<String ID="P89_ST00358" HPOS="893" VPOS="1190" WIDTH="46" HEIGHT="22" CONTENT="and" WC="0.88" CC="030"/>
					</TextLine>
					<TextLine ID="P89_TL00034" HPOS="95" VPOS="1223" WIDTH="845" HEIGHT="31">
						<String ID="P89_ST00359" HPOS="95" VPOS="1225" WIDTH="31" HEIGHT="22" CONTENT="he" WC="0.73" CC="50"/>
						<SP ID="P89_SP00322" HPOS="126" VPOS="1247" WIDTH="19"/>
						<String ID="P89_ST00360" HPOS="145" VPOS="1224" WIDTH="70" HEIGHT="23" CONTENT="holds" WC="0.72" CC="70006"/>
						<SP ID="P89_SP00323" HPOS="215" VPOS="1247" WIDTH="17"/>
						<String ID="P89_ST00361" HPOS="232" VPOS="1224" WIDTH="37" HEIGHT="22" CONTENT="his" WC="0.64" CC="406"/>
						<SP ID="P89_SP00324" HPOS="269" VPOS="1247" WIDTH="19"/>
						<String ID="P89_ST00362" HPOS="288" VPOS="1224" WIDTH="69" HEIGHT="23" CONTENT="horse" WC="0.71" CC="65210"/>
						<SP ID="P89_SP00325" HPOS="357" VPOS="1247" WIDTH="21"/>
						<String ID="P89_ST00363" HPOS="378" VPOS="1223" WIDTH="69" HEIGHT="23" CONTENT="when" WC="0.76" CC="0404"/>
						<SP ID="P89_SP00326" HPOS="447" VPOS="1247" WIDTH="20"/>
						<String ID="P89_ST00364" HPOS="467" VPOS="1224" WIDTH="29" HEIGHT="22" CONTENT="he" WC="1.00" CC="00"/>
						<SP ID="P89_SP00327" HPOS="496" VPOS="1247" WIDTH="19"/>
						<String ID="P89_ST00365" HPOS="515" VPOS="1231" WIDTH="59" HEIGHT="23" CONTENT="goes" WC="0.79" CC="0215"/>
						<SP ID="P89_SP00328" HPOS="574" VPOS="1254" WIDTH="19"/>
						<String ID="P89_ST00366" HPOS="593" VPOS="1231" WIDTH="65" HEIGHT="22" CONTENT="upon" WC="0.58" CC="0816"/>
						<SP ID="P89_SP00329" HPOS="658" VPOS="1254" WIDTH="20"/>
						<String ID="P89_ST00367" HPOS="678" VPOS="1223" WIDTH="35" HEIGHT="22" CONTENT="his" WC="0.55" CC="606"/>
						<SP ID="P89_SP00330" HPOS="713" VPOS="1254" WIDTH="18"/>
						<String ID="P89_ST00368" HPOS="731" VPOS="1231" WIDTH="125" HEIGHT="23" CONTENT="necessary" WC="0.51" CC="730467068"/>
						<SP ID="P89_SP00331" HPOS="856" VPOS="1254" WIDTH="16"/>
						<String ID="P89_ST00369" HPOS="872" VPOS="1224" WIDTH="68" HEIGHT="30" CONTENT="duty." WC="1.00" CC="00000"/>
					</TextLine>
					<TextLine ID="P89_TL00035" HPOS="96" VPOS="1252" WIDTH="845" HEIGHT="36">
						<String ID="P89_ST00370" HPOS="96" VPOS="1257" WIDTH="104" HEIGHT="24" CONTENT="Neither" WC="0.82" CC="0160003"/>
						<SP ID="P89_SP00332" HPOS="200" VPOS="1281" WIDTH="20"/>
						<String ID="P89_ST00371" HPOS="220" VPOS="1258" WIDTH="57" HEIGHT="22" CONTENT="does" WC="0.75" CC="0009"/>
						<SP ID="P89_SP00333" HPOS="277" VPOS="1281" WIDTH="21"/>
						<String ID="P89_ST00372" HPOS="298" VPOS="1257" WIDTH="29" HEIGHT="23" CONTENT="he" WC="1.00" CC="00"/>
						<SP ID="P89_SP00334" HPOS="327" VPOS="1281" WIDTH="21"/>
						<String ID="P89_ST00373" HPOS="348" VPOS="1261" WIDTH="40" HEIGHT="27" CONTENT="get" WC="1.00" CC="000"/>
						<SP ID="P89_SP00335" HPOS="388" VPOS="1288" WIDTH="21"/>
						<String ID="P89_ST00374" HPOS="409" VPOS="1257" WIDTH="119" HEIGHT="31" CONTENT="anything" WC="0.75" CC="03900510"/>
						<SP ID="P89_SP00336" HPOS="528" VPOS="1288" WIDTH="20"/>
						<String ID="P89_ST00375" HPOS="548" VPOS="1256" WIDTH="28" HEIGHT="23" CONTENT="of" WC="0.95" CC="01"/>
						<SP ID="P89_SP00337" HPOS="576" VPOS="1288" WIDTH="19"/>
						<String ID="P89_ST00376" HPOS="595" VPOS="1258" WIDTH="40" HEIGHT="21" CONTENT="the" WC="1.00" CC="000"/>
						<SP ID="P89_SP00338" HPOS="635" VPOS="1288" WIDTH="22"/>
						<String ID="P89_ST00377" HPOS="657" VPOS="1256" WIDTH="107" HEIGHT="27" CONTENT="buffoon," WC="0.73" CC="61000560"/>
						<SP ID="P89_SP00339" HPOS="764" VPOS="1288" WIDTH="22"/>
						<String ID="P89_ST00378" HPOS="786" VPOS="1257" WIDTH="103" HEIGHT="22" CONTENT="because" WC="0.78" CC="3060041"/>
						<SP ID="P89_SP00340" HPOS="889" VPOS="1288" WIDTH="22"/>
						<String ID="P89_ST00379" HPOS="911" VPOS="1252" WIDTH="30" HEIGHT="28" CONTENT="he" WC="0.61" CC="70"/>
					</TextLine>
					<TextLine ID="P89_TL00036" HPOS="96" VPOS="1289" WIDTH="844" HEIGHT="28">
						<String ID="P89_ST00380" HPOS="96" VPOS="1295" WIDTH="65" HEIGHT="20" CONTENT="must" WC="0.50" CC="5076"/>
						<SP ID="P89_SP00341" HPOS="161" VPOS="1315" WIDTH="14"/>
						<String ID="P89_ST00381" HPOS="175" VPOS="1292" WIDTH="31" HEIGHT="22" CONTENT="tie" WC="0.84" CC="400"/>
						<SP ID="P89_SP00342" HPOS="206" VPOS="1315" WIDTH="15"/>
						<String ID="P89_ST00382" HPOS="221" VPOS="1292" WIDTH="39" HEIGHT="22" CONTENT="the" WC="0.93" CC="200"/>
						<SP ID="P89_SP00343" HPOS="260" VPOS="1315" WIDTH="15"/>
						<String ID="P89_ST00383" HPOS="275" VPOS="1291" WIDTH="77" HEIGHT="23" CONTENT="halter" WC="0.66" CC="300475"/>
						<SP ID="P89_SP00344" HPOS="352" VPOS="1315" WIDTH="13"/>
						<String ID="P89_ST00384" HPOS="365" VPOS="1291" WIDTH="77" HEIGHT="23" CONTENT="round" WC="0.85" CC="00070"/>
						<SP ID="P89_SP00345" HPOS="442" VPOS="1315" WIDTH="14"/>
						<String ID="P89_ST00385" HPOS="456" VPOS="1291" WIDTH="41" HEIGHT="23" CONTENT="the" WC="0.98" CC="000"/>
						<SP ID="P89_SP00346" HPOS="497" VPOS="1315" WIDTH="18"/>
						<String ID="P89_ST00386" HPOS="515" VPOS="1289" WIDTH="90" HEIGHT="24" CONTENT="horse's" WC="0.77" CC="5006003"/>
						<SP ID="P89_SP00347" HPOS="605" VPOS="1315" WIDTH="19"/>
						<String ID="P89_ST00387" HPOS="624" VPOS="1290" WIDTH="50" HEIGHT="27" CONTENT="tail," WC="1.00" CC="00000"/>
						<SP ID="P89_SP00348" HPOS="674" VPOS="1317" WIDTH="14"/>
						<String ID="P89_ST00388" HPOS="688" VPOS="1290" WIDTH="47" HEIGHT="22" CONTENT="and" WC="0.89" CC="030"/>
						<SP ID="P89_SP00349" HPOS="735" VPOS="1317" WIDTH="20"/>
						<String ID="P89_ST00389" HPOS="755" VPOS="1290" WIDTH="51" HEIGHT="23" CONTENT="ride" WC="0.69" CC="6006"/>
						<SP ID="P89_SP00350" HPOS="806" VPOS="1317" WIDTH="18"/>
						<String ID="P89_ST00390" HPOS="824" VPOS="1290" WIDTH="41" HEIGHT="23" CONTENT="the" WC="0.76" CC="070"/>
						<SP ID="P89_SP00351" HPOS="865" VPOS="1317" WIDTH="19"/>
						<String ID="P89_ST00391" HPOS="884" VPOS="1298" WIDTH="56" HEIGHT="16" CONTENT="con" SUBS_TYPE="HypPart1" SUBS_CONTENT="contrary" WC="0.78" CC="3040"/>
						<HYP CONTENT="-"/>
					</TextLine>
					<TextLine ID="P89_TL00037" HPOS="96" VPOS="1323" WIDTH="844" HEIGHT="33">
						<String ID="P89_ST00392" HPOS="96" VPOS="1329" WIDTH="66" HEIGHT="26" CONTENT="trary" SUBS_TYPE="HypPart2" SUBS_CONTENT="contrary" WC="0.71" CC="51060"/>
						<SP ID="P89_SP00352" HPOS="162" VPOS="1355" WIDTH="15"/>
						<String ID="P89_ST00393" HPOS="177" VPOS="1333" WIDTH="52" HEIGHT="23" CONTENT="way" WC="1.00" CC="000"/>
						<SP ID="P89_SP00353" HPOS="229" VPOS="1356" WIDTH="14"/>
						<String ID="P89_ST00394" HPOS="243" VPOS="1325" WIDTH="67" HEIGHT="23" CONTENT="when" WC="0.94" CC="0002"/>
						<SP ID="P89_SP00354" HPOS="310" VPOS="1356" WIDTH="15"/>
						<String ID="P89_ST00395" HPOS="325" VPOS="1325" WIDTH="30" HEIGHT="23" CONTENT="he" WC="0.66" CC="60"/>
						<SP ID="P89_SP00355" HPOS="355" VPOS="1356" WIDTH="13"/>
						<String ID="P89_ST00396" HPOS="368" VPOS="1333" WIDTH="58" HEIGHT="22" CONTENT="goes" WC="0.68" CC="0344"/>
						<SP ID="P89_SP00356" HPOS="426" VPOS="1356" WIDTH="13"/>
						<String ID="P89_ST00397" HPOS="439" VPOS="1324" WIDTH="62" HEIGHT="24" CONTENT="from" WC="0.82" CC="0105"/>
						<SP ID="P89_SP00357" HPOS="501" VPOS="1356" WIDTH="19"/>
						<String ID="P89_ST00398" HPOS="520" VPOS="1324" WIDTH="41" HEIGHT="23" CONTENT="the" WC="1.00" CC="000"/>
						<SP ID="P89_SP00358" HPOS="561" VPOS="1356" WIDTH="18"/>
						<String ID="P89_ST00399" HPOS="579" VPOS="1324" WIDTH="91" HEIGHT="31" CONTENT="palace." WC="0.77" CC="0069000"/>
						<SP ID="P89_SP00359" HPOS="670" VPOS="1356" WIDTH="37"/>
						<String ID="P89_ST00400" HPOS="707" VPOS="1323" WIDTH="53" HEIGHT="23" CONTENT="The" WC="0.77" CC="060"/>
						<SP ID="P89_SP00360" HPOS="760" VPOS="1356" WIDTH="18"/>
						<String ID="P89_ST00401" HPOS="778" VPOS="1332" WIDTH="62" HEIGHT="22" CONTENT="page" WC="0.75" CC="0090"/>
						<SP ID="P89_SP00361" HPOS="840" VPOS="1356" WIDTH="18"/>
						<String ID="P89_ST00402" HPOS="858" VPOS="1324" WIDTH="27" HEIGHT="22" CONTENT="of" WC="0.69" CC="06"/>
						<SP ID="P89_SP00362" HPOS="885" VPOS="1356" WIDTH="15"/>
						<String ID="P89_ST00403" HPOS="900" VPOS="1324" WIDTH="40" HEIGHT="23" CONTENT="the" WC="1.00" CC="000"/>
					</TextLine>
					<TextLine ID="P89_TL00038" HPOS="95" VPOS="1357" WIDTH="845" HEIGHT="31">
						<String ID="P89_ST00404" HPOS="95" VPOS="1360" WIDTH="117" HEIGHT="23" CONTENT="chamber" WC="0.66" CC="3707600"/>
						<SP ID="P89_SP00363" HPOS="212" VPOS="1383" WIDTH="12"/>
						<String ID="P89_ST00405" HPOS="224" VPOS="1362" WIDTH="64" HEIGHT="20" CONTENT="must" WC="0.55" CC="6045"/>
						<SP ID="P89_SP00364" HPOS="288" VPOS="1383" WIDTH="13"/>
						<String ID="P89_ST00406" HPOS="301" VPOS="1359" WIDTH="56" HEIGHT="23" CONTENT="take" WC="1.00" CC="0000"/>
						<SP ID="P89_SP00365" HPOS="357" VPOS="1383" WIDTH="13"/>
						<String ID="P89_ST00407" HPOS="370" VPOS="1366" WIDTH="55" HEIGHT="16" CONTENT="care" WC="0.78" CC="3050"/>
						<SP ID="P89_SP00366" HPOS="425" VPOS="1383" WIDTH="12"/>
						<String ID="P89_ST00408" HPOS="437" VPOS="1358" WIDTH="28" HEIGHT="23" CONTENT="of" WC="1.00" CC="00"/>
						<SP ID="P89_SP00367" HPOS="465" VPOS="1383" WIDTH="10"/>
						<String ID="P89_ST00409" HPOS="475" VPOS="1359" WIDTH="41" HEIGHT="22" CONTENT="the" WC="0.83" CC="050"/>
						<SP ID="P89_SP00368" HPOS="516" VPOS="1383" WIDTH="14"/>
						<String ID="P89_ST00410" HPOS="530" VPOS="1358" WIDTH="122" HEIGHT="26" CONTENT="chamber," WC="0.86" CC="04002300"/>
						<SP ID="P89_SP00369" HPOS="652" VPOS="1384" WIDTH="16"/>
						<String ID="P89_ST00411" HPOS="668" VPOS="1357" WIDTH="69" HEIGHT="23" CONTENT="make" WC="0.68" CC="5007"/>
						<SP ID="P89_SP00370" HPOS="737" VPOS="1384" WIDTH="14"/>
						<String ID="P89_ST00412" HPOS="751" VPOS="1358" WIDTH="40" HEIGHT="22" CONTENT="the" WC="0.72" CC="340"/>
						<SP ID="P89_SP00371" HPOS="791" VPOS="1384" WIDTH="14"/>
						<String ID="P89_ST00413" HPOS="805" VPOS="1357" WIDTH="78" HEIGHT="31" CONTENT="king's" WC="0.67" CC="261900"/>
						<SP ID="P89_SP00372" HPOS="883" VPOS="1388" WIDTH="12"/>
						<String ID="P89_ST00414" HPOS="895" VPOS="1358" WIDTH="45" HEIGHT="23" CONTENT="bed" WC="0.76" CC="700"/>
					</TextLine>
					<TextLine ID="P89_TL00039" HPOS="98" VPOS="1391" WIDTH="842" HEIGHT="34">
						<String ID="P89_ST00415" HPOS="98" VPOS="1393" WIDTH="43" HEIGHT="32" CONTENT="(of" WC="0.94" CC="010"/>
						<SP ID="P89_SP00373" HPOS="141" VPOS="1425" WIDTH="10"/>
						<String ID="P89_ST00416" HPOS="151" VPOS="1392" WIDTH="93" HEIGHT="31" CONTENT="straw)," WC="0.79" CC="7250000"/>
						<SP ID="P89_SP00374" HPOS="244" VPOS="1425" WIDTH="15"/>
						<String ID="P89_ST00417" HPOS="259" VPOS="1393" WIDTH="45" HEIGHT="22" CONTENT="and" WC="0.93" CC="020"/>
						<SP ID="P89_SP00375" HPOS="304" VPOS="1425" WIDTH="15"/>
						<String ID="P89_ST00418" HPOS="319" VPOS="1393" WIDTH="30" HEIGHT="22" CONTENT="do" WC="1.00" CC="00"/>
						<SP ID="P89_SP00376" HPOS="349" VPOS="1425" WIDTH="14"/>
						<String ID="P89_ST00419" HPOS="363" VPOS="1393" WIDTH="30" HEIGHT="22" CONTENT="all" WC="0.99" CC="000"/>
						<SP ID="P89_SP00377" HPOS="393" VPOS="1425" WIDTH="15"/>
						<String ID="P89_ST00420" HPOS="408" VPOS="1400" WIDTH="128" HEIGHT="22" CONTENT="necessary" WC="0.78" CC="600045020"/>
						<SP ID="P89_SP00378" HPOS="536" VPOS="1425" WIDTH="14"/>
						<String ID="P89_ST00421" HPOS="550" VPOS="1392" WIDTH="110" HEIGHT="22" CONTENT="business" WC="0.56" CC="67707006"/>
						<SP ID="P89_SP00379" HPOS="660" VPOS="1425" WIDTH="14"/>
						<String ID="P89_ST00422" HPOS="674" VPOS="1391" WIDTH="108" HEIGHT="23" CONTENT="between" WC="0.77" CC="4050005"/>
						<SP ID="P89_SP00380" HPOS="782" VPOS="1425" WIDTH="16"/>
						<String ID="P89_ST00423" HPOS="798" VPOS="1392" WIDTH="18" HEIGHT="22" CONTENT="it" WC="1.00" CC="00"/>
						<SP ID="P89_SP00381" HPOS="816" VPOS="1425" WIDTH="18"/>
						<String ID="P89_ST00424" HPOS="834" VPOS="1392" WIDTH="47" HEIGHT="22" CONTENT="and" WC="0.81" CC="050"/>
						<SP ID="P89_SP00382" HPOS="881" VPOS="1425" WIDTH="19"/>
						<String ID="P89_ST00425" HPOS="900" VPOS="1392" WIDTH="40" HEIGHT="23" CONTENT="the" WC="0.99" CC="000"/>
					</TextLine>
					<TextLine ID="P89_TL00040" HPOS="94" VPOS="1424" WIDTH="845" HEIGHT="31">
						<String ID="P89_ST00426" HPOS="94" VPOS="1427" WIDTH="58" HEIGHT="23" CONTENT="hall." WC="0.85" CC="51000"/>
						<SP ID="P89_SP00383" HPOS="152" VPOS="1450" WIDTH="37"/>
						<String ID="P89_ST00427" HPOS="189" VPOS="1426" WIDTH="40" HEIGHT="23" CONTENT="He" WC="0.73" CC="50"/>
						<SP ID="P89_SP00384" HPOS="229" VPOS="1450" WIDTH="20"/>
						<String ID="P89_ST00428" HPOS="249" VPOS="1427" WIDTH="19" HEIGHT="22" CONTENT="is" WC="0.60" CC="43"/>
						<SP ID="P89_SP00385" HPOS="268" VPOS="1450" WIDTH="20"/>
						<String ID="P89_ST00429" HPOS="288" VPOS="1426" WIDTH="100" HEIGHT="23" CONTENT="entitled" WC="0.84" CC="05130020"/>
						<SP ID="P89_SP00386" HPOS="388" VPOS="1450" WIDTH="20"/>
						<String ID="P89_ST00430" HPOS="408" VPOS="1430" WIDTH="24" HEIGHT="19" CONTENT="to" WC="1.00" CC="00"/>
						<SP ID="P89_SP00387" HPOS="432" VPOS="1450" WIDTH="20"/>
						<String ID="P89_ST00431" HPOS="452" VPOS="1426" WIDTH="40" HEIGHT="23" CONTENT="the" WC="0.79" CC="060"/>
						<SP ID="P89_SP00388" HPOS="492" VPOS="1450" WIDTH="21"/>
						<String ID="P89_ST00432" HPOS="513" VPOS="1425" WIDTH="78" HEIGHT="30" CONTENT="king's" WC="0.73" CC="006036"/>
						<SP ID="P89_SP00389" HPOS="591" VPOS="1455" WIDTH="18"/>
						<String ID="P89_ST00433" HPOS="609" VPOS="1425" WIDTH="40" HEIGHT="22" CONTENT="old" WC="0.75" CC="700"/>
						<SP ID="P89_SP00390" HPOS="649" VPOS="1455" WIDTH="20"/>
						<String ID="P89_ST00434" HPOS="669" VPOS="1424" WIDTH="175" HEIGHT="24" CONTENT='bed-clothes."' WC="0.72" CC="0500703460503"/>
						<SP ID="P89_SP00391" HPOS="844" VPOS="1455" WIDTH="42"/>
						<String ID="P89_ST00435" HPOS="886" VPOS="1425" WIDTH="53" HEIGHT="24" CONTENT="The" WC="0.76" CC="070"/>
					</TextLine>
					<TextLine ID="P89_TL00041" HPOS="94" VPOS="1459" WIDTH="845" HEIGHT="32">
						<String ID="P89_ST00436" HPOS="94" VPOS="1461" WIDTH="79" HEIGHT="23" CONTENT="duties" WC="0.68" CC="000665"/>
						<SP ID="P89_SP00392" HPOS="173" VPOS="1484" WIDTH="14"/>
						<String ID="P89_ST00437" HPOS="187" VPOS="1460" WIDTH="46" HEIGHT="23" CONTENT="and" WC="0.85" CC="040"/>
						<SP ID="P89_SP00393" HPOS="233" VPOS="1484" WIDTH="14"/>
						<String ID="P89_ST00438" HPOS="247" VPOS="1460" WIDTH="129" HEIGHT="31" CONTENT="privileges" WC="0.70" CC="0100546506"/>
						<SP ID="P89_SP00394" HPOS="376" VPOS="1491" WIDTH="13"/>
						<String ID="P89_ST00439" HPOS="389" VPOS="1460" WIDTH="28" HEIGHT="22" CONTENT="of" WC="0.79" CC="03"/>
						<SP ID="P89_SP00395" HPOS="417" VPOS="1491" WIDTH="14"/>
						<String ID="P89_ST00440" HPOS="431" VPOS="1460" WIDTH="40" HEIGHT="22" CONTENT="the" WC="0.59" CC="650"/>
						<SP ID="P89_SP00396" HPOS="471" VPOS="1491" WIDTH="20"/>
						<String ID="P89_ST00441" HPOS="491" VPOS="1459" WIDTH="117" HEIGHT="23" CONTENT="domestic" WC="0.71" CC="00079400"/>
						<SP ID="P89_SP00397" HPOS="608" VPOS="1491" WIDTH="11"/>
						<String ID="P89_ST00442" HPOS="619" VPOS="1459" WIDTH="59" HEIGHT="22" CONTENT="bard" WC="0.85" CC="0600"/>
						<SP ID="P89_SP00398" HPOS="678" VPOS="1491" WIDTH="13"/>
						<String ID="P89_ST00443" HPOS="691" VPOS="1459" WIDTH="61" HEIGHT="23" CONTENT="have" WC="0.86" CC="5000"/>
						<SP ID="P89_SP00399" HPOS="752" VPOS="1491" WIDTH="11"/>
						<String ID="P89_ST00444" HPOS="763" VPOS="1460" WIDTH="59" HEIGHT="22" CONTENT="been" WC="0.76" CC="4004"/>
						<SP ID="P89_SP00400" HPOS="822" VPOS="1491" WIDTH="14"/>
						<String ID="P89_ST00445" HPOS="836" VPOS="1459" WIDTH="103" HEIGHT="23" CONTENT="detailed" WC="0.74" CC="00606340"/>
					</TextLine>
					<TextLine ID="P89_TL00042" HPOS="95" VPOS="1493" WIDTH="844" HEIGHT="31">
						<String ID="P89_ST00446" HPOS="95" VPOS="1496" WIDTH="24" HEIGHT="22" CONTENT="in" WC="0.67" CC="15"/>
						<SP ID="P89_SP00401" HPOS="119" VPOS="1518" WIDTH="14"/>
						<String ID="P89_ST00447" HPOS="133" VPOS="1503" WIDTH="14" HEIGHT="14" CONTENT="a" WC="1.00" CC="0"/>
						<SP ID="P89_SP00402" HPOS="147" VPOS="1518" WIDTH="13"/>
						<String ID="P89_ST00448" HPOS="160" VPOS="1494" WIDTH="89" HEIGHT="24" CONTENT="former" WC="0.89" CC="000006"/>
						<SP ID="P89_SP00403" HPOS="249" VPOS="1518" WIDTH="13"/>
						<String ID="P89_ST00449" HPOS="262" VPOS="1494" WIDTH="108" HEIGHT="30" CONTENT="chapter." WC="0.84" CC="06000500"/>
						<SP ID="P89_SP00404" HPOS="370" VPOS="1524" WIDTH="36"/>
						<String ID="P89_ST00450" HPOS="406" VPOS="1493" WIDTH="53" HEIGHT="23" CONTENT="The" WC="0.97" CC="000"/>
						<SP ID="P89_SP00405" HPOS="459" VPOS="1524" WIDTH="14"/>
						<String ID="P89_ST00451" HPOS="473" VPOS="1494" WIDTH="63" HEIGHT="22" CONTENT="crier" WC="0.96" CC="00001"/>
						<SP ID="P89_SP00406" HPOS="536" VPOS="1524" WIDTH="13"/>
						<String ID="P89_ST00452" HPOS="549" VPOS="1496" WIDTH="14" HEIGHT="10" CONTENT='"' WC="1.00" CC="0"/>
						<SP ID="P89_SP00407" HPOS="563" VPOS="1524" WIDTH="10"/>
						<String ID="P89_ST00453" HPOS="573" VPOS="1496" WIDTH="64" HEIGHT="19" CONTENT="must" WC="0.40" CC="7690"/>
						<SP ID="P89_SP00408" HPOS="637" VPOS="1524" WIDTH="12"/>
						<String ID="P89_ST00454" HPOS="649" VPOS="1493" WIDTH="115" HEIGHT="29" CONTENT="proclaim" WC="0.81" CC="05302200"/>
						<SP ID="P89_SP00409" HPOS="764" VPOS="1524" WIDTH="20"/>
						<String ID="P89_ST00455" HPOS="784" VPOS="1493" WIDTH="95" HEIGHT="27" CONTENT="silence," WC="0.80" CC="20660000"/>
						<SP ID="P89_SP00410" HPOS="879" VPOS="1524" WIDTH="14"/>
						<String ID="P89_ST00456" HPOS="893" VPOS="1493" WIDTH="46" HEIGHT="23" CONTENT="and" WC="1.00" CC="000"/>
					</TextLine>
					<TextLine ID="P89_TL00043" HPOS="94" VPOS="1525" WIDTH="848" HEIGHT="33">
						<String ID="P89_ST00457" HPOS="94" VPOS="1529" WIDTH="76" HEIGHT="24" CONTENT="strike" WC="0.75" CC="660100"/>
						<SP ID="P89_SP00411" HPOS="170" VPOS="1553" WIDTH="19"/>
						<String ID="P89_ST00458" HPOS="189" VPOS="1529" WIDTH="40" HEIGHT="23" CONTENT="the" WC="0.76" CC="060"/>
						<SP ID="P89_SP00412" HPOS="229" VPOS="1553" WIDTH="20"/>
						<String ID="P89_ST00459" HPOS="249" VPOS="1528" WIDTH="71" HEIGHT="30" CONTENT="pillar" WC="0.86" CC="008000"/>
						<SP ID="P89_SP00413" HPOS="320" VPOS="1558" WIDTH="12"/>
						<String ID="P89_ST00460" HPOS="332" VPOS="1527" WIDTH="77" HEIGHT="24" CONTENT="above" WC="0.76" CC="00550"/>
						<SP ID="P89_SP00414" HPOS="409" VPOS="1558" WIDTH="18"/>
						<String ID="P89_ST00461" HPOS="427" VPOS="1528" WIDTH="41" HEIGHT="22" CONTENT="the" WC="1.00" CC="000"/>
						<SP ID="P89_SP00415" HPOS="468" VPOS="1558" WIDTH="19"/>
						<String ID="P89_ST00462" HPOS="487" VPOS="1526" WIDTH="64" HEIGHT="24" CONTENT="head" WC="0.48" CC="3790"/>
						<SP ID="P89_SP00416" HPOS="551" VPOS="1558" WIDTH="18"/>
						<String ID="P89_ST00463" HPOS="569" VPOS="1525" WIDTH="28" HEIGHT="23" CONTENT="of" WC="0.80" CC="40"/>
						<SP ID="P89_SP00417" HPOS="597" VPOS="1558" WIDTH="15"/>
						<String ID="P89_ST00464" HPOS="612" VPOS="1526" WIDTH="40" HEIGHT="22" CONTENT="the" WC="0.77" CC="060"/>
						<SP ID="P89_SP00418" HPOS="652" VPOS="1558" WIDTH="20"/>
						<String ID="P89_ST00465" HPOS="672" VPOS="1526" WIDTH="95" HEIGHT="30" CONTENT='priest."' WC="0.90" CC="00106000"/>
						<SP ID="P89_SP00419" HPOS="767" VPOS="1558" WIDTH="37"/>
						<String ID="P89_ST00466" HPOS="804" VPOS="1526" WIDTH="52" HEIGHT="24" CONTENT="The" WC="0.89" CC="002"/>
						<SP ID="P89_SP00420" HPOS="856" VPOS="1558" WIDTH="19"/>
						<String ID="P89_ST00467" HPOS="875" VPOS="1526" WIDTH="67" HEIGHT="24" CONTENT="chief" WC="0.85" CC="07000"/>
					</TextLine>
				</TextBlock>
			</PrintSpace>
		</Page>
	</Layout>
</alto>
