1023 1619
359 132 54 17 THE
427 133 80 16 KINGS
521 134 32 16 OF
567 133 95 17 WALES.

904 127 32 22 63

90 190 132 23 Carausius
235 196 48 16 was
296 190 132 30 appointed
442 193 25 20 to
481 190 40 23 the
535 190 129 23 command
678 190 29 23 of
716 190 41 24 the
769 190 64 24 fleet.
877 192 60 23 This

90 223 132 31 important
233 223 48 23 and
295 219 104 27 difficult
410 228 56 26 post
479 224 75 23 called
566 224 52 23 into
631 225 108 23 exercise
752 225 41 23 the
803 225 133 24 admirable

89 257 112 32 qualities
219 257 59 23 with
296 257 80 23 which
396 257 132 24 Carausius
547 266 47 14 was
614 258 116 23 endowed
740 268 5 17 ;
773 259 51 27 but,
845 267 25 15 as
889 267 47 16 was

89 291 91 31 always
194 291 40 23 the
247 299 54 15 case
314 291 79 23 under
410 291 42 23 the
471 291 109 31 imperial
598 292 61 27 rule,
672 291 156 24 well-earned
841 297 96 27 reputa-

89 326 51 22 tion
154 326 132 22 awakened
300 333 63 23 envy
376 326 48 22 and
438 326 107 26 distrust,
559 326 47 22 and
625 333 48 15 was
686 325 100 31 fraught
799 326 58 23 with
875 327 62 30 peril

90 362 26 21 to
136 360 31 22 its
186 359 76 31 gifted
282 366 128 23 possessor.
447 359 171 27 Maximinian,
640 366 30 16 on
689 363 115 27 pretence
824 360 28 23 of
870 368 66 15 some

90 393 135 23 fabricated
244 394 97 30 charge,
355 397 53 19 sent
426 394 83 22 orders
526 397 26 19 to
570 396 44 28 put
632 393 41 23 the
690 393 101 23 admiral
810 397 25 19 to
854 394 81 23 death.

91 427 132 23 Carausius
237 427 46 22 had
297 427 85 30 timely
394 427 88 28 notice,
484 442 34 3 —
523 427 31 22 he
566 434 48 15 saw
631 427 37 22 his
681 427 123 27 situation,
807 442 33 3 —
846 427 29 23 he
890 435 47 16 was

90 461 129 23 conscious
238 460 28 24 of
283 460 35 23 his
337 461 111 27 services,
450 474 33 4 —
485 461 30 23 he
534 461 70 22 knew
623 460 37 23 his
678 460 123 23 influence
819 468 59 16 over
895 461 41 23 the

90 495 76 23 brave
184 495 126 23 comrades
322 495 55 22 who
395 495 48 23 had
461 494 89 32 fought
562 494 48 23 and
629 494 55 23 bled
703 498 25 19 at
746 494 37 22 his
801 494 60 23 side.
899 494 37 24 To

90 536 56 16 save
166 528 99 24 himself
265 543 30 3 —
297 537 25 14 as
341 528 54 23 who
413 529 80 22 would
512 532 42 19 not
572 529 61 22 have
652 528 70 27 done,
740 528 57 22 with
817 536 26 15 so
863 536 73 23 many

91 563 123 30 examples
234 562 28 23 of
280 563 69 22 those
371 563 55 22 who
447 562 47 23 had
515 563 113 22 assumed
648 570 82 22 power
750 562 58 23 with
835 561 34 24 far
890 562 46 23 less

90 597 152 29 pretensions
253 597 10 23 ?
267 609 32 4 —
302 596 131 24 Carausius
452 597 91 30 caught
556 599 24 20 at
592 596 42 23 the
648 596 76 23 vision
739 596 27 23 of
775 597 90 29 empire
884 596 53 23 that

90 630 90 23 floated
199 630 81 23 before
300 630 36 22 his
349 637 64 23 eyes,
427 630 47 23 and
493 631 138 29 interposed
650 630 41 23 the
709 633 94 27 sceptre
822 634 24 19 to
861 634 77 19 arrest

90 664 42 23 the
145 671 52 16 axe.
234 664 41 23 He
294 664 166 29 immediately
472 664 110 31 weighed
602 664 98 28 anchor,
718 664 47 23 and
784 664 74 23 sailed
879 664 57 23 with

90 698 41 22 the
152 698 78 22 whole
249 698 64 27 fleet,
333 698 115 31 carrying
467 698 56 22 with
542 698 49 22 him
610 698 42 22 the
671 697 84 23 fourth
772 698 88 30 legion,
878 698 57 22 then

90 732 121 22 stationed
224 735 25 19 at
262 731 137 32 Boulogne,
412 735 26 19 to
457 731 103 23 Britain.
598 731 40 23 On
657 731 101 31 landing
776 731 30 23 he
825 732 111 22 assumed

90 765 42 23 the
151 765 64 23 titles
233 765 28 23 of
276 765 129 32 Augustus
423 765 48 23 and
491 765 128 31 Emperor,
638 765 48 23 and
705 765 110 23 received
835 765 41 23 the
896 765 40 23 de-

90 799 94 31 lighted
206 799 104 31 homage
327 798 29 24 of
372 799 42 23 the
433 798 79 24 whole
531 799 123 31 province.
692 798 168 27 Maximinian,
883 799 54 23 who

90 841 50 15 was
159 836 42 20 not
220 833 114 23 deficient
353 833 23 22 in
395 833 70 30 spirit
483 833 49 22 and
550 841 99 22 energy,
669 832 104 23 manned
790 840 14 15 a
817 832 55 23 fleet
890 833 48 23 and

92 870 64 20 went
169 868 23 21 in
206 874 87 23 person
312 871 26 19 to
356 869 45 28 put
419 866 70 23 down
509 867 41 22 the
569 862 124 31 rebellion,
708 874 25 14 as
752 866 29 23 he
800 867 93 23 termed
911 867 26 23 it.

92 900 50 23 But
156 901 40 23 the
209 905 70 19 event
293 908 47 16 was
354 900 135 23 otherwise.
526 899 55 23 The
593 899 183 30 hastily-levied
789 902 83 28 troops
889 901 49 23 and

92 935 114 29 inexpert
224 942 96 15 seamen
343 934 28 23 of
393 933 162 23 Maximinian
581 941 62 15 were
668 933 132 31 unequally
825 934 113 23 matched

93 968 95 31 against
206 968 40 23 the
265 971 100 20 veteran
383 968 130 22 adherents
532 967 28 23 of
576 967 138 27 Carausius,
733 970 25 20 to
776 967 89 28 whom,
885 967 19 23 if
919 968 19 22 it

93 1009 63 16 were
174 1002 106 30 possible
299 1002 52 22 that
364 1001 57 30 they
436 1001 72 22 could
527 1001 61 22 have
606 1001 86 22 lacked
708 1008 115 24 courage,
842 1001 97 31 despair

93 1035 81 23 would
193 1036 61 23 have
272 1035 113 31 supplied
404 1035 26 27 it,
443 1034 66 23 since
527 1034 78 23 defeat
623 1038 25 19 to
666 1035 67 22 them
746 1043 48 14 was
807 1035 131 23 inevitable

94 1069 160 23 destruction.
281 1069 23 23 It
316 1069 19 22 is
349 1068 90 24 certain
454 1068 51 23 that
518 1068 162 23 Maximinian
692 1077 47 14 was
752 1069 102 22 worsted
865 1079 5 17 ;
890 1069 47 23 itis

94 1106 44 20 not
151 1104 91 23 certain
255 1103 46 22 but
314 1102 52 23 that
377 1102 31 22 he
421 1101 40 23 fell
475 1102 50 23 into
539 1102 41 23 the
593 1102 77 23 hands
683 1102 27 23 of
720 1102 41 23 the
775 1102 77 23 victor
861 1112 5 13 :
881 1102 20 23 if
908 1103 30 22 he

95 1137 49 27 did,
158 1137 37 22 his
213 1137 91 22 release
322 1144 32 15 on
372 1135 150 23 honourable
541 1136 136 23 conditions
696 1137 68 22 bears
783 1136 41 23 the
842 1136 97 31 highest

94 1171 132 29 testimony
239 1173 25 20 to
278 1170 40 23 the
332 1170 149 23 moderation
494 1168 47 24 and
554 1173 123 27 greatness
692 1170 27 23 of
728 1170 68 23 mind
808 1171 28 22 of
846 1170 92 24 Carau-

95 1205 59 23 sius.
200 1199 54 28 The
278 1204 135 23 conditions
438 1203 27 23 of
484 1211 75 22 peace
583 1211 70 19 were,
677 1204 42 23 the
741 1205 154 29 sovereignty
913 1204 28 23 of

95 1238 96 23 Britain
205 1238 56 23 with
276 1239 41 22 the
330 1237 52 23 title
394 1237 29 23 of
435 1237 126 30 Emperor.
598 1237 132 24 Carausius
748 1238 100 30 reigned
866 1245 73 16 seven

95 1280 78 24 years,
188 1272 48 22 and
249 1272 78 30 rarely
340 1272 32 30 by
385 1272 41 22 the
439 1279 102 15 wearers
554 1271 27 23 of
591 1272 41 22 the
650 1272 110 29 imperial
778 1271 86 30 purple
877 1279 61 15 were

94 1314 74 15 seven
181 1313 71 23 years
265 1305 28 22 of
300 1312 112 23 supreme
425 1313 82 23 power
519 1305 79 22 better
607 1305 136 30 employed.
768 1300 40 27 He
819 1304 120 24 defended

94 1340 43 24 the
150 1339 111 23 frontiers
280 1338 28 23 of
324 1334 93 27 Britain
437 1338 94 32 against
549 1338 41 23 the
609 1338 141 23 barbarians
763 1338 28 23 of
800 1338 41 23 the
853 1339 71 23 north
933 1349 6 17 ;

95 1373 92 24 invited
206 1373 62 23 from
288 1372 39 23 the
346 1373 126 23 continent
489 1371 83 24 skilful
592 1373 87 26 artists,
699 1372 47 22 and
768 1380 14 15 a
801 1372 92 32 variety
914 1373 27 23 of

95 1409 67 23 coins
175 1407 47 23 still
236 1410 84 20 extant
332 1410 72 20 attest
414 1406 36 23 his
460 1410 69 22 taste,
540 1405 146 31 popularity,
697 1405 48 23 and
758 1406 181 31 magnificence.

95 1443 41 22 He
150 1441 106 32 planned
269 1440 48 23 and
331 1440 94 24 carried
438 1443 44 20 out
494 1439 111 32 splendid
618 1439 79 23 works
714 1439 28 23 of
753 1440 83 30 public
849 1441 90 30 utility.

95 1476 152 31 Auspicious
266 1474 28 24 of
305 1474 41 23 the
358 1474 81 23 future
457 1474 121 22 maritime
596 1476 123 28 greatness
737 1468 29 28 of
779 1473 99 29 Britain,
898 1476 41 22 the

93 1510 69 24 fleets
181 1509 29 24 of
226 1509 132 23 Carausius
377 1511 76 27 swept
471 1508 41 23 the
530 1515 51 15 seas
600 1508 60 23 from
679 1507 40 23 the
738 1508 96 23 mouths
852 1509 28 22 of
898 1509 41 23 the

95 1544 82 24 Rhine
204 1547 25 20 to
254 1542 41 24 the
324 1543 81 22 straits
430 1541 28 24 of
480 1541 132 23 Gibraltar.
659 1540 127 25 Domestic
812 1542 127 31 treachery
