1023 1619
359 414 171 23 CHAPTER
550 413 46 23 III.

415 486 125 16 BARDISM.

52 544 127 25 Nationality
181 556 26 2 —
208 544 80 19 Roman
297 545 104 25 Attempts
411 547 21 17 to
443 544 115 25 extinguish
564 543 93 20 Bardism
657 554 28 3 —
686 542 60 21 Latin
754 543 69 20 Altars
833 545 21 18 to
864 543 32 20 the

79 572 77 19 British
174 572 46 19 God
220 583 27 2 —
249 572 132 25 Christianity
398 572 115 19 favourable
529 574 21 17 to
568 571 92 19 Bardism
662 581 27 3 —
690 570 33 20 No
738 570 75 26 change
828 570 23 20 of
863 570 33 20 the

80 599 143 19 Priesthood—
229 599 147 19 Christianized
383 599 75 19 Circles
459 610 27 3 —
488 598 103 20 Christian
602 597 58 20 Ideas
668 597 106 26 expressed
783 598 20 18 in
812 597 84 20 Druidic

79 626 109 25 Language
188 637 28 3 —
217 626 92 25 Pelagius
311 637 26 3 —
340 626 38 19 His
395 626 100 25 Opinions
514 628 111 16 consonant
641 625 48 18 with
703 624 93 19 Bardism
798 635 26 3 —
827 624 68 25 Regu-

80 653 74 19 lations
160 653 22 19 of
188 653 44 19 Beli
234 664 24 3 —
261 653 61 19 Chief
327 653 23 20 of
357 653 54 25 Song
412 664 27 3 —
441 653 104 19 Domestic
552 652 54 19 Bard
608 665 25 3 —
635 651 76 25 Family
719 651 54 19 Bard
776 662 25 3 —
804 651 92 26 People's

78 679 55 20 Bard
136 691 28 3 —
169 680 129 25 Degeneracy
308 680 23 19 of
341 680 63 19 Bards
409 691 27 3 —
441 679 73 20 Bardic
530 679 82 19 Revival
618 690 27 2 —
647 678 96 23 Taliesin,
759 679 31 18 his
806 679 59 18 Birth
869 690 27 3 —

78 706 86 26 History
165 718 26 2 —
193 707 72 19 Poems
266 718 27 3 —
293 707 98 19 Aneurim
392 718 28 3 —
420 706 39 20 His
476 706 86 25 History
562 717 27 3 —
591 706 72 19 Poems
668 717 28 2 —
701 706 105 24 Llywarch
821 706 46 18 Hen
870 718 25 5 —

80 734 39 18 His
131 734 84 25 History
216 747 26 4 —
244 734 72 19 Poems
318 747 24 4 —
345 734 84 19 Geraint
440 734 66 18 Bardd
509 747 23 3 —
536 734 49 18 Glas
587 746 25 4 —
614 733 39 19 His
688 733 74 19 Choice
770 733 77 25 Things
869 745 26 5 —

80 761 72 19 Owain
162 761 101 25 Cyveilioe
264 773 27 2 —
293 762 38 18 His
342 761 65 25 Reign
408 773 27 5 —
435 761 43 19 The
489 761 75 18 Hirlas.

53 819 61 23 The
127 819 78 31 policy
219 819 28 23 of
257 819 30 23 all
306 828 147 22 conquerors
473 820 19 22 is
508 822 25 20 to
552 818 138 32 extinguish
709 818 143 31 nationality
872 818 23 22 in

52 853 62 22 their
127 853 206 31 newly-acquired
347 854 153 29 possessions.
538 852 53 23 The
604 853 53 22 best
670 855 110 28 passport
799 851 37 22 for
855 852 40 22 the

51 887 149 30 vanquished
221 891 24 19 to
266 888 41 22 the
326 886 84 24 favour
430 887 26 23 of
475 887 61 22 their
554 889 108 24 masters,
679 885 22 23 if
717 886 57 30 they
792 885 41 23 did
852 886 43 22 but

51 919 71 24 know
131 921 24 26 it,
170 921 18 22 is
202 924 25 20 to
240 920 79 31 forget
331 921 53 23 that
397 921 56 30 they
462 928 57 15 ever
526 920 47 23 had
587 927 15 16 a
614 922 103 28 country
731 919 48 23 and
790 927 13 15 a
816 927 79 20 name,

51 961 49 23 any
113 954 93 23 natural
221 955 76 28 rights
309 962 28 15 or
350 954 117 23 hallowed
481 954 143 26 traditions;
644 957 24 19 to
683 960 92 24 sponge
794 957 43 19 out
856 953 39 23 the

50 987 77 23 whole
140 991 59 27 past,
214 983 47 27 and
276 988 72 30 begin
359 988 41 22 the
414 988 74 22 world
502 988 78 29 again,
595 990 101 20 content
708 990 25 20 to
744 987 77 26 shine,
836 987 58 22 with

50 1028 14 15 a
82 1021 115 22 reflected
215 1021 69 30 light,
297 1021 62 22 from
378 1021 41 22 the
436 1021 71 30 glory
520 1021 28 22 of
563 1021 42 22 the
624 1021 99 29 empire,
741 1021 51 22 into
806 1020 87 28 which,

50 1054 58 22 with
122 1061 13 15 a
148 1054 80 30 gentle
242 1062 26 14 or
282 1054 114 30 ungentle
410 1054 115 27 violence,
539 1062 25 14 as
582 1054 42 22 the
642 1061 54 15 case
715 1061 54 23 may
784 1054 37 27 be,
835 1054 58 29 they

50 1087 61 23 have
125 1087 61 23 been
199 1087 112 30 adopted.
342 1087 58 28 But,
410 1087 134 31 unhappily
558 1087 38 23 for
608 1087 41 23 the
662 1087 112 23 interests
787 1087 28 23 of
825 1087 68 23 civil-

50 1121 96 26 ization,
160 1121 79 22 which
259 1128 40 15 are
318 1129 27 14 or
361 1121 78 31 ought
455 1126 25 17 to
499 1121 30 22 be
547 1124 151 28 paramount,
718 1128 30 15 an
762 1121 132 23 invincible

50 1154 130 28 ignorance
203 1155 40 22 has
265 1154 129 31 prevailed,
413 1154 46 22 and
478 1154 58 22 does
557 1154 99 30 prevail,
679 1162 30 14 on
731 1154 42 23 the
791 1155 103 30 subject.

50 1187 94 23 Poland
157 1188 20 22 is
187 1195 14 15 a
213 1188 108 26 modem,
337 1187 114 24 Cambria
464 1196 47 14 was
524 1196 30 14 an
567 1188 96 22 ancient
676 1188 110 31 example
803 1187 29 24 of
848 1189 47 22 this

50 1221 133 31 benighted
196 1222 134 31 obstinacy.
366 1221 23 23 It
403 1222 20 21 is
436 1221 59 27 said,
507 1222 46 22 and
567 1221 11 22 I
592 1221 31 23 do
636 1226 43 18 not
691 1222 78 23 doubt
782 1223 41 21 the
836 1221 57 29 fact,

50 1254 53 23 that
121 1255 40 22 the
181 1254 100 27 Druids,
301 1263 25 15 as
345 1254 133 32 foreigners
495 1255 142 31 designated
656 1255 118 28 Bardism,
789 1264 62 15 were
870 1259 25 20 at

50 1288 41 23 the
105 1288 93 23 bottom
210 1288 28 23 of
248 1288 40 23 the
305 1292 42 19 not
365 1288 146 31 unfrequent
526 1289 173 30 .conspiracies,
712 1290 182 27 insurrections,

49 1322 49 22 and
112 1322 88 23 revolts
210 1332 5 17 ;
237 1322 86 27 which,
337 1322 103 31 flagrant
453 1323 149 30 ingratitude
612 1322 4 23 !
637 1322 61 24 from
717 1324 57 22 time
791 1326 26 21 to
835 1325 59 22 time

50 1355 149 31 interrupted
220 1356 40 23 the
279 1356 58 23 mild
357 1356 46 23 and
422 1356 137 23 beneficent
578 1364 85 16 course
682 1356 27 23 of
724 1357 41 23 the
784 1358 111 29 imperial

50 1388 61 23 rule.
155 1388 87 24 Hence
265 1392 24 21 to
314 1390 158 23 exterminate
497 1390 39 23 the
561 1389 102 28 Druids,
685 1391 48 22 and
754 1391 140 31 extinguish

51 1421 119 28 Bardism,
188 1423 99 23 became
305 1430 15 16 a
337 1424 83 22 sacred
437 1424 68 31 duty,
519 1427 25 19 to
562 1424 79 22 which
662 1424 40 23 the
724 1424 108 23 Romans
850 1425 44 23 ad-

50 1454 95 24 dressed
160 1456 143 24 themselves
320 1457 56 23 with
396 1457 40 23 the
454 1457 71 31 pious
542 1465 91 23 energy
647 1457 53 23 that
718 1458 177 31 distinguished

50 1488 52 23 that
122 1489 116 30 religious
262 1490 47 23 and
333 1491 168 22 disinterested
522 1491 94 30 people.
663 1491 232 32 Uncompromising

49 1521 77 24 edicts
139 1522 143 24 interdicted
298 1524 40 22 the
353 1524 103 23 Druidic
469 1524 67 27 rites,
551 1524 84 24 forbad
647 1525 78 23 under
737 1525 41 23 the
788 1529 107 21 severest
