1023 1619
364 118 53 16 THE
431 119 91 15 WELSH
537 119 117 15 CHURCH.

896 113 31 22 93

86 176 99 22 cidence
207 175 52 23 that
281 175 91 32 Bishop
396 176 162 31 Stillingfleet,
577 178 23 22 in
623 178 37 23 his
702 178 114 31 Origines
833 178 96 24 Britan-

185 214 41 18 not
240 209 113 32 knowing
366 218 13 15 a
394 211 63 22 word
472 210 76 24 ofthe
562 211 93 27 Triads,
671 212 86 23 should
771 213 60 22 have
845 213 36 22 hit
897 220 30 16 on

86 243 40 23 the
145 251 58 24 very
222 251 65 15 same
306 243 103 23 channel
428 244 38 23 for
484 245 41 22 the
544 245 165 23 introduction
728 245 28 24 of
769 246 160 30 Christianity

86 277 51 23 into
151 277 100 23 Britain.
313 277 22 23 It
349 278 18 22 is
508 279 80 22 writes
601 280 48 21 this
660 279 98 23 learned
774 280 90 29 prelate
878 279 50 32 (his

86 312 68 29 point
170 312 19 21 is
205 315 24 19 to
246 319 74 22 prove
340 312 51 22 that
408 311 35 23 St.
461 312 61 23 Paul
541 313 120 30 preached
678 314 22 21 in
720 313 114 31 Britain),

87 345 36 23 St.
144 345 60 23 Paul
223 345 40 23 did
281 345 70 23 make
371 346 167 23 considerable
557 350 112 19 converts
689 350 25 19 at
733 347 35 22 his
789 347 97 31 coming
904 352 24 17 to

88 378 86 26 Rome,
190 379 77 23 which
285 379 19 22 is
323 379 40 23 the
383 387 84 15 reason
487 379 28 23 of
531 380 35 22 his
585 380 150 31 mentioning
754 381 40 22 the
812 381 74 22 saints
904 381 23 22 in

86 412 103 23 Cæsar's
202 413 132 22 household
345 422 5 17 ;
368 413 49 22 and
430 414 18 21 it
461 413 19 22 is
494 417 40 18 not
548 413 151 31 improbable
712 414 53 22 that
776 422 66 15 some
854 414 74 23 ofthe

87 445 88 23 British
190 446 113 31 captives,
318 446 91 23 carried
423 454 59 15 over
494 447 58 22 with
566 446 147 24 Caractacus
726 447 47 23 and
787 448 35 22 his
836 447 91 31 family,

86 479 78 31 might
183 480 30 22 be
231 488 65 14 some
317 479 28 23 of
360 480 74 27 them,
454 481 54 22 who
527 481 77 22 would
622 481 115 30 certainly
756 485 109 27 promote
887 482 41 22 the

86 514 142 22 conversion
242 513 27 24 of
279 514 62 22 their
354 518 103 27 country
472 515 30 30 by
518 513 36 24 St.
704 515 53 22 The
771 515 157 31 deeply-read

86 547 48 23 and
152 548 204 22 earnest-minded
374 548 98 30 prelate,
487 548 40 22 the
545 548 47 23 late
611 548 90 31 Bishop
718 548 28 22 of
760 548 36 23 St.
818 548 108 28 David's,

87 580 45 23 Dr.
147 581 113 31 Burgess,
274 581 49 23 also
340 582 83 30 trying
439 585 24 19 to
481 581 69 23 make
567 586 43 18 out
630 582 34 23 St.
679 577 60 27 Paul
754 585 24 19 to
792 582 61 23 have
866 583 61 22 been

87 615 40 22 the
147 615 92 30 apostle
261 615 27 22 of
307 615 101 27 Britain,
431 615 52 30 lays
504 618 68 28 great
594 618 71 20 stress
710 623 30 15 on
760 619 48 20 two
829 617 98 22 curious

87 648 90 23 British
199 649 104 25 records,
325 648 60 25 from
407 649 80 23 which
510 656 34 16 we
568 656 62 23 may,
647 650 23 21 in
689 656 15 16 a
724 652 68 27 great
809 657 118 21 measure,

86 683 116 22 ascertain
223 683 40 22 the
282 684 57 21 time
358 682 28 24 of
402 683 36 23 St.
459 683 80 23 Pauls
553 683 105 30 journey
674 685 25 21 to
874 683 54 23 The

86 723 46 16 one
156 717 19 22 is
200 724 13 15 a
237 717 129 22 rhetorical
387 717 47 22 and
458 717 88 30 cloudy
566 724 100 23 passage
689 717 25 22 in
734 717 92 27 Gildas,
848 717 79 23 which

86 757 77 15 seems
180 753 24 19 to
222 750 74 31 imply
310 750 52 22 that
377 750 40 22 the
434 750 90 30 Gospel
538 758 47 14 was
601 750 121 30 preached
739 750 23 22 in
780 750 40 22 the
838 750 90 23 British

86 783 55 23 isles
158 788 24 18 at
201 784 40 22 the
259 783 72 23 latter
344 787 53 27 part
413 783 26 23 of
450 783 39 22 the
506 784 68 30 reign
593 783 25 22 of
629 783 113 22 Tiberius
750 793 5 17 ;
774 784 41 22 the
827 784 71 22 other
909 784 20 23 is

86 817 42 22 the
142 816 87 23 Triads
247 817 78 22 which
346 817 61 22 have
425 817 61 22 been
503 817 72 22 cited.
639 816 34 23 St.
693 816 61 23 Paul
768 825 47 14 was
833 822 53 18 sent
903 822 26 19 to

89 849 86 28 Rome,
194 851 131 30 according
341 854 25 18 to
387 850 127 26 Eusebius,
533 851 22 21 in
574 850 40 22 the
631 850 88 22 second
737 858 57 23 year
813 850 28 23 of
854 850 74 28 Nero,

87 884 54 22 that
153 884 27 26 is,
196 891 50 15 a.d.
259 884 31 22 56
303 893 5 17 ;
327 883 46 23 and
387 884 30 21 he
429 883 83 31 stayed
527 884 74 26 there,
616 884 131 30 according
760 888 25 18 to
800 884 34 23 St.
850 884 78 28 Luke,

90 921 46 18 two
156 925 76 23 years.
268 916 169 24 Caractacus's
456 917 82 30 family
558 925 62 14 were
639 921 53 18 sent
711 920 24 19 to
755 917 76 23 Rome
848 918 22 22 in
890 919 39 22 the

89 959 59 23 year
164 952 41 25 51,
223 951 48 22 and
290 951 83 30 stayed
391 951 67 22 there
477 958 70 15 seven
565 958 75 24 years.
677 950 35 23 St.
733 950 60 23 Paul
810 959 47 15 was
876 956 53 19 sent

89 985 69 22 there
172 985 21 21 in
209 985 39 22 the
267 993 56 22 year
336 985 42 26 56,
392 985 46 21 and
456 984 85 30 stayed
555 988 46 19 two
620 992 76 23 years.
732 984 22 22 It
766 985 18 21 is
798 993 13 14 a
823 986 106 22 remark-

90 1018 54 23 able
163 1019 48 22 and
229 1026 14 15 a
262 1026 57 22 very
339 1018 142 30 interesting
500 1017 55 27 fact,
575 1018 52 22 that
645 1018 40 22 the
705 1018 122 23 detention
848 1018 27 23 of
889 1020 40 22 the

91 1052 89 23 British
196 1052 111 30 hostages
320 1052 86 22 should
425 1052 60 22 have
503 1052 60 22 been
577 1051 139 23 coincident
730 1052 56 22 with
800 1051 36 24 St.
850 1052 79 24 Paul's

90 1086 124 23 residence
228 1086 66 22 there
307 1093 25 15 as
345 1093 14 15 a
371 1086 109 29 prisoner
489 1095 5 16 ;
512 1085 48 23 and
571 1086 17 22 it
599 1093 48 15 was
656 1092 14 15 a
680 1088 42 20 not
732 1085 45 23 less
790 1085 139 24 favourable

91 1120 155 22 coincidence
260 1120 51 22 that
323 1120 57 29 they
391 1119 87 23 should
492 1120 30 22 be
535 1119 105 22 released
655 1119 61 23 from
730 1119 163 23 confinement
906 1120 23 22 in

91 1153 40 22 the
144 1160 64 15 same
221 1160 59 23 year
292 1153 23 22 in
330 1153 78 22 which
423 1153 34 22 St.
472 1153 60 22 Paul
544 1160 47 15 was
604 1156 35 19 set
652 1156 24 19 at
689 1153 94 30 liberty.
820 1152 109 32 Nothing

91 1186 72 23 could
180 1186 30 22 be
225 1194 66 15 more
307 1187 144 21 convenient
466 1186 36 22 for
516 1186 35 22 St.
566 1186 79 22 Paul's
659 1186 96 22 mission
771 1190 25 18 to
809 1186 40 22 the
864 1186 65 23 Gen-

91 1219 54 24 tiles
169 1219 55 23 than
249 1220 41 22 the
313 1220 158 30 opportunity
491 1219 79 23 which
590 1219 63 22 their
674 1223 81 18 return
781 1224 64 18 must
870 1220 59 23 have

91 1253 108 23 afforded
221 1253 49 22 him
290 1252 27 23 of
333 1253 153 31 introducing
508 1254 40 21 the
569 1252 91 31 Gospel
684 1253 52 22 into
761 1252 99 28 Britain,
883 1254 46 22 and

91 1287 102 30 nothing
210 1295 65 14 more
294 1287 115 30 probable
428 1287 56 22 than
504 1287 51 22 that
573 1287 30 22 he
616 1286 85 23 should
714 1286 91 30 readily
820 1287 109 23 embrace

90 1321 60 23 such
170 1329 29 14 an
223 1321 163 30 opportunity.
458 1320 53 23 The
721 1319 83 23 ofthe

90 1355 67 31 gives
173 1355 40 22 the
231 1362 81 15 names
328 1353 27 23 of
370 1354 53 22 four
439 1354 160 22 missionaries
613 1354 53 22 who
679 1354 172 30 accompanied
867 1354 62 23 Bran

90 1396 30 16 on
141 1389 37 22 his
197 1391 81 20 return
297 1391 26 19 to
342 1388 36 22 his
395 1389 80 21 native
494 1391 103 27 country
608 1396 5 13 :
633 1387 54 25 Hid,
702 1387 108 31 Cyndav,
829 1387 46 23 and
895 1388 34 23 his

89 1430 43 16 son
147 1422 109 29 Mawan,
265 1429 53 15 men
333 1421 28 23 of
367 1421 89 27 Israel;
474 1421 48 22 and
533 1421 115 30 Arwystli
659 1420 63 27 Hen,
733 1429 14 14 a
759 1429 55 14 man
828 1421 26 23 of
859 1421 70 31 Italy.

268 1498 12 14 *
296 1498 94 25 Origines
401 1497 71 23 Sacræ,
484 1497 57 25 chap.
551 1496 15 20 i.
577 1503 21 19 p.
611 1496 34 20 45.

268 1527 14 22 f
296 1526 71 19 Tracts
377 1531 27 13 on
413 1524 76 20 British
501 1524 88 24 Church,
600 1530 33 19 pp.
647 1523 45 24 131,
704 1524 44 19 132.
