1023 1619
882 121 29 22 81

342 127 54 16 THE
410 127 80 16 KINGS
505 127 31 16 OF
551 127 96 16 WALES.

70 183 51 23 ofa
134 183 143 32 pilgrimage
291 188 24 20 to
329 185 40 23 the
386 186 81 23 shrine
480 186 28 23 of
517 186 35 23 St.
567 186 91 28 David,
672 187 114 23 marched
800 195 29 15 an
848 194 67 24 army

70 218 50 22 into
133 218 81 23 Wales
224 228 6 16 ;
249 219 40 22 the
309 220 80 22 native
408 220 104 29 princes,
531 221 67 22 awed
617 221 33 29 by
668 221 42 22 the
729 225 87 18 terrors
836 221 27 22 of
880 221 35 22 his

70 260 77 19 name,
161 252 133 24 submitted
313 254 170 30 unresistingly
501 257 24 19 to
543 261 46 23 pay
604 254 48 22 him
671 254 112 31 homage,
797 255 46 22 and
863 254 54 23 take

70 285 41 23 the
130 287 57 22 oath
206 286 26 23 of
247 287 80 29 fealty.
366 287 52 23 The
436 287 70 30 kings
523 287 27 23 of
562 287 122 31 England,
701 288 17 22 it
736 296 101 23 appears
849 288 66 27 then,

70 326 71 20 were,
161 321 31 30 by
212 320 40 23 the
274 321 227 30 acknowledgment
522 321 28 22 of
566 321 40 22 the
626 321 83 22 Welsh
732 323 103 28 princes,
855 323 64 21 their

70 353 83 23 feudal
167 354 71 26 lords,
252 354 48 23 and
313 354 30 22 all
357 354 83 23 Wales
453 362 48 15 was
513 355 32 31 by
559 354 67 23 these
643 356 138 30 sovereigns
798 356 119 31 regarded

71 395 26 14 as
110 395 14 15 a
136 387 44 23 fief
191 387 28 23 of
229 388 63 22 their
308 396 79 14 crown
406 388 54 23 held
478 389 31 31 by
523 389 48 21 suit
586 388 47 23 and
649 389 100 22 service.
786 389 53 23 The
859 398 59 14 non-

71 420 168 31 performance
258 421 28 23 of
297 422 65 23 these
380 422 78 23 duties
476 422 105 23 entailed
597 421 132 29 forfeiture,
743 423 45 22 and
803 431 61 22 gave
878 424 40 22 the

71 456 112 30 superior
198 455 52 23 lord
263 464 15 15 a
291 456 65 30 right
372 462 24 17 to
410 456 90 23 bestow
513 456 42 23 the
568 455 110 24 forfeited
698 456 68 23 lands
778 464 30 15 on
823 457 81 22 others
914 467 5 16 ;

73 485 78 31 while,
165 497 31 15 on
212 489 40 23 the
269 490 69 23 other
351 490 72 27 hand,
438 491 40 22 the
497 490 158 30 withholding
675 490 41 22 the
734 491 135 28 protection
890 494 25 19 to

73 523 78 23 whicli
171 524 40 22 the
225 524 92 22 vassals'
329 531 62 15 were
410 524 102 23 entitled
530 524 76 22 broke
626 519 39 27 the
684 527 112 26 compact
815 525 46 21 and
881 528 36 19 set

72 556 41 24 the
132 560 83 20 tenant
235 557 56 23 free.
329 557 62 23 Now
408 564 27 16 as
454 558 58 22 each
533 561 69 27 party
615 565 61 22 gave
695 558 64 22 their
771 565 53 15 own
843 558 72 22 inter-

71 591 120 29 pretation
206 594 24 19 to
243 591 63 22 their
319 591 133 30 respective
466 591 76 30 rights
561 591 46 22 and
623 591 87 28 duties,
725 591 18 22 it
756 592 19 21 is
788 598 57 24 very
859 599 57 23 easy

72 628 25 18 to
109 632 40 14 see
163 624 55 23 how
230 624 109 31 quarrels
353 624 80 23 would
449 625 79 31 begin,
544 625 44 22 but
605 629 42 18 not
659 633 26 14 so
699 632 56 24 easy
769 628 24 19 to
806 625 110 23 discover

70 657 80 23 where
172 658 57 31 they
248 666 62 15 were
329 661 25 19 to
373 659 54 22 end.
469 659 36 21 As
525 658 42 23 the
589 659 90 22 tribute
699 667 47 14 was
766 666 73 15 never
859 659 56 30 paid

70 691 157 31 voluntarily,
248 692 47 22 and
317 692 17 22 it
354 700 47 14 was
423 695 42 20 not
484 692 88 31 always
594 693 146 22 convenient
761 696 26 19 to
808 693 57 22 send
885 701 30 14 an

70 733 68 24 army
152 731 25 17 to
196 725 85 24 collect
301 726 25 26 it,
341 734 35 14 we
394 734 54 23 may
462 726 29 22 be
510 734 55 15 sure
584 726 53 23 that
655 726 41 22 the
716 726 103 30 disposal
836 726 28 22 of
874 726 41 23 the

71 759 83 23 Welsh
175 760 96 30 surplus
293 759 73 24 could
385 768 57 22 very
463 760 80 30 rarely
563 760 60 22 have
642 760 91 30 proved
755 768 15 14 a
788 768 86 15 source
893 759 26 23 of

70 794 204 22 embarrassment
291 797 26 19 to
336 801 14 15 a
369 794 127 22 mediæval
516 794 138 22 chancellor
671 793 28 23 of
712 794 41 22 the
770 794 145 29 exchequer.

71 827 54 22 The
150 828 52 22 first
228 827 101 30 English
354 828 146 22 adventurer
521 828 54 22 who
600 827 144 23 established
771 827 98 23 himself
890 827 24 22 in

70 861 84 23 Wales
170 869 49 15 was
233 860 95 24 Robert
341 860 214 27 Fitz-Hammon,*
569 868 14 15 a
595 861 137 30 gentleman
747 860 26 23 of
782 861 41 23 the
837 860 78 31 king's

70 895 72 30 privy
163 895 122 27 chamber,
304 895 47 22 and
371 895 74 22 baron
466 894 27 23 of
508 895 40 22 the
567 895 88 22 realm:
675 895 24 22 in
716 895 71 26 1091,
805 895 37 25 he,
857 894 58 23 with

70 928 87 23 twelve
171 928 98 31 knights
281 928 48 22 and
342 936 14 14 a
368 928 66 31 large
447 928 64 30 body
523 927 27 23 of
561 931 91 27 troops,
664 928 87 22 landed
765 928 23 22 in
802 928 112 22 Glamor-

70 963 114 30 ganshire
206 962 31 30 by
257 962 128 22 invitation
405 961 28 23 of
450 961 101 27 Eineon,
572 969 15 15 a
605 961 67 23 chief
688 961 28 22 of
732 961 77 23 South
824 961 90 27 Wales,

70 996 134 23 associated
227 996 58 22 with
306 995 95 32 Jestyn,
421 995 52 23 lord
498 995 28 22 of
542 995 157 31 Glamorgan,
724 995 59 23 both
805 995 24 22 in
851 1003 64 14 arms

70 1030 95 30 against
185 1030 69 31 Rhys
272 1038 30 23 ap
323 1029 117 26 Tewdwr,
462 1029 83 31 prince
566 1029 28 22 of
611 1028 77 24 South
703 1029 88 22 Wales.
826 1028 88 32 Jestyn

70 1064 122 30 promised
206 1063 104 28 Eineon,
324 1063 21 22 if
353 1064 41 22 the
407 1064 132 29 enterprise
552 1063 142 27 succeeded,
709 1062 36 23 his
757 1063 120 30 daughter
890 1063 24 22 in

70 1099 127 29 marriage.
235 1097 53 23 The
307 1097 132 30 enterprise
458 1105 48 15 was
523 1096 142 24 successful.
700 1096 77 31 Rhys,
793 1097 55 22 who
866 1105 48 14 was

70 1132 77 22 above
162 1132 84 29 ninety
258 1139 71 22 years
343 1131 27 23 of
380 1139 53 22 age,
447 1131 59 23 took
520 1131 40 22 the
573 1130 57 23 field
644 1131 94 30 against
755 1131 66 22 these
837 1130 78 23 chiefs

70 1165 47 23 and
136 1165 61 23 their
214 1165 145 27 auxiliaries,
373 1165 46 22 and
434 1165 39 23 fell
493 1165 24 22 in
534 1165 75 23 battle
627 1172 30 15 on
675 1165 41 22 the
733 1164 76 23 Black
824 1164 91 22 Moun-

70 1199 63 22 tains
147 1206 56 15 near
218 1199 102 22 Brecon.
346 1199 52 22 The
412 1198 130 27 Normans,
556 1199 90 29 having
660 1198 110 23 received
782 1198 63 22 their
858 1205 56 22 pay,

70 1232 118 30 departed
202 1232 159 32 honourably.
388 1232 95 22 Eineon
496 1232 46 22 lost
556 1239 30 15 no
600 1232 57 22 time
671 1232 23 22 in
708 1232 109 30 pressing
826 1231 89 30 Jestyn

70 1270 26 19 to
110 1265 61 23 fulfil
185 1266 35 22 his
233 1266 112 31 promise,
360 1266 87 26 whicli,
461 1266 66 22 since
544 1265 41 23 the
603 1265 122 22 Normans
743 1265 46 22 had
809 1269 35 18 set
862 1265 51 27 sail,

70 1300 89 31 Jestyn
173 1299 67 31 flatly
251 1298 102 24 refused.
380 1299 61 23 Now
456 1307 38 15 see
507 1299 41 23 the
561 1299 137 30 advantage
711 1298 28 22 of
745 1298 58 22 slow
813 1298 85 30 sailing
908 1307 5 13 :

71 1334 42 23 the
135 1337 122 27 strangers
279 1341 61 15 were
360 1337 43 18 not
421 1341 26 14 so
468 1332 35 23 far
521 1341 30 14 on
571 1332 63 23 their
651 1340 54 23 way
724 1332 43 22 but
786 1331 51 23 that
856 1332 59 29 they

70 1367 73 24 could
154 1375 39 15 see
208 1366 93 23 Eineon
315 1367 95 30 waving
423 1367 37 22 his
473 1366 97 26 mantle,
580 1366 78 22 which
673 1366 29 22 he
716 1366 40 22 did
768 1366 54 22 with
834 1365 31 23 all
878 1366 37 22 his

71 1402 93 30 might;
183 1401 58 30 they
254 1401 122 25 returned,
390 1400 104 23 invaded
512 1400 40 22 the
567 1400 132 22 territories
716 1398 28 23 of
754 1399 47 23 and
815 1399 98 31 quickly

70 1435 164 31 dispossessed
259 1434 41 24 the
324 1434 108 22 faithless
456 1433 95 31 Jestyn,
574 1433 47 23 and
645 1434 58 22 then
728 1429 134 34 proceeded
888 1437 25 19 to

70 1469 82 24 divide
165 1469 37 22 his
214 1468 138 23 dominions
365 1468 132 28 according
511 1470 24 19 to
548 1466 81 23 feudal
643 1467 73 23 ideas.
745 1466 167 25 Fitzhammon

327 1541 13 14 *
354 1541 141 27 Warrington,
506 1548 34 19 pp.
551 1541 100 22 245-257.

462 1569 44 24 e2
