1023 1619
95 104 46 23 146

340 112 135 15 MONASTIC
490 111 200 16 INSTITUTIONS.

93 170 39 30 By
145 170 47 23 this
205 170 58 23 time
276 170 41 23 the
330 171 63 29 good
408 170 74 24 man's
500 170 89 23 ardour
601 178 48 15 was
662 178 14 14 a
688 168 61 24 little
762 167 114 32 damped,
890 166 48 23 and

94 204 30 23 he
145 211 48 15 was
214 204 23 22 in
260 206 48 20 two
328 205 78 22 minds
428 205 108 22 whether
556 207 25 20 to
606 207 83 19 return
714 211 28 14 or
761 210 31 23 go
817 201 105 24 forward
933 210 5 17 ;

94 237 117 31 rejecting
224 237 41 23 the
278 237 52 23 first
342 238 105 29 thought
460 246 25 14 as
497 245 15 15 a
524 238 139 29 suggestion
678 236 28 23 of
717 236 83 26 Satan,
815 236 30 22 he
859 236 80 30 began

93 275 25 19 to
138 271 104 23 descend
260 271 51 23 into
332 271 41 23 the
392 271 87 31 valley.
544 270 151 31 Alternately
714 269 85 30 falling
817 277 65 22 upon
902 268 37 23 his

94 305 64 22 back
177 305 48 22 and
244 304 59 27 face,
323 305 30 22 he
375 305 83 22 makes
479 305 35 22 his
534 312 51 23 way
605 307 25 20 to
652 304 40 23 the
712 304 70 29 point
801 303 78 22 where
898 302 41 23 the

94 338 89 29 abrupt
201 338 124 22 mountain
345 338 51 22 side
415 338 126 27 descends,
559 338 32 30 by
605 345 13 15 a
637 337 81 31 gentle
737 337 74 29 slope,
829 337 50 22 into
899 336 40 23 the

95 371 53 23 vale
168 371 77 23 below
258 381 5 16 ;
282 371 86 22 thence
390 371 30 22 he
442 371 69 22 hears
533 371 41 22 the
596 371 109 30 chiming
727 370 26 23 of
771 371 41 22 the
834 370 59 23 bells
914 373 25 20 to

94 413 98 23 vespers
205 406 23 21 in
244 405 41 22 the
305 405 91 23 church
410 405 104 22 beneath
532 405 58 27 him,
603 405 47 22 and
664 404 130 27 refreshed,
807 412 26 14 as
847 404 91 31 though

94 439 34 31 by
141 439 86 22 strains
240 438 27 23 of
277 438 82 23 divine
377 439 125 30 harmony,
516 438 173 31 accomplishes
706 438 41 23 the
764 438 136 23 remainder
917 437 27 23 of

95 473 37 23 his
152 472 107 31 journey
282 473 57 22 with
365 472 171 27 cheerfulness,
560 472 97 31 leaving
680 472 42 23 the
745 475 78 20 traces
851 471 27 23 of
902 471 37 23 his

95 507 122 23 lacerated
234 506 116 31 footsteps
368 507 22 21 in
405 506 72 23 blood
491 514 64 23 upon
572 507 41 22 the
630 514 74 15 snow.
740 506 54 22 The
807 505 132 32 benighted

96 544 71 28 guest
180 540 92 23 knocks
287 544 24 19 at
325 541 39 22 the
381 540 61 23 door
454 540 28 23 of
492 541 40 22 the
546 540 100 30 porter's
663 540 79 30 lodge,
756 540 20 22 is
789 539 149 31 recognised,

95 575 48 22 and
161 574 125 23 admitted.
323 574 52 23 The
392 575 114 22 brethren
526 577 64 20 meet
607 574 48 23 him
674 574 55 23 with
749 574 124 22 lanthorns
891 573 48 23 and

95 608 108 23 conduct
221 608 48 22 him
287 611 25 19 to
331 608 40 22 the
525 608 22 22 A
566 608 44 22 few
627 615 69 24 years
715 607 63 23 after
795 608 41 22 the
856 614 83 23 recep-

95 642 52 22 tion
165 641 27 23 of
207 641 39 23 the
266 641 57 23 Earl
340 641 28 23 of
385 641 119 23 Hereford
522 641 47 23 and
588 641 94 23 Robert
696 641 28 23 de
743 641 87 26 Betun,
848 641 90 26 Ernisi,

95 675 53 23 first
161 675 70 23 Prior
247 675 27 23 of
282 675 148 31 Llanthony,
444 675 64 23 died.
546 675 91 22 Robert
652 675 28 22 de
696 675 77 22 Betun
787 682 47 15 was
847 675 90 22 chosen

95 717 26 15 as
135 709 36 22 his
188 717 130 15 successor.
356 708 39 23 He
413 709 40 22 did
471 712 42 19 not
526 709 114 23 continue
659 709 57 30 long
729 709 22 21 in
766 717 29 14 an
813 708 70 22 office
897 708 41 23 the

97 743 79 23 duties
188 742 27 23 of
225 743 77 22 which
315 742 30 23 he
362 742 144 31 discharged
519 743 56 22 with
593 743 41 22 the
651 743 105 22 strictest
769 742 102 31 fidelity.
908 741 30 23 In

99 777 64 22 1129
182 776 94 23 Robert
292 776 28 22 de
339 776 78 22 Betun
431 784 48 14 was
496 777 139 22 nominated
653 776 92 31 Bishop
763 775 27 23 of
806 774 132 29 Hereford,

96 811 46 23 but
155 818 46 15 was
216 813 43 20 not
271 809 154 23 consecrated
439 810 34 22 till
490 810 71 26 1131,
574 810 47 22 and
635 810 57 22 then
709 810 72 22 much
795 810 94 30 against
902 809 36 23 his

98 844 54 23 will.
190 843 47 23 His
250 851 125 16 successor
386 846 25 20 at
424 842 139 31 Llanthony
576 851 48 15 was
637 843 94 23 Robert
745 843 28 23 de
789 843 78 23 Braci.

149 877 139 31 Llanthony
302 877 47 23 had
361 885 56 15 seen
435 877 43 23 her
491 878 81 29 bright
585 878 58 30 days
648 892 34 3 —
688 877 59 23 dark
764 877 59 30 days
835 884 63 15 were
915 879 25 20 at

97 912 74 22 hand.
215 911 68 31 King
303 911 87 30 Henry
409 911 20 23 I.
447 911 28 23 of
492 911 112 30 England
624 911 62 28 died,
707 911 138 23 December
868 911 71 22 1135.

99 945 47 23 His
163 945 127 31 sagacious
309 945 66 22 mind
392 945 47 22 and
453 949 83 27 strong
552 945 62 22 hand
628 945 46 22 had
688 945 58 30 kept
759 945 143 31 everything
915 944 23 22 in

99 979 29 23 its
139 979 69 30 place
219 989 5 17 ;
242 987 52 14 now
305 978 120 23 disorders
437 978 48 23 and
495 978 153 23 convulsions
662 978 118 28 followed,
791 978 148 31 aggravated

98 1013 33 31 by
145 1013 39 22 the
202 1012 113 31 calamity
328 1011 29 23 of
368 1020 13 14 a
400 1012 111 31 disputed
529 1013 135 22 succession
683 1012 23 22 in
723 1012 41 22 the
779 1012 60 22 rival
856 1011 83 23 claims

98 1046 29 24 of
139 1047 42 22 the
199 1046 113 31 Empress
330 1045 106 23 Matilda
452 1046 46 22 and
519 1045 115 31 Stephen.
670 1045 53 23 The
737 1045 82 23 Welsh
834 1053 61 15 were
915 1045 23 22 in

98 1088 71 20 arms,
182 1081 48 21 and
244 1080 39 22 the
298 1079 149 32 tranquillity
461 1079 28 23 of
499 1080 41 22 the
553 1079 119 23 beautiful
683 1079 51 23 vale
748 1078 28 24 of
786 1079 88 32 Ewyas
892 1087 47 14 was

99 1114 100 30 wofully
212 1113 92 23 marred
319 1113 33 30 by
365 1114 40 22 the
419 1121 100 23 passage
536 1112 29 23 of
578 1113 86 23 hostile
682 1113 133 27 chieftains,
828 1113 41 22 the
883 1121 56 22 pur-

99 1149 58 22 sued
175 1148 47 22 and
240 1148 40 22 the
297 1155 109 22 pursuer.
444 1146 54 23 One
515 1147 48 30 day
576 1155 14 14 a
605 1147 77 23 whole
696 1147 83 22 Welsh
797 1147 81 30 family
892 1146 47 23 fled

99 1184 25 20 to
134 1181 140 30 Llanthony
285 1181 35 22 for
330 1184 129 26 sanctuary
469 1190 5 16 ;
487 1181 63 22 their
559 1181 105 22 enemies
673 1180 112 23 followed
797 1181 74 28 them,
880 1188 59 15 even

98 1216 51 22 into
163 1216 40 22 the
216 1215 82 23 sacred
312 1215 128 30 precincts,
450 1215 47 22 and
511 1214 85 31 fought
609 1215 22 22 in
646 1215 40 22 the
699 1218 70 19 outer
779 1218 77 19 court.
887 1214 53 23 The

98 1249 101 31 fugitive
221 1249 47 22 and
287 1249 36 22 his
345 1248 141 27 household,
505 1249 58 22 with
584 1248 63 23 their
665 1249 73 22 wives
756 1249 47 22 and
823 1248 116 27 children,

99 1290 58 23 very
171 1282 120 30 naturally
305 1282 88 22 rushed
410 1282 51 23 into
478 1282 41 22 the
536 1282 82 27 house,
632 1282 47 22 and
694 1282 57 22 took
767 1282 135 30 possession
916 1281 27 23 of

99 1316 41 22 the
158 1316 125 32 refectory.
319 1315 12 23 I
351 1316 30 22 do
400 1318 43 21 not
459 1323 40 15 see
519 1316 77 22 where
616 1316 79 22 better
712 1316 58 31 they
789 1315 71 23 could
881 1315 59 22 have

99 1358 71 23 gone.
206 1350 28 23 In
248 1350 40 22 the
305 1350 147 22 excitement
464 1349 27 23 of
502 1349 40 23 the
556 1354 107 18 moment
675 1350 58 31 they
746 1349 74 23 found
834 1353 57 19 vent
905 1348 37 23 for

99 1383 64 23 their
175 1383 101 31 feelings
290 1384 23 21 in
327 1384 97 30 singing
436 1383 62 23 their
512 1383 104 23 national
631 1384 93 30 hymns,
739 1383 56 23 with
810 1383 76 23 which
901 1382 40 23 the

99 1417 94 26 monks,
208 1421 42 19 not
263 1418 192 30 understanding
470 1425 14 15 a
497 1418 65 22 word
575 1417 57 31 they
646 1418 58 26 said,
719 1425 61 15 were
793 1416 149 24 scandalised

99 1450 97 31 beyond
210 1459 116 14 measure.
363 1451 60 22 This
436 1459 47 15 was
499 1459 14 15 a
530 1452 118 22 transient
661 1452 112 22 vexation
783 1460 5 18 ;
807 1451 45 23 but
865 1452 76 25 when,

100 1490 26 15 as
139 1492 59 21 very
210 1492 59 15 soon
283 1492 48 14 was
346 1484 40 23 the
405 1492 62 19 case,
486 1486 63 22 their
561 1485 86 31 supply
658 1485 28 23 of
696 1486 134 29 provisions
842 1492 47 16 was
901 1487 42 21 cut

100 1516 42 27 off,
166 1517 79 30 things
266 1518 77 29 began
366 1523 25 17 to
412 1518 56 23 look
488 1526 58 23 very
564 1519 99 22 serious.
700 1519 71 30 They
790 1519 70 22 made
880 1519 62 22 their
