1023 1619
96 101 46 23 106

370 111 52 16 THE
437 112 90 15 WELSH
543 109 116 18 CHURCH.

96 167 118 23 Whereas
239 175 45 16 our
309 167 103 24 Saviour
436 169 89 31 having
550 169 48 31 girt
622 165 98 25 himself
742 164 58 24 with
819 172 16 14 a
852 162 89 28 towell,

96 201 97 23 washed
214 201 36 23 his
269 202 119 30 disciples'
407 202 55 28 feet,
481 203 47 23 and
548 202 44 23 left
613 210 28 14 us
660 209 15 15 a
692 202 95 28 pattern
803 201 23 19 to
840 198 101 26 imitate,

96 235 94 29 saying,
217 238 5 10 '
233 235 36 22 As
291 235 10 22 I
322 235 61 23 have
405 236 62 23 done
489 240 26 19 to
534 244 59 23 you,
610 243 27 15 so
659 235 47 22 doe
725 241 50 22 you
797 235 24 20 to
841 230 100 24 others.'

98 268 138 28 Moreover,
250 268 22 23 if
281 276 47 24 any
341 269 27 23 of
385 278 27 14 us
426 270 53 22 who
498 278 40 15 are
557 268 125 25 Catholics
701 267 46 23 doe
765 274 47 23 goe
830 268 112 28 amongst

96 302 66 23 them
176 305 25 19 to
213 302 70 23 make
296 310 29 15 an
339 303 86 27 abode,
438 304 59 29 they
511 303 48 22 will
572 306 42 18 not
631 300 133 24 vouchsafe
776 304 26 19 to
814 300 87 22 admitt
913 307 29 15 us

96 339 26 19 to
135 335 62 23 their
210 335 132 32 fellowship
355 337 36 22 till
404 345 34 14 we
452 337 30 22 be
495 335 135 32 compelled
642 339 23 19 to
676 334 77 31 spend
765 334 65 30 forty
843 334 59 30 days
915 334 26 23 in

147 402 29 23 In
194 403 40 22 the
253 403 69 22 ninth
338 407 110 27 century,
461 407 43 19 not
519 402 90 27 before,
627 402 42 23 the
682 401 84 24 Welsh
781 401 99 24 Church
893 408 48 15 was

96 437 25 22 in
140 436 43 24 full
202 437 156 23 communion
377 438 58 22 with
455 437 40 23 the
515 436 100 24 Church
631 436 29 23 of
676 435 86 28 Rome,
776 435 58 23 with
853 434 88 28 which,

97 478 61 16 even
172 471 23 22 in
210 470 159 31 Augustine's
388 471 66 27 time,
467 471 42 22 she
528 471 58 23 does
604 473 43 20 not
665 478 91 23 appear
772 473 25 19 to
813 470 61 22 have
892 468 49 23 had

96 511 48 23 any
161 504 119 23 doctrinal
299 504 150 24 differences.
486 504 29 23 In
529 505 41 23 the
587 504 67 24 tenth
672 508 103 26 century
791 503 78 23 Rome
885 502 55 26 had,

96 539 24 22 in
138 538 41 23 the
199 538 82 23 Welsh
300 539 102 29 princes,
416 546 60 23 very
489 539 104 22 devoted
606 538 108 23 children
725 547 5 18 ;
742 545 27 16 as
788 537 97 23 Howell
899 537 42 22 thc

97 571 72 23 Good
190 574 64 20 went
274 572 70 22 twice
361 576 25 18 to
401 572 42 22 the
465 572 91 23 eternal
576 572 48 31 city
644 576 24 18 to
687 579 104 23 procure
809 572 41 22 the
869 569 72 32 papal

96 605 108 22 sanction
226 608 25 19 to
272 605 36 22 his
330 605 60 23 code
410 605 28 23 of
456 605 65 23 laws.
557 605 29 23 In
611 605 40 23 the
676 605 160 30 proceedings
855 605 28 22 of
899 605 42 22 the

96 642 81 19 courts
196 638 28 23 of
240 638 90 31 justice
348 639 24 22 in
390 638 90 28 Wales,
499 639 67 23 these
587 639 57 22 laws
664 638 78 23 direct
759 639 41 22 the
817 638 79 31 judge
914 641 26 20 to

95 676 44 27 put
152 672 40 22 the
206 672 86 23 debtor
311 680 64 23 upon
388 672 38 22 his
438 672 65 27 oath,
517 672 70 23 thus:
635 672 53 23 The
703 672 78 31 judge
802 675 63 19 must
883 672 56 22 take

95 705 42 23 the
156 705 83 23 sacred
261 705 58 23 relic
339 706 23 21 in
385 705 36 23 his
439 705 71 27 hand,
531 706 47 23 and
597 713 40 24 say
656 710 25 18 to
699 706 41 23 the
757 705 96 28 debtor,
869 708 5 10 '
885 705 54 22 The

96 740 134 29 protection
245 738 28 23 of
285 738 56 25 God
361 740 29 22 be
406 739 58 22 with
486 740 63 26 thee,
566 740 48 22 and
636 739 40 23 the
697 740 136 30 protection
853 738 28 23 of
897 738 41 23 the

96 772 67 31 Pope
176 772 29 23 of
215 772 85 27 Rome,
314 773 47 22 and
374 773 40 22 the
427 774 134 29 protection
576 772 28 23 of
617 773 43 31 thy
674 773 53 23 lord
736 783 6 17 ;
764 773 30 23 do
808 776 43 19 not
863 780 77 15 swear

96 805 103 32 falsely.'
281 805 138 24 Restricted
431 814 25 14 as
469 814 40 15 are
522 807 41 22 the
572 806 74 23 limits
659 806 28 24 of
698 807 46 23 this
758 815 78 22 essay,
850 806 9 23 I
875 809 66 19 must

95 843 44 20 not
157 840 68 22 leave
249 840 132 22 unnoticed
402 848 14 15 a
436 840 176 23 circumstance
633 841 54 22 that
710 840 118 24 occurred
853 840 24 22 in
899 840 41 22 the

96 874 71 22 ninth
180 876 109 28 century,
303 877 62 19 most
378 874 149 23 honourable
542 877 24 20 to
579 875 41 22 the
631 874 83 23 Welsh
725 874 106 23 Church.
859 873 80 23 When

99 906 85 24 Alfred
203 907 41 23 the
262 903 77 28 Great
358 907 47 23 had
424 908 108 22 restored
551 915 75 23 peace
638 911 25 20 to
677 908 36 22 his
731 911 111 27 country,
857 915 45 15 one
916 907 28 23 of

97 941 37 22 his
152 941 51 22 first
224 944 52 20 acts
295 948 47 15 was
360 944 25 20 to
404 941 73 23 invite
497 942 68 22 three
583 949 54 15 men
654 941 28 23 of
698 942 40 22 the
754 942 97 30 highest
869 948 72 23 repu-

95 975 77 22 tation
190 974 38 23 for
242 975 109 29 learning
364 975 47 22 and
424 975 93 30 ability,
532 978 24 19 to
573 975 55 30 give
642 975 36 22 his
692 975 207 30 newly-founded,
913 982 28 15 or

97 1008 141 26 resounded,
250 1008 140 30 University
404 1007 28 23 of
439 1008 95 22 Oxford
548 1016 13 14 a
574 1008 63 31 good
648 1012 67 19 start.
744 1008 37 23 Of
786 1008 67 22 these
864 1008 76 28 three,

96 1042 41 22 the
151 1042 50 22 first
215 1049 47 15 was
275 1049 14 15 a
301 1042 73 22 monk
388 1041 28 23 of
433 1041 35 23 St.
484 1041 107 28 David's,
606 1050 31 14 no
649 1042 70 22 other
733 1042 59 22 than
811 1049 46 15 our
874 1042 66 29 plea-

96 1079 55 18 sant
162 1075 77 22 friend
250 1075 101 22 Geraint
362 1075 82 22 Bardd
459 1075 68 27 Glas,
565 1075 40 22 the
615 1075 61 23 Blue
688 1075 64 22 Bard
801 1082 48 23 you
859 1075 81 22 would

97 1112 43 18 not
155 1108 60 22 have
232 1108 102 30 guessed
354 1108 51 22 that
417 1108 67 22 there
497 1116 47 14 was
557 1116 14 14 a
582 1112 69 27 great
669 1116 54 15 man
743 1108 89 23 hidden
851 1108 23 22 in
888 1108 53 23 that

96 1141 91 31 playful
208 1141 114 28 minstrel,
337 1141 96 31 singing
449 1142 36 21 his
524 1141 92 25 Choice
784 1142 27 22 In
827 1141 114 31 England

97 1175 31 23 he
141 1176 58 21 bore
212 1175 40 22 the
265 1182 70 15 name
349 1174 26 23 of
385 1175 81 27 Asser,
481 1175 46 22 and
540 1176 56 22 died
610 1175 91 31 Bishop
714 1175 28 23 of
754 1175 148 24 Sherborne.

149 1208 36 23 To
203 1208 49 22 him
273 1216 35 15 we
328 1216 50 15 owe
398 1216 13 14 a
433 1212 62 19 most
513 1209 141 30 interesting
671 1210 36 22 bit
720 1209 27 23 of
760 1209 146 31 biography,

121 1242 53 24 The
195 1241 55 24 Life
263 1241 28 23 of
431 1242 79 23 which
532 1250 49 23 you
604 1243 46 22 will
668 1243 51 23 find
738 1243 23 22 in
781 1242 50 24 Mr.
850 1243 91 23 Bohn's

123 1275 42 24 Six
376 1276 75 23 Asser
461 1276 67 23 there
538 1276 53 23 tells
602 1284 27 15 us
639 1284 14 15 a
661 1276 61 23 little
731 1277 76 22 about
817 1277 103 23 himself.
924 1278 15 29 J

122 1309 27 23 In
162 1310 67 22 these
244 1310 68 22 times
326 1307 89 33 (about
427 1308 64 32 880)
504 1309 11 23 I
530 1310 50 23 also
593 1318 68 15 came
675 1311 51 22 into
741 1310 106 31 Saxony,
862 1314 43 20 out
918 1311 26 23 of

97 1343 42 23 the
151 1343 103 23 furthest
267 1345 77 21 coasts
357 1342 27 23 of
394 1343 110 23 Western
521 1343 91 24 Britain
623 1353 6 18 ;
650 1344 48 23 and
712 1344 68 23 when
796 1344 9 23 I
820 1345 46 22 had
883 1352 58 22 pur-

97 1377 76 30 posed
186 1380 24 20 to
223 1384 31 23 go
267 1379 25 20 to
306 1377 49 22 him
368 1376 82 31 (King
465 1376 99 32 Alfred)
579 1378 105 29 through
698 1385 72 23 many
788 1378 153 30 intervening

97 1411 137 30 provinces,
249 1410 9 23 I
272 1410 94 24 arrived
381 1411 24 22 in
419 1411 41 23 the
478 1415 104 26 country
601 1411 29 23 of
645 1411 40 23 the
704 1411 102 28 Saxons,
821 1412 53 23 who
893 1411 48 24 live

154 1487 12 14 *
181 1488 72 19 Rees's
263 1488 73 25 Essay,
347 1494 19 19 p.
379 1489 47 18 311.
522 1489 14 22 -f-
550 1489 88 20 Ancient
648 1489 72 20 Welsh
730 1489 65 25 Laws,
806 1496 20 20 p.
840 1490 44 20 148.

339 1516 9 25 *[
365 1515 79 20 Bohn's
455 1515 34 19 Six
500 1515 125 25 Chronicles,
638 1523 21 18 p.
672 1516 32 22 71.
