<?xml version="1.0" encoding="UTF-8"?>
<alto xmlns:xsi="http://www.w3.org/2001/XMLSchema-instance" xsi:noNamespaceSchemaLocation="http://www.bl.uk/schemas/alto/alto-1-4.xsd" xmlns:xlink="http://www.w3.org/1999/xlink">
	<Description>
		<MeasurementUnit>mm10</MeasurementUnit>
		<sourceImageInformation>
			<fileName>//head1/IN/2008-22/A0011651692/008505.jp2</fileName>
		</sourceImageInformation>
		<OCRProcessing ID="OCRPROCESSING_1">
			<preProcessingStep>
				<processingSoftware>
					<softwareCreator>CCS Content Conversion Specialists GmbH, Germany</softwareCreator>
					<softwareName>CCS docWORKS</softwareName>
					<softwareVersion>6.1-0.67</softwareVersion>
				</processingSoftware>
			</preProcessingStep>
			<ocrProcessingStep>
				<processingSoftware>
					<softwareCreator>ABBYY (BIT Software), Russia</softwareCreator>
					<softwareName>Finereader</softwareName>
				</processingSoftware>
			</ocrProcessingStep>
		</OCRProcessing>
	</Description>
	<Styles>
		<TextStyle ID="TXT_0" FONTSIZE="10" FONTFAMILY="Courier New"/>
		<TextStyle ID="TXT_1" FONTSIZE="9" FONTFAMILY="Courier New"/>
		<ParagraphStyle ID="PAR_RIGHT" ALIGN="Right"/>
		<ParagraphStyle ID="PAR_CENTER" ALIGN="Center"/>
		<ParagraphStyle ID="PAR_LEFT" ALIGN="Left"/>
	</Styles>
	<Layout>
		<Page ID="P117" PHYSICAL_IMG_NR="117" HEIGHT="1619" WIDTH="1023" PRINTED_IMG_NR="103" POSITION="Right" ACCURACY="75.15">
			<TopMargin ID="P117_TM00001" HPOS="0" VPOS="0" WIDTH="1022" HEIGHT="121">
				<TextBlock ID="P117_TB00001" HPOS="898" VPOS="96" WIDTH="46" HEIGHT="23" STYLEREFS="TXT_0 PAR_RIGHT">
					<TextLine ID="P117_TL00001" HPOS="898" VPOS="96" WIDTH="46" HEIGHT="23">
						<String ID="P117_ST00001" HPOS="898" VPOS="96" WIDTH="46" HEIGHT="23" CONTENT="103" WC="1.00" CC="000"/>
					</TextLine>
				</TextBlock>
				<TextBlock ID="P117_TB00002" HPOS="378" VPOS="102" WIDTH="291" HEIGHT="17" STYLEREFS="TXT_1 PAR_CENTER">
					<TextLine ID="P117_TL00002" HPOS="379" VPOS="103" WIDTH="290" HEIGHT="16">
						<String ID="P117_ST00002" HPOS="379" VPOS="103" WIDTH="56" HEIGHT="16" CONTENT="THE" WC="0.74" CC="330"/>
						<SP ID="P117_SP00001" HPOS="435" VPOS="119" WIDTH="12"/>
						<String ID="P117_ST00003" HPOS="447" VPOS="103" WIDTH="90" HEIGHT="16" CONTENT="WELSH" WC="0.74" CC="02810"/>
						<SP ID="P117_SP00002" HPOS="537" VPOS="119" WIDTH="15"/>
						<String ID="P117_ST00004" HPOS="552" VPOS="103" WIDTH="117" HEIGHT="16" CONTENT="CHURCH." WC="0.78" CC="0305600"/>
					</TextLine>
				</TextBlock>
			</TopMargin>
			<LeftMargin ID="P117_LM00001" HPOS="0" VPOS="121" WIDTH="96" HEIGHT="1415"/>
			<RightMargin ID="P117_RM00001" HPOS="944" VPOS="121" WIDTH="78" HEIGHT="1415"/>
			<BottomMargin ID="P117_BM00001" HPOS="0" VPOS="1536" WIDTH="1022" HEIGHT="82"/>
			<PrintSpace ID="P117_PS00001" HPOS="96" VPOS="121" WIDTH="848" HEIGHT="1415">
				<TextBlock ID="P117_TB00003" HPOS="96" VPOS="160" WIDTH="848" HEIGHT="1376" STYLEREFS="TXT_1 PAR_LEFT">
					<TextLine ID="P117_TL00003" HPOS="104" VPOS="160" WIDTH="840" HEIGHT="33">
						<String ID="P117_ST00005" HPOS="104" VPOS="160" WIDTH="41" HEIGHT="23" CONTENT="He" WC="0.81" CC="30"/>
						<SP ID="P117_SP00003" HPOS="145" VPOS="183" WIDTH="21"/>
						<String ID="P117_ST00006" HPOS="166" VPOS="160" WIDTH="121" HEIGHT="32" CONTENT="besought" WC="0.36" CC="60658976"/>
						<SP ID="P117_SP00004" HPOS="287" VPOS="192" WIDTH="21"/>
						<String ID="P117_ST00007" HPOS="308" VPOS="161" WIDTH="40" HEIGHT="23" CONTENT="the" WC="0.51" CC="067"/>
						<SP ID="P117_SP00005" HPOS="348" VPOS="192" WIDTH="23"/>
						<String ID="P117_ST00008" HPOS="371" VPOS="161" WIDTH="90" HEIGHT="24" CONTENT="British" WC="0.70" CC="0404362"/>
						<SP ID="P117_SP00006" HPOS="461" VPOS="192" WIDTH="26"/>
						<String ID="P117_ST00009" HPOS="487" VPOS="161" WIDTH="82" HEIGHT="32" CONTENT="clergy" WC="0.95" CC="020000"/>
						<SP ID="P117_SP00007" HPOS="569" VPOS="193" WIDTH="21"/>
						<String ID="P117_ST00010" HPOS="590" VPOS="164" WIDTH="25" HEIGHT="21" CONTENT="to" WC="1.00" CC="00"/>
						<SP ID="P117_SP00008" HPOS="615" VPOS="193" WIDTH="20"/>
						<String ID="P117_ST00011" HPOS="635" VPOS="165" WIDTH="70" HEIGHT="21" CONTENT="enter" WC="0.76" CC="32500"/>
						<SP ID="P117_SP00009" HPOS="705" VPOS="193" WIDTH="23"/>
						<String ID="P117_ST00012" HPOS="728" VPOS="162" WIDTH="51" HEIGHT="24" CONTENT="into" WC="0.47" CC="7552"/>
						<SP ID="P117_SP00010" HPOS="779" VPOS="193" WIDTH="24"/>
						<String ID="P117_ST00013" HPOS="803" VPOS="170" WIDTH="14" HEIGHT="16" CONTENT="a" WC="1.00" CC="0"/>
						<SP ID="P117_SP00011" HPOS="817" VPOS="193" WIDTH="24"/>
						<String ID="P117_ST00014" HPOS="841" VPOS="163" WIDTH="103" HEIGHT="23" CONTENT="catholic" WC="0.66" CC="74160600"/>
					</TextLine>
					<TextLine ID="P117_TL00004" HPOS="103" VPOS="194" WIDTH="840" HEIGHT="31">
						<String ID="P117_ST00015" HPOS="103" VPOS="202" WIDTH="73" HEIGHT="23" CONTENT="peace" WC="0.57" CC="95500"/>
						<SP ID="P117_SP00012" HPOS="176" VPOS="225" WIDTH="14"/>
						<String ID="P117_ST00016" HPOS="190" VPOS="195" WIDTH="57" HEIGHT="22" CONTENT="with" WC="0.70" CC="9020"/>
						<SP ID="P117_SP00013" HPOS="247" VPOS="225" WIDTH="14"/>
						<String ID="P117_ST00017" HPOS="261" VPOS="194" WIDTH="101" HEIGHT="28" CONTENT="himself," WC="0.55" CC="61760670"/>
						<SP ID="P117_SP00014" HPOS="362" VPOS="225" WIDTH="13"/>
						<String ID="P117_ST00018" HPOS="375" VPOS="196" WIDTH="48" HEIGHT="22" CONTENT="and" WC="0.81" CC="050"/>
						<SP ID="P117_SP00015" HPOS="423" VPOS="225" WIDTH="15"/>
						<String ID="P117_ST00019" HPOS="438" VPOS="196" WIDTH="132" HEIGHT="23" CONTENT="undertake" WC="0.66" CC="069005700"/>
						<SP ID="P117_SP00016" HPOS="570" VPOS="225" WIDTH="14"/>
						<String ID="P117_ST00020" HPOS="584" VPOS="196" WIDTH="35" HEIGHT="23" CONTENT="for" WC="0.85" CC="400"/>
						<SP ID="P117_SP00017" HPOS="619" VPOS="225" WIDTH="12"/>
						<String ID="P117_ST00021" HPOS="631" VPOS="197" WIDTH="63" HEIGHT="22" CONTENT="their" WC="0.76" CC="07004"/>
						<SP ID="P117_SP00018" HPOS="694" VPOS="225" WIDTH="13"/>
						<String ID="P117_ST00022" HPOS="707" VPOS="196" WIDTH="65" HEIGHT="23" CONTENT="Lord" WC="0.72" CC="5310"/>
						<SP ID="P117_SP00019" HPOS="772" VPOS="225" WIDTH="11"/>
						<String ID="P117_ST00023" HPOS="783" VPOS="197" WIDTH="41" HEIGHT="22" CONTENT="the" WC="0.56" CC="561"/>
						<SP ID="P117_SP00020" HPOS="824" VPOS="225" WIDTH="8"/>
						<String ID="P117_ST00024" HPOS="832" VPOS="204" WIDTH="111" HEIGHT="15" CONTENT="common" WC="0.69" CC="250064"/>
					</TextLine>
					<TextLine ID="P117_TL00005" HPOS="102" VPOS="228" WIDTH="842" HEIGHT="33">
						<String ID="P117_ST00025" HPOS="102" VPOS="228" WIDTH="87" HEIGHT="23" CONTENT="labour" WC="0.74" CC="350330"/>
						<SP ID="P117_SP00021" HPOS="189" VPOS="251" WIDTH="13"/>
						<String ID="P117_ST00026" HPOS="202" VPOS="228" WIDTH="28" HEIGHT="23" CONTENT="of" WC="0.87" CC="20"/>
						<SP ID="P117_SP00022" HPOS="230" VPOS="251" WIDTH="9"/>
						<String ID="P117_ST00027" HPOS="239" VPOS="229" WIDTH="133" HEIGHT="31" CONTENT="preaching" WC="0.63" CC="032007279"/>
						<SP ID="P117_SP00023" HPOS="372" VPOS="260" WIDTH="14"/>
						<String ID="P117_ST00028" HPOS="386" VPOS="230" WIDTH="41" HEIGHT="22" CONTENT="the" WC="0.76" CC="070"/>
						<SP ID="P117_SP00024" HPOS="427" VPOS="260" WIDTH="13"/>
						<String ID="P117_ST00029" HPOS="440" VPOS="228" WIDTH="93" HEIGHT="31" CONTENT="Gospel" WC="0.83" CC="005012"/>
						<SP ID="P117_SP00025" HPOS="533" VPOS="260" WIDTH="16"/>
						<String ID="P117_ST00030" HPOS="549" VPOS="233" WIDTH="25" HEIGHT="19" CONTENT="to" WC="1.00" CC="00"/>
						<SP ID="P117_SP00026" HPOS="574" VPOS="260" WIDTH="17"/>
						<String ID="P117_ST00031" HPOS="591" VPOS="230" WIDTH="41" HEIGHT="22" CONTENT="the" WC="0.77" CC="060"/>
						<SP ID="P117_SP00027" HPOS="632" VPOS="260" WIDTH="17"/>
						<String ID="P117_ST00032" HPOS="649" VPOS="230" WIDTH="111" HEIGHT="23" CONTENT="heathen." WC="0.64" CC="66006161"/>
						<SP ID="P117_SP00028" HPOS="760" VPOS="260" WIDTH="40"/>
						<String ID="P117_ST00033" HPOS="800" VPOS="230" WIDTH="39" HEIGHT="23" CONTENT="He" WC="0.80" CC="30"/>
						<SP ID="P117_SP00029" HPOS="839" VPOS="260" WIDTH="13"/>
						<String ID="P117_ST00034" HPOS="852" VPOS="230" WIDTH="92" HEIGHT="31" CONTENT="singled" WC="0.66" CC="5429100"/>
					</TextLine>
					<TextLine ID="P117_TL00006" HPOS="103" VPOS="262" WIDTH="841" HEIGHT="33">
						<String ID="P117_ST00035" HPOS="103" VPOS="265" WIDTH="43" HEIGHT="20" CONTENT="out" WC="0.83" CC="050"/>
						<SP ID="P117_SP00030" HPOS="146" VPOS="285" WIDTH="20"/>
						<String ID="P117_ST00036" HPOS="166" VPOS="262" WIDTH="63" HEIGHT="23" CONTENT="their" WC="0.72" CC="34302"/>
						<SP ID="P117_SP00031" HPOS="229" VPOS="285" WIDTH="19"/>
						<String ID="P117_ST00037" HPOS="248" VPOS="263" WIDTH="148" HEIGHT="23" CONTENT="observance" WC="0.79" CC="4640100300"/>
						<SP ID="P117_SP00032" HPOS="396" VPOS="286" WIDTH="20"/>
						<String ID="P117_ST00038" HPOS="416" VPOS="263" WIDTH="28" HEIGHT="23" CONTENT="of" WC="0.15" CC="69"/>
						<SP ID="P117_SP00033" HPOS="444" VPOS="286" WIDTH="17"/>
						<String ID="P117_ST00039" HPOS="461" VPOS="263" WIDTH="86" HEIGHT="23" CONTENT="Easter" WC="0.80" CC="006500"/>
						<SP ID="P117_SP00034" HPOS="547" VPOS="286" WIDTH="23"/>
						<String ID="P117_ST00040" HPOS="570" VPOS="266" WIDTH="25" HEIGHT="20" CONTENT="at" WC="1.00" CC="00"/>
						<SP ID="P117_SP00035" HPOS="595" VPOS="286" WIDTH="21"/>
						<String ID="P117_ST00041" HPOS="616" VPOS="271" WIDTH="14" HEIGHT="15" CONTENT="a" WC="1.00" CC="0"/>
						<SP ID="P117_SP00036" HPOS="630" VPOS="286" WIDTH="18"/>
						<String ID="P117_ST00042" HPOS="648" VPOS="263" WIDTH="112" HEIGHT="23" CONTENT="different" WC="0.64" CC="037404425"/>
						<SP ID="P117_SP00037" HPOS="760" VPOS="286" WIDTH="20"/>
						<String ID="P117_ST00043" HPOS="780" VPOS="264" WIDTH="84" HEIGHT="31" CONTENT="period" WC="0.92" CC="001300"/>
						<SP ID="P117_SP00038" HPOS="864" VPOS="295" WIDTH="18"/>
						<String ID="P117_ST00044" HPOS="882" VPOS="263" WIDTH="62" HEIGHT="23" CONTENT="from" WC="0.84" CC="5000"/>
					</TextLine>
					<TextLine ID="P117_TL00007" HPOS="103" VPOS="296" WIDTH="841" HEIGHT="28">
						<String ID="P117_ST00045" HPOS="103" VPOS="296" WIDTH="41" HEIGHT="23" CONTENT="the" WC="0.85" CC="040"/>
						<SP ID="P117_SP00039" HPOS="144" VPOS="319" WIDTH="14"/>
						<String ID="P117_ST00046" HPOS="158" VPOS="299" WIDTH="48" HEIGHT="20" CONTENT="rest" WC="0.93" CC="2000"/>
						<SP ID="P117_SP00040" HPOS="206" VPOS="319" WIDTH="13"/>
						<String ID="P117_ST00047" HPOS="219" VPOS="296" WIDTH="28" HEIGHT="23" CONTENT="of" WC="1.00" CC="00"/>
						<SP ID="P117_SP00041" HPOS="247" VPOS="319" WIDTH="10"/>
						<String ID="P117_ST00048" HPOS="257" VPOS="297" WIDTH="40" HEIGHT="22" CONTENT="the" WC="0.55" CC="660"/>
						<SP ID="P117_SP00042" HPOS="297" VPOS="319" WIDTH="13"/>
						<String ID="P117_ST00049" HPOS="310" VPOS="296" WIDTH="113" HEIGHT="23" CONTENT="Western" WC="0.81" CC="0060060"/>
						<SP ID="P117_SP00043" HPOS="423" VPOS="319" WIDTH="14"/>
						<String ID="P117_ST00050" HPOS="437" VPOS="296" WIDTH="109" HEIGHT="28" CONTENT="Church," WC="0.87" CC="0053000"/>
						<SP ID="P117_SP00044" HPOS="546" VPOS="324" WIDTH="14"/>
						<String ID="P117_ST00051" HPOS="560" VPOS="297" WIDTH="46" HEIGHT="22" CONTENT="and" WC="0.56" CC="480"/>
						<SP ID="P117_SP00045" HPOS="606" VPOS="324" WIDTH="17"/>
						<String ID="P117_ST00052" HPOS="623" VPOS="297" WIDTH="37" HEIGHT="22" CONTENT="for" WC="0.96" CC="001"/>
						<SP ID="P117_SP00046" HPOS="660" VPOS="324" WIDTH="16"/>
						<String ID="P117_ST00053" HPOS="676" VPOS="297" WIDTH="41" HEIGHT="23" CONTENT="the" WC="1.00" CC="000"/>
						<SP ID="P117_SP00047" HPOS="717" VPOS="324" WIDTH="13"/>
						<String ID="P117_ST00054" HPOS="730" VPOS="305" WIDTH="112" HEIGHT="16" CONTENT="common" WC="0.90" CC="203000"/>
						<SP ID="P117_SP00048" HPOS="842" VPOS="324" WIDTH="12"/>
						<String ID="P117_ST00055" HPOS="854" VPOS="297" WIDTH="90" HEIGHT="24" CONTENT="benefit" WC="0.73" CC="0660005"/>
					</TextLine>
					<TextLine ID="P117_TL00008" HPOS="103" VPOS="330" WIDTH="841" HEIGHT="33">
						<String ID="P117_ST00056" HPOS="103" VPOS="330" WIDTH="124" HEIGHT="22" CONTENT="entreated" WC="0.77" CC="050000570"/>
						<SP ID="P117_SP00049" HPOS="227" VPOS="352" WIDTH="30"/>
						<String ID="P117_ST00057" HPOS="257" VPOS="330" WIDTH="65" HEIGHT="22" CONTENT="them" WC="0.70" CC="0650"/>
						<SP ID="P117_SP00050" HPOS="322" VPOS="352" WIDTH="29"/>
						<String ID="P117_ST00058" HPOS="351" VPOS="334" WIDTH="24" HEIGHT="18" CONTENT="to" WC="0.96" CC="00"/>
						<SP ID="P117_SP00051" HPOS="375" VPOS="352" WIDTH="26"/>
						<String ID="P117_ST00059" HPOS="401" VPOS="330" WIDTH="109" HEIGHT="23" CONTENT="conform" WC="0.85" CC="0020213"/>
						<SP ID="P117_SP00052" HPOS="510" VPOS="353" WIDTH="24"/>
						<String ID="P117_ST00060" HPOS="534" VPOS="334" WIDTH="24" HEIGHT="19" CONTENT="to" WC="0.74" CC="05"/>
						<SP ID="P117_SP00053" HPOS="558" VPOS="353" WIDTH="25"/>
						<String ID="P117_ST00061" HPOS="583" VPOS="330" WIDTH="144" HEIGHT="24" CONTENT="established" WC="0.67" CC="04197006600"/>
						<SP ID="P117_SP00054" HPOS="727" VPOS="354" WIDTH="26"/>
						<String ID="P117_ST00062" HPOS="753" VPOS="339" WIDTH="84" HEIGHT="24" CONTENT="usage." WC="0.66" CC="661400"/>
						<SP ID="P117_SP00055" HPOS="837" VPOS="363" WIDTH="49"/>
						<String ID="P117_ST00063" HPOS="886" VPOS="331" WIDTH="58" HEIGHT="23" CONTENT="This" WC="0.47" CC="0776"/>
					</TextLine>
					<TextLine ID="P117_TL00009" HPOS="103" VPOS="363" WIDTH="841" HEIGHT="32">
						<String ID="P117_ST00064" HPOS="103" VPOS="363" WIDTH="89" HEIGHT="22" CONTENT="Easter" WC="0.46" CC="096546"/>
						<SP ID="P117_SP00056" HPOS="192" VPOS="385" WIDTH="20"/>
						<String ID="P117_ST00065" HPOS="212" VPOS="363" WIDTH="159" HEIGHT="32" CONTENT="discrepancy" WC="0.73" CC="00674400600"/>
						<SP ID="P117_SP00057" HPOS="371" VPOS="395" WIDTH="19"/>
						<String ID="P117_ST00066" HPOS="390" VPOS="364" WIDTH="19" HEIGHT="22" CONTENT="is" WC="0.67" CC="60"/>
						<SP ID="P117_SP00058" HPOS="409" VPOS="395" WIDTH="19"/>
						<String ID="P117_ST00067" HPOS="428" VPOS="372" WIDTH="13" HEIGHT="14" CONTENT="a" WC="1.00" CC="0"/>
						<SP ID="P117_SP00059" HPOS="441" VPOS="395" WIDTH="18"/>
						<String ID="P117_ST00068" HPOS="459" VPOS="367" WIDTH="69" HEIGHT="28" CONTENT="great" WC="0.91" CC="00004"/>
						<SP ID="P117_SP00060" HPOS="528" VPOS="395" WIDTH="17"/>
						<String ID="P117_ST00069" HPOS="545" VPOS="364" WIDTH="57" HEIGHT="23" CONTENT="card" WC="0.82" CC="0070"/>
						<SP ID="P117_SP00061" HPOS="602" VPOS="395" WIDTH="22"/>
						<String ID="P117_ST00070" HPOS="624" VPOS="365" WIDTH="57" HEIGHT="22" CONTENT="with" WC="0.99" CC="0000"/>
						<SP ID="P117_SP00062" HPOS="681" VPOS="395" WIDTH="19"/>
						<String ID="P117_ST00071" HPOS="700" VPOS="373" WIDTH="35" HEIGHT="19" CONTENT="us," WC="0.42" CC="790"/>
						<SP ID="P117_SP00063" HPOS="735" VPOS="395" WIDTH="20"/>
						<String ID="P117_ST00072" HPOS="755" VPOS="366" WIDTH="47" HEIGHT="22" CONTENT="and" WC="0.80" CC="050"/>
						<SP ID="P117_SP00064" HPOS="802" VPOS="395" WIDTH="19"/>
						<String ID="P117_ST00073" HPOS="821" VPOS="364" WIDTH="36" HEIGHT="23" CONTENT="far" WC="0.74" CC="033"/>
						<SP ID="P117_SP00065" HPOS="857" VPOS="395" WIDTH="20"/>
						<String ID="P117_ST00074" HPOS="877" VPOS="365" WIDTH="30" HEIGHT="22" CONTENT="be" WC="0.83" CC="03"/>
						<SP ID="P117_SP00066" HPOS="907" VPOS="395" WIDTH="19"/>
						<String ID="P117_ST00075" HPOS="926" VPOS="365" WIDTH="18" HEIGHT="23" CONTENT="it" WC="0.85" CC="20"/>
					</TextLine>
					<TextLine ID="P117_TL00010" HPOS="103" VPOS="396" WIDTH="841" HEIGHT="33">
						<String ID="P117_ST00076" HPOS="103" VPOS="396" WIDTH="63" HEIGHT="23" CONTENT="from" WC="0.83" CC="5000"/>
						<SP ID="P117_SP00067" HPOS="166" VPOS="419" WIDTH="15"/>
						<String ID="P117_ST00077" HPOS="181" VPOS="405" WIDTH="37" HEIGHT="14" CONTENT="me" WC="1.00" CC="00"/>
						<SP ID="P117_SP00068" HPOS="218" VPOS="419" WIDTH="14"/>
						<String ID="P117_ST00078" HPOS="232" VPOS="401" WIDTH="23" HEIGHT="19" CONTENT="to" WC="0.67" CC="60"/>
						<SP ID="P117_SP00069" HPOS="255" VPOS="420" WIDTH="14"/>
						<String ID="P117_ST00079" HPOS="269" VPOS="397" WIDTH="75" HEIGHT="23" CONTENT="lessen" WC="0.71" CC="007405"/>
						<SP ID="P117_SP00070" HPOS="344" VPOS="420" WIDTH="14"/>
						<String ID="P117_ST00080" HPOS="358" VPOS="398" WIDTH="30" HEIGHT="21" CONTENT="its" WC="1.00" CC="000"/>
						<SP ID="P117_SP00071" HPOS="388" VPOS="420" WIDTH="18"/>
						<String ID="P117_ST00081" HPOS="406" VPOS="398" WIDTH="172" HEIGHT="23" CONTENT="controversial" WC="0.73" CC="0304030365106"/>
						<SP ID="P117_SP00072" HPOS="578" VPOS="421" WIDTH="18"/>
						<String ID="P117_ST00082" HPOS="596" VPOS="398" WIDTH="70" HEIGHT="23" CONTENT="value" WC="0.76" CC="40520"/>
						<SP ID="P117_SP00073" HPOS="666" VPOS="421" WIDTH="10"/>
						<String ID="P117_ST00083" HPOS="676" VPOS="408" WIDTH="5" HEIGHT="17" CONTENT=";" WC="1.00" CC="0"/>
						<SP ID="P117_SP00074" HPOS="681" VPOS="425" WIDTH="24"/>
						<String ID="P117_ST00084" HPOS="705" VPOS="398" WIDTH="50" HEIGHT="27" CONTENT="but," WC="0.81" CC="2040"/>
						<SP ID="P117_SP00075" HPOS="755" VPOS="425" WIDTH="15"/>
						<String ID="P117_ST00085" HPOS="770" VPOS="407" WIDTH="25" HEIGHT="14" CONTENT="as" WC="0.77" CC="04"/>
						<SP ID="P117_SP00076" HPOS="795" VPOS="425" WIDTH="13"/>
						<String ID="P117_ST00086" HPOS="808" VPOS="407" WIDTH="13" HEIGHT="14" CONTENT="a" WC="1.00" CC="0"/>
						<SP ID="P117_SP00077" HPOS="821" VPOS="425" WIDTH="13"/>
						<String ID="P117_ST00087" HPOS="834" VPOS="399" WIDTH="110" HEIGHT="30" CONTENT="question" WC="0.73" CC="01390402"/>
					</TextLine>
					<TextLine ID="P117_TL00011" HPOS="103" VPOS="430" WIDTH="841" HEIGHT="33">
						<String ID="P117_ST00088" HPOS="103" VPOS="430" WIDTH="29" HEIGHT="22" CONTENT="of" WC="0.69" CC="60"/>
						<SP ID="P117_SP00078" HPOS="132" VPOS="452" WIDTH="10"/>
						<String ID="P117_ST00089" HPOS="142" VPOS="431" WIDTH="63" HEIGHT="30" CONTENT="plain" WC="0.79" CC="06003"/>
						<SP ID="P117_SP00079" HPOS="205" VPOS="461" WIDTH="15"/>
						<String ID="P117_ST00090" HPOS="220" VPOS="439" WIDTH="112" HEIGHT="15" CONTENT="common" WC="0.60" CC="600736"/>
						<SP ID="P117_SP00080" HPOS="332" VPOS="461" WIDTH="14"/>
						<String ID="P117_ST00091" HPOS="346" VPOS="439" WIDTH="75" HEIGHT="18" CONTENT="sense," WC="0.53" CC="644660"/>
						<SP ID="P117_SP00081" HPOS="421" VPOS="461" WIDTH="15"/>
						<String ID="P117_ST00092" HPOS="436" VPOS="431" WIDTH="79" HEIGHT="23" CONTENT="Rome" WC="0.79" CC="6200"/>
						<SP ID="P117_SP00082" HPOS="515" VPOS="461" WIDTH="14"/>
						<String ID="P117_ST00093" HPOS="529" VPOS="439" WIDTH="47" HEIGHT="15" CONTENT="was" WC="1.00" CC="000"/>
						<SP ID="P117_SP00083" HPOS="576" VPOS="461" WIDTH="18"/>
						<String ID="P117_ST00094" HPOS="594" VPOS="432" WIDTH="72" HEIGHT="30" CONTENT="right," WC="0.68" CC="060632"/>
						<SP ID="P117_SP00084" HPOS="666" VPOS="462" WIDTH="14"/>
						<String ID="P117_ST00095" HPOS="680" VPOS="432" WIDTH="47" HEIGHT="23" CONTENT="and" WC="0.76" CC="700"/>
						<SP ID="P117_SP00085" HPOS="727" VPOS="462" WIDTH="14"/>
						<String ID="P117_ST00096" HPOS="741" VPOS="433" WIDTH="40" HEIGHT="22" CONTENT="the" WC="0.89" CC="030"/>
						<SP ID="P117_SP00086" HPOS="781" VPOS="462" WIDTH="13"/>
						<String ID="P117_ST00097" HPOS="794" VPOS="436" WIDTH="96" HEIGHT="27" CONTENT="present" WC="0.38" CC="9767560"/>
						<SP ID="P117_SP00087" HPOS="890" VPOS="463" WIDTH="14"/>
						<String ID="P117_ST00098" HPOS="904" VPOS="440" WIDTH="40" HEIGHT="15" CONTENT="use" WC="0.67" CC="270"/>
					</TextLine>
					<TextLine ID="P117_TL00012" HPOS="104" VPOS="463" WIDTH="840" HEIGHT="32">
						<String ID="P117_ST00099" HPOS="104" VPOS="463" WIDTH="28" HEIGHT="23" CONTENT="of" WC="0.86" CC="20"/>
						<SP ID="P117_SP00088" HPOS="132" VPOS="486" WIDTH="11"/>
						<String ID="P117_ST00100" HPOS="143" VPOS="465" WIDTH="43" HEIGHT="22" CONTENT="her" WC="0.68" CC="603"/>
						<SP ID="P117_SP00089" HPOS="186" VPOS="487" WIDTH="16"/>
						<String ID="P117_ST00101" HPOS="202" VPOS="466" WIDTH="174" HEIGHT="29" CONTENT="computation," WC="0.64" CC="057050904550"/>
						<SP ID="P117_SP00090" HPOS="376" VPOS="495" WIDTH="14"/>
						<String ID="P117_ST00102" HPOS="390" VPOS="465" WIDTH="30" HEIGHT="23" CONTENT="all" WC="0.81" CC="005"/>
						<SP ID="P117_SP00091" HPOS="420" VPOS="495" WIDTH="18"/>
						<String ID="P117_ST00103" HPOS="438" VPOS="465" WIDTH="41" HEIGHT="23" CONTENT="the" WC="0.82" CC="050"/>
						<SP ID="P117_SP00092" HPOS="479" VPOS="495" WIDTH="18"/>
						<String ID="P117_ST00104" HPOS="497" VPOS="465" WIDTH="74" HEIGHT="22" CONTENT="world" WC="0.84" CC="00150"/>
						<SP ID="P117_SP00093" HPOS="571" VPOS="495" WIDTH="18"/>
						<String ID="P117_ST00105" HPOS="589" VPOS="473" WIDTH="64" HEIGHT="19" CONTENT="over," WC="0.97" CC="00000"/>
						<SP ID="P117_SP00094" HPOS="653" VPOS="495" WIDTH="14"/>
						<String ID="P117_ST00106" HPOS="667" VPOS="473" WIDTH="86" HEIGHT="22" CONTENT="proves" WC="0.69" CC="022741"/>
						<SP ID="P117_SP00095" HPOS="753" VPOS="495" WIDTH="13"/>
						<String ID="P117_ST00107" HPOS="766" VPOS="466" WIDTH="26" HEIGHT="22" CONTENT="it." WC="0.81" CC="032"/>
						<SP ID="P117_SP00096" HPOS="792" VPOS="495" WIDTH="37"/>
						<String ID="P117_ST00108" HPOS="829" VPOS="465" WIDTH="37" HEIGHT="23" CONTENT="To" WC="0.78" CC="04"/>
						<SP ID="P117_SP00097" HPOS="866" VPOS="495" WIDTH="12"/>
						<String ID="P117_ST00109" HPOS="878" VPOS="466" WIDTH="66" HEIGHT="23" CONTENT="show" WC="0.61" CC="5009"/>
					</TextLine>
					<TextLine ID="P117_TL00013" HPOS="103" VPOS="498" WIDTH="841" HEIGHT="32">
						<String ID="P117_ST00110" HPOS="103" VPOS="498" WIDTH="42" HEIGHT="22" CONTENT="the" WC="0.57" CC="660"/>
						<SP ID="P117_SP00098" HPOS="145" VPOS="520" WIDTH="19"/>
						<String ID="P117_ST00111" HPOS="164" VPOS="499" WIDTH="115" HEIGHT="22" CONTENT="immense" WC="0.90" CC="0300030"/>
						<SP ID="P117_SP00099" HPOS="279" VPOS="521" WIDTH="18"/>
						<String ID="P117_ST00112" HPOS="297" VPOS="499" WIDTH="189" HEIGHT="23" CONTENT="inconvenience" WC="0.77" CC="0330100705700"/>
						<SP ID="P117_SP00100" HPOS="486" VPOS="522" WIDTH="19"/>
						<String ID="P117_ST00113" HPOS="505" VPOS="498" WIDTH="29" HEIGHT="23" CONTENT="of" WC="0.57" CC="08"/>
						<SP ID="P117_SP00101" HPOS="534" VPOS="522" WIDTH="14"/>
						<String ID="P117_ST00114" HPOS="548" VPOS="506" WIDTH="14" HEIGHT="15" CONTENT="a" WC="1.00" CC="0"/>
						<SP ID="P117_SP00102" HPOS="562" VPOS="522" WIDTH="17"/>
						<String ID="P117_ST00115" HPOS="579" VPOS="499" WIDTH="111" HEIGHT="23" CONTENT="different" WC="0.73" CC="900060016"/>
						<SP ID="P117_SP00103" HPOS="690" VPOS="522" WIDTH="19"/>
						<String ID="P117_ST00116" HPOS="709" VPOS="500" WIDTH="172" HEIGHT="29" CONTENT="computation," WC="0.74" CC="043070050170"/>
						<SP ID="P117_SP00104" HPOS="881" VPOS="529" WIDTH="12"/>
						<String ID="P117_ST00117" HPOS="893" VPOS="499" WIDTH="51" HEIGHT="31" CONTENT="just" WC="0.91" CC="0030"/>
					</TextLine>
					<TextLine ID="P117_TL00014" HPOS="103" VPOS="531" WIDTH="841" HEIGHT="32">
						<String ID="P117_ST00118" HPOS="103" VPOS="531" WIDTH="106" HEIGHT="31" CONTENT="imagine" WC="0.77" CC="2008005"/>
						<SP ID="P117_SP00105" HPOS="209" VPOS="562" WIDTH="24"/>
						<String ID="P117_ST00119" HPOS="233" VPOS="532" WIDTH="53" HEIGHT="23" CONTENT="that" WC="0.58" CC="8601"/>
						<SP ID="P117_SP00106" HPOS="286" VPOS="562" WIDTH="22"/>
						<String ID="P117_ST00120" HPOS="308" VPOS="540" WIDTH="30" HEIGHT="15" CONTENT="on" WC="0.76" CC="40"/>
						<SP ID="P117_SP00107" HPOS="338" VPOS="562" WIDTH="22"/>
						<String ID="P117_ST00121" HPOS="360" VPOS="533" WIDTH="42" HEIGHT="22" CONTENT="the" WC="0.90" CC="020"/>
						<SP ID="P117_SP00108" HPOS="402" VPOS="562" WIDTH="26"/>
						<String ID="P117_ST00122" HPOS="428" VPOS="531" WIDTH="89" HEIGHT="32" CONTENT="Surrey" WC="0.83" CC="033200"/>
						<SP ID="P117_SP00109" HPOS="517" VPOS="563" WIDTH="24"/>
						<String ID="P117_ST00123" HPOS="541" VPOS="532" WIDTH="51" HEIGHT="23" CONTENT="side" WC="0.82" CC="7000"/>
						<SP ID="P117_SP00110" HPOS="592" VPOS="563" WIDTH="25"/>
						<String ID="P117_ST00124" HPOS="617" VPOS="532" WIDTH="28" HEIGHT="22" CONTENT="of" WC="0.50" CC="90"/>
						<SP ID="P117_SP00111" HPOS="645" VPOS="563" WIDTH="21"/>
						<String ID="P117_ST00125" HPOS="666" VPOS="532" WIDTH="111" HEIGHT="27" CONTENT="London," WC="0.66" CC="3058050"/>
						<SP ID="P117_SP00112" HPOS="777" VPOS="563" WIDTH="25"/>
						<String ID="P117_ST00126" HPOS="802" VPOS="533" WIDTH="77" HEIGHT="22" CONTENT="under" WC="0.50" CC="14953"/>
						<SP ID="P117_SP00113" HPOS="879" VPOS="563" WIDTH="24"/>
						<String ID="P117_ST00127" HPOS="903" VPOS="533" WIDTH="41" HEIGHT="23" CONTENT="the" WC="0.79" CC="060"/>
					</TextLine>
					<TextLine ID="P117_TL00015" HPOS="103" VPOS="565" WIDTH="840" HEIGHT="30">
						<String ID="P117_ST00128" HPOS="103" VPOS="565" WIDTH="99" HEIGHT="23" CONTENT="shadow" WC="0.76" CC="400009"/>
						<SP ID="P117_SP00114" HPOS="202" VPOS="588" WIDTH="21"/>
						<String ID="P117_ST00129" HPOS="223" VPOS="565" WIDTH="28" HEIGHT="23" CONTENT="of" WC="1.00" CC="00"/>
						<SP ID="P117_SP00115" HPOS="251" VPOS="588" WIDTH="18"/>
						<String ID="P117_ST00130" HPOS="269" VPOS="565" WIDTH="121" HEIGHT="24" CONTENT="Lambeth" WC="0.76" CC="3006042"/>
						<SP ID="P117_SP00116" HPOS="390" VPOS="589" WIDTH="24"/>
						<String ID="P117_ST00131" HPOS="414" VPOS="565" WIDTH="96" HEIGHT="28" CONTENT="Palace," WC="0.81" CC="2610200"/>
						<SP ID="P117_SP00117" HPOS="510" VPOS="593" WIDTH="23"/>
						<String ID="P117_ST00132" HPOS="533" VPOS="566" WIDTH="46" HEIGHT="22" CONTENT="and" WC="0.79" CC="060"/>
						<SP ID="P117_SP00118" HPOS="579" VPOS="593" WIDTH="22"/>
						<String ID="P117_ST00133" HPOS="601" VPOS="566" WIDTH="41" HEIGHT="22" CONTENT="the" WC="0.78" CC="060"/>
						<SP ID="P117_SP00119" HPOS="642" VPOS="593" WIDTH="19"/>
						<String ID="P117_ST00134" HPOS="661" VPOS="566" WIDTH="108" HEIGHT="29" CONTENT="auspices" WC="0.83" CC="01900001"/>
						<SP ID="P117_SP00120" HPOS="769" VPOS="595" WIDTH="17"/>
						<String ID="P117_ST00135" HPOS="786" VPOS="565" WIDTH="28" HEIGHT="23" CONTENT="of" WC="0.79" CC="40"/>
						<SP ID="P117_SP00121" HPOS="814" VPOS="595" WIDTH="13"/>
						<String ID="P117_ST00136" HPOS="827" VPOS="567" WIDTH="30" HEIGHT="21" CONTENT="its" WC="0.83" CC="005"/>
						<SP ID="P117_SP00122" HPOS="857" VPOS="595" WIDTH="17"/>
						<String ID="P117_ST00137" HPOS="874" VPOS="566" WIDTH="69" HEIGHT="29" CONTENT="pious" WC="0.65" CC="90006"/>
					</TextLine>
					<TextLine ID="P117_TL00016" HPOS="103" VPOS="598" WIDTH="840" HEIGHT="32">
						<String ID="P117_ST00138" HPOS="103" VPOS="599" WIDTH="46" HEIGHT="22" CONTENT="and" WC="0.88" CC="030"/>
						<SP ID="P117_SP00123" HPOS="149" VPOS="621" WIDTH="23"/>
						<String ID="P117_ST00139" HPOS="172" VPOS="599" WIDTH="103" HEIGHT="23" CONTENT="amiable" WC="0.71" CC="0600650"/>
						<SP ID="P117_SP00124" HPOS="275" VPOS="622" WIDTH="24"/>
						<String ID="P117_ST00140" HPOS="299" VPOS="606" WIDTH="130" HEIGHT="24" CONTENT="possessor," WC="0.77" CC="9155000000"/>
						<SP ID="P117_SP00125" HPOS="429" VPOS="630" WIDTH="20"/>
						<String ID="P117_ST00141" HPOS="449" VPOS="600" WIDTH="33" HEIGHT="28" CONTENT="by" WC="0.17" CC="79"/>
						<SP ID="P117_SP00126" HPOS="482" VPOS="630" WIDTH="19"/>
						<String ID="P117_ST00142" HPOS="501" VPOS="606" WIDTH="52" HEIGHT="23" CONTENT="way" WC="0.67" CC="900"/>
						<SP ID="P117_SP00127" HPOS="553" VPOS="630" WIDTH="19"/>
						<String ID="P117_ST00143" HPOS="572" VPOS="598" WIDTH="28" HEIGHT="24" CONTENT="of" WC="0.84" CC="30"/>
						<SP ID="P117_SP00128" HPOS="600" VPOS="630" WIDTH="16"/>
						<String ID="P117_ST00144" HPOS="616" VPOS="606" WIDTH="13" HEIGHT="15" CONTENT="a" WC="1.00" CC="0"/>
						<SP ID="P117_SP00129" HPOS="629" VPOS="630" WIDTH="24"/>
						<String ID="P117_ST00145" HPOS="653" VPOS="602" WIDTH="68" HEIGHT="27" CONTENT="great" WC="0.88" CC="01004"/>
						<SP ID="P117_SP00130" HPOS="721" VPOS="630" WIDTH="24"/>
						<String ID="P117_ST00146" HPOS="745" VPOS="600" WIDTH="131" HEIGHT="29" CONTENT="anti-papal" WC="0.88" CC="0430003001"/>
						<SP ID="P117_SP00131" HPOS="876" VPOS="630" WIDTH="26"/>
						<String ID="P117_ST00147" HPOS="902" VPOS="600" WIDTH="41" HEIGHT="22" CONTENT="de" SUBS_TYPE="HypPart1" SUBS_CONTENT="demonstration," WC="0.75" CC="502"/>
						<HYP CONTENT="-"/>
					</TextLine>
					<TextLine ID="P117_TL00017" HPOS="103" VPOS="632" WIDTH="840" HEIGHT="31">
						<String ID="P117_ST00148" HPOS="103" VPOS="633" WIDTH="167" HEIGHT="27" CONTENT="monstration," SUBS_TYPE="HypPart2" SUBS_CONTENT="demonstration," WC="0.83" CC="044600000012"/>
						<SP ID="P117_SP00132" HPOS="270" VPOS="660" WIDTH="21"/>
						<String ID="P117_ST00149" HPOS="291" VPOS="633" WIDTH="18" HEIGHT="22" CONTENT="it" WC="0.69" CC="50"/>
						<SP ID="P117_SP00133" HPOS="309" VPOS="660" WIDTH="21"/>
						<String ID="P117_ST00150" HPOS="330" VPOS="640" WIDTH="62" HEIGHT="15" CONTENT="were" WC="0.88" CC="0400"/>
						<SP ID="P117_SP00134" HPOS="392" VPOS="660" WIDTH="25"/>
						<String ID="P117_ST00151" HPOS="417" VPOS="632" WIDTH="89" HEIGHT="31" CONTENT="agreed" WC="0.82" CC="005040"/>
						<SP ID="P117_SP00135" HPOS="506" VPOS="663" WIDTH="25"/>
						<String ID="P117_ST00152" HPOS="531" VPOS="633" WIDTH="52" HEIGHT="22" CONTENT="that" WC="0.64" CC="6250"/>
						<SP ID="P117_SP00136" HPOS="583" VPOS="663" WIDTH="24"/>
						<String ID="P117_ST00153" HPOS="607" VPOS="632" WIDTH="87" HEIGHT="23" CONTENT="Easter" WC="0.64" CC="107606"/>
						<SP ID="P117_SP00137" HPOS="694" VPOS="663" WIDTH="23"/>
						<String ID="P117_ST00154" HPOS="717" VPOS="633" WIDTH="86" HEIGHT="22" CONTENT="should" WC="0.71" CC="352500"/>
						<SP ID="P117_SP00138" HPOS="803" VPOS="663" WIDTH="24"/>
						<String ID="P117_ST00155" HPOS="827" VPOS="633" WIDTH="30" HEIGHT="22" CONTENT="be" WC="0.69" CC="60"/>
						<SP ID="P117_SP00139" HPOS="857" VPOS="663" WIDTH="25"/>
						<String ID="P117_ST00156" HPOS="882" VPOS="633" WIDTH="61" HEIGHT="23" CONTENT="cele" SUBS_TYPE="HypPart1" SUBS_CONTENT="celebrated" WC="0.86" CC="00600"/>
						<HYP CONTENT="-"/>
					</TextLine>
					<TextLine ID="P117_TL00018" HPOS="102" VPOS="665" WIDTH="841" HEIGHT="31">
						<String ID="P117_ST00157" HPOS="102" VPOS="665" WIDTH="85" HEIGHT="24" CONTENT="brated" SUBS_TYPE="HypPart2" SUBS_CONTENT="celebrated" WC="0.84" CC="322000"/>
						<SP ID="P117_SP00140" HPOS="187" VPOS="689" WIDTH="19"/>
						<String ID="P117_ST00158" HPOS="206" VPOS="673" WIDTH="45" HEIGHT="16" CONTENT="one" WC="0.74" CC="070"/>
						<SP ID="P117_SP00141" HPOS="251" VPOS="689" WIDTH="19"/>
						<String ID="P117_ST00159" HPOS="270" VPOS="666" WIDTH="68" HEIGHT="23" CONTENT="week" WC="0.87" CC="0050"/>
						<SP ID="P117_SP00142" HPOS="338" VPOS="689" WIDTH="19"/>
						<String ID="P117_ST00160" HPOS="357" VPOS="673" WIDTH="87" HEIGHT="16" CONTENT="sooner" WC="0.76" CC="300540"/>
						<SP ID="P117_SP00143" HPOS="444" VPOS="689" WIDTH="18"/>
						<String ID="P117_ST00161" HPOS="462" VPOS="666" WIDTH="57" HEIGHT="22" CONTENT="than" WC="0.69" CC="0633"/>
						<SP ID="P117_SP00144" HPOS="519" VPOS="689" WIDTH="21"/>
						<String ID="P117_ST00162" HPOS="540" VPOS="665" WIDTH="75" HEIGHT="25" CONTENT="usual," WC="0.64" CC="560063"/>
						<SP ID="P117_SP00145" HPOS="615" VPOS="690" WIDTH="14"/>
						<String ID="P117_ST00163" HPOS="629" VPOS="669" WIDTH="25" HEIGHT="19" CONTENT="to" WC="0.70" CC="05"/>
						<SP ID="P117_SP00146" HPOS="654" VPOS="690" WIDTH="18"/>
						<String ID="P117_ST00164" HPOS="672" VPOS="669" WIDTH="41" HEIGHT="27" CONTENT="get" WC="1.00" CC="000"/>
						<SP ID="P117_SP00147" HPOS="713" VPOS="696" WIDTH="18"/>
						<String ID="P117_ST00165" HPOS="731" VPOS="667" WIDTH="40" HEIGHT="22" CONTENT="the" WC="0.79" CC="060"/>
						<SP ID="P117_SP00148" HPOS="771" VPOS="696" WIDTH="20"/>
						<String ID="P117_ST00166" HPOS="791" VPOS="669" WIDTH="58" HEIGHT="20" CONTENT="start" WC="0.70" CC="63400"/>
						<SP ID="P117_SP00149" HPOS="849" VPOS="696" WIDTH="14"/>
						<String ID="P117_ST00167" HPOS="863" VPOS="666" WIDTH="27" HEIGHT="22" CONTENT="of" WC="0.62" CC="70"/>
						<SP ID="P117_SP00150" HPOS="890" VPOS="696" WIDTH="13"/>
						<String ID="P117_ST00168" HPOS="903" VPOS="667" WIDTH="40" HEIGHT="22" CONTENT="the" WC="0.82" CC="005"/>
					</TextLine>
					<TextLine ID="P117_TL00019" HPOS="103" VPOS="698" WIDTH="840" HEIGHT="32">
						<String ID="P117_ST00169" HPOS="103" VPOS="698" WIDTH="67" HEIGHT="32" CONTENT="Pope" WC="0.84" CC="6000"/>
						<String ID="P117_ST00170" HPOS="179" VPOS="709" WIDTH="5" HEIGHT="17" CONTENT=";" WC="1.00" CC="0"/>
						<SP ID="P117_SP00151" HPOS="184" VPOS="730" WIDTH="24"/>
						<String ID="P117_ST00171" HPOS="208" VPOS="700" WIDTH="65" HEIGHT="22" CONTENT="what" WC="0.81" CC="0700"/>
						<SP ID="P117_SP00152" HPOS="273" VPOS="730" WIDTH="20"/>
						<String ID="P117_ST00172" HPOS="293" VPOS="707" WIDTH="15" HEIGHT="15" CONTENT="a" WC="1.00" CC="0"/>
						<SP ID="P117_SP00153" HPOS="308" VPOS="730" WIDTH="21"/>
						<String ID="P117_ST00173" HPOS="329" VPOS="703" WIDTH="98" HEIGHT="27" CONTENT="strange" WC="0.69" CC="6057100"/>
						<SP ID="P117_SP00154" HPOS="427" VPOS="730" WIDTH="19"/>
						<String ID="P117_ST00174" HPOS="446" VPOS="701" WIDTH="83" HEIGHT="28" CONTENT="aspect" WC="0.72" CC="300309"/>
						<SP ID="P117_SP00155" HPOS="529" VPOS="730" WIDTH="20"/>
						<String ID="P117_ST00175" HPOS="549" VPOS="702" WIDTH="24" HEIGHT="19" CONTENT="to" WC="0.90" CC="20"/>
						<SP ID="P117_SP00156" HPOS="573" VPOS="730" WIDTH="25"/>
						<String ID="P117_ST00176" HPOS="598" VPOS="699" WIDTH="41" HEIGHT="23" CONTENT="the" WC="0.71" CC="160"/>
						<SP ID="P117_SP00157" HPOS="639" VPOS="730" WIDTH="17"/>
						<String ID="P117_ST00177" HPOS="656" VPOS="702" WIDTH="124" HEIGHT="27" CONTENT="spectator" WC="0.71" CC="072130702"/>
						<SP ID="P117_SP00158" HPOS="780" VPOS="730" WIDTH="17"/>
						<String ID="P117_ST00178" HPOS="797" VPOS="700" WIDTH="79" HEIGHT="22" CONTENT="would" WC="0.74" CC="04080"/>
						<SP ID="P117_SP00159" HPOS="876" VPOS="730" WIDTH="27"/>
						<String ID="P117_ST00179" HPOS="903" VPOS="700" WIDTH="40" HEIGHT="22" CONTENT="the" WC="0.61" CC="550"/>
					</TextLine>
					<TextLine ID="P117_TL00020" HPOS="102" VPOS="733" WIDTH="841" HEIGHT="31">
						<String ID="P117_ST00180" HPOS="102" VPOS="733" WIDTH="110" HEIGHT="30" CONTENT="opposite" WC="0.81" CC="40007020"/>
						<SP ID="P117_SP00160" HPOS="212" VPOS="763" WIDTH="18"/>
						<String ID="P117_ST00181" HPOS="230" VPOS="733" WIDTH="63" HEIGHT="22" CONTENT="sides" WC="0.84" CC="40003"/>
						<SP ID="P117_SP00161" HPOS="293" VPOS="763" WIDTH="14"/>
						<String ID="P117_ST00182" HPOS="307" VPOS="733" WIDTH="28" HEIGHT="22" CONTENT="of" WC="0.95" CC="10"/>
						<SP ID="P117_SP00162" HPOS="335" VPOS="763" WIDTH="15"/>
						<String ID="P117_ST00183" HPOS="350" VPOS="733" WIDTH="40" HEIGHT="22" CONTENT="the" WC="0.79" CC="060"/>
						<SP ID="P117_SP00163" HPOS="390" VPOS="763" WIDTH="15"/>
						<String ID="P117_ST00184" HPOS="405" VPOS="733" WIDTH="105" HEIGHT="22" CONTENT="Thames" WC="0.66" CC="010666"/>
						<SP ID="P117_SP00164" HPOS="510" VPOS="763" WIDTH="17"/>
						<String ID="P117_ST00185" HPOS="527" VPOS="733" WIDTH="112" HEIGHT="30" CONTENT="present!" WC="0.70" CC="04076003"/>
						<SP ID="P117_SP00165" HPOS="639" VPOS="763" WIDTH="39"/>
						<String ID="P117_ST00186" HPOS="678" VPOS="733" WIDTH="66" HEIGHT="22" CONTENT="Here" WC="0.71" CC="5060"/>
						<SP ID="P117_SP00166" HPOS="744" VPOS="763" WIDTH="19"/>
						<String ID="P117_ST00187" HPOS="763" VPOS="733" WIDTH="30" HEIGHT="22" CONTENT="all" WC="0.74" CC="070"/>
						<SP ID="P117_SP00167" HPOS="793" VPOS="763" WIDTH="16"/>
						<String ID="P117_ST00188" HPOS="809" VPOS="733" WIDTH="51" HEIGHT="31" CONTENT="joy," WC="0.77" CC="0080"/>
						<SP ID="P117_SP00168" HPOS="860" VPOS="764" WIDTH="15"/>
						<String ID="P117_ST00189" HPOS="875" VPOS="733" WIDTH="68" HEIGHT="23" CONTENT="there" WC="0.75" CC="05024"/>
					</TextLine>
					<TextLine ID="P117_TL00021" HPOS="101" VPOS="766" WIDTH="843" HEIGHT="32">
						<String ID="P117_ST00190" HPOS="101" VPOS="766" WIDTH="30" HEIGHT="22" CONTENT="all" WC="0.80" CC="060"/>
						<SP ID="P117_SP00169" HPOS="131" VPOS="788" WIDTH="19"/>
						<String ID="P117_ST00191" HPOS="150" VPOS="774" WIDTH="90" HEIGHT="15" CONTENT="sorrow" WC="0.71" CC="605500"/>
						<SP ID="P117_SP00170" HPOS="240" VPOS="789" WIDTH="10"/>
						<String ID="P117_ST00192" HPOS="250" VPOS="777" WIDTH="5" HEIGHT="17" CONTENT=";" WC="1.00" CC="0"/>
						<SP ID="P117_SP00171" HPOS="255" VPOS="794" WIDTH="25"/>
						<String ID="P117_ST00193" HPOS="280" VPOS="766" WIDTH="109" HEIGHT="23" CONTENT="funereal" WC="0.64" CC="08800046"/>
						<SP ID="P117_SP00172" HPOS="389" VPOS="794" WIDTH="19"/>
						<String ID="P117_ST00194" HPOS="408" VPOS="766" WIDTH="65" HEIGHT="31" CONTENT="signs" WC="0.59" CC="75051"/>
						<SP ID="P117_SP00173" HPOS="473" VPOS="797" WIDTH="17"/>
						<String ID="P117_ST00195" HPOS="490" VPOS="766" WIDTH="24" HEIGHT="22" CONTENT="in" WC="0.53" CC="53"/>
						<SP ID="P117_SP00174" HPOS="514" VPOS="797" WIDTH="20"/>
						<String ID="P117_ST00196" HPOS="534" VPOS="773" WIDTH="45" HEIGHT="15" CONTENT="one" WC="0.83" CC="050"/>
						<SP ID="P117_SP00175" HPOS="579" VPOS="797" WIDTH="19"/>
						<String ID="P117_ST00197" HPOS="598" VPOS="766" WIDTH="100" HEIGHT="27" CONTENT="church," WC="0.63" CC="0703770"/>
						<SP ID="P117_SP00176" HPOS="698" VPOS="797" WIDTH="14"/>
						<String ID="P117_ST00198" HPOS="712" VPOS="767" WIDTH="130" HEIGHT="30" CONTENT="triumphal" WC="0.66" CC="011490740"/>
						<SP ID="P117_SP00177" HPOS="842" VPOS="797" WIDTH="14"/>
						<String ID="P117_ST00199" HPOS="856" VPOS="767" WIDTH="88" HEIGHT="31" CONTENT="hymns" WC="0.48" CC="79007"/>
					</TextLine>
					<TextLine ID="P117_TL00022" HPOS="101" VPOS="799" WIDTH="839" HEIGHT="31">
						<String ID="P117_ST00200" HPOS="101" VPOS="800" WIDTH="23" HEIGHT="22" CONTENT="in" WC="0.69" CC="05"/>
						<SP ID="P117_SP00178" HPOS="124" VPOS="822" WIDTH="21"/>
						<String ID="P117_ST00201" HPOS="145" VPOS="800" WIDTH="102" HEIGHT="23" CONTENT="another" WC="0.70" CC="0606501"/>
						<String ID="P117_ST00202" HPOS="255" VPOS="810" WIDTH="5" HEIGHT="17" CONTENT=";" WC="1.00" CC="0"/>
						<SP ID="P117_SP00179" HPOS="260" VPOS="827" WIDTH="25"/>
						<String ID="P117_ST00203" HPOS="285" VPOS="800" WIDTH="124" HEIGHT="23" CONTENT="sackcloth" WC="0.83" CC="600001007"/>
						<SP ID="P117_SP00180" HPOS="409" VPOS="827" WIDTH="25"/>
						<String ID="P117_ST00204" HPOS="434" VPOS="799" WIDTH="48" HEIGHT="23" CONTENT="and" WC="0.77" CC="060"/>
						<SP ID="P117_SP00181" HPOS="482" VPOS="827" WIDTH="23"/>
						<String ID="P117_ST00205" HPOS="505" VPOS="799" WIDTH="68" HEIGHT="23" CONTENT="ashes" WC="0.61" CC="18701"/>
						<SP ID="P117_SP00182" HPOS="573" VPOS="827" WIDTH="25"/>
						<String ID="P117_ST00206" HPOS="598" VPOS="799" WIDTH="24" HEIGHT="22" CONTENT="in" WC="0.48" CC="36"/>
						<SP ID="P117_SP00183" HPOS="622" VPOS="827" WIDTH="22"/>
						<String ID="P117_ST00207" HPOS="644" VPOS="799" WIDTH="137" HEIGHT="31" CONTENT="Belgravia," WC="0.80" CC="0009200070"/>
						<SP ID="P117_SP00184" HPOS="781" VPOS="830" WIDTH="23"/>
						<String ID="P117_ST00208" HPOS="804" VPOS="800" WIDTH="53" HEIGHT="23" CONTENT="mad" WC="0.67" CC="900"/>
						<SP ID="P117_SP00185" HPOS="857" VPOS="830" WIDTH="20"/>
						<String ID="P117_ST00209" HPOS="877" VPOS="809" WIDTH="63" HEIGHT="14" CONTENT="mer" SUBS_TYPE="HypPart1" SUBS_CONTENT="merriment" WC="0.90" CC="0004"/>
						<HYP CONTENT="-"/>
					</TextLine>
					<TextLine ID="P117_TL00023" HPOS="102" VPOS="832" WIDTH="842" HEIGHT="31">
						<String ID="P117_ST00210" HPOS="102" VPOS="834" WIDTH="88" HEIGHT="22" CONTENT="riment" SUBS_TYPE="HypPart2" SUBS_CONTENT="merriment" WC="0.78" CC="040080"/>
						<SP ID="P117_SP00186" HPOS="190" VPOS="856" WIDTH="28"/>
						<String ID="P117_ST00211" HPOS="218" VPOS="842" WIDTH="30" HEIGHT="14" CONTENT="on" WC="0.85" CC="02"/>
						<SP ID="P117_SP00187" HPOS="248" VPOS="856" WIDTH="25"/>
						<String ID="P117_ST00212" HPOS="273" VPOS="833" WIDTH="145" HEIGHT="23" CONTENT="Greenwich" WC="0.52" CC="005088685"/>
						<SP ID="P117_SP00188" HPOS="418" VPOS="856" WIDTH="23"/>
						<String ID="P117_ST00213" HPOS="441" VPOS="832" WIDTH="60" HEIGHT="23" CONTENT="Hill." WC="0.73" CC="60600"/>
						<SP ID="P117_SP00189" HPOS="501" VPOS="856" WIDTH="46"/>
						<String ID="P117_ST00214" HPOS="547" VPOS="832" WIDTH="35" HEIGHT="23" CONTENT="St." WC="0.41" CC="970"/>
						<SP ID="P117_SP00190" HPOS="582" VPOS="856" WIDTH="20"/>
						<String ID="P117_ST00215" HPOS="602" VPOS="833" WIDTH="138" HEIGHT="30" CONTENT="Augustine" WC="0.50" CC="009595563"/>
						<SP ID="P117_SP00191" HPOS="740" VPOS="863" WIDTH="21"/>
						<String ID="P117_ST00216" HPOS="761" VPOS="834" WIDTH="105" HEIGHT="22" CONTENT="touched" WC="0.68" CC="0088050"/>
						<SP ID="P117_SP00192" HPOS="866" VPOS="863" WIDTH="27"/>
						<String ID="P117_ST00217" HPOS="893" VPOS="834" WIDTH="51" HEIGHT="22" CONTENT="also" WC="0.48" CC="0639"/>
					</TextLine>
					<TextLine ID="P117_TL00024" HPOS="102" VPOS="866" WIDTH="841" HEIGHT="32">
						<String ID="P117_ST00218" HPOS="102" VPOS="874" WIDTH="30" HEIGHT="15" CONTENT="on" WC="0.68" CC="60"/>
						<SP ID="P117_SP00193" HPOS="132" VPOS="889" WIDTH="15"/>
						<String ID="P117_ST00219" HPOS="147" VPOS="867" WIDTH="69" HEIGHT="23" CONTENT="other" WC="0.74" CC="00524"/>
						<SP ID="P117_SP00194" HPOS="216" VPOS="890" WIDTH="13"/>
						<String ID="P117_ST00220" HPOS="229" VPOS="867" WIDTH="87" HEIGHT="31" CONTENT="points." WC="0.73" CC="0308050"/>
						<SP ID="P117_SP00195" HPOS="316" VPOS="898" WIDTH="37"/>
						<String ID="P117_ST00221" HPOS="353" VPOS="867" WIDTH="120" HEIGHT="26" CONTENT="Dunawd," WC="0.49" CC="9780900"/>
						<SP ID="P117_SP00196" HPOS="473" VPOS="898" WIDTH="15"/>
						<String ID="P117_ST00222" HPOS="488" VPOS="866" WIDTH="75" HEIGHT="23" CONTENT="abbot" WC="0.55" CC="29702"/>
						<SP ID="P117_SP00197" HPOS="563" VPOS="898" WIDTH="12"/>
						<String ID="P117_ST00223" HPOS="575" VPOS="866" WIDTH="29" HEIGHT="23" CONTENT="of" WC="1.00" CC="00"/>
						<SP ID="P117_SP00198" HPOS="604" VPOS="898" WIDTH="16"/>
						<String ID="P117_ST00224" HPOS="620" VPOS="866" WIDTH="204" HEIGHT="32" CONTENT="Bangor-Iscoed," WC="0.72" CC="50180720700500"/>
						<SP ID="P117_SP00199" HPOS="824" VPOS="898" WIDTH="19"/>
						<String ID="P117_ST00225" HPOS="843" VPOS="867" WIDTH="100" HEIGHT="31" CONTENT="replied," WC="0.82" CC="47010000"/>
					</TextLine>
					<TextLine ID="P117_TL00025" HPOS="102" VPOS="900" WIDTH="842" HEIGHT="27">
						<String ID="P117_ST00226" HPOS="102" VPOS="900" WIDTH="48" HEIGHT="23" CONTENT="and" WC="0.72" CC="160"/>
						<SP ID="P117_SP00200" HPOS="150" VPOS="923" WIDTH="18"/>
						<String ID="P117_ST00227" HPOS="168" VPOS="901" WIDTH="68" HEIGHT="23" CONTENT="there" WC="0.89" CC="00050"/>
						<SP ID="P117_SP00201" HPOS="236" VPOS="924" WIDTH="18"/>
						<String ID="P117_ST00228" HPOS="254" VPOS="909" WIDTH="48" HEIGHT="14" CONTENT="was" WC="0.74" CC="043"/>
						<SP ID="P117_SP00202" HPOS="302" VPOS="924" WIDTH="18"/>
						<String ID="P117_ST00229" HPOS="320" VPOS="909" WIDTH="83" HEIGHT="15" CONTENT="reason" WC="0.46" CC="537627"/>
						<SP ID="P117_SP00203" HPOS="403" VPOS="924" WIDTH="20"/>
						<String ID="P117_ST00230" HPOS="423" VPOS="901" WIDTH="23" HEIGHT="21" CONTENT="in" WC="0.77" CC="13"/>
						<SP ID="P117_SP00204" HPOS="446" VPOS="924" WIDTH="20"/>
						<String ID="P117_ST00231" HPOS="466" VPOS="900" WIDTH="64" HEIGHT="23" CONTENT="what" WC="0.83" CC="0600"/>
						<SP ID="P117_SP00205" HPOS="530" VPOS="924" WIDTH="18"/>
						<String ID="P117_ST00232" HPOS="548" VPOS="900" WIDTH="30" HEIGHT="23" CONTENT="he" WC="0.65" CC="70"/>
						<SP ID="P117_SP00206" HPOS="578" VPOS="924" WIDTH="18"/>
						<String ID="P117_ST00233" HPOS="596" VPOS="900" WIDTH="60" HEIGHT="27" CONTENT="said," WC="0.93" CC="30000"/>
						<SP ID="P117_SP00207" HPOS="656" VPOS="927" WIDTH="23"/>
						<String ID="P117_ST00234" HPOS="679" VPOS="904" WIDTH="14" HEIGHT="10" CONTENT='"' WC="1.00" CC="0"/>
						<SP ID="P117_SP00208" HPOS="693" VPOS="927" WIDTH="11"/>
						<String ID="P117_ST00235" HPOS="704" VPOS="900" WIDTH="65" HEIGHT="23" CONTENT="That" WC="0.81" CC="0700"/>
						<SP ID="P117_SP00209" HPOS="769" VPOS="927" WIDTH="19"/>
						<String ID="P117_ST00236" HPOS="788" VPOS="901" WIDTH="30" HEIGHT="23" CONTENT="he" WC="0.62" CC="70"/>
						<SP ID="P117_SP00210" HPOS="818" VPOS="927" WIDTH="22"/>
						<String ID="P117_ST00237" HPOS="840" VPOS="901" WIDTH="40" HEIGHT="22" CONTENT="did" WC="0.77" CC="060"/>
						<SP ID="P117_SP00211" HPOS="880" VPOS="927" WIDTH="22"/>
						<String ID="P117_ST00238" HPOS="902" VPOS="906" WIDTH="42" HEIGHT="18" CONTENT="not" WC="0.42" CC="736"/>
					</TextLine>
					<TextLine ID="P117_TL00026" HPOS="102" VPOS="934" WIDTH="841" HEIGHT="31">
						<String ID="P117_ST00239" HPOS="102" VPOS="934" WIDTH="68" HEIGHT="23" CONTENT="think" WC="0.58" CC="97300"/>
						<SP ID="P117_SP00212" HPOS="170" VPOS="957" WIDTH="22"/>
						<String ID="P117_ST00240" HPOS="192" VPOS="935" WIDTH="17" HEIGHT="22" CONTENT="it" WC="0.70" CC="05"/>
						<SP ID="P117_SP00213" HPOS="209" VPOS="957" WIDTH="21"/>
						<String ID="P117_ST00241" HPOS="230" VPOS="935" WIDTH="94" HEIGHT="30" CONTENT="worthy" WC="0.65" CC="000369"/>
						<SP ID="P117_SP00214" HPOS="324" VPOS="965" WIDTH="22"/>
						<String ID="P117_ST00242" HPOS="346" VPOS="937" WIDTH="26" HEIGHT="20" CONTENT="to" WC="0.77" CC="04"/>
						<SP ID="P117_SP00215" HPOS="372" VPOS="965" WIDTH="21"/>
						<String ID="P117_ST00243" HPOS="393" VPOS="934" WIDTH="87" HEIGHT="31" CONTENT="preach" WC="0.94" CC="030000"/>
						<SP ID="P117_SP00216" HPOS="480" VPOS="965" WIDTH="21"/>
						<String ID="P117_ST00244" HPOS="501" VPOS="937" WIDTH="25" HEIGHT="19" CONTENT="to" WC="1.00" CC="00"/>
						<SP ID="P117_SP00217" HPOS="526" VPOS="965" WIDTH="22"/>
						<String ID="P117_ST00245" HPOS="548" VPOS="934" WIDTH="53" HEIGHT="22" CONTENT="that" WC="0.64" CC="0265"/>
						<SP ID="P117_SP00218" HPOS="601" VPOS="965" WIDTH="21"/>
						<String ID="P117_ST00246" HPOS="622" VPOS="934" WIDTH="67" HEIGHT="23" CONTENT="cruel" WC="0.76" CC="03602"/>
						<SP ID="P117_SP00219" HPOS="689" VPOS="965" WIDTH="19"/>
						<String ID="P117_ST00247" HPOS="708" VPOS="934" WIDTH="94" HEIGHT="31" CONTENT="people," WC="0.73" CC="0550700"/>
						<SP ID="P117_SP00220" HPOS="802" VPOS="965" WIDTH="19"/>
						<String ID="P117_ST00248" HPOS="821" VPOS="935" WIDTH="55" HEIGHT="23" CONTENT="who" WC="0.62" CC="074"/>
						<SP ID="P117_SP00221" HPOS="876" VPOS="965" WIDTH="20"/>
						<String ID="P117_ST00249" HPOS="896" VPOS="935" WIDTH="47" HEIGHT="23" CONTENT="had" WC="0.43" CC="709"/>
					</TextLine>
					<TextLine ID="P117_TL00027" HPOS="101" VPOS="968" WIDTH="843" HEIGHT="30">
						<String ID="P117_ST00250" HPOS="101" VPOS="968" WIDTH="183" HEIGHT="30" CONTENT="treacherousl}**" WC="0.74" CC="103049030050900"/>
						<SP ID="P117_SP00222" HPOS="284" VPOS="998" WIDTH="18"/>
						<String ID="P117_ST00251" HPOS="302" VPOS="968" WIDTH="59" HEIGHT="23" CONTENT="slain" WC="0.49" CC="90706"/>
						<SP ID="P117_SP00223" HPOS="361" VPOS="998" WIDTH="19"/>
						<String ID="P117_ST00252" HPOS="380" VPOS="968" WIDTH="63" HEIGHT="22" CONTENT="their" WC="0.78" CC="00603"/>
						<SP ID="P117_SP00224" HPOS="443" VPOS="998" WIDTH="15"/>
						<String ID="P117_ST00253" HPOS="458" VPOS="970" WIDTH="104" HEIGHT="28" CONTENT="parents," WC="0.77" CC="00503043"/>
						<SP ID="P117_SP00225" HPOS="562" VPOS="998" WIDTH="16"/>
						<String ID="P117_ST00254" HPOS="578" VPOS="968" WIDTH="48" HEIGHT="22" CONTENT="and" WC="1.00" CC="000"/>
						<SP ID="P117_SP00226" HPOS="626" VPOS="998" WIDTH="19"/>
						<String ID="P117_ST00255" HPOS="645" VPOS="968" WIDTH="93" HEIGHT="23" CONTENT="robbed" WC="0.96" CC="010000"/>
						<SP ID="P117_SP00227" HPOS="738" VPOS="998" WIDTH="18"/>
						<String ID="P117_ST00256" HPOS="756" VPOS="969" WIDTH="66" HEIGHT="22" CONTENT="them" WC="0.83" CC="0600"/>
						<SP ID="P117_SP00228" HPOS="822" VPOS="998" WIDTH="19"/>
						<String ID="P117_ST00257" HPOS="841" VPOS="968" WIDTH="26" HEIGHT="23" CONTENT="of" WC="0.76" CC="04"/>
						<SP ID="P117_SP00229" HPOS="867" VPOS="998" WIDTH="15"/>
						<String ID="P117_ST00258" HPOS="882" VPOS="969" WIDTH="62" HEIGHT="22" CONTENT="their" WC="0.78" CC="27010"/>
					</TextLine>
					<TextLine ID="P117_TL00028" HPOS="97" VPOS="1000" WIDTH="846" HEIGHT="32">
						<String ID="P117_ST00259" HPOS="97" VPOS="1000" WIDTH="52" HEIGHT="32" CONTENT="just" WC="0.83" CC="0060"/>
						<SP ID="P117_SP00230" HPOS="149" VPOS="1032" WIDTH="24"/>
						<String ID="P117_ST00260" HPOS="173" VPOS="1002" WIDTH="47" HEIGHT="22" CONTENT="and" WC="0.83" CC="050"/>
						<SP ID="P117_SP00231" HPOS="220" VPOS="1032" WIDTH="23"/>
						<String ID="P117_ST00261" HPOS="243" VPOS="1002" WIDTH="132" HEIGHT="30" CONTENT="legitimate" WC="0.78" CC="4600009000"/>
						<SP ID="P117_SP00232" HPOS="375" VPOS="1032" WIDTH="21"/>
						<String ID="P117_ST00262" HPOS="396" VPOS="1005" WIDTH="124" HEIGHT="27" CONTENT="property." WC="0.78" CC="020005073"/>
						<SP ID="P117_SP00233" HPOS="520" VPOS="1032" WIDTH="48"/>
						<String ID="P117_ST00263" HPOS="568" VPOS="1001" WIDTH="41" HEIGHT="23" CONTENT="He" WC="1.00" CC="00"/>
						<SP ID="P117_SP00234" HPOS="609" VPOS="1032" WIDTH="24"/>
						<String ID="P117_ST00264" HPOS="633" VPOS="1002" WIDTH="155" HEIGHT="27" CONTENT="maintained," WC="0.78" CC="00053058001"/>
						<SP ID="P117_SP00235" HPOS="788" VPOS="1032" WIDTH="22"/>
						<String ID="P117_ST00265" HPOS="810" VPOS="1009" WIDTH="133" HEIGHT="19" CONTENT="moreover," WC="0.62" CC="660009640"/>
					</TextLine>
					<TextLine ID="P117_TL00029" HPOS="100" VPOS="1034" WIDTH="844" HEIGHT="31">
						<String ID="P117_ST00266" HPOS="100" VPOS="1035" WIDTH="53" HEIGHT="23" CONTENT="that" WC="1.00" CC="0000"/>
						<SP ID="P117_SP00236" HPOS="153" VPOS="1058" WIDTH="13"/>
						<String ID="P117_ST00267" HPOS="166" VPOS="1035" WIDTH="37" HEIGHT="22" CONTENT="his" WC="0.54" CC="724"/>
						<SP ID="P117_SP00237" HPOS="203" VPOS="1058" WIDTH="12"/>
						<String ID="P117_ST00268" HPOS="215" VPOS="1039" WIDTH="159" HEIGHT="26" CONTENT="countrymen" WC="0.63" CC="3008550607"/>
						<SP ID="P117_SP00238" HPOS="374" VPOS="1065" WIDTH="16"/>
						<String ID="P117_ST00269" HPOS="390" VPOS="1035" WIDTH="67" HEIGHT="23" CONTENT="owed" WC="0.81" CC="3400"/>
						<SP ID="P117_SP00239" HPOS="457" VPOS="1065" WIDTH="15"/>
						<String ID="P117_ST00270" HPOS="472" VPOS="1035" WIDTH="108" HEIGHT="30" CONTENT="spiritual" WC="0.80" CC="500062300"/>
						<SP ID="P117_SP00240" HPOS="580" VPOS="1065" WIDTH="18"/>
						<String ID="P117_ST00271" HPOS="598" VPOS="1034" WIDTH="135" HEIGHT="31" CONTENT="subjection" WC="0.86" CC="6030000002"/>
						<SP ID="P117_SP00241" HPOS="733" VPOS="1065" WIDTH="16"/>
						<String ID="P117_ST00272" HPOS="749" VPOS="1038" WIDTH="25" HEIGHT="20" CONTENT="to" WC="1.00" CC="00"/>
						<SP ID="P117_SP00242" HPOS="774" VPOS="1065" WIDTH="18"/>
						<String ID="P117_ST00273" HPOS="792" VPOS="1043" WIDTH="62" HEIGHT="15" CONTENT="none" WC="0.79" CC="0061"/>
						<SP ID="P117_SP00243" HPOS="854" VPOS="1065" WIDTH="13"/>
						<String ID="P117_ST00274" HPOS="867" VPOS="1036" WIDTH="77" HEIGHT="23" CONTENT="under" WC="0.70" CC="46030"/>
					</TextLine>
					<TextLine ID="P117_TL00030" HPOS="101" VPOS="1068" WIDTH="843" HEIGHT="31">
						<String ID="P117_ST00275" HPOS="101" VPOS="1068" WIDTH="56" HEIGHT="24" CONTENT="God" WC="1.00" CC="000"/>
						<SP ID="P117_SP00244" HPOS="157" VPOS="1092" WIDTH="23"/>
						<String ID="P117_ST00276" HPOS="180" VPOS="1069" WIDTH="83" HEIGHT="23" CONTENT="beside" WC="0.88" CC="007000"/>
						<SP ID="P117_SP00245" HPOS="263" VPOS="1092" WIDTH="23"/>
						<String ID="P117_ST00277" HPOS="286" VPOS="1070" WIDTH="42" HEIGHT="22" CONTENT="the" WC="0.81" CC="050"/>
						<SP ID="P117_SP00246" HPOS="328" VPOS="1092" WIDTH="21"/>
						<String ID="P117_ST00278" HPOS="349" VPOS="1069" WIDTH="156" HEIGHT="30" CONTENT="Archbishop" WC="0.67" CC="0607702720"/>
						<SP ID="P117_SP00247" HPOS="505" VPOS="1099" WIDTH="22"/>
						<String ID="P117_ST00279" HPOS="527" VPOS="1068" WIDTH="28" HEIGHT="23" CONTENT="of" WC="1.00" CC="00"/>
						<SP ID="P117_SP00248" HPOS="555" VPOS="1099" WIDTH="16"/>
						<String ID="P117_ST00280" HPOS="571" VPOS="1068" WIDTH="141" HEIGHT="23" CONTENT='Caerleon."' WC="0.86" CC="0004000700"/>
						<SP ID="P117_SP00249" HPOS="712" VPOS="1099" WIDTH="45"/>
						<String ID="P117_ST00281" HPOS="757" VPOS="1068" WIDTH="53" HEIGHT="24" CONTENT="The" WC="1.00" CC="000"/>
						<SP ID="P117_SP00250" HPOS="810" VPOS="1099" WIDTH="22"/>
						<String ID="P117_ST00282" HPOS="832" VPOS="1070" WIDTH="40" HEIGHT="22" CONTENT="old" WC="0.59" CC="029"/>
						<SP ID="P117_SP00251" HPOS="872" VPOS="1099" WIDTH="21"/>
						<String ID="P117_ST00283" HPOS="893" VPOS="1070" WIDTH="51" HEIGHT="22" CONTENT="title" WC="0.37" CC="56377"/>
					</TextLine>
					<TextLine ID="P117_TL00031" HPOS="99" VPOS="1102" WIDTH="844" HEIGHT="31">
						<String ID="P117_ST00284" HPOS="99" VPOS="1109" WIDTH="101" HEIGHT="23" CONTENT="appears" WC="0.72" CC="1007703"/>
						<SP ID="P117_SP00252" HPOS="200" VPOS="1132" WIDTH="19"/>
						<String ID="P117_ST00285" HPOS="219" VPOS="1106" WIDTH="26" HEIGHT="19" CONTENT="to" WC="0.81" CC="03"/>
						<SP ID="P117_SP00253" HPOS="245" VPOS="1132" WIDTH="20"/>
						<String ID="P117_ST00286" HPOS="265" VPOS="1103" WIDTH="60" HEIGHT="22" CONTENT="have" WC="1.00" CC="0000"/>
						<SP ID="P117_SP00254" HPOS="325" VPOS="1132" WIDTH="22"/>
						<String ID="P117_ST00287" HPOS="347" VPOS="1103" WIDTH="60" HEIGHT="22" CONTENT="been" WC="0.85" CC="0050"/>
						<SP ID="P117_SP00255" HPOS="407" VPOS="1132" WIDTH="24"/>
						<String ID="P117_ST00288" HPOS="431" VPOS="1103" WIDTH="58" HEIGHT="30" CONTENT="kept" WC="0.75" CC="0603"/>
						<SP ID="P117_SP00256" HPOS="489" VPOS="1133" WIDTH="20"/>
						<String ID="P117_ST00289" HPOS="509" VPOS="1110" WIDTH="41" HEIGHT="21" CONTENT="up," WC="0.90" CC="200"/>
						<SP ID="P117_SP00257" HPOS="550" VPOS="1133" WIDTH="21"/>
						<String ID="P117_ST00290" HPOS="571" VPOS="1102" WIDTH="94" HEIGHT="30" CONTENT="though" WC="0.69" CC="050606"/>
						<SP ID="P117_SP00258" HPOS="665" VPOS="1133" WIDTH="20"/>
						<String ID="P117_ST00291" HPOS="685" VPOS="1103" WIDTH="41" HEIGHT="22" CONTENT="the" WC="0.76" CC="070"/>
						<SP ID="P117_SP00259" HPOS="726" VPOS="1133" WIDTH="22"/>
						<String ID="P117_ST00292" HPOS="748" VPOS="1110" WIDTH="39" HEIGHT="15" CONTENT="see" WC="0.94" CC="100"/>
						<SP ID="P117_SP00260" HPOS="787" VPOS="1133" WIDTH="25"/>
						<String ID="P117_ST00293" HPOS="812" VPOS="1103" WIDTH="48" HEIGHT="22" CONTENT="had" WC="0.62" CC="740"/>
						<SP ID="P117_SP00261" HPOS="860" VPOS="1133" WIDTH="21"/>
						<String ID="P117_ST00294" HPOS="881" VPOS="1103" WIDTH="62" HEIGHT="22" CONTENT="been" WC="0.70" CC="4006"/>
					</TextLine>
					<TextLine ID="P117_TL00032" HPOS="100" VPOS="1136" WIDTH="843" HEIGHT="30">
						<String ID="P117_ST00295" HPOS="100" VPOS="1136" WIDTH="114" HEIGHT="22" CONTENT="removed" WC="0.78" CC="6000800"/>
						<SP ID="P117_SP00262" HPOS="214" VPOS="1158" WIDTH="20"/>
						<String ID="P117_ST00296" HPOS="234" VPOS="1141" WIDTH="24" HEIGHT="18" CONTENT="to" WC="0.75" CC="50"/>
						<SP ID="P117_SP00263" HPOS="258" VPOS="1159" WIDTH="21"/>
						<String ID="P117_ST00297" HPOS="279" VPOS="1136" WIDTH="124" HEIGHT="23" CONTENT="Menevia." WC="0.95" CC="00000300"/>
						<SP ID="P117_SP00264" HPOS="403" VPOS="1159" WIDTH="39"/>
						<String ID="P117_ST00298" HPOS="442" VPOS="1136" WIDTH="53" HEIGHT="22" CONTENT="The" WC="0.90" CC="003"/>
						<SP ID="P117_SP00265" HPOS="495" VPOS="1159" WIDTH="21"/>
						<String ID="P117_ST00299" HPOS="516" VPOS="1136" WIDTH="133" HEIGHT="22" CONTENT="discussion" WC="0.63" CC="0340569034"/>
						<SP ID="P117_SP00266" HPOS="649" VPOS="1159" WIDTH="23"/>
						<String ID="P117_ST00300" HPOS="672" VPOS="1136" WIDTH="74" HEIGHT="22" CONTENT="lasted" WC="0.75" CC="045050"/>
						<SP ID="P117_SP00267" HPOS="746" VPOS="1159" WIDTH="21"/>
						<String ID="P117_ST00301" HPOS="767" VPOS="1144" WIDTH="14" HEIGHT="14" CONTENT="a" WC="0.55" CC="4"/>
						<SP ID="P117_SP00268" HPOS="781" VPOS="1159" WIDTH="19"/>
						<String ID="P117_ST00302" HPOS="800" VPOS="1136" WIDTH="56" HEIGHT="30" CONTENT="long" WC="0.58" CC="2049"/>
						<SP ID="P117_SP00269" HPOS="856" VPOS="1166" WIDTH="19"/>
						<String ID="P117_ST00303" HPOS="875" VPOS="1136" WIDTH="68" HEIGHT="23" CONTENT="time." WC="0.80" CC="00900"/>
					</TextLine>
					<TextLine ID="P117_TL00033" HPOS="101" VPOS="1169" WIDTH="842" HEIGHT="31">
						<String ID="P117_ST00304" HPOS="101" VPOS="1169" WIDTH="139" HEIGHT="30" CONTENT="Augustine" WC="0.69" CC="009074050"/>
						<SP ID="P117_SP00270" HPOS="240" VPOS="1199" WIDTH="15"/>
						<String ID="P117_ST00305" HPOS="255" VPOS="1170" WIDTH="145" HEIGHT="22" CONTENT="terminated" WC="0.81" CC="2079000000"/>
						<SP ID="P117_SP00271" HPOS="400" VPOS="1199" WIDTH="23"/>
						<String ID="P117_ST00306" HPOS="423" VPOS="1170" WIDTH="17" HEIGHT="22" CONTENT="it" WC="0.81" CC="30"/>
						<SP ID="P117_SP00272" HPOS="440" VPOS="1199" WIDTH="17"/>
						<String ID="P117_ST00307" HPOS="457" VPOS="1169" WIDTH="33" HEIGHT="31" CONTENT="by" WC="0.75" CC="40"/>
						<SP ID="P117_SP00273" HPOS="490" VPOS="1200" WIDTH="16"/>
						<String ID="P117_ST00308" HPOS="506" VPOS="1169" WIDTH="111" HEIGHT="31" CONTENT="working" WC="0.70" CC="0067070"/>
						<SP ID="P117_SP00274" HPOS="617" VPOS="1200" WIDTH="18"/>
						<String ID="P117_ST00309" HPOS="635" VPOS="1177" WIDTH="15" HEIGHT="14" CONTENT="a" WC="0.95" CC="0"/>
						<SP ID="P117_SP00275" HPOS="650" VPOS="1200" WIDTH="19"/>
						<String ID="P117_ST00310" HPOS="669" VPOS="1169" WIDTH="97" HEIGHT="23" CONTENT="miracle" WC="0.84" CC="0051040"/>
						<SP ID="P117_SP00276" HPOS="766" VPOS="1200" WIDTH="22"/>
						<String ID="P117_ST00311" HPOS="788" VPOS="1177" WIDTH="30" HEIGHT="14" CONTENT="on" WC="0.72" CC="04"/>
						<SP ID="P117_SP00277" HPOS="818" VPOS="1200" WIDTH="26"/>
						<String ID="P117_ST00312" HPOS="844" VPOS="1178" WIDTH="14" HEIGHT="14" CONTENT="a" WC="0.31" CC="6"/>
						<SP ID="P117_SP00278" HPOS="858" VPOS="1200" WIDTH="18"/>
						<String ID="P117_ST00313" HPOS="876" VPOS="1169" WIDTH="67" HEIGHT="23" CONTENT="blind" WC="0.57" CC="62019"/>
					</TextLine>
					<TextLine ID="P117_TL00034" HPOS="100" VPOS="1202" WIDTH="843" HEIGHT="31">
						<String ID="P117_ST00314" HPOS="100" VPOS="1210" WIDTH="64" HEIGHT="20" CONTENT="man," WC="0.78" CC="0061"/>
						<SP ID="P117_SP00279" HPOS="164" VPOS="1230" WIDTH="9"/>
						<String ID="P117_ST00315" HPOS="173" VPOS="1203" WIDTH="78" HEIGHT="22" CONTENT="whom" WC="0.61" CC="0725"/>
						<SP ID="P117_SP00280" HPOS="251" VPOS="1230" WIDTH="12"/>
						<String ID="P117_ST00316" HPOS="263" VPOS="1210" WIDTH="44" HEIGHT="16" CONTENT="our" WC="0.66" CC="306"/>
						<SP ID="P117_SP00281" HPOS="307" VPOS="1230" WIDTH="12"/>
						<String ID="P117_ST00317" HPOS="319" VPOS="1203" WIDTH="138" HEIGHT="23" CONTENT="Protestant" WC="0.77" CC="0125056020"/>
						<SP ID="P117_SP00282" HPOS="457" VPOS="1230" WIDTH="8"/>
						<String ID="P117_ST00318" HPOS="465" VPOS="1203" WIDTH="99" HEIGHT="27" CONTENT="writers," WC="0.66" CC="93305130"/>
						<SP ID="P117_SP00283" HPOS="564" VPOS="1230" WIDTH="11"/>
						<String ID="P117_ST00319" HPOS="575" VPOS="1202" WIDTH="57" HEIGHT="23" CONTENT="with" WC="0.74" CC="0522"/>
						<SP ID="P117_SP00284" HPOS="632" VPOS="1230" WIDTH="14"/>
						<String ID="P117_ST00320" HPOS="646" VPOS="1210" WIDTH="15" HEIGHT="15" CONTENT="a" WC="0.47" CC="5"/>
						<SP ID="P117_SP00285" HPOS="661" VPOS="1230" WIDTH="9"/>
						<String ID="P117_ST00321" HPOS="670" VPOS="1203" WIDTH="90" HEIGHT="22" CONTENT="certain" WC="0.77" CC="0040055"/>
						<SP ID="P117_SP00286" HPOS="760" VPOS="1230" WIDTH="14"/>
						<String ID="P117_ST00322" HPOS="774" VPOS="1203" WIDTH="36" HEIGHT="30" CONTENT="sly" WC="0.19" CC="789"/>
						<SP ID="P117_SP00287" HPOS="810" VPOS="1233" WIDTH="14"/>
						<String ID="P117_ST00323" HPOS="824" VPOS="1203" WIDTH="119" HEIGHT="30" CONTENT="emphasis" WC="0.45" CC="60970927"/>
					</TextLine>
					<TextLine ID="P117_TL00035" HPOS="100" VPOS="1236" WIDTH="843" HEIGHT="32">
						<String ID="P117_ST00324" HPOS="100" VPOS="1236" WIDTH="81" HEIGHT="23" CONTENT="which" WC="0.98" CC="00001"/>
						<SP ID="P117_SP00288" HPOS="181" VPOS="1259" WIDTH="18"/>
						<String ID="P117_ST00325" HPOS="199" VPOS="1236" WIDTH="12" HEIGHT="23" CONTENT="I" WC="0.77" CC="2"/>
						<SP ID="P117_SP00289" HPOS="211" VPOS="1259" WIDTH="19"/>
						<String ID="P117_ST00326" HPOS="230" VPOS="1236" WIDTH="31" HEIGHT="23" CONTENT="do" WC="1.00" CC="00"/>
						<SP ID="P117_SP00290" HPOS="261" VPOS="1259" WIDTH="19"/>
						<String ID="P117_ST00327" HPOS="280" VPOS="1241" WIDTH="42" HEIGHT="19" CONTENT="not" WC="0.86" CC="400"/>
						<SP ID="P117_SP00291" HPOS="322" VPOS="1260" WIDTH="13"/>
						<String ID="P117_ST00328" HPOS="335" VPOS="1237" WIDTH="101" HEIGHT="31" CONTENT="pretend" WC="0.67" CC="9700050"/>
						<SP ID="P117_SP00292" HPOS="436" VPOS="1268" WIDTH="15"/>
						<String ID="P117_ST00329" HPOS="451" VPOS="1240" WIDTH="25" HEIGHT="19" CONTENT="to" WC="0.67" CC="33"/>
						<SP ID="P117_SP00293" HPOS="476" VPOS="1268" WIDTH="19"/>
						<String ID="P117_ST00330" HPOS="495" VPOS="1236" WIDTH="155" HEIGHT="26" CONTENT="understand," WC="0.80" CC="02005540500"/>
						<SP ID="P117_SP00294" HPOS="650" VPOS="1268" WIDTH="20"/>
						<String ID="P117_ST00331" HPOS="670" VPOS="1245" WIDTH="43" HEIGHT="22" CONTENT="say" WC="0.55" CC="660"/>
						<SP ID="P117_SP00295" HPOS="713" VPOS="1268" WIDTH="19"/>
						<String ID="P117_ST00332" HPOS="732" VPOS="1236" WIDTH="51" HEIGHT="22" CONTENT="that" WC="0.96" CC="0100"/>
						<SP ID="P117_SP00296" HPOS="783" VPOS="1268" WIDTH="21"/>
						<String ID="P117_ST00333" HPOS="804" VPOS="1237" WIDTH="139" HEIGHT="30" CONTENT="Augustine" WC="0.59" CC="059060157"/>
					</TextLine>
					<TextLine ID="P117_TL00036" HPOS="99" VPOS="1269" WIDTH="845" HEIGHT="32">
						<String ID="P117_ST00334" HPOS="99" VPOS="1270" WIDTH="109" HEIGHT="31" CONTENT="brought" WC="0.76" CC="0500820"/>
						<SP ID="P117_SP00297" HPOS="208" VPOS="1301" WIDTH="16"/>
						<String ID="P117_ST00335" HPOS="224" VPOS="1271" WIDTH="58" HEIGHT="22" CONTENT="with" WC="0.77" CC="0035"/>
						<SP ID="P117_SP00298" HPOS="282" VPOS="1301" WIDTH="19"/>
						<String ID="P117_ST00336" HPOS="301" VPOS="1270" WIDTH="58" HEIGHT="23" CONTENT="him." WC="0.51" CC="7470"/>
						<SP ID="P117_SP00299" HPOS="359" VPOS="1301" WIDTH="37"/>
						<String ID="P117_ST00337" HPOS="396" VPOS="1270" WIDTH="128" HEIGHT="28" CONTENT="However," WC="0.77" CC="00066040"/>
						<SP ID="P117_SP00300" HPOS="524" VPOS="1301" WIDTH="19"/>
						<String ID="P117_ST00338" HPOS="543" VPOS="1269" WIDTH="41" HEIGHT="23" CONTENT="the" WC="0.82" CC="050"/>
						<SP ID="P117_SP00301" HPOS="584" VPOS="1301" WIDTH="20"/>
						<String ID="P117_ST00339" HPOS="604" VPOS="1269" WIDTH="97" HEIGHT="23" CONTENT="Britons" WC="0.72" CC="5300460"/>
						<SP ID="P117_SP00302" HPOS="701" VPOS="1301" WIDTH="20"/>
						<String ID="P117_ST00340" HPOS="721" VPOS="1269" WIDTH="122" HEIGHT="23" CONTENT="confessed" WC="0.66" CC="006005709"/>
						<SP ID="P117_SP00303" HPOS="843" VPOS="1301" WIDTH="17"/>
						<String ID="P117_ST00341" HPOS="860" VPOS="1270" WIDTH="52" HEIGHT="22" CONTENT="that" WC="0.54" CC="7721"/>
						<SP ID="P117_SP00304" HPOS="912" VPOS="1301" WIDTH="18"/>
						<String ID="P117_ST00342" HPOS="930" VPOS="1278" WIDTH="14" HEIGHT="15" CONTENT="a" WC="0.14" CC="8"/>
					</TextLine>
					<TextLine ID="P117_TL00037" HPOS="100" VPOS="1303" WIDTH="844" HEIGHT="32">
						<String ID="P117_ST00343" HPOS="100" VPOS="1303" WIDTH="98" HEIGHT="23" CONTENT="miracle" WC="0.63" CC="6250730"/>
						<SP ID="P117_SP00305" HPOS="198" VPOS="1326" WIDTH="14"/>
						<String ID="P117_ST00344" HPOS="212" VPOS="1304" WIDTH="46" HEIGHT="22" CONTENT="had" WC="0.77" CC="600"/>
						<SP ID="P117_SP00306" HPOS="258" VPOS="1326" WIDTH="14"/>
						<String ID="P117_ST00345" HPOS="272" VPOS="1304" WIDTH="59" HEIGHT="23" CONTENT="been" WC="0.82" CC="1005"/>
						<SP ID="P117_SP00307" HPOS="331" VPOS="1327" WIDTH="15"/>
						<String ID="P117_ST00346" HPOS="346" VPOS="1304" WIDTH="120" HEIGHT="31" CONTENT="wrought," WC="0.66" CC="04519600"/>
						<SP ID="P117_SP00308" HPOS="466" VPOS="1335" WIDTH="11"/>
						<String ID="P117_ST00347" HPOS="477" VPOS="1304" WIDTH="47" HEIGHT="23" CONTENT="and" WC="0.77" CC="060"/>
						<SP ID="P117_SP00309" HPOS="524" VPOS="1335" WIDTH="10"/>
						<String ID="P117_ST00348" HPOS="534" VPOS="1303" WIDTH="53" HEIGHT="23" CONTENT="that" WC="0.62" CC="0770"/>
						<SP ID="P117_SP00310" HPOS="587" VPOS="1335" WIDTH="10"/>
						<String ID="P117_ST00349" HPOS="597" VPOS="1303" WIDTH="138" HEIGHT="31" CONTENT="Augustine" WC="0.76" CC="030034350"/>
						<SP ID="P117_SP00311" HPOS="735" VPOS="1335" WIDTH="11"/>
						<String ID="P117_ST00350" HPOS="746" VPOS="1311" WIDTH="48" HEIGHT="14" CONTENT="was" WC="0.50" CC="851"/>
						<SP ID="P117_SP00312" HPOS="794" VPOS="1335" WIDTH="10"/>
						<String ID="P117_ST00351" HPOS="804" VPOS="1311" WIDTH="14" HEIGHT="15" CONTENT="a" WC="1.00" CC="0"/>
						<SP ID="P117_SP00313" HPOS="818" VPOS="1335" WIDTH="9"/>
						<String ID="P117_ST00352" HPOS="827" VPOS="1304" WIDTH="117" HEIGHT="30" CONTENT="preacher" WC="0.92" CC="02400000"/>
					</TextLine>
					<TextLine ID="P117_TL00038" HPOS="99" VPOS="1336" WIDTH="844" HEIGHT="32">
						<String ID="P117_ST00353" HPOS="99" VPOS="1337" WIDTH="30" HEIGHT="23" CONTENT="of" WC="0.99" CC="00"/>
						<SP ID="P117_SP00314" HPOS="129" VPOS="1360" WIDTH="16"/>
						<String ID="P117_ST00354" HPOS="145" VPOS="1337" WIDTH="180" HEIGHT="31" CONTENT="righteousness" WC="0.65" CC="3096023071036"/>
						<SP ID="P117_SP00315" HPOS="325" VPOS="1368" WIDTH="11"/>
						<String ID="P117_ST00355" HPOS="336" VPOS="1347" WIDTH="5" HEIGHT="17" CONTENT=";" WC="1.00" CC="0"/>
						<SP ID="P117_SP00316" HPOS="341" VPOS="1368" WIDTH="21"/>
						<String ID="P117_ST00356" HPOS="362" VPOS="1338" WIDTH="44" HEIGHT="23" CONTENT="but" WC="0.64" CC="154"/>
						<SP ID="P117_SP00317" HPOS="406" VPOS="1368" WIDTH="24"/>
						<String ID="P117_ST00357" HPOS="430" VPOS="1338" WIDTH="58" HEIGHT="30" CONTENT="they" WC="0.82" CC="0700"/>
						<SP ID="P117_SP00318" HPOS="488" VPOS="1368" WIDTH="22"/>
						<String ID="P117_ST00358" HPOS="510" VPOS="1336" WIDTH="73" HEIGHT="24" CONTENT="could" WC="0.71" CC="03540"/>
						<SP ID="P117_SP00319" HPOS="583" VPOS="1368" WIDTH="19"/>
						<String ID="P117_ST00359" HPOS="602" VPOS="1340" WIDTH="52" HEIGHT="25" CONTENT="not," WC="0.72" CC="6004"/>
						<SP ID="P117_SP00320" HPOS="654" VPOS="1368" WIDTH="18"/>
						<String ID="P117_ST00360" HPOS="672" VPOS="1337" WIDTH="56" HEIGHT="31" CONTENT="they" WC="0.80" CC="2500"/>
						<SP ID="P117_SP00321" HPOS="728" VPOS="1368" WIDTH="16"/>
						<String ID="P117_ST00361" HPOS="744" VPOS="1337" WIDTH="58" HEIGHT="26" CONTENT="said," WC="0.79" CC="40500"/>
						<SP ID="P117_SP00322" HPOS="802" VPOS="1368" WIDTH="19"/>
						<String ID="P117_ST00362" HPOS="821" VPOS="1345" WIDTH="122" HEIGHT="16" CONTENT="renounce" WC="0.50" CC="34705647"/>
					</TextLine>
					<TextLine ID="P117_TL00039" HPOS="98" VPOS="1370" WIDTH="844" HEIGHT="31">
						<String ID="P117_ST00363" HPOS="98" VPOS="1371" WIDTH="65" HEIGHT="23" CONTENT="their" WC="0.80" CC="03103"/>
						<SP ID="P117_SP00323" HPOS="163" VPOS="1394" WIDTH="17"/>
						<String ID="P117_ST00364" HPOS="180" VPOS="1371" WIDTH="98" HEIGHT="23" CONTENT="ancient" WC="0.91" CC="0200040"/>
						<SP ID="P117_SP00324" HPOS="278" VPOS="1394" WIDTH="16"/>
						<String ID="P117_ST00365" HPOS="294" VPOS="1374" WIDTH="106" HEIGHT="20" CONTENT="customs" WC="0.76" CC="0630006"/>
						<SP ID="P117_SP00325" HPOS="400" VPOS="1394" WIDTH="12"/>
						<String ID="P117_ST00366" HPOS="412" VPOS="1372" WIDTH="102" HEIGHT="22" CONTENT="without" WC="0.82" CC="0045020"/>
						<SP ID="P117_SP00326" HPOS="514" VPOS="1394" WIDTH="19"/>
						<String ID="P117_ST00367" HPOS="533" VPOS="1370" WIDTH="41" HEIGHT="23" CONTENT="the" WC="0.93" CC="020"/>
						<SP ID="P117_SP00327" HPOS="574" VPOS="1394" WIDTH="17"/>
						<String ID="P117_ST00368" HPOS="591" VPOS="1373" WIDTH="100" HEIGHT="20" CONTENT="consent" WC="0.73" CC="0055160"/>
						<SP ID="P117_SP00328" HPOS="691" VPOS="1394" WIDTH="13"/>
						<String ID="P117_ST00369" HPOS="704" VPOS="1370" WIDTH="46" HEIGHT="23" CONTENT="and" WC="1.00" CC="000"/>
						<SP ID="P117_SP00329" HPOS="750" VPOS="1394" WIDTH="13"/>
						<String ID="P117_ST00370" HPOS="763" VPOS="1372" WIDTH="140" HEIGHT="29" CONTENT="permission" WC="0.65" CC="0534262405"/>
						<SP ID="P117_SP00330" HPOS="903" VPOS="1401" WIDTH="14"/>
						<String ID="P117_ST00371" HPOS="917" VPOS="1371" WIDTH="25" HEIGHT="23" CONTENT="of" WC="0.60" CC="16"/>
					</TextLine>
					<TextLine ID="P117_TL00040" HPOS="98" VPOS="1404" WIDTH="843" HEIGHT="32">
						<String ID="P117_ST00372" HPOS="98" VPOS="1405" WIDTH="65" HEIGHT="23" CONTENT="their" WC="0.73" CC="55002"/>
						<SP ID="P117_SP00331" HPOS="163" VPOS="1428" WIDTH="19"/>
						<String ID="P117_ST00373" HPOS="182" VPOS="1407" WIDTH="169" HEIGHT="29" CONTENT="countrymen." WC="0.75" CC="40730600050"/>
						<SP ID="P117_SP00332" HPOS="351" VPOS="1436" WIDTH="45"/>
						<String ID="P117_ST00374" HPOS="396" VPOS="1404" WIDTH="32" HEIGHT="24" CONTENT="So" WC="0.90" CC="01"/>
						<SP ID="P117_SP00333" HPOS="428" VPOS="1436" WIDTH="22"/>
						<String ID="P117_ST00375" HPOS="450" VPOS="1404" WIDTH="102" HEIGHT="24" CONTENT="another" WC="0.82" CC="0055001"/>
						<SP ID="P117_SP00334" HPOS="552" VPOS="1436" WIDTH="21"/>
						<String ID="P117_ST00376" HPOS="573" VPOS="1404" WIDTH="77" HEIGHT="30" CONTENT="synod" WC="0.56" CC="69230"/>
						<SP ID="P117_SP00335" HPOS="650" VPOS="1436" WIDTH="22"/>
						<String ID="P117_ST00377" HPOS="672" VPOS="1412" WIDTH="49" HEIGHT="15" CONTENT="was" WC="0.73" CC="034"/>
						<SP ID="P117_SP00336" HPOS="721" VPOS="1436" WIDTH="18"/>
						<String ID="P117_ST00378" HPOS="739" VPOS="1404" WIDTH="64" HEIGHT="28" CONTENT="held," WC="0.86" CC="70000"/>
						<SP ID="P117_SP00337" HPOS="803" VPOS="1436" WIDTH="18"/>
						<String ID="P117_ST00379" HPOS="821" VPOS="1408" WIDTH="23" HEIGHT="19" CONTENT="at" WC="0.54" CC="90"/>
						<SP ID="P117_SP00338" HPOS="844" VPOS="1436" WIDTH="20"/>
						<String ID="P117_ST00380" HPOS="864" VPOS="1405" WIDTH="77" HEIGHT="24" CONTENT="which" WC="0.62" CC="06325"/>
					</TextLine>
					<TextLine ID="P117_TL00041" HPOS="98" VPOS="1437" WIDTH="844" HEIGHT="32">
						<String ID="P117_ST00381" HPOS="98" VPOS="1446" WIDTH="64" HEIGHT="16" CONTENT="were" WC="0.64" CC="9040"/>
						<SP ID="P117_SP00339" HPOS="162" VPOS="1462" WIDTH="19"/>
						<String ID="P117_ST00382" HPOS="181" VPOS="1442" WIDTH="98" HEIGHT="26" CONTENT="present" WC="0.63" CC="9207004"/>
						<SP ID="P117_SP00340" HPOS="279" VPOS="1468" WIDTH="18"/>
						<String ID="P117_ST00383" HPOS="297" VPOS="1446" WIDTH="71" HEIGHT="15" CONTENT="seven" WC="0.86" CC="60000"/>
						<SP ID="P117_SP00341" HPOS="368" VPOS="1468" WIDTH="19"/>
						<String ID="P117_ST00384" HPOS="387" VPOS="1438" WIDTH="123" HEIGHT="31" CONTENT="suffragan" WC="0.62" CC="660054090"/>
						<SP ID="P117_SP00342" HPOS="510" VPOS="1469" WIDTH="22"/>
						<String ID="P117_ST00385" HPOS="532" VPOS="1437" WIDTH="100" HEIGHT="30" CONTENT="bishops" WC="0.83" CC="0310006"/>
						<SP ID="P117_SP00343" HPOS="632" VPOS="1469" WIDTH="13"/>
						<String ID="P117_ST00386" HPOS="645" VPOS="1440" WIDTH="25" HEIGHT="20" CONTENT="to" WC="1.00" CC="00"/>
						<SP ID="P117_SP00344" HPOS="670" VPOS="1469" WIDTH="13"/>
						<String ID="P117_ST00387" HPOS="683" VPOS="1438" WIDTH="41" HEIGHT="22" CONTENT="the" WC="0.81" CC="005"/>
						<SP ID="P117_SP00345" HPOS="724" VPOS="1469" WIDTH="14"/>
						<String ID="P117_ST00388" HPOS="738" VPOS="1445" WIDTH="39" HEIGHT="16" CONTENT="see" WC="0.54" CC="670"/>
						<SP ID="P117_SP00346" HPOS="777" VPOS="1469" WIDTH="12"/>
						<String ID="P117_ST00389" HPOS="789" VPOS="1438" WIDTH="28" HEIGHT="23" CONTENT="of" WC="0.69" CC="60"/>
						<SP ID="P117_SP00347" HPOS="817" VPOS="1469" WIDTH="11"/>
						<String ID="P117_ST00390" HPOS="828" VPOS="1438" WIDTH="114" HEIGHT="24" CONTENT="Menevia" WC="0.52" CC="0750955"/>
					</TextLine>
					<TextLine ID="P117_TL00042" HPOS="98" VPOS="1470" WIDTH="841" HEIGHT="31">
						<String ID="P117_ST00391" HPOS="98" VPOS="1473" WIDTH="48" HEIGHT="22" CONTENT="and" WC="0.80" CC="230"/>
						<SP ID="P117_SP00348" HPOS="146" VPOS="1495" WIDTH="14"/>
						<String ID="P117_ST00392" HPOS="160" VPOS="1472" WIDTH="129" HEIGHT="27" CONTENT="Caerleon," WC="0.95" CC="000400000"/>
						<SP ID="P117_SP00349" HPOS="289" VPOS="1499" WIDTH="11"/>
						<String ID="P117_ST00393" HPOS="300" VPOS="1472" WIDTH="41" HEIGHT="23" CONTENT="the" WC="0.68" CC="072"/>
						<SP ID="P117_SP00350" HPOS="341" VPOS="1499" WIDTH="13"/>
						<String ID="P117_ST00394" HPOS="354" VPOS="1472" WIDTH="103" HEIGHT="29" CONTENT="Bishops" WC="0.68" CC="5014306"/>
						<SP ID="P117_SP00351" HPOS="457" VPOS="1501" WIDTH="12"/>
						<String ID="P117_ST00395" HPOS="469" VPOS="1471" WIDTH="28" HEIGHT="24" CONTENT="of" WC="0.93" CC="10"/>
						<SP ID="P117_SP00352" HPOS="497" VPOS="1501" WIDTH="9"/>
						<String ID="P117_ST00396" HPOS="506" VPOS="1470" WIDTH="132" HEIGHT="27" CONTENT="Hereford," WC="0.77" CC="001080252"/>
						<SP ID="P117_SP00353" HPOS="638" VPOS="1501" WIDTH="9"/>
						<String ID="P117_ST00397" HPOS="647" VPOS="1471" WIDTH="120" HEIGHT="28" CONTENT="Llandaff," WC="0.88" CC="300600000"/>
						<SP ID="P117_SP00354" HPOS="767" VPOS="1501" WIDTH="10"/>
						<String ID="P117_ST00398" HPOS="777" VPOS="1471" WIDTH="162" HEIGHT="29" CONTENT="Llanbadarn," WC="0.77" CC="04026004070"/>
					</TextLine>
					<TextLine ID="P117_TL00043" HPOS="98" VPOS="1504" WIDTH="842" HEIGHT="32">
						<String ID="P117_ST00399" HPOS="98" VPOS="1506" WIDTH="107" HEIGHT="30" CONTENT="Bangor," WC="0.70" CC="0620613"/>
						<SP ID="P117_SP00355" HPOS="205" VPOS="1536" WIDTH="13"/>
						<String ID="P117_ST00400" HPOS="218" VPOS="1506" WIDTH="35" HEIGHT="24" CONTENT="St." WC="1.00" CC="000"/>
						<SP ID="P117_SP00356" HPOS="253" VPOS="1536" WIDTH="12"/>
						<String ID="P117_ST00401" HPOS="265" VPOS="1506" WIDTH="93" HEIGHT="30" CONTENT="Asaph," WC="0.69" CC="000763"/>
						<SP ID="P117_SP00357" HPOS="358" VPOS="1536" WIDTH="15"/>
						<String ID="P117_ST00402" HPOS="373" VPOS="1505" WIDTH="153" HEIGHT="27" CONTENT="Gloucester," WC="0.95" CC="00000010004"/>
						<SP ID="P117_SP00358" HPOS="526" VPOS="1536" WIDTH="14"/>
						<String ID="P117_ST00403" HPOS="540" VPOS="1505" WIDTH="47" HEIGHT="23" CONTENT="and" WC="0.92" CC="200"/>
						<SP ID="P117_SP00359" HPOS="587" VPOS="1536" WIDTH="14"/>
						<String ID="P117_ST00404" HPOS="601" VPOS="1504" WIDTH="120" HEIGHT="32" CONTENT="Margam," WC="1.00" CC="0000000"/>
						<SP ID="P117_SP00360" HPOS="721" VPOS="1536" WIDTH="14"/>
						<String ID="P117_ST00405" HPOS="735" VPOS="1506" WIDTH="47" HEIGHT="22" CONTENT="and" WC="1.00" CC="000"/>
						<SP ID="P117_SP00361" HPOS="782" VPOS="1536" WIDTH="16"/>
						<String ID="P117_ST00406" HPOS="798" VPOS="1514" WIDTH="71" HEIGHT="22" CONTENT="many" WC="0.57" CC="9070"/>
						<SP ID="P117_SP00362" HPOS="869" VPOS="1536" WIDTH="13"/>
						<String ID="P117_ST00407" HPOS="882" VPOS="1514" WIDTH="58" HEIGHT="22" CONTENT="very" WC="0.75" CC="0009"/>
					</TextLine>
				</TextBlock>
			</PrintSpace>
		</Page>
	</Layout>
</alto>
