1023 1619
904 97 29 22 21

452 102 127 15 BARDISM.

92 159 84 23 colour
190 166 47 16 was
255 160 80 27 white,
350 160 138 30 expressive
506 160 28 23 of
547 160 83 31 purity
647 160 23 22 in
690 161 40 22 the
745 161 190 24 administration

92 193 28 22 of
127 193 45 22 law
185 193 47 23 and
242 193 89 31 justice
340 203 5 17 ;
358 193 29 23 he
401 193 48 23 had
460 201 31 15 on
504 194 41 22 the
558 193 77 32 girdle
648 201 27 15 or
689 194 72 28 band,
774 196 40 22 the
825 196 78 30 badge
913 196 26 23 of

92 227 36 22 his
150 227 78 26 order,
249 227 47 22 and
317 235 65 23 upon
402 227 46 23 this
466 227 77 32 girdle
563 235 47 15 was
630 227 39 23 the
689 229 90 30 crystal
796 229 27 23 of
841 237 96 22 augury

92 260 103 23 encased
207 261 23 22 in
241 261 64 31 gold.
336 261 113 31 Augury,
460 262 77 22 under
548 261 77 23 which
636 265 61 19 term
707 262 18 22 is
736 262 114 23 included
860 264 77 22 divin-

93 295 65 22 ation
178 295 123 30 generally
306 309 27 2 —
338 295 53 23 that
407 303 105 15 answers
525 298 25 20 to
563 295 141 30 hypothesis
722 297 47 22 and
789 296 147 30 conjecture,

93 329 79 22 which
188 336 26 15 so
233 328 93 31 largely
340 332 69 20 enter
421 329 51 23 into
485 329 99 22 modern
598 328 127 27 decisions,
739 330 46 22 and
796 330 85 30 justify
895 331 42 22 the

93 363 90 22 maxim
197 362 76 23 ofthe
287 363 106 29 glorious
404 363 171 23 uncertainties
593 362 28 23 of
635 362 41 23 the
689 362 45 23 law
736 377 32 3 —
771 370 47 16 was
834 364 25 22 in
878 364 58 30 high

93 399 85 27 repute
192 396 57 23 with
266 396 40 23 the
325 396 99 23 Druids.
460 396 110 23 Observe
580 397 29 22 its
619 397 124 29 operation
757 397 23 22 in
793 396 55 23 civil
858 398 60 21 suits
929 406 6 14 :

93 430 95 22 instead
210 429 27 23 of
257 437 14 15 a
290 437 71 15 cause
386 430 115 31 creeping
519 434 24 19 at
564 438 15 14 a
599 429 80 23 snail's
700 437 59 23 pace
782 430 106 31 through
905 430 31 23 all

93 463 41 23 the
149 466 81 20 courts
243 471 33 23 up
293 467 24 19 to
329 463 40 23 the
383 463 76 24 Court
478 463 28 23 of
523 463 102 31 Appeal,
640 463 45 23 and
705 463 73 31 being
797 464 102 22 decided
912 469 24 18 at

93 496 84 31 length
197 497 69 22 when
285 498 66 21 there
365 497 19 22 is
397 497 101 32 nothing
515 497 42 23 left
574 501 24 19 to
618 496 61 32 fight
694 497 82 28 about,
794 505 66 15 some
877 497 58 23 half-

94 535 103 27 century
211 530 60 24 from
286 531 40 22 the
343 530 140 23 ill-omened
497 531 45 31 day
556 531 52 23 that
621 531 41 22 the
677 530 50 23 first
746 531 96 31 litigant
862 536 74 18 wrote

94 564 37 23 his
155 564 71 23 letter
250 564 27 23 of
297 565 156 22 instructions
475 568 24 19 to
522 565 40 22 the
586 564 241 31 great-grandfather
847 564 27 23 of
895 565 41 23 the

93 598 109 23 solicitor
217 598 54 22 who
290 598 119 23 conducts
426 598 41 22 the
482 599 57 26 suit,
542 612 31 3 —
576 598 93 22 instead
682 597 28 24 of
729 599 47 22 this
796 599 140 23 exhaustive

93 640 104 22 process,
217 631 21 23 if
251 640 15 14 a
282 632 85 30 knotty
385 632 68 30 point
474 640 67 15 arose
561 632 23 22 in
606 632 40 22 the
663 635 70 20 court
754 631 28 24 of
795 633 40 22 the
857 632 78 23 Arch-

93 665 81 23 Druid
188 666 18 22 it
220 673 46 15 was
282 666 100 23 decided
400 673 31 15 on
447 665 40 23 the
504 670 61 25 spot,
586 666 33 29 by
635 665 39 23 the
696 666 134 30 inspection
851 665 27 24 of
897 667 39 22 the

93 699 97 23 entrails
204 698 28 25 of
240 707 14 15 a
264 699 58 23 slain
337 699 134 28 animator
484 700 32 30 by
530 700 40 22 the
584 699 70 30 flight
667 698 28 23 of
705 700 73 27 birds,
793 700 62 23 their
869 704 67 19 notes

93 733 107 23 whether
212 733 116 30 plaintive
342 741 27 15 or
381 733 117 27 cheerful,
513 740 27 16 or
554 734 32 30 by
604 732 77 24 tallies
700 734 45 22 and
768 734 122 27 numbers,
909 741 28 15 or

93 767 31 30 by
138 767 39 22 the
192 767 103 22 motions
309 767 28 22 of
349 767 42 22 the
404 771 104 25 serpent,
521 774 15 15 a
548 765 118 24 beautiful
685 767 122 29 specimen
822 767 26 22 of
857 767 78 22 which

93 800 37 32 lay
145 801 24 22 in
183 808 13 14 a
210 800 128 31 delightful
356 800 70 23 berth
445 804 24 18 at
486 800 40 22 the
542 800 52 22 foot
608 800 27 22 of
650 800 40 22 the
708 800 61 23 altar
787 800 28 22 of
833 808 102 23 augury,

93 834 48 22 and
156 834 64 22 lived
233 842 26 14 as
271 842 14 14 a
298 834 73 22 snake
385 835 23 21 in
422 833 70 23 office
503 833 94 28 should,
612 841 29 15 on
656 833 88 23 clover.
782 833 31 24 So
828 833 34 23 far
875 833 60 23 from

93 868 114 29 thinking
221 876 70 14 scorn
305 867 27 23 of
345 867 79 23 Druid
433 867 194 31 jurisprudence,
641 874 34 15 we
690 872 62 18 must
764 867 172 31 acknowledge

93 901 54 23 that
160 902 56 30 they
231 902 46 22 had
290 901 92 31 greatly
397 901 40 22 the
450 900 136 32 advantage
599 900 28 23 of
637 901 130 27 ourselves,
775 902 54 21 who
841 909 40 15 are
894 900 44 24 left

94 935 67 31 quite
178 943 26 15 as
220 935 72 23 much
308 938 24 19 to
348 934 151 32 guess-work
514 942 25 14 as
553 935 55 30 they
622 941 69 19 were,
705 934 101 23 without
819 935 39 22 the
872 943 64 15 com-

92 969 126 30 pensation
227 968 27 23 of
262 969 137 30 witnessing
408 976 29 15 an
447 968 141 31 interesting
596 968 47 22 and
652 967 138 31 impressive
798 977 137 22 ceremony.

92 1002 29 23 In
147 1002 110 24 criminal
282 1010 91 18 causes,
396 1010 30 15 on
448 1002 78 22 which
552 1001 39 24 life
613 1002 134 28 depended,
770 1003 40 22 the
834 1002 103 30 popular

92 1037 98 29 opinion
211 1036 29 22 of
256 1036 40 23 the
319 1036 79 22 virtue
420 1035 121 30 supposed
566 1038 25 20 to
611 1034 76 24 reside
707 1036 23 21 in
750 1036 66 23 these
836 1036 57 22 rites
912 1035 27 24 of

92 1070 133 23 divination
239 1077 54 23 may
308 1070 61 22 have
382 1068 66 24 often
462 1070 71 29 given
548 1072 25 20 to
586 1069 66 23 them
663 1076 15 15 a
691 1069 49 23 real
752 1069 100 30 efficacy
862 1079 5 17 ;
888 1070 48 22 and

92 1104 151 27 conscience,
257 1104 52 22 that
321 1103 83 23 makes
417 1103 109 23 cowards
540 1102 29 23 of
582 1111 27 15 us
622 1103 38 28 all,
672 1110 56 24 may
746 1103 61 23 have
825 1104 111 22 revealed

91 1137 30 22 its
141 1137 108 23 dreadful
270 1141 78 19 secret
369 1137 24 22 in
415 1137 40 22 the
475 1137 105 30 heaving
602 1137 90 23 bosom.
731 1137 52 22 The
804 1137 89 30 crystal
913 1137 26 22 of

91 1179 95 24 augury
199 1179 30 15 on
243 1171 40 23 the
297 1170 76 32 girdle
392 1170 27 23 of
433 1170 41 23 the
487 1170 162 23 Arch-Druid
665 1178 47 15 was
725 1178 32 15 no
771 1170 165 31 unimportant

90 1213 135 23 accessory.
263 1206 36 22 As
313 1205 46 22 this
367 1204 72 31 jewel
452 1203 111 32 sparkled
577 1212 27 14 or
616 1212 65 23 grew
699 1204 58 27 dim,
774 1204 41 23 the
832 1204 105 31 plaintiff

91 1247 27 14 or
143 1239 136 26 defendant,
301 1242 141 27 prosecutor
461 1246 28 14 or
508 1238 116 31 prisoner,
641 1237 75 23 shook
734 1239 23 21 in
776 1238 63 22 their
857 1238 78 22 shoes.

91 1272 53 24 The
158 1276 114 27 property
286 1272 28 24 of
328 1273 39 22 the
381 1272 146 31 breastplate
541 1271 28 23 of
580 1272 131 31 judgment
720 1272 42 22 has
770 1271 59 23 been
840 1272 95 22 noticed

90 1307 106 31 already.
225 1306 47 31 Say
287 1307 62 22 what
365 1314 33 15 we
412 1306 47 22 will
473 1305 76 24 ofthe
564 1305 66 23 law's
643 1305 90 31 delays,
747 1305 18 23 it
779 1305 18 22 is
810 1313 13 15 a
832 1304 103 24 comfort

89 1344 26 19 to
140 1341 70 22 know
233 1341 53 22 that
304 1341 59 22 each
386 1340 46 22 and
453 1347 73 22 every
548 1338 28 24 of
596 1347 45 15 our
658 1339 88 30 judges
772 1339 77 30 might
873 1347 63 15 wear

89 1374 60 23 such
163 1382 14 15 a
190 1375 120 22 reminder
322 1374 32 23 all
367 1374 62 22 their
442 1374 66 27 lives,
522 1373 47 23 and
583 1376 42 19 not
639 1373 41 23 the
690 1374 114 21 minutest
813 1374 121 21 examina-

89 1408 50 23 tion
154 1409 110 22 discover
277 1416 26 14 so
316 1408 73 22 much
406 1415 26 15 as
448 1415 15 15 a
480 1407 67 23 mark
562 1414 29 15 on
606 1407 63 22 their
681 1406 81 24 necks.
801 1406 81 23 Below
895 1407 39 23 the

89 1442 149 31 breastplate
249 1442 27 22 of
284 1442 132 32 judgment
434 1441 67 30 hung
514 1441 40 22 the
566 1440 72 23 Glain
655 1440 83 27 Neidr,
752 1440 93 23 adder's
858 1445 76 23 stone,

89 1485 27 15 or
128 1476 94 24 adder's
234 1485 56 22 egg.
328 1476 23 23 It
368 1476 19 21 is
405 1474 125 23 uncertain
546 1474 109 22 whether
673 1474 45 23 this
734 1474 94 23 famous
845 1474 89 24 amulet

88 1518 47 16 was
161 1518 14 16 a
199 1510 94 24 natural
321 1518 28 15 or
372 1508 112 24 artificial
514 1507 153 30 production.
716 1507 40 24 On
781 1508 40 23 the
845 1507 90 25 former
