1023 1619
105 111 47 25 116

379 120 54 18 THE
446 121 89 17 WELSH
550 120 118 18 CHURCH.

104 179 60 23 such
178 186 13 15 a
203 179 87 30 bishop
307 186 25 15 as
346 179 125 31 Sampson,
485 180 44 23 but
541 179 11 23 I
566 188 39 15 am
617 179 105 23 satisfied
737 178 52 23 that
802 178 30 23 he
845 177 20 23 is
878 176 70 32 quite

104 213 116 22 innocent
236 212 27 23 of
274 212 97 32 making
390 221 66 24 away
469 214 58 22 with
543 214 41 22 the
600 213 58 31 pall.
695 212 115 23 Between
828 212 50 22 980
898 210 48 24 and

107 246 64 22 1000
186 245 52 23 falls
251 246 40 23 the
308 246 126 31 Bishopric
447 246 27 24 of
487 247 161 31 Morgeneu.*
686 245 137 31 Morgeneu
838 253 48 15 was
904 245 42 22 the

103 279 52 23 first
170 279 91 31 Bishop
278 279 28 24 of
323 279 34 24 St.
373 280 100 23 David's
486 281 54 21 who
556 284 38 18 ate
613 279 58 23 flesh
683 289 5 17 ;
707 280 36 21 his
761 279 73 23 death
854 279 32 30 by
905 278 42 23 the

103 313 77 23 hands
191 312 28 23 of
230 313 93 23 Danish
336 314 87 30 pirates
434 322 47 14 was
489 322 14 14 a
509 313 131 32 judgment
650 321 65 22 upon
727 312 40 23 the
781 312 72 22 sinful
867 312 79 22 indul-

103 355 84 23 gence.
219 346 9 23 I
242 355 43 23 say
297 347 54 27 this,
366 347 46 23 and
428 347 9 23 I
451 347 88 23 should
552 350 42 19 not
606 355 43 23 say
661 346 19 22 it
693 346 56 27 else,
763 353 64 23 upon
842 345 41 23 the
893 345 55 22 best

104 381 126 30 authority
248 380 104 31 possible
354 394 34 4 —
389 381 46 22 this
457 379 179 32 gross-feeding
661 379 86 30 bishop
768 378 110 23 himself:
907 378 41 23 He

103 415 121 30 appeared
241 417 25 20 to
280 422 13 15 a
306 415 89 22 certain
413 415 87 29 bishop
517 414 24 22 in
561 413 96 23 Ireland
676 421 31 15 on
726 413 40 22 the
785 412 70 32 night
874 411 28 23 of
912 412 36 22 his

104 449 81 27 death,
199 448 109 30 showing
322 448 36 22 his
371 448 109 26 wounds,
493 447 47 23 and
554 448 93 29 saying,
686 446 108 24 Because
809 446 10 22 I
832 450 38 19 ate
884 448 65 20 meat

104 482 13 23 I
130 489 39 16 am
189 482 69 23 made
401 481 11 23 I
432 481 126 23 commend
576 481 48 22 this
642 480 136 31 harrowing
797 480 108 23 incident
923 482 25 20 to

103 516 44 22 the
159 516 159 30 vegetarians.
357 515 27 23 In
401 515 72 27 1070,
489 514 83 24 Sulien
589 515 100 23 became
702 514 95 30 bishop,
811 514 62 26 who,
887 513 61 23 after

103 552 48 20 two
166 549 160 31 resignations
343 549 47 22 and
404 549 214 30 reappointments,
633 549 39 22 the
686 548 67 23 dates
771 547 29 24 of
810 548 79 23 which
908 555 40 15 are

103 583 82 22 rather
202 582 124 28 confused,
340 582 55 23 died
412 583 72 26 1080,
498 582 57 23 with
568 582 41 22 the
626 582 137 30 reputation
780 581 27 23 of
818 582 73 30 being
907 581 41 23 the

103 617 86 26 wisest,
203 621 63 18 most
279 616 105 27 learned,
398 616 47 22 and
459 616 69 30 pious
542 615 91 31 prelate
646 616 23 21 in
682 615 89 23 Wales.
803 615 83 23 Sulien
901 622 47 15 was

103 650 134 23 succeeded
256 650 32 30 by
304 650 36 22 his
357 658 43 15 son
415 649 152 32 Rythmarch
578 659 5 17 ;
603 649 29 22 he
649 649 56 23 died
727 649 24 22 in
769 649 40 22 the
828 649 76 31 prime
922 648 28 23 of

103 683 47 28 life,
170 687 24 20 at
213 683 160 32 forty-three:
397 683 44 23 but
463 683 93 31 though
578 691 26 15 so
625 690 59 15 soon
706 682 124 27 removed,
849 683 31 22 he
899 682 48 23 had

103 718 115 30 acquired
236 726 15 14 a
269 717 106 23 brilliant
395 717 147 31 reputation,
562 720 43 19 not
625 716 113 23 confined
760 720 24 19 to
807 716 37 23 his
865 716 82 23 native

103 754 110 28 country,
231 751 45 23 but
292 751 132 30 extending
443 754 24 19 to
485 750 121 31 England,
625 749 100 28 France,
745 750 47 23 and
812 749 136 32 Germany.

103 784 68 23 With
192 785 41 22 the
252 785 72 22 death
345 784 27 23 of
387 784 160 30 Rythmarch,
570 784 24 22 in
616 784 72 26 1099,
709 784 40 22 the
770 784 129 23 education
922 782 28 24 of

103 818 107 23 scholars
221 818 86 23 ceased
317 820 24 20 at
352 817 35 24 St.
397 817 109 23 David's.
531 817 29 23 In
572 817 28 22 11
610 818 53 26 15,t
677 817 115 26 Bernard,
804 825 12 15 a
830 817 116 27 Norman,

103 852 112 29 chaplain
229 855 24 20 to
268 851 67 31 King
349 851 87 29 Henry
449 851 7 22 ]
464 868 13 10 .,
491 851 46 22 and
551 851 138 23 chancellor
703 856 24 17 to
745 851 41 23 the
799 858 87 23 queen,
900 858 48 16 was

103 885 82 23 forced
199 893 64 22 upon
277 886 41 22 the
331 885 95 23 diocese
440 885 32 29 by
485 885 67 30 royal
572 885 149 29 usurpation.
760 885 21 22 A
796 889 110 19 creature
924 884 26 24 of

103 919 42 22 the
164 919 102 30 English
285 921 167 28 government,
467 919 29 22 he
512 918 57 30 paid
589 918 40 23 the
649 917 118 24 shameful
788 919 66 29 price
874 918 28 23 of
912 919 36 22 his

103 953 150 21 nomination
274 952 32 30 by
323 952 144 31 submitting
484 955 26 19 to
526 952 95 22 receive
640 952 167 22 consecration
826 952 61 22 from
907 952 41 22 the

105 985 159 31 Archbishop
277 985 29 23 of
313 985 163 30 Canterbury,
490 988 25 20 to
528 985 41 22 the
583 985 123 30 prejudice
720 985 27 22 of
757 985 42 23 the
807 985 52 30 just
873 986 75 30 rights

103 1018 77 24 ofthe
190 1019 84 23 Welsh
285 1018 115 23 National
412 1018 106 23 Church.
549 1018 108 23 Bernard
669 1018 76 31 began
758 1019 73 31 badly
841 1019 106 31 enough,

103 1053 44 22 but
170 1053 41 22 the
231 1053 36 22 air
285 1052 27 22 of
325 1052 81 22 Wales
428 1052 89 22 braced
535 1052 36 22 his
589 1059 85 15 nerves
684 1062 5 16 ;
710 1052 28 22 he
756 1052 106 30 plucked
881 1061 34 22 up
934 1060 14 16 a

102 1086 76 31 spirit,
199 1086 47 22 and
267 1085 106 23 asserted
395 1085 36 22 his
454 1085 83 23 claims
556 1088 25 19 to
604 1085 170 30 metropolitan
790 1085 157 32 jurisdiction

103 1120 94 30 against
213 1119 41 22 the
268 1118 106 23 Primate
393 1118 27 23 of
430 1118 121 30 England,
567 1118 44 22 but
624 1126 47 14 was
690 1119 99 31 obliged
803 1123 24 19 to
840 1119 66 32 yield
923 1123 25 20 at

103 1152 52 23 last.
191 1151 54 23 The
263 1151 151 23 distinctions
432 1151 29 23 of
470 1159 78 15 meum
566 1151 47 23 and
632 1156 68 18 tuum
713 1160 63 15 were
796 1156 42 20 not
857 1153 90 31 clearly

103 1185 170 32 apprehended
286 1186 23 21 in
324 1185 67 23 those
404 1185 70 22 times
486 1194 5 17 ;
513 1185 40 22 the
566 1185 117 30 principle
703 1185 27 23 of
741 1194 54 15 men
814 1187 23 22 in
856 1195 91 22 power,

103 1219 108 31 spiritual
225 1227 25 15 as
263 1219 52 23 well
329 1226 24 15 as
366 1218 100 27 secular,
478 1226 56 20 was,
622 1219 64 22 what
696 1227 50 23 you
760 1228 53 19 can,
825 1222 46 21 and
886 1221 62 30 keep

103 1254 64 22 what
180 1261 50 22 you
242 1253 61 22 have
423 1251 33 24 So
472 1251 106 23 Bernard
592 1252 88 23 filched
694 1261 14 14 a
721 1253 67 30 large
806 1254 59 23 slice
884 1254 63 24 from

103 1287 41 22 the
158 1287 94 22 diocese
269 1286 27 22 of
306 1284 118 27 Llandaff,
439 1285 78 23 which
532 1286 35 21 his
580 1293 136 16 successors
729 1287 59 23 hold
800 1290 26 20 to
838 1288 42 23 the
893 1296 55 23 pre-

103 1325 54 18 sent
175 1320 55 31 day.
270 1319 108 23 Bernard
396 1319 55 22 died
473 1319 72 22 1147.
583 1319 22 23 It
622 1320 81 22 would
721 1328 90 23 appear
832 1322 54 22 that
907 1322 41 22 the

103 1354 84 23 Welsh
201 1354 81 30 clergy
297 1353 47 22 had
357 1356 42 19 not
415 1352 144 31 acquiesced
577 1353 23 22 in
615 1353 40 23 the
675 1355 217 22 unconstitutional
911 1355 37 23 in-

103 1387 134 23 terference
250 1386 26 23 of
285 1386 66 31 King
362 1385 86 31 Henry
459 1385 30 28 I.,
500 1386 45 22 but
558 1386 47 23 had
616 1387 89 23 chosen
716 1395 14 15 a
740 1388 102 31 rightful
854 1389 93 31 bishop,

103 1428 33 20 as,
147 1421 83 23 within
241 1421 41 22 the
296 1420 137 30 episcopate
445 1418 28 24 of
482 1419 117 27 Bernard,
613 1427 87 17 occurs
710 1429 30 15 an
754 1426 72 26 entry
837 1423 23 21 in
872 1422 75 24 Cara-

104 1455 66 22 doc's
180 1454 109 30 History,
301 1453 128 23 translated
443 1453 32 29 by
485 1452 97 24 Doctor
592 1453 91 24 Powell
694 1457 19 26 :%
715 1470 34 3 —
776 1455 117 23 Towards
905 1456 42 23 the

144 1499 13 13 *
172 1499 68 19 Rees's
251 1499 65 20 South
326 1498 75 24 Wales,
412 1504 21 20 p.
444 1498 47 18 848.
568 1499 15 22 f
596 1499 122 21 Williams's
730 1499 84 25 Cymry,
826 1507 20 17 p.
861 1500 44 21 163.

472 1525 12 23 %
500 1524 21 20 P.
534 1525 45 19 155.
