1023 1619
75 102 46 22 134

320 110 138 16 MONASTIC
474 110 195 16 INSTITUTIONS.

74 167 201 27 embellishment,
288 171 25 20 at
325 169 40 22 the
379 169 102 23 crimson
495 176 71 16 moss.
596 169 41 23 All
651 176 32 22 up
697 170 25 20 to
734 167 54 22 that
801 165 116 23 inclusive

73 201 12 23 I
99 201 55 23 take
167 204 25 20 to
204 202 30 22 be
248 201 90 28 Welsh,
352 203 31 22 all
396 203 95 31 beyond
507 203 90 22 Saxon.
636 202 38 23 To
688 201 73 30 apply
774 208 39 23 my
828 199 52 23 rule
894 202 23 20 to

74 236 66 22 these
153 235 119 28 miracles,
286 236 67 23 there
370 243 44 16 can
428 236 30 23 be
475 244 31 15 no
524 236 67 23 harm
606 236 23 22 in
643 235 123 29 believing
779 234 41 22 the
833 232 84 24 Welsh

73 267 96 32 legend,
182 276 32 16 no
226 269 36 22 sin
276 269 24 22 in
314 269 157 32 disbelieving
484 270 41 22 the
540 270 81 22 Saxon
635 268 91 31 sequel.
767 267 53 23 The
834 270 83 20 waters

73 303 28 22 of
112 302 35 23 St.
161 302 167 23 Wenefrede's
342 303 53 22 well
408 311 39 15 are
464 303 166 30 indisputably
644 301 189 33 endowejLwith
845 308 72 23 every

72 336 65 31 good
158 336 93 31 quality
270 336 127 23 attendant
417 344 31 15 on
473 336 56 23 cold
552 336 78 22 baths.
675 336 49 22 She
820 335 97 30 equally

72 370 136 30 propitious
225 374 24 18 to
265 369 151 23 Protestants
433 370 47 22 and
495 369 96 23 Roman
607 369 131 28 Catholics,
752 369 38 22 for
806 372 111 27 amongst

72 403 41 23 the
132 403 114 31 offerings
264 411 40 15 are
323 406 25 20 to
366 403 31 23 be
416 402 75 24 found
511 402 105 32 grateful
635 403 149 22 testimonies
802 402 61 23 from
877 403 40 22 the

72 437 104 31 patients
195 436 28 23 of
237 437 60 23 each
485 436 12 23 I
516 444 39 15 am
574 436 82 31 happy
677 440 24 19 to
723 436 59 24 hear
802 436 53 23 that
876 436 41 23 the

71 471 63 22 saint
153 471 18 22 is
190 470 28 23 of
228 479 40 23 myr
281 479 52 23 way
347 470 27 23 of
382 470 120 32 thinking.
539 470 12 23 I
565 470 46 23 will
624 478 47 24 pay
685 470 103 32 especial
801 470 116 23 devotion

71 507 25 20 to
107 504 42 23 her
162 504 37 23 for
209 505 40 22 the
259 504 91 29 future,
363 505 47 22 and
424 513 49 22 say,
487 513 26 14 as
523 504 10 23 I
545 504 31 23 do
590 512 62 20 now,
668 503 94 25 Sancta
779 504 138 32 Wenefrede

71 546 44 15 ora
124 546 48 23 pro
183 537 75 24 nobis.
295 538 53 24 The
368 538 91 24 Gothic
472 538 89 23 arched
577 546 94 23 canopy
685 538 28 24 of
723 539 47 22 this
787 538 128 23 far-famed

71 572 53 23 well
135 573 75 26 dates,
221 573 18 22 it
250 572 19 22 is
278 572 112 30 thought,
401 572 62 23 from
475 573 39 22 the
523 571 109 24 fifteenth
644 575 110 28 century.
773 572 82 23 There
865 572 26 28 is,
902 571 13 24 I

70 606 92 27 learn,*
239 613 46 16 one
298 605 77 24 ofthe
390 609 110 20 sweetest
513 606 90 30 valleys
616 607 24 22 in
656 606 187 30 Denbighshire,
857 613 59 16 near

70 642 25 20 to
118 640 79 22 where
215 640 41 22 the
276 639 76 31 Elwy,
371 639 60 23 after
449 640 125 30 emerging
592 639 62 23 from
674 640 40 22 the
734 640 84 22 bosom
837 640 28 22 of
873 640 41 22 the

70 673 62 27 hills,
160 673 82 22 makes
269 673 29 22 its
321 680 53 23 way
394 673 50 22 into
463 673 40 22 the
523 673 52 22 vale
595 673 29 22 of
758 681 15 15 a
801 673 111 31 Ffynnon

71 706 68 28 Vair,
153 706 101 23 another
266 706 56 31 holy
336 706 59 23 well.
433 706 53 23 The
504 706 86 23 ruined
607 706 84 31 chapel
704 706 79 24 which
797 715 85 15 covers
895 707 19 23 it

70 740 20 22 is
109 740 127 23 dedicated
248 743 25 19 to
286 740 40 22 the
342 739 97 23 Blessed
452 739 70 32 Lady
533 750 5 17 ;
557 740 46 22 and
618 740 22 22 in
654 740 41 23 the
713 741 99 31 opinion
830 740 28 23 of
872 741 40 22 the

69 774 88 22 author
170 773 27 23 of
206 774 48 22 this
266 773 122 31 elegantly
401 773 94 23 written
514 773 47 23 and
580 773 89 32 feeling
682 775 174 27 contribution,
870 774 42 23 has

70 807 61 23 been
153 807 62 23 built
236 810 24 20 at
281 807 113 22 different
417 807 77 28 times,
519 807 41 23 the
584 807 95 24 earliest
702 808 62 23 later
787 808 58 23 than
871 808 40 23 the

70 840 93 24 twelfth
176 843 109 27 century.

121 874 72 24 From
211 874 67 23 these
299 873 81 32 lonely
396 874 48 23 and
464 875 154 30 sequestered
640 877 73 28 spots,
733 875 12 23 I
763 883 54 22 pass
837 883 30 15 on
887 878 24 21 to

70 909 80 22 others
164 909 23 22 in
196 908 79 23 which
287 908 38 23 the
338 916 65 15 same
416 908 70 30 spirit
498 906 27 25 of
534 909 69 29 pious
616 908 156 24 recollection
785 909 126 30 energised

69 942 24 22 in
104 950 13 15 a
127 942 74 23 wider
209 942 93 30 sphere.
338 941 24 23 It
371 942 19 22 is
401 942 138 30 impossible
552 945 25 20 to
590 943 57 22 read
657 943 41 23 the
712 946 116 20 accounts
836 942 28 23 of
872 943 39 23 the

69 976 65 30 early
149 976 116 23 monastic
278 975 148 23 institutions
439 976 24 22 in
477 975 89 28 Wales,
580 977 103 22 without
695 977 74 30 being
782 977 83 22 struck
878 977 33 30 by

68 1010 42 22 the
121 1010 122 29 grandeur
251 1008 28 24 of
287 1009 72 27 ideas,
370 1009 41 23 the
422 1009 86 23 talents
517 1009 37 23 for
564 1010 172 31 organisation,
745 1010 41 22 the
797 1010 113 22 adminis-

67 1043 87 22 trative
165 1043 136 30 capacities,
310 1043 47 22 and
369 1043 143 22 marvellous
521 1043 141 30 knowledge
677 1043 28 22 of
715 1043 89 22 human
815 1048 93 23 nature,

69 1076 124 30 displayed
215 1076 32 30 by
269 1076 40 22 the
331 1075 119 23 founders.
488 1075 70 23 Read
580 1076 35 23 St.
636 1076 101 23 David's
758 1076 52 23 rule
829 1081 24 18 at
873 1077 36 22 his

67 1109 83 27 house,
162 1109 126 27 Rosevale,
300 1103 126 33 MeWda;
441 1109 34 23 St.
485 1109 163 30 Kentigern's,
659 1114 25 18 at
693 1110 37 22 his
740 1113 24 19 at
774 1109 133 33 Llanelwy.

69 1142 148 32 Everybody
230 1142 18 23 is
261 1142 127 30 employed
405 1145 25 20 at
447 1142 52 23 that
511 1142 132 31 particular
656 1143 66 23 work
734 1143 39 24 for
786 1144 79 23 which
878 1145 32 23 he

67 1176 20 22 is
99 1176 53 22 best
165 1176 67 22 fitted
241 1185 6 17 ;
261 1176 68 22 there
342 1176 19 22 is
374 1183 30 15 no
418 1176 110 28 idleness,
539 1184 31 14 no
580 1176 116 28 disorder,
706 1186 31 15 no
748 1178 158 23 irreverence.

66 1209 55 28 We,
134 1209 53 23 who
206 1210 61 22 have
285 1209 60 22 been
364 1212 24 19 at
406 1217 41 15 sea
464 1209 31 23 all
513 1217 45 15 our
575 1209 67 28 lives,
660 1211 47 22 and
726 1219 40 15 are
780 1220 31 15 no
823 1220 86 15 nearer

66 1247 56 27 port
135 1251 53 15 now
198 1243 75 23 about
285 1245 68 28 great
363 1242 73 23 social
444 1243 132 31 questions,
585 1243 79 32 might
676 1244 75 30 learn,
766 1245 21 23 if
796 1253 36 15 we
845 1253 63 16 were

67 1281 43 18 not
128 1280 41 19 too
187 1276 86 32 proud,
291 1284 65 14 some
370 1276 55 22 wise
442 1276 91 23 lessons
551 1276 61 24 from
631 1278 67 23 these
716 1286 61 23 poor
795 1279 113 30 despised

66 1310 93 23 monks.
196 1310 80 23 There
288 1318 40 14 are
341 1309 112 23 manifold
466 1310 86 23 abuses
568 1311 132 24 incidental
717 1315 25 20 to
760 1313 148 23 institutions

66 1343 28 24 of
110 1345 46 22 this
175 1344 68 28 kind,
264 1343 46 23 and
331 1351 62 15 none
412 1344 77 31 ought
510 1347 24 20 to
555 1344 30 23 be
605 1345 102 24 allowed
723 1350 89 27 except
830 1347 78 23 under

66 1378 68 23 strict
143 1377 122 31 episcopal
274 1377 147 30 supervision
430 1377 46 23 and
489 1378 91 23 control
588 1388 5 17 ;
603 1379 48 23 still
662 1379 11 23 I
683 1387 48 20 see,
740 1388 27 15 or
776 1380 69 22 think
856 1380 52 23 that

65 1410 12 24 I
96 1419 47 19 see,
166 1412 25 22 in
209 1411 40 23 the
267 1410 117 24 monastic
402 1411 125 30 principle,
546 1419 15 16 a
579 1412 150 24 breakwater
751 1414 94 31 against
867 1414 40 23 the

66 1445 178 31 revolutionary
257 1444 74 31 spirit.
368 1443 24 24 It
408 1444 86 30 speaks
511 1448 43 20 not
571 1448 25 20 to
613 1446 41 23 the
668 1454 40 16 ear
721 1447 64 31 only,
800 1448 44 23 but
856 1448 50 23 also

309 1518 12 14 *
336 1518 61 20 Arch.
410 1518 71 20 Camb.
492 1519 40 20 vol.
543 1520 21 19 ii.
574 1527 21 17 p.
606 1520 45 20 261.
