1023 1619
77 83 15 21 6

415 93 125 16 BARDISM.

77 157 45 16 our
134 151 124 22 attention.
297 151 52 23 The
362 160 97 15 sources
472 151 28 23 of
508 150 153 24 information
673 157 31 16 on
718 149 48 24 this
777 149 144 30 interesting

76 183 94 29 subject
192 192 39 15 are
249 184 41 24 the
308 185 105 24 classical
432 186 99 26 writers,
554 185 89 27 Cæsar,
665 184 133 26 Diodorus,
822 182 99 27 Strabo,

77 217 74 27 Mela,
167 217 69 33 Pliny
249 219 40 23 the
302 218 123 32 Younger,
445 220 46 23 and
512 219 153 23 Ammianus.
702 217 81 23 These
802 216 73 31 speak
895 223 27 16 a9

75 251 137 31 intelligent
224 252 130 28 observers,
369 262 27 14 or
406 254 102 30 diligent
524 252 143 30 compilers:
687 259 14 14 a
711 250 94 32 greatly
821 250 101 23 inferior

77 285 69 27 class,
164 289 48 28 yet,
231 286 12 23 I
264 287 77 23 would
362 287 48 23 fain
430 288 71 29 hope,
512 289 43 21 not
568 286 102 23 without
683 285 63 23 their
759 293 51 15 use.
846 284 74 23 Inde-

76 319 106 31 pendent
195 319 26 24 of
230 321 62 23 their
304 322 137 28 testimony,
453 328 36 16 we
502 321 61 22 have
577 320 40 23 the
628 319 81 23 native
722 327 41 14 ore
777 319 22 22 in
813 318 41 23 the
868 318 53 23 rich

76 353 77 23 mines
165 353 28 24 of
199 354 81 23 Welsh
295 355 164 30 archaiology.
496 354 54 23 The
567 356 141 20 statements
721 352 77 23 ofthe
811 352 110 23 classical

76 387 141 24 authorities
236 389 79 27 lelate,
335 389 102 22 without
457 389 137 28 exception,
616 390 25 20 to
662 386 95 23 French
778 385 127 23 Druidism
916 395 6 16 ;

77 421 45 23 but
135 421 90 28 Cæsar,
238 422 41 23 the
295 422 53 23 best
361 422 81 30 guide,
457 422 86 25 writes,
582 421 53 22 The
649 419 130 24 Druidical
798 423 90 27 system
903 420 19 22 is

76 455 105 30 thought
193 460 25 18 to
231 455 60 24 have
305 456 47 22 had
365 456 30 22 its
408 455 78 31 origin
501 455 24 22 in
537 455 103 26 Britain,
655 453 60 23 from
729 454 101 22 whence
843 454 19 22 it
873 460 48 16 was

76 488 143 24 introduced
233 490 50 22 into
294 489 63 24 Gaul
368 499 6 17 ;
393 489 48 23 and
454 489 18 22 it
484 489 20 22 is
516 488 47 23 still
578 492 139 26 customary
732 487 39 23 for
783 488 69 22 those
866 488 55 22 who

77 523 57 22 wish
149 527 24 18 to
186 524 72 30 study
270 524 19 22 it
302 532 66 14 more
381 522 148 32 thoroughly
543 526 24 19 to
581 530 55 23 pass
646 530 59 14 over
715 522 51 22 into
780 521 93 22 Britain
885 521 37 22 for

78 556 51 23 that
322 557 69 23 With
404 557 47 22 this
464 564 84 23 agrees
561 556 41 23 the
615 554 166 25 Institutional
796 554 91 24 Triad:
889 569 34 2 —

98 589 54 24 The
160 591 67 22 three
236 598 96 16 reasons
341 591 55 30 why
405 591 41 22 the
456 590 76 23 Bards
540 598 40 15 are
587 590 99 23 entitled
695 589 83 27 Bards,
788 589 134 31 according

76 627 27 19 to
115 624 40 23 the
165 625 77 30 rights
255 625 47 23 and
316 625 121 23 institutes
450 624 75 23 ofthe
539 624 77 23 Bards
626 623 75 24 ofthe
712 623 47 23 Isle
772 622 28 24 of
811 622 93 23 Britain
915 631 6 14 :

77 656 71 31 First,
161 659 103 22 because
283 658 112 23 Bardism
414 658 136 31 originated
568 658 24 23 in
612 658 93 23 Britain
717 667 5 16 ;
741 656 124 31 secondly,
880 657 41 23 be-

78 698 71 16 cause
162 699 59 23 pure
235 691 111 23 Bardism
358 700 48 14 was
424 699 74 15 never
518 692 51 22 well
586 692 149 22 understood
753 692 24 21 in
791 698 48 23 any
853 691 70 23 other

77 728 104 28 country
191 735 5 17 ;
214 725 98 31 thirdly,
326 726 103 22 because
442 733 60 24 pure
518 725 113 23 Bardism
650 733 44 15 can
715 732 75 15 never
802 725 30 22 be
846 725 76 22 main-

77 759 82 22 tained
173 759 43 22 but
235 759 32 30 by
280 767 83 15 means
380 759 27 23 of
415 759 41 23 the
469 759 126 23 Institutes
609 759 47 22 and
670 758 169 23 conventional
854 759 69 22 voice

78 792 28 23 of
117 792 40 23 the
171 792 76 23 Bards
261 792 77 23 ofthe
357 792 47 24 Isle
421 792 28 24 of
633 792 54 24 Our
699 792 106 23 scholars
819 792 48 23 and
880 800 42 15 an-

78 826 115 31 tiquaries
206 826 61 23 have
280 827 77 23 hence
369 827 119 26 assumed,
501 827 53 23 that
567 827 23 22 in
604 826 63 23 their
684 826 68 24 chief
762 826 105 23 features
882 827 40 22 the

79 859 112 24 Bardism
209 860 27 23 of
251 860 93 24 Francs
357 860 47 23 and
417 861 52 22 that
481 860 27 23 of
524 860 113 31 England
656 869 62 14 were
737 860 125 27 identical,
876 861 46 22 and

78 894 65 23 what
156 895 19 21 is
187 894 53 23 said
253 893 74 24 ofthe
341 902 45 15 one
405 902 55 22 may
473 894 31 23 be
518 894 71 23 taken
603 902 25 15 as
641 902 15 15 a
668 897 95 21 correct
776 897 105 20 account
899 893 27 24 of

79 928 41 23 the
138 928 78 23 other.
253 928 83 24 Cæsar
353 931 89 20 states:
446 942 32 4 —
577 928 94 23 Druids
689 932 39 20 act
745 929 24 22 in
788 928 32 23 all
838 929 85 22 sacred

78 965 107 24 matters,
198 963 82 22 attend
300 965 25 20 to
344 962 41 23 the
398 962 120 23 sacrifices
532 962 79 23 which
628 969 41 16 are
686 962 100 28 offered,
800 962 77 23 either
890 963 33 30 by

79 996 41 22 the
132 999 62 19 state
208 996 22 22 in
245 996 97 30 general
362 1004 28 14 or
405 996 32 30 by
449 996 93 30 private
556 996 154 27 individuals,
724 996 48 22 and
785 1003 94 15 answer
891 996 32 22 all

77 1029 124 31 questions
214 1030 149 30 concerning
374 1029 62 23 their
446 1029 110 31 religion.
595 1029 69 30 They
675 1029 90 30 always
776 1029 60 23 have
846 1029 77 23 about

78 1062 65 24 them
153 1070 14 15 a
179 1062 67 30 large
260 1063 103 22 number
375 1062 28 23 of
413 1070 82 24 young
509 1070 53 14 men
574 1070 25 15 as
611 1062 88 31 pupils,
714 1063 53 22 who
781 1066 62 20 treat
855 1063 67 23 them

76 1096 59 23 with
148 1096 41 23 the
206 1100 106 27 greatest
324 1100 102 26 respect.
463 1095 49 23 For
530 1096 18 22 it
567 1096 18 22 is
604 1096 57 31 they
675 1096 54 23 who
747 1096 85 23 decide
850 1097 24 22 in
890 1097 32 23 all

78 1130 184 27 controversies,
275 1130 109 23 whether
401 1129 83 31 public
502 1137 28 15 or
548 1130 100 30 private,
661 1130 48 23 and
728 1130 57 32 they
795 1130 77 32 judge
891 1131 31 23 all

78 1172 92 20 causes,
184 1164 107 23 whether
304 1163 27 23 of
341 1163 105 29 murder,
466 1163 27 23 of
507 1171 13 15 a
537 1164 124 22 contested
681 1164 158 28 inheritance,
854 1173 28 14 or
897 1165 29 23 of

77 1198 41 23 the
140 1198 146 23 boundaries
304 1197 29 23 of
351 1200 95 20 estates.
483 1196 69 32 They
572 1197 79 31 assign
672 1197 59 23 both
750 1199 105 22 rewards
874 1200 48 22 and

76 1233 167 29 punishments
253 1241 5 17 ;
277 1231 47 23 and
338 1232 112 22 whoever
459 1231 57 23 does
529 1234 43 20 not
588 1231 72 22 abide
677 1232 30 30 by
722 1231 63 23 their
798 1236 123 23 sentence,

77 1266 108 23 whether
197 1266 30 23 he
239 1266 28 23 be
280 1266 23 22 in
318 1272 12 16 a
343 1265 82 30 public
435 1272 26 16 or
473 1265 93 29 private
577 1265 96 26 station,
684 1266 20 22 is
714 1265 129 24 forbidden
857 1270 25 19 to
892 1266 30 23 be

76 1302 98 27 present
190 1303 25 19 at
233 1300 41 22 the
291 1299 120 23 sacrifices
424 1303 25 19 to
462 1299 40 22 the
519 1299 69 30 gods.
625 1298 60 24 This
704 1299 25 28 is,
744 1300 23 22 in
788 1300 57 27 fact,
860 1300 63 23 their

77 1336 63 19 most
152 1341 82 15 severe
253 1333 71 22 mode
341 1332 28 23 of
377 1333 156 30 punishment
543 1342 5 17 ;
567 1332 47 23 and
628 1333 68 22 those
711 1333 54 23 who
785 1333 61 24 have
860 1334 61 23 been

76 1366 56 23 thus
149 1366 228 23 excommunicated
396 1374 39 15 are
455 1366 54 23 held
529 1374 25 14 as
573 1366 105 30 impious
696 1366 48 23 and
756 1367 100 31 profane
866 1377 5 17 ;
889 1368 33 22 all

76 1400 72 22 avoid
167 1400 64 23 them
241 1410 6 17 ;
260 1408 31 15 no
304 1408 46 15 one
363 1400 46 22 will
429 1400 77 23 either
518 1403 64 19 meet
597 1400 66 23 them
678 1408 27 15 or
721 1401 73 30 speak
810 1406 25 18 to
847 1402 74 26 them,

76 1432 45 23 lest
145 1433 58 30 they
225 1434 86 22 should
335 1434 95 23 receive
458 1434 131 23 detriment
611 1433 61 24 from
698 1435 63 22 their
782 1436 139 29 contagion.

147 1508 8 9 »
172 1504 75 24 Cæsar,
259 1504 118 21 Comment,
389 1506 25 19 vi.
429 1506 32 20 13.
547 1507 14 22 t
572 1506 70 20 Camb.
654 1506 51 20 Brit.
718 1506 74 20 March
805 1508 58 19 1821.
