1023 1619
69 114 35 22 60

341 122 52 17 THE
407 123 79 16 KINGS
502 124 32 15 OF
547 123 96 16 WALES.

70 180 139 24 excellence
227 180 29 24 of
272 180 37 24 his
325 181 138 32 judgment.
527 182 41 23 He
589 182 85 31 posted
836 180 81 24 writes

71 213 108 29 Tacitus,
219 222 31 15 on
263 222 14 15 a
289 219 54 27 spot
356 219 25 19 to
394 216 80 23 which
492 216 42 23 the
550 215 149 32 approaches
712 222 62 16 were
787 222 25 15 as
826 214 90 23 advan-

70 250 102 29 tageous
190 251 25 20 to
235 248 36 23 his
290 256 52 16 own
361 252 83 29 troops
462 258 26 14 as
506 250 59 30 they
584 257 62 15 were
668 248 144 31 perplexing
833 252 26 19 to
880 255 36 15 us.

69 281 42 23 He
124 281 57 23 then
196 282 75 23 threw
284 291 40 22 up,
337 291 31 14 on
382 284 41 22 the
436 291 66 16 more
511 282 132 24 accessible
652 286 66 27 parts
728 281 29 24 of
767 281 40 23 the
820 281 97 31 highest

69 315 63 27 hills,
146 323 14 15 a
178 319 107 28 rampart
303 315 27 24 of
343 320 88 24 stones,
445 316 79 24 below
535 316 49 23 and
596 317 24 21 in
633 315 64 23 front
711 315 28 23 of
749 315 79 23 which
842 323 47 15 was
902 323 15 15 a

68 348 65 24 river
146 349 103 23 difficult
263 353 24 19 to
301 349 62 24 ford.
399 350 93 23 Picked
503 358 53 15 men
567 350 98 22 showed
674 348 145 24 themselves
832 348 85 24 before

68 382 43 24 the
325 383 53 23 The
392 386 71 20 exact
474 384 45 22 site
532 383 48 23 still
594 383 119 23 exercises
723 382 42 23 the
775 382 109 32 sagacity
894 381 27 24 of

69 417 157 30 antiquaries.
263 417 40 24 Sir
316 416 32 24 R.
363 417 29 23 C.
405 416 84 24 Hoare
502 417 123 23 discovers
638 417 19 22 it
672 417 23 21 in
710 415 114 24 Brandon
839 415 78 32 Camp

67 451 50 22 and
134 450 77 24 Coxal
227 450 76 24 Knoll
324 451 24 22 in
369 449 145 31 Shropshire
524 459 5 18 ;
551 450 50 23 Mr.
619 449 163 28 Hartshorne,
802 449 24 23 in
843 449 73 24 Cefn-

69 484 115 24 Carnedd
202 484 24 23 in
246 484 240 31 Montgomeryshire
496 493 6 19 ;
524 491 14 16 a
551 484 99 23 learned
662 483 154 24 contributor
832 486 25 20 to
876 484 40 23 the

476 520 15 25 t
509 518 61 23 fixes
587 525 31 16 on
637 518 103 23 another
758 520 55 27 spot
832 517 24 23 in
875 518 41 23 the

67 559 66 16 same
146 555 100 27 county,
260 552 41 23 the
315 552 121 23 Breidden
451 552 62 28 Hill,
524 559 31 15 on
568 552 42 22 the
626 552 77 22 banks
717 550 28 24 of
760 546 41 28 the
816 550 100 29 Severn,

68 585 108 24 between
201 585 159 32 Shrewsbury
382 585 48 24 and
452 585 151 31 Welshpool.
642 585 148 24 Caractacus
812 585 41 22 did
873 588 43 20 not

67 623 101 20 content
181 618 99 25 himself
293 620 59 22 with
368 619 40 23 the
421 619 134 23 admirable
573 619 141 31 disposition
729 618 29 24 of
767 618 37 23 his
817 622 83 27 troops
909 628 6 18 ;

67 657 26 19 to
106 653 90 31 inspire
209 654 66 22 them
288 653 57 23 with
358 661 15 15 a
386 661 105 23 courage
510 653 72 31 equal
597 656 25 20 to
635 653 41 23 the
693 652 120 27 occasion,
828 652 30 23 he
871 660 43 16 ran

67 687 63 23 from
143 687 60 23 rank
218 690 25 20 to
255 687 68 27 rank,
337 687 102 31 bidding
452 687 66 23 them
535 687 136 23 remember
683 687 53 23 that
748 694 31 16 on
793 687 40 22 the
846 686 69 32 day's

67 724 72 20 event
158 721 67 30 hung
243 721 90 30 liberty
353 729 27 15 or
397 721 96 30 slavery
503 730 6 18 ;
535 721 51 23 that
605 721 41 23 the
661 720 108 24 Romans
788 728 62 15 were
870 723 43 21 not

67 754 140 28 invincible,
230 755 40 22 the
291 757 68 28 great
383 754 84 24 Cæsar
488 755 47 23 had
557 755 62 23 been
645 754 83 23 driven
755 754 72 23 back.
872 753 42 24 He

67 788 77 30 spoke
165 788 29 23 of
211 789 142 29 oppression
373 789 46 22 and
445 789 140 27 dishonour,
605 789 41 22 the
666 788 63 31 yoke
754 787 28 24 of
799 791 113 28 tyranny,

67 816 42 29 the
121 822 102 23 violated
233 822 102 30 chastity
346 821 27 24 of
382 822 63 23 their
452 823 73 22 wives
533 822 47 23 and
590 822 138 30 daughters.
760 821 53 24 The
827 821 85 31 appeal

66 858 66 20 went
143 856 80 27 home,
237 856 41 22 the
291 850 78 28 whole
386 863 67 23 army
469 856 55 22 with
541 863 45 15 one
604 856 69 22 voice
689 855 127 31 solemnly,
829 856 25 22 in
871 856 41 22 the

67 888 54 24 face
135 889 27 22 of
173 889 40 23 the
226 897 45 14 sun
285 889 47 23 and
347 889 39 23 the
399 897 45 22 eye
458 889 27 22 of
492 889 70 31 light,
571 896 76 16 swore
685 896 74 15 never
772 893 24 18 to
809 889 64 31 yield
887 892 24 20 to

67 930 113 23 weapons
188 931 28 15 or
225 926 24 20 to
405 922 76 23 Their
489 922 131 24 resolution
631 922 125 23 unnerved
765 922 41 24 the
815 922 96 23 Roman

66 956 109 32 general.
212 956 53 23 The
278 957 64 22 river
354 956 79 23 which
443 964 42 15 ran
497 955 84 25 before
595 957 73 26 them,
679 957 42 22 the
734 960 117 27 ramparts
864 957 49 23 and

67 990 42 23 the
121 994 80 27 steeps
215 990 78 23 which
307 998 52 15 rose
376 991 24 22 in
419 990 64 23 their
500 998 60 23 way,
574 990 108 31 opposed
695 993 25 20 to
734 990 39 23 the
787 990 125 24 assailants

66 1031 16 16 a
94 1019 144 28 formidable
252 1024 99 23 barrier.
390 1023 47 23 For
454 1032 60 15 once
532 1024 41 23 the
590 1023 100 24 soldiers
706 1024 125 23 exhibited
844 1032 67 15 more

66 1065 116 23 presence
201 1057 28 24 of
243 1058 67 22 mind
324 1057 57 23 than
395 1057 63 23 tlieir
469 1057 156 23 commander
635 1066 5 18 ;
662 1058 57 30 they
736 1057 136 23 demanded
886 1060 25 21 to

66 1092 32 22 be
116 1091 39 23 led
175 1093 23 21 to
218 1091 41 23 the
276 1091 92 23 attack.
412 1090 105 24 Fortune
534 1093 24 21 at
576 1091 41 23 the
635 1090 53 24 first
706 1094 69 20 onset
794 1090 117 24 favoured

66 1125 43 23 the
127 1124 107 24 national
255 1132 81 19 cause,
358 1124 40 24 the
422 1124 93 30 legions
540 1132 61 16 were
623 1124 111 31 repulsed
761 1125 56 23 with
842 1128 70 27 great

66 1158 132 31 slaughter,
212 1159 44 22 but
268 1165 25 16 as
307 1165 51 16 new
371 1162 82 26 troops
469 1158 89 23 rushed
578 1166 31 22 up
623 1161 25 20 to
661 1159 95 30 replace
769 1166 28 16 or
810 1162 103 27 support

66 1192 64 23 their
141 1192 60 23 slain
215 1199 28 16 or
260 1192 121 23 wounded
398 1192 132 27 comrades,
546 1192 39 23 the
602 1193 146 30 superiority
762 1192 28 23 of
806 1193 105 31 military

65 1226 95 23 science
174 1233 57 16 over
244 1233 65 15 mere
322 1226 95 22 natural
430 1233 104 23 courage
547 1226 100 22 became
660 1229 41 20 too
714 1226 106 23 evident.
858 1226 53 23 The

66 1259 165 24 bare-headed
251 1259 47 23 and
319 1259 199 31 lightly-clothed
544 1259 96 23 Britons
665 1267 63 15 were
752 1259 115 32 unequal,
887 1261 24 22 in

66 1293 66 24 close
156 1293 105 28 combat,
284 1297 25 19 to
328 1293 40 23 the
386 1292 121 24 helmeted
531 1293 48 23 and
603 1293 165 23 armour-clad
795 1293 116 24 Romans.

67 1326 71 32 They
152 1335 61 23 gave
226 1335 61 23 way,
300 1326 47 23 and
361 1325 31 25 all
406 1335 46 14 was
465 1335 65 15 over.
568 1326 78 32 Night
658 1326 76 24 found
747 1327 42 23 the
802 1327 109 31 imperial

67 1359 79 25 forces
166 1362 25 22 in
212 1361 135 30 possession
369 1359 28 25 of
419 1360 40 23 the
481 1360 91 23 British
596 1369 79 22 camp,
696 1362 41 22 the
758 1361 86 30 family*-
864 1362 48 23 and

66 1393 90 24 friends
175 1394 28 23 of
219 1394 146 23 Caractacus
383 1395 227 29 prisoners-at-war.
647 1394 42 23 He
707 1395 100 23 himself
821 1395 47 23 fled
886 1398 25 21 to

67 1427 41 23 the
130 1431 70 21 court
221 1427 28 24 of
266 1428 37 22 his
325 1428 159 30 step-mother
504 1428 195 29 Cartismandua,
720 1436 79 24 queen
825 1428 28 24 of
872 1429 40 23 the

67 1460 137 31 Brigantes,
226 1462 61 27 who,
310 1464 25 21 to
354 1462 130 31 ingratiate
505 1462 91 23 herself
614 1462 58 23 with
690 1463 42 22 the
754 1470 157 24 conquerors,

217 1533 12 13 *
244 1534 65 20 Tacit.
320 1535 76 19 Annal.
407 1535 33 19 xii.

596 1536 14 24 t
624 1535 66 26 April,
703 1536 57 21 1851.
