1023 1619
99 89 47 23 148

346 96 133 16 MONASTIC
494 96 198 16 INSTITUTIONS.

98 163 14 16 a
129 155 57 24 loud
206 155 94 28 chorus,
346 155 89 24 Would
452 156 54 23 that
523 156 41 23 the
581 156 92 23 church
691 155 48 24 and
757 154 31 24 all
808 155 30 23 its
856 153 82 25 offices

98 197 62 15 were
173 189 63 23 sunk
248 193 25 19 at
283 190 41 22 the
332 190 93 23 bottom
439 190 28 23 of
477 190 41 22 the
630 190 68 27 Fact,
712 189 59 23 dear
783 190 98 25 reader;
898 188 40 23 the

98 223 144 31 degenerate
253 223 86 23 monks
347 223 41 23 did
398 231 42 24 say
447 223 70 23 those
525 232 59 22 very
593 223 87 23 words.
708 223 27 23 In
746 223 41 23 the
795 222 143 24 meanwhile

96 265 74 23 many
183 261 63 19 carts
264 257 47 23 and
324 265 114 24 waggons
451 261 64 19 went
527 257 46 23 and
588 265 68 15 came
668 257 62 22 from
744 257 39 22 old
798 256 140 31 Llanthony

96 305 34 4 —
134 294 64 20 went
216 294 82 29 empty
314 291 48 23 and
380 291 115 23 returned
513 290 54 28 full,
583 294 25 19 to
627 291 40 22 the
686 290 152 31 indignation
856 289 29 23 of
897 290 41 22 the

97 324 84 23 monks
200 324 29 23 of
243 325 41 23 the
302 325 207 23 mother-church.
552 325 40 22 An
612 325 156 30 eye-witness
786 323 88 27 writes,
897 323 41 23 the

96 358 209 31 daughter-house
347 358 129 31 permitted
490 358 41 23 the
544 362 138 27 monastery
695 361 25 20 to
739 358 30 22 be
788 356 105 24 reduced
913 360 25 20 to

96 393 59 22 such
174 395 110 28 poverty,
303 392 52 24 that
373 393 41 23 the
433 393 102 22 inmates
555 392 47 23 had
622 400 31 15 no
671 391 124 31 surplices,
814 391 46 23 and
874 398 64 16 were

95 426 135 30 compelled
251 429 24 20 to
293 426 103 30 perform
416 426 41 23 the
476 426 81 23 offices
576 425 28 24 of
617 426 42 22 the
678 425 92 23 church
788 425 95 31 against
896 425 42 23 the

94 463 93 20 custom
208 460 47 23 and
275 460 62 23 rules
356 460 29 23 of
402 460 41 23 the
465 460 79 23 order.
590 459 145 24 Sometimes
757 459 57 31 they
836 459 47 23 had
904 467 33 15 no

94 494 123 26 breeches,
235 494 47 22 and
299 494 73 22 could
388 496 43 20 not
444 494 57 22 with
518 494 107 30 decency
638 493 84 23 attend
739 493 81 23 divine
837 492 99 24 service.

94 526 144 23 Sometimes
259 535 46 15 one
327 526 67 32 day's
412 527 73 22 bread
505 530 65 20 must
588 534 68 15 serve
674 526 38 23 for
730 530 56 24 two,
805 527 72 22 while
896 527 41 22 the

92 560 86 23 monks
194 564 25 19 at
237 560 146 23 Gloucester
401 560 101 32 enjoyed
744 560 80 23 These
844 567 92 16 canons

92 602 62 15 were
173 594 163 31 incorrigible.
374 594 77 31 Being
471 594 74 23 asked
564 594 21 22 if
601 594 58 30 they
678 602 62 15 were
760 598 42 18 not
821 594 115 23 ashamed

92 632 43 18 not
148 635 59 15 even
220 631 25 19 to
261 627 68 23 leave
341 628 86 30 priests
446 628 96 31 enough
562 632 24 18 to
603 628 54 31 sing
671 636 62 14 mass
745 636 26 14 as
785 628 17 22 it
815 628 79 30 ought
910 631 25 19 to

92 661 30 23 be
140 669 68 23 sung,
226 661 58 32 they
297 661 82 23 would
396 669 100 18 answer,
542 661 64 23 Who
623 661 80 23 would
722 670 32 23 go
771 661 47 23 and
836 662 54 30 sing
909 664 26 20 to

91 694 40 23 the
144 694 106 24 wolves?
269 695 30 22 do
313 695 39 22 the
363 694 89 31 whelps
466 694 27 23 of
501 695 88 23 wolves
601 695 94 31 delight
707 696 24 22 in
744 695 58 23 loud

92 727 33 24 So
137 728 42 23 the
192 728 66 23 work
270 727 29 24 of
308 728 127 31 spoliation
448 733 63 18 went
523 737 30 14 on
563 738 5 17 ;
586 729 41 23 the
640 728 91 31 library
742 737 46 15 was
802 729 93 23 robbed
909 728 29 24 of

91 762 29 22 its
137 761 85 28 books,
241 762 40 22 the
300 762 140 23 storehouse
459 761 26 23 of
497 762 30 22 its
542 765 133 20 vestments
694 763 167 22 embroidered
876 762 57 23 with

89 795 57 31 gold
159 795 49 23 and
219 795 79 27 silver,
312 796 41 22 the
366 796 213 23 muniment-room
593 795 27 23 of
628 796 30 22 its
671 796 73 22 deeds
757 796 47 23 and
818 796 114 28 charters,

90 829 41 23 the
144 832 109 27 treasury
266 828 28 24 of
304 828 31 24 all
348 830 29 22 its
391 829 131 23 valuables.
560 829 68 23 Even
641 829 41 23 the
695 830 59 22 bells
764 837 63 15 were
839 830 94 23 carried

89 870 68 22 awaj'
170 865 26 20 to
209 862 153 24 Gloucester.
399 862 60 23 This
472 863 149 23 destruction
639 863 130 23 continued
785 863 36 23 for
833 866 100 28 seventy

89 903 79 23 years,
181 896 93 30 though
288 896 82 24 within
388 904 15 15 a
418 896 45 23 few
475 904 71 22 years
562 896 63 24 after
638 897 40 23 the
691 897 86 23 monks
791 897 47 23 had
851 897 81 30 begun

89 933 25 19 to
133 930 59 29 strip
208 929 40 23 old
265 929 148 32 Llanthony,
428 930 118 27 Clement,
564 931 42 22 the
624 930 65 30 prior
706 934 25 19 at
748 930 153 28 Gloucester,
919 938 14 15 a

88 963 98 23 learned
208 964 101 26 scholar,
330 964 78 22 sound
430 964 88 28 divine,
540 964 47 22 and
611 964 92 27 honest,
726 964 206 30 straightforward

88 1003 64 21 man,
170 997 89 29 having
275 997 92 22 carried
386 997 105 31 through
509 1005 14 14 a
540 997 165 28 reformation,
711 1012 33 3 —
750 1001 43 19 not
811 997 84 23 before
915 998 18 23 it

88 1037 49 15 was
162 1030 92 22 wanted
260 1044 34 3 —
299 1033 25 20 at
349 1030 152 28 Gloucester,
530 1031 62 22 tried
621 1034 25 19 to
675 1031 81 23 revive
780 1030 152 32 Llanthony.

90 1063 166 32 Accordingly
278 1064 30 22 he
326 1064 152 27 announced,
501 1064 50 23 that
572 1063 38 24 for
628 1064 42 23 the
690 1064 82 23 future
794 1065 40 22 the
854 1065 78 24 whole

89 1097 157 31 community,
271 1097 104 23 thirteen
402 1098 84 22 monks
511 1098 45 22 and
584 1097 41 23 the
652 1098 126 31 sub-prior
803 1099 127 30 excepted,

88 1130 87 23 should
188 1130 60 31 keep
263 1131 123 23 residence
399 1139 73 24 every
485 1139 58 24 year
555 1135 24 19 at
591 1132 42 22 the
646 1132 95 23 mother
754 1133 90 30 priory.
872 1132 60 24 Had

88 1164 42 23 the
148 1164 62 22 knell
228 1163 27 24 of
269 1165 73 22 doom
360 1165 109 23 sounded
486 1166 23 21 in
529 1165 63 23 their
608 1173 59 19 ears,
681 1166 19 22 it
713 1166 80 23 would
811 1170 42 19 not
869 1167 63 23 have

89 1205 68 15 come
174 1197 96 32 fraught
282 1199 58 22 with
358 1206 66 16 more
440 1199 123 31 appalling
581 1202 89 20 terrors
688 1202 24 20 to
725 1200 41 22 the
784 1199 148 24 Gloucester

88 1231 93 23 monks.
214 1231 124 24 However
349 1232 58 31 they
417 1233 139 26 submitted,
570 1234 46 22 and
630 1232 38 23 for
680 1233 92 23 several
786 1241 77 23 years,
874 1241 58 24 year

87 1264 63 24 after
161 1273 66 22 year,
242 1266 41 23 the
296 1267 109 29 weeping
418 1273 89 16 canons
520 1266 106 30 plodded
639 1267 64 22 their
717 1275 77 23 weary
808 1275 53 24 way
874 1275 58 15 over

87 1298 42 23 the
147 1302 72 28 steep,
234 1300 78 29 rough
329 1300 70 22 roads
417 1300 27 22 of
455 1299 223 29 Monmouthshire,
691 1305 26 18 to
733 1301 42 22 the
795 1309 32 15 no
847 1302 85 31 longer

88 1332 142 28 delectable,
255 1334 45 22 but
326 1333 140 28 detestable,
491 1334 53 22 vale
571 1334 29 22 of
622 1334 96 30 Ewyas.
766 1334 50 23 But
840 1335 91 24 human

87 1367 138 22 endurance
243 1367 42 22 has
303 1367 30 22 its
351 1367 81 22 limits.
478 1367 54 23 One
551 1367 148 23 memorable
717 1376 58 23 year
794 1368 40 24 the
854 1369 77 23 whole

87 1401 160 30 community,
266 1401 57 22 with
342 1408 46 15 one
406 1401 77 27 voice,
503 1400 111 24 declared
638 1402 54 23 that
712 1402 59 31 they
790 1403 81 23 would
888 1406 44 21 not

87 1440 70 15 move
178 1441 14 15 a
212 1433 58 23 foot.
312 1434 112 23 Clement
444 1443 61 23 gave
527 1435 36 22 his
584 1436 176 31 praiseworthy
782 1436 84 31 design
889 1445 42 23 up,

87 1467 58 22 with
158 1467 67 23 these
237 1468 122 30 emphatic
369 1468 85 27 words,
466 1468 24 23 in
504 1469 86 26 which,
605 1469 57 31 long
672 1469 83 24 before
766 1470 54 26 this,
834 1470 11 23 I
860 1473 70 25 trust,

86 1500 53 23 that
152 1500 29 23 he
198 1501 42 23 has
258 1501 141 24 discovered
417 1501 98 24 himself
525 1506 24 20 to
567 1503 61 23 have
641 1504 63 22 been
721 1511 14 15 a
748 1503 57 24 false
817 1505 113 30 prophet,
