1023 1619
872 97 33 22 47

420 104 126 14 BARDISM.

112 161 106 24 Taliesin
233 162 19 22 is
265 162 121 31 supposed
398 165 25 21 to
437 163 61 23 have
509 163 54 23 died
575 170 50 16 a.d.
637 163 59 23 570.
735 163 36 23 To
782 163 41 23 the
834 171 72 15 vene-

60 195 78 23 ration
150 195 55 31 paid
219 198 25 20 to
259 196 48 22 him
321 196 31 30 by
363 196 36 23 his
410 198 214 29 contemporaries,
636 197 59 23 each
706 197 146 30 succeeding
862 204 45 23 age

59 229 43 22 has
115 229 78 23 added
207 229 30 23 its
250 230 92 23 tribute
355 230 27 23 of
390 230 125 23 heart-felt
529 231 92 29 praise;
640 231 47 22 and
707 230 105 23 Taliesin
832 231 27 27 is,
873 231 33 30 by

59 263 42 22 the
114 270 113 16 common
243 264 76 26 voice,
333 264 149 30 proclaimed
497 264 67 30 King
578 264 27 23 of
614 264 83 23 Bards.

112 297 113 23 Another
237 298 137 22 celebrated
388 302 186 26 contemporary
587 298 27 22 of
625 298 104 22 Taliesin
741 298 46 22 and
801 305 58 15 near
872 298 35 22 his

58 330 86 23 throne
167 338 49 15 was
241 331 154 27 Aneukim,*
420 339 14 15 a
455 331 80 23 native
560 331 27 22 of
608 331 233 27 Northumberland,
867 331 40 22 the

59 364 66 31 early
139 364 149 23 inhabitants
301 364 27 23 of
340 365 78 23 which
437 373 61 15 were
512 365 135 23 descended
667 364 59 22 from
749 365 40 22 the
808 364 98 32 Cymric

60 398 77 22 stock.
178 397 55 24 The
257 398 80 23 father
360 398 27 23 of
409 399 120 22 Aneurim
552 407 47 14 was
619 398 57 24 Caw
699 406 30 23 ap
754 397 110 28 Geraint,
892 406 15 14 a

60 431 117 23 chieftain
195 431 27 23 of
235 432 40 23 the
293 432 121 26 Ottadini,
428 441 14 14 a
454 433 115 22 northern
583 433 61 22 clan.
680 432 105 22 Trained
801 437 24 17 to
844 439 62 14 arms

60 464 33 32 by
111 465 40 23 the
167 466 42 22 sad
228 466 120 30 necessity
365 465 28 23 of
407 466 41 22 the
464 467 77 25 times,
564 466 116 22 Aneurim
697 465 77 23 found
791 473 28 14 or
837 465 69 22 made

59 498 90 24 leisure
168 502 26 20 to
211 499 116 24 cultivate
347 499 36 22 his
399 499 98 31 flowing
514 507 75 15 muse.
628 499 52 22 The
697 499 109 22 invasion
824 497 27 23 of
864 499 42 22 the

61 531 101 28 Saxons,
177 532 111 24 followed
303 533 32 30 by
348 533 41 22 the
403 533 132 23 disastrous
548 533 75 22 battle
636 532 28 23 of
673 532 134 25 Cattraeth,
818 531 88 31 fought

60 574 29 14 on
109 567 41 22 the
168 567 132 26 sea-shore,
315 567 22 22 in
353 567 78 22 which
446 567 40 22 the
500 566 97 23 Britons
612 566 76 22 under
702 565 75 24 Urien
798 565 104 30 Rheged

60 607 62 15 were
136 599 112 24 defeated
261 600 56 23 with
331 603 69 27 great
413 600 130 30 slaughter,
553 599 133 30 compelled
702 599 65 25 Caw,
778 599 40 22 the
827 598 79 23 father

60 632 28 23 of
97 634 129 26 Aneurim,
240 634 57 22 with
311 634 41 22 the
371 633 68 23 small
461 637 110 19 remnant
591 632 27 23 of
634 633 35 22 his
686 632 92 30 family,
799 635 62 20 most
879 631 29 24 of

58 667 79 23 whom
152 667 45 23 had
217 667 56 23 died
290 671 25 19 at
333 667 134 27 Cattraeth,
482 670 25 20 to
525 667 33 30 fly
577 667 35 22 his
633 667 80 22 native
732 669 110 27 country,
856 666 49 23 and

58 701 56 22 seek
136 701 91 22 shelter
247 701 23 22 in
291 701 70 22 exile.
399 701 53 22 The
474 700 100 32 Cymry,
594 701 36 21 his
653 700 117 23 ancestral
791 699 111 28 kindred,

58 734 120 23 extended
203 734 63 23 their
287 734 134 30 hospitable
441 742 71 19 arms,
533 734 47 22 and
601 741 61 23 gave
680 734 49 22 him
751 741 14 15 a
786 733 119 23 brother's

58 767 124 24 welcome.
219 768 41 23 He
273 768 48 22 and
336 768 35 21 his
384 768 125 30 surviving
522 776 55 14 sons
591 767 86 22 settled
691 767 23 22 in
734 767 132 30 Anglesey,
879 767 24 22 in

57 801 81 24 which
153 801 132 32 Maelgwn,
299 802 83 31 prince
400 801 28 23 of
448 801 79 23 North
542 801 88 27 Wales,
644 800 47 23 and
705 800 82 22 titular
805 800 57 30 king
882 800 26 22 of

59 835 103 28 Britain,
184 844 62 22 gave
271 836 66 22 them
363 843 13 15 a
401 835 166 22 considerable
591 838 84 19 estate.
712 833 120 23 Aneurim
857 841 48 15 was

58 873 99 26 present
169 873 25 18 at
206 870 40 22 the
260 869 74 23 battle
348 868 28 23 of
393 868 133 27 Cattraeth,
541 868 47 23 had
606 868 41 22 the
668 866 141 23 misfortune
826 871 25 19 to
870 867 31 23 be

59 903 71 23 taken
145 904 115 29 prisoner,
276 903 45 22 and
337 902 78 23 would
430 903 60 22 have
503 903 61 22 been
583 905 43 27 put
645 905 25 18 to
692 901 80 26 death,
793 901 47 22 had
862 905 44 19 not

58 936 36 22 his
113 937 126 23 character
259 936 28 23 of
307 936 64 23 Bard
393 936 121 23 delivered
537 936 58 22 him.
658 934 10 23 I
691 942 47 15 was
868 934 30 23 he

57 978 63 23 says,
133 971 22 22 in
167 971 36 22 his
214 970 94 23 famous
316 977 71 24 poem
398 969 40 23 the
453 969 124 25 Gododin,
690 968 40 22 the
740 968 120 31 shedding
875 967 28 23 of

58 1004 73 22 blood
142 1012 24 14 as
176 1004 40 22 the
226 1011 157 23 recompense
393 1002 27 24 of
431 1011 40 22 my
483 1003 44 22 fair
628 1005 13 22 t
680 1001 224 31 Notwithstanding

57 1038 30 22 he
100 1045 49 15 was
161 1038 87 22 loaded
263 1032 56 28 with
333 1037 90 26 chains,
437 1037 48 23 and
494 1040 51 20 cast
554 1037 49 22 into
614 1043 13 15 a
636 1036 133 22 loathsome
780 1035 123 30 dungeon.

83 1071 100 23 Pierced
197 1080 62 14 were
272 1071 41 23 the
326 1071 62 22 soles
402 1071 28 22 of
442 1078 40 23 my
497 1071 56 26 feet,
567 1069 119 24 lacerated
707 1076 47 15 was
776 1076 40 22 my
834 1069 69 26 knee,

58 1104 23 23 in
95 1105 41 22 the
150 1106 75 22 house
239 1105 28 23 of
277 1104 76 27 earth,
368 1104 57 23 with
439 1112 14 15 a
465 1104 71 23 chain
548 1103 27 23 of
586 1104 50 22 iron
652 1103 92 23 around
755 1110 40 23 my

59 1139 119 22 Aneurim
196 1139 80 22 would
297 1139 60 22 have
373 1138 99 31 expired
492 1138 78 22 under
587 1137 36 22 his
642 1137 136 30 sufferings,
796 1137 46 22 and
863 1137 41 22 the

57 1172 74 22 world
142 1173 46 22 lost
201 1181 14 14 a
227 1177 67 26 great
307 1180 77 18 name,
397 1173 43 22 but
453 1171 38 23 for
504 1171 40 22 the
558 1170 83 31 timely
654 1170 38 22 aid
704 1170 26 22 of
740 1178 14 14 a
766 1169 76 23 friend
856 1170 47 22 and

57 1205 190 24 fellow-soldier.
309 1206 71 22 From
397 1207 40 22 the
453 1213 83 23 power
553 1203 27 24 of
594 1204 41 22 the
652 1203 77 23 sword
751 1203 85 31 (noble
856 1210 49 15 was

57 1240 43 22 the
123 1239 126 31 succour),
275 1239 61 24 from
363 1241 41 22 the
429 1239 66 24 cruel
520 1237 170 32 prison-house
718 1236 28 23 of
772 1236 75 28 earth,
875 1236 30 22 he

57 1273 109 23 released
183 1281 38 16 me
230 1283 5 17 ;
260 1273 61 23 from
342 1274 40 22 the
403 1273 68 30 place
493 1271 27 24 of
536 1272 81 25 death,
638 1270 61 23 from
722 1270 41 22 the
785 1269 119 23 cheerless

57 1308 84 29 region
152 1317 5 16 ;
188 1308 38 26 he,
252 1307 92 26 Cenau,
370 1315 42 15 son
437 1306 28 23 of
487 1305 138 31 Llywarch,
649 1303 184 31 magnanimous
857 1303 49 22 and

193 1340 138 23 Aneurim's
344 1341 191 30 imprisonment,
549 1338 92 31 though
657 1345 89 18 severe,
761 1345 46 14 was
826 1337 79 26 short;

56 1374 31 23 he
97 1374 110 30 rejoined
220 1374 36 22 his
266 1374 82 30 family
359 1374 22 22 in
393 1374 57 22 time
464 1377 24 19 to
498 1380 150 22 accompany
659 1371 65 23 them
736 1374 25 19 to
773 1370 130 32 Anglesey.

57 1407 73 24 From
150 1416 66 14 some
238 1415 72 15 cause
331 1407 130 27 unknown,
477 1407 30 22 he
520 1405 96 31 quitted
630 1405 40 22 the
684 1404 84 26 island,
781 1405 47 21 and
841 1407 65 20 went

55 1447 26 18 to
104 1441 78 24 South
197 1441 90 27 Wales,
301 1441 80 22 where
394 1441 29 22 he
436 1448 47 15 was
497 1438 131 24 welcomed
641 1439 30 29 by
686 1437 66 31 King
768 1438 99 27 Arthur,
881 1441 25 20 at

111 1514 12 14 *
139 1513 110 21 Cambrian
260 1514 53 20 Plut.
324 1520 34 18 pp.
370 1513 72 19 21-41.
539 1512 14 22 t
569 1511 72 19 Camb.
652 1510 50 19 Brit.
712 1510 40 19 vol.
762 1510 12 19 i.
785 1516 21 19 p.
818 1510 31 19 92.
