1023 1619
314 116 136 18 MONASTIC
465 119 198 16 INSTITUTIONS.

861 114 48 23 145

64 172 40 24 list
122 172 41 24 the
181 174 131 30 sympathy
325 174 28 23 of
361 175 41 23 the
422 176 68 31 king,
508 177 43 22 the
569 185 89 23 queen,
676 179 46 23 and
743 179 29 23 of
782 180 40 23 the
834 180 78 23 whole

65 210 77 20 court.
179 207 92 30 Bishop
286 201 84 38 Roger
383 217 48 15 was
444 217 13 15 a
471 214 70 26 great
554 210 91 24 church
664 212 97 23 builder
777 214 47 22 and
838 214 47 22 had
899 221 13 15 a

64 248 59 22 very
135 241 48 23 fine
200 244 69 24 taste,
283 243 55 26 and,
352 243 19 22 it
389 243 19 22 is
421 243 113 31 thought,
548 252 62 22 gave
626 249 24 18 to
668 245 40 23 the
727 254 53 15 new
792 247 82 30 priory
888 250 24 20 at

64 274 140 32 Llanthony
226 282 14 16 a
260 276 99 30 helping
379 276 72 23 hand.
490 277 28 22 In
538 278 41 22 the
598 279 151 27 meanwhile,
764 280 80 23 Ernisi
864 288 48 16 was

64 309 67 31 quite
140 309 176 23 overwhelmed
326 310 57 22 with
393 310 125 27 kindness;
529 310 57 32 gifts
595 320 63 15 were
669 313 136 31 constantly
815 315 97 29 coming

65 343 31 27 in,
115 342 29 23 of
159 342 79 24 which
261 343 41 23 the
323 343 97 23 zealous
441 344 136 31 dispensers
595 345 80 23 would
697 346 56 23 take
774 354 30 15 no
824 348 86 22 denial.

65 376 27 23 In
107 377 54 22 vain
181 376 80 23 Ernisi
280 377 103 31 pleaded
402 378 54 23 that
473 379 40 22 the
531 382 139 27 monastery
683 380 79 22 would
782 380 29 23 be
831 381 79 22 richer

65 411 101 22 without
178 411 41 23 the
236 411 68 23 lands
323 412 91 23 offered
431 413 57 22 than
503 413 57 22 with
574 413 65 22 them
650 422 5 17 ;
674 413 53 23 that
739 414 18 22 it
770 421 47 15 was
832 414 79 23 better

65 448 25 19 to
103 445 68 23 dwell
185 453 60 22 poor
258 445 22 23 in
295 445 40 23 the
350 446 74 23 house
441 445 27 24 of
479 445 64 27 God,
556 446 58 23 than
633 447 30 22 be
681 447 131 30 entangled
826 448 23 21 in
863 447 47 23 liti-

65 478 70 31 gious
148 479 66 23 suits.
240 479 54 23 The
305 479 58 30 king
373 480 45 22 and
430 487 78 23 queen
523 480 90 22 offered
628 481 40 21 the
682 484 138 27 monastery
834 480 76 32 freely

65 512 40 23 the
116 513 76 22 whole
203 518 104 26 country
317 513 28 22 of
353 513 112 32 Bergely,
477 513 46 23 and
535 513 40 23 the
589 513 105 23 arduous
704 513 52 23 task
767 513 28 23 of
803 515 108 30 refusing

65 547 102 22 without
185 547 84 31 giving
291 547 94 23 offence
404 555 48 15 was
471 547 128 32 delicately
616 547 138 31 performed
774 548 31 31 by
821 547 87 28 Ernisi,

66 580 54 23 who
138 580 45 23 had
203 584 43 19 not
264 580 62 23 lived
345 581 76 23 about
440 585 70 19 court
530 581 37 23 for
584 581 109 31 nothing.
730 581 86 26 Queen
832 581 78 23 Maud

66 614 85 23 visited
164 613 146 33 Llanthony,
325 615 55 27 and,
393 615 84 23 struck
491 616 56 22 with
561 616 40 22 the
615 615 107 31 singular
735 614 138 24 self-denial
886 614 26 24 of

66 647 116 29 William,
203 648 69 23 made
286 657 13 14 a
312 654 97 25 request
427 649 52 23 that
496 657 14 15 a
526 657 87 23 queen,
631 649 47 23 and
695 657 32 15 no
741 657 91 15 woman
853 649 56 27 else,

66 682 78 30 might
161 682 71 23 make
250 685 25 20 to
288 690 14 15 a
314 683 95 27 hermit,
412 697 33 3 —
447 682 49 24 She
515 690 61 16 once
595 683 93 23 desired
707 683 31 22 he
756 683 81 23 would
853 684 56 29 give

66 715 43 23 her
121 716 67 23 leave
201 719 24 20 to
239 720 44 26 put
296 716 43 23 her
352 717 64 22 hand
429 717 51 23 into
494 717 36 23 his
543 718 84 22 bosom
636 725 6 15 :
660 717 29 22 he
702 717 133 23 submitted
844 727 5 16 ;
868 717 41 23 the

66 749 65 23 hand
149 750 120 30 stealthily
285 751 125 29 conveyed
424 758 14 15 a
450 758 80 22 purse,
551 750 114 23 intended
683 749 39 24 for
740 751 36 22 his
794 758 55 15 own
868 758 42 15 ne-

66 784 107 22 cessities
184 793 5 17 ;
207 784 45 22 but
265 784 105 22 William
391 784 47 22 had
457 792 27 14 or
502 784 70 22 knew
590 784 29 22 of
628 791 72 20 none,
718 791 26 15 so
764 784 30 22 he
813 784 97 30 applied

67 817 42 22 the
121 817 47 31 gift
181 820 24 19 to
224 817 73 22 adorn
313 817 36 22 his
366 817 100 22 church.
502 817 53 22 The
573 821 57 18 next
643 817 146 22 memorable
806 821 72 19 event
890 818 20 22 is

69 850 41 23 the
129 850 129 22 admission
279 850 27 23 of
319 854 48 18 two
388 859 52 14 new
458 851 126 27 members,
599 850 94 23 Walter
712 850 30 23 de
755 850 153 29 Gloucester,

70 883 48 23 earl
137 883 27 23 of
184 883 120 23 Hereford
329 884 47 22 and
397 884 124 23 constable
543 884 27 23 of
586 884 121 31 England,
727 884 40 22 the
788 892 54 19 one,
861 885 49 23 and

70 917 95 22 Robert
178 917 30 22 de
223 917 79 22 Betun
317 918 40 21 the
370 918 76 21 other.

120 951 80 23 There
214 952 19 22 is
246 959 29 14 on
290 952 84 22 record
389 960 29 14 an
432 955 104 20 account
549 951 27 24 of
585 952 40 22 the
638 951 87 23 arrival
739 951 27 23 of
777 952 40 22 the
830 951 79 29 latter,

67 986 94 22 written
181 985 31 31 by
233 985 107 22 William
361 986 30 22 de
413 985 143 31 Wycombe.
620 985 78 22 When
721 985 29 23 he
770 986 94 22 arrived
886 989 24 20 at

68 1020 40 22 the
121 1019 52 23 foot
186 1018 28 24 of
225 1019 39 23 the
278 1019 124 23 mountain
418 1020 56 29 they
485 1019 46 23 call
543 1019 113 29 Hatteril,
670 1019 68 30 night
751 1019 47 22 had
811 1019 99 30 already

67 1053 56 23 shut
137 1054 23 22 in
178 1054 41 22 the
232 1053 47 30 day
290 1062 5 17 ;
314 1060 14 15 a
341 1054 87 29 wintry
441 1061 66 15 snow
521 1053 102 23 covered
636 1053 41 23 the
694 1053 79 23 roads.
811 1053 67 23 With
896 1060 14 17 a

67 1087 53 23 soul
137 1087 105 30 glowing
256 1087 55 22 with
330 1087 115 30 religious
457 1087 95 27 ardour,
567 1088 30 22 he
613 1087 81 23 leaves
706 1086 90 24 behind
810 1087 50 22 him
873 1087 37 23 his

67 1121 157 30 companions
241 1121 48 22 and
307 1121 89 27 horses,
410 1121 88 22 unable
516 1125 24 18 to
559 1128 65 16 cross
641 1121 41 22 the
701 1121 131 22 mountain.
870 1120 40 23 He

67 1154 77 23 draws
162 1154 36 23 off
212 1154 36 22 his
261 1154 70 23 boots
348 1154 48 23 and
413 1155 124 22 abandons
554 1155 74 22 them.
665 1154 52 22 The
736 1154 113 30 pathway
864 1161 46 15 was

67 1196 102 19 narrow,
192 1188 115 30 winding,
327 1189 77 30 rough
425 1189 56 22 with
504 1188 79 27 rocks,
606 1188 46 23 and
672 1187 64 23 filled
757 1187 57 22 with
836 1195 74 15 snow.

68 1220 39 25 He
128 1222 100 23 ascends
247 1222 93 30 slowly,
360 1223 121 30 sounding
502 1223 51 22 the'
565 1222 58 23 road
643 1222 55 22 with
721 1221 36 21 his
776 1220 61 22 staff.
874 1221 36 22 As

66 1255 64 23 often
150 1264 25 15 as
194 1256 41 23 the
253 1264 66 14 snow
337 1256 110 23 deceives
464 1257 37 21 his
519 1255 118 31 footsteps
656 1255 29 22 he
704 1254 53 23 falls
775 1258 42 18 out
831 1253 27 23 of
868 1254 41 23 the

65 1290 122 30 pathway,
207 1290 59 23 from
285 1297 75 15 worse
379 1293 24 19 to
417 1297 82 19 worse,
518 1290 88 30 rolling
625 1297 58 14 over
700 1288 46 22 and
764 1296 63 17 over,
848 1288 62 23 until

65 1325 106 22 arrested
186 1324 32 30 by
229 1323 40 23 the
282 1327 65 18 roots
360 1323 28 23 of
399 1323 39 23 the
451 1327 71 19 trees.
552 1323 71 23 After
636 1331 14 14 a
662 1322 67 22 short
741 1322 67 26 time,
820 1321 90 32 having

65 1358 116 29 regained
196 1358 34 22 his
245 1357 91 26 breath,
351 1357 29 22 he
393 1358 117 22 stretches
523 1361 43 18 out
579 1357 35 21 his
627 1364 72 19 arms,
712 1355 48 22 like
772 1363 46 14 one
830 1356 79 22 swim-

66 1391 75 30 ming,
152 1391 55 26 and,
218 1390 103 30 shaking
334 1391 36 22 off
380 1391 40 22 the
434 1398 62 15 mass
508 1390 29 23 of
546 1397 75 20 snow,
633 1397 83 22 creeps
728 1397 30 13 on
774 1389 75 22 hands
861 1389 48 23 and

67 1424 75 23 knees
159 1424 60 23 until
239 1424 30 22 he
286 1427 138 19 surmounts
441 1424 41 23 the
499 1424 85 30 height
595 1423 47 23 and
659 1430 111 16 recovers
787 1422 40 22 the
843 1422 65 23 road.

67 1458 29 22 In
109 1458 49 22 this
175 1464 106 20 manner,
296 1460 43 20 not
351 1464 68 20 once,
434 1458 44 22 but
495 1457 72 27 often,
584 1458 30 22 he
633 1456 41 23 fell
693 1457 45 22 and
758 1463 52 15 rose
829 1456 79 30 again.

67 1491 59 23 And
148 1499 54 14 now
220 1495 24 18 at
263 1491 45 22 last
329 1491 29 22 he
380 1491 87 22 attains
489 1491 40 22 the
550 1491 99 22 summit
667 1490 27 23 of
713 1491 40 21 the
775 1490 133 27 mountain,

65 1525 82 23 where
165 1525 42 23 the
225 1524 100 30 upright
343 1524 63 23 shaft
424 1524 27 23 of
464 1532 15 14 a
497 1532 65 15 cross
584 1524 71 23 offers
672 1532 15 14 a
705 1524 67 30 place
790 1523 28 23 of

755 1564 15 15 H
