1023 1619
461 97 127 16 BARDISM.

932 94 12 20 7

102 153 82 31 Every
197 155 92 30 species
308 154 28 24 of
352 155 95 23 honour
460 156 18 22 is
492 156 116 23 withheld
623 156 62 23 from
699 157 64 23 them
775 168 6 17 ;
800 158 46 23 and
860 158 21 23 if
891 159 55 31 they

100 195 41 16 are
156 188 115 30 plaintiffs
289 190 24 21 in
327 197 15 15 a
355 192 70 20 court
442 189 28 23 of
480 190 54 27 law,
543 190 90 31 justice
653 191 19 21 is
691 191 87 23 denied
795 192 73 23 them.
906 193 41 22 All

101 222 41 23 the
163 222 92 23 Druids
269 230 40 15 are
322 223 96 29 subject
436 226 24 19 to
479 231 47 15 one
538 223 72 27 chief,
625 224 53 23 who
692 225 83 31 enjoys
789 226 41 23 the
843 230 105 27 greatest

101 256 124 31 authority
238 264 90 23 among
342 256 74 23 them.
452 256 73 31 Upon
539 257 41 23 the
593 258 71 22 death
679 257 27 23 of
717 259 41 22 the
776 259 67 23 chief
857 260 89 26 Druid,

101 288 41 23 the
156 294 58 18 next
227 289 23 23 in
265 290 96 31 dignity
376 290 18 22 is
407 290 131 31 appointed
552 295 25 19 to
590 292 103 22 succeed
708 292 49 22 him
766 302 5 17 ;
789 293 48 23 and
850 294 21 23 if
880 294 68 23 there

101 330 40 16 are
155 327 47 19 two
220 324 81 23 whose
316 324 81 23 merits
414 332 40 15 are
474 324 79 31 equal,
567 325 41 23 the
620 325 103 23 election
742 327 19 21 is
780 327 69 23 made
863 328 30 30 by
907 328 40 22 the

101 361 69 18 votes
187 357 27 23 of
228 358 42 23 the
289 358 77 22 whole
385 358 74 31 body.
496 358 49 23 But
564 359 136 23 sometimes
720 359 56 31 they
796 360 95 30 dispute
913 361 35 22 for

101 392 182 29 pre-eminence
305 392 58 23 with
381 392 40 23 the
438 392 87 23 sword.
563 393 34 22 At
618 400 14 15 a
651 394 90 22 certain
763 394 84 29 period
866 394 27 22 of
907 394 40 22 the

102 432 65 23 year,
189 426 39 22 the
250 425 94 23 Druids
366 426 117 23 assemble
504 426 22 22 in
549 433 14 15 a
583 427 155 22 consecrated
758 434 75 24 grove
858 427 23 23 in
907 428 41 22 the

102 462 105 28 country
217 458 28 24 of
256 460 40 22 the
311 460 101 22 Carnuti
427 459 152 31 (Chartres),
595 460 76 22 which
686 460 56 31 they
757 460 111 23 consider
879 465 26 19 to
918 462 30 22 be

102 492 42 23 the
163 497 83 18 centre
266 493 28 22 of
302 493 74 23 Gaul.
413 493 68 22 Here
499 493 57 31 they
570 501 40 15 are
630 497 49 19 met
699 494 31 31 by
744 493 31 23 all
794 494 53 23 who
864 502 40 15 are
923 499 24 18 at

103 527 114 22 variance
231 527 58 22 with
302 534 46 15 one
360 527 110 27 another,
483 527 47 22 and
546 527 52 22 who
618 535 68 15 come
704 527 56 23 here
774 531 24 20 to
812 528 61 23 have
887 529 62 22 their

102 560 110 30 quarrels
390 560 11 23 I
416 560 59 23 omit
493 560 41 23 the
548 568 99 24 passage
664 560 83 24 before
764 562 65 22 cited
846 562 102 31 relating

103 598 25 18 to
139 593 39 23 the
194 594 90 23 British
299 594 77 31 origin
390 593 29 24 of
428 594 137 23 Druidism.
626 594 53 23 The
689 594 91 24 Druids
794 595 70 31 enjoy
874 604 75 22 pecu-

102 627 45 23 liar
159 627 137 32 privileges.
333 627 71 32 They
417 636 41 14 are
470 628 128 31 exempted
612 628 59 23 from
690 629 91 23 service
795 630 24 22 in
832 637 56 19 war,
901 630 48 23 ami

103 660 62 24 from
189 662 40 22 the
251 665 117 27 payment
388 661 28 23 of
434 665 76 20 taxes.
548 661 71 31 They
638 662 60 23 have
719 662 50 24 also
791 670 68 24 many
880 664 70 22 other

103 695 156 28 immunities,
272 695 78 24 which
364 703 72 15 cause
449 696 64 23 their
526 696 71 24 order
609 699 25 20 to
646 696 99 23 become
758 704 131 16 numerous
901 698 49 22 and

103 729 143 27 influential,
264 730 48 22 and
331 736 84 24 young
432 737 100 22 persons
551 737 40 15 are
609 730 83 31 gladly
705 730 84 30 placed
808 731 57 22 with
885 731 65 22 them

102 766 26 20 to
141 763 66 23 learn
228 764 63 22 their
310 763 130 27 doctrines,
454 764 33 30 by
501 763 63 23 their
581 768 98 25 parents
697 764 47 22 and
763 764 121 22 relations.
921 764 28 22 In

103 797 64 22 their
185 797 97 22 schools
300 797 39 22 the
358 797 80 30 pupils
456 804 41 15 are
515 797 51 22 said
586 801 24 18 to
630 797 65 22 learn
715 797 32 30 by
765 797 68 23 heart
852 806 13 14 a
884 797 65 31 large

104 830 105 23 number
222 830 28 23 of
261 838 79 15 verses
349 840 6 16 ;
373 830 47 23 and
432 831 22 21 in
469 830 46 23 this
529 838 52 22 way
590 838 66 14 some
670 830 27 22 of
705 831 62 21 their
779 831 106 22 scholars
895 839 54 23 pass

103 868 92 27 twenty
210 872 69 23 years
293 864 23 22 in
331 863 148 32 completing
493 864 61 22 their
573 864 136 27 education,
724 864 35 23 for
772 865 19 22 it
804 865 18 22 is
835 864 115 23 unlawful

103 902 26 18 to
149 898 100 22 commit
266 898 63 22 their
345 898 121 22 doctrines
480 901 24 19 to
518 897 105 32 writing.
660 897 22 23 It
701 905 76 15 seems
797 902 25 19 to
841 906 38 15 me
898 898 52 23 that

104 932 59 30 they
179 931 60 23 have
258 935 47 19 two
322 931 102 23 motives
444 935 25 19 to
489 931 47 22 this
554 931 108 23 conduct
670 941 5 16 ;
702 931 23 22 in
744 932 41 22 the
803 931 52 23 first
873 932 75 31 place,

104 965 58 31 they
176 973 41 15 are
230 965 126 30 unwilling
370 965 52 23 that
435 965 63 23 their
508 968 79 19 tenets
605 964 87 23 should
711 965 99 23 become
824 965 87 23 known
924 970 26 18 to

104 1000 41 22 the
156 999 87 30 vulgar
252 1008 5 18 ;
276 999 55 26 and,
345 998 124 31 secondly,
483 999 58 30 they
552 1006 40 15 are
603 998 78 23 afraid
694 998 52 23 that
759 999 39 23 the
813 999 77 30 pupils
905 999 46 22 will

104 1033 30 23 be
147 1032 47 24 less
206 1036 43 27 apt
261 1036 25 20 to
300 1033 116 23 cultivate
429 1033 64 22 their
502 1032 127 23 memories
642 1032 21 22 if
669 1032 55 30 they
740 1035 62 21 trust
814 1037 25 19 to
853 1034 94 22 written

103 1067 147 27 characters,
264 1067 80 23 which
362 1066 66 24 often
449 1066 60 23 have
528 1066 40 23 the
587 1066 72 22 effect
675 1066 28 22 of
714 1065 120 32 checking
849 1066 102 31 diligent

103 1101 82 29 study.
225 1101 97 30 Among
336 1100 63 23 their
410 1103 60 20 most
484 1101 131 29 important
625 1103 78 19 tenets
712 1100 18 22 is
739 1100 41 23 the
791 1100 160 31 Immortality

103 1134 79 22 ofthe
196 1134 67 26 Soul,
278 1134 78 22 which
370 1134 57 31 they
441 1134 92 22 believe
547 1140 80 23 passes
646 1133 62 23 after
720 1133 72 23 death
812 1134 51 22 into
880 1134 70 22 other

105 1168 84 23 bodies
200 1178 6 17 ;
231 1168 58 31 they
308 1167 57 23 hold
384 1168 47 22 this
449 1171 26 19 to
493 1167 30 22 be
549 1175 14 14 a
587 1170 68 27 great
680 1167 156 23 inducement
861 1171 24 19 to
910 1167 41 22 the

105 1202 107 30 practice
232 1201 29 23 of
278 1202 86 26 virtue,
377 1209 26 15 as
424 1201 41 23 the
487 1200 66 23 mind
572 1200 113 23 becomes
704 1200 105 23 relieved
829 1200 62 23 from
909 1201 42 22 the

104 1235 51 23 fear
167 1234 28 23 of
204 1235 79 23 death.
320 1234 76 23 Their
408 1235 69 23 other
494 1235 123 22 doctrines
633 1241 104 16 concern
751 1234 41 22 the
809 1235 104 22 motions
926 1234 26 22 of

104 1270 41 22 the
167 1268 119 32 heavenly
308 1268 91 27 bodies,
421 1269 39 22 the
482 1267 142 32 magnitude
650 1266 28 24 of
692 1268 41 22 the
758 1268 67 22 earth
844 1269 46 21 and
910 1268 41 23 the

106 1304 119 25 universe,
240 1303 40 22 the
299 1306 84 19 nature
401 1301 28 24 of
441 1302 89 31 things,
544 1302 40 22 the
604 1309 92 22 powers
714 1301 46 22 and
780 1302 127 23 attributes
925 1302 27 22 of

104 1338 41 22 the
156 1336 127 24 Immortal
427 1335 132 27 Diodorus,
570 1334 116 31 speaking
697 1334 72 23 ofthe
780 1335 98 27 Druids,
889 1344 61 22 says,

132 1370 158 31 Frequently,
305 1370 88 30 during
407 1369 134 26 hostilities,
550 1368 69 23 when
632 1368 87 22 armies
732 1376 40 15 are
785 1370 165 30 approaching

104 1405 61 23 each
184 1404 78 27 other,
283 1403 55 23 with
361 1403 91 23 swords
471 1403 81 23 drawn
572 1402 46 22 and
639 1402 80 23 lances
738 1403 127 27 extended,
884 1404 66 22 these

105 1447 63 18 men,
183 1438 101 30 rushing
297 1438 108 22 between
421 1437 72 25 them,
511 1440 44 27 put
573 1443 29 15 an
615 1436 47 22 end
676 1439 25 19 to
714 1436 63 23 their
789 1438 160 26 contentions,

105 1474 93 29 taming
221 1471 65 23 them
306 1478 25 15 as
355 1471 59 29 they
434 1470 80 23 would
534 1473 64 20 tame
620 1469 54 23 wild
808 1471 15 28 -j-
863 1471 87 23 Strabo

243 1511 75 22 Csar,
329 1511 26 20 vi.
367 1511 32 22 13,
411 1512 37 19 &c.
622 1510 14 23 t
651 1509 61 20 Diod.
725 1509 39 21 Sic.
776 1517 19 13 v.
807 1510 32 20 31.
