1023 1619
914 115 30 23 97

379 120 55 16 THE
447 121 92 16 WELSH
553 122 117 16 CHURCH.

104 175 91 32 clergy,
215 176 50 24 also
280 177 44 23 her
342 177 114 31 religious
473 178 95 27 houses,
589 178 23 23 in
631 179 80 23 which
728 179 41 24 the
788 180 85 31 priests
893 180 55 23 who

104 210 140 23 ministered
263 211 24 22 in
307 211 39 22 the
365 211 164 32 surrounding
548 212 107 24 districts
672 213 93 23 resided
782 214 23 22 in
827 222 120 15 common.

104 243 47 23 We
172 251 44 15 can
240 251 69 16 name
335 248 46 20 two
406 253 50 15 sees
482 246 24 22 in
531 246 122 23 existence
676 247 83 23 within
783 247 48 23 this
854 248 92 29 period,

103 277 119 22 Llandaff
228 278 48 22 and
286 278 119 23 Caerleon
415 288 5 17 ;
437 279 41 23 the
491 279 90 23 former
589 280 114 30 claiming
712 281 148 29 precedence
870 288 26 16 as
907 281 40 24 the

105 310 85 28 oldest,
204 311 41 23 the
257 311 72 24 latter
347 320 26 15 as
390 313 40 22 the
449 316 62 20 most
524 314 183 30 distinguished,
721 315 72 29 being
806 315 41 23 the
860 318 87 20 metro-

104 344 63 31 polis
180 344 28 23 of
219 345 40 23 the
280 344 94 25 Roman
395 347 114 29 province
524 347 125 23 Britannia
664 347 118 24 Secunda.
820 347 45 24 We
878 349 68 27 have,

105 382 43 18 not
158 382 26 19 to
191 379 75 30 speak
274 378 28 23 of
309 380 89 26 others,
408 380 41 23 the
458 380 92 23 famous
560 380 141 32 Monastery
710 381 28 23 of
743 381 203 31 Bangor-Iscoed,

107 410 139 28 Flintshire,
266 414 131 29 computed
420 414 32 30 by
476 415 157 29 Archbishop
655 415 81 23 Usher
757 418 25 19 to
804 415 60 22 have
886 415 62 23 been

106 444 109 24 founded
226 447 23 21 in
262 447 53 22 182.
370 447 22 23 It
401 448 19 22 is
428 448 122 30 generally
727 448 78 22 writes
816 448 49 22 Mr.
876 448 72 23 Row-

106 478 64 28 land,
185 480 23 22 in
223 480 36 22 his
298 480 77 23 Mona
557 481 53 23 that
627 481 63 23 after
702 482 40 22 the
754 489 100 15 manner
866 481 27 23 of
906 482 41 23 the

108 512 102 24 Eastern
225 514 134 27 Churches,
373 514 67 23 there
453 522 63 15 were
531 522 71 15 seven
616 515 97 30 bishops
726 515 76 22 under
820 515 39 22 the
878 515 69 23 arch-

106 546 87 30 bishop
213 548 22 21 in
251 547 40 23 the
308 548 116 30 province
443 548 28 22 of
488 548 117 23 Caerleon
615 558 5 17 ;
638 548 49 23 and
705 549 19 21 it
743 548 19 22 is
781 552 42 18 not
838 548 110 31 unlikely

106 580 53 23 that
172 581 40 22 the
223 588 70 15 seven
308 581 127 30 partitions
445 589 28 15 or
483 581 86 23 classes
580 581 27 23 of
617 581 146 31 clergymen,
778 581 77 23 which
866 581 79 24 Vene-

106 614 66 22 rable
188 614 65 22 Bede
264 614 119 23 mentions
395 619 26 18 to
432 615 59 22 have
500 615 61 22 been
575 615 22 21 in
613 615 39 22 the
666 615 128 22 renowned
809 620 137 27 monastery

105 646 28 23 of
144 647 105 30 Bangor,
263 655 62 15 were
338 656 26 14 so
379 656 71 22 many
464 648 98 22 distinct
578 648 168 23 communities
758 648 133 31 peculiarly
904 657 43 23 ap-

104 681 138 30 pertaining
257 684 23 19 to
294 681 68 22 those
379 689 72 14 seven
469 681 121 31 suffragan
605 682 133 26 churches;
760 682 110 23 whereof
879 690 66 16 some

105 713 45 22 had
170 713 98 32 bishops
282 715 56 22 with
357 719 62 18 seats
432 715 124 26 endowed,
570 715 47 22 and
636 723 66 15 some
716 715 45 23 had
776 716 73 22 theirs
863 724 82 15 conse-

103 747 83 23 crated
199 748 52 22 sine
361 750 13 13 *
412 748 67 31 King
494 748 134 27 Moelmud,
644 757 14 14 b
671 756 22 15 c
706 749 58 27 440,
782 749 45 22 had
844 750 102 29 granted

104 780 65 31 right
181 780 28 24 of
219 785 130 27 sanctuary
362 785 25 20 to
400 782 91 23 several
511 782 82 27 cities;
611 783 67 22 these
698 783 75 30 rights
792 783 40 22 the
846 783 100 23 Church

104 815 132 23 continued
261 816 47 22 and
333 816 156 23 maintained.
529 816 53 22 The
606 824 66 15 cross
696 824 47 15 was
767 817 129 22 venerated
922 817 24 22 in

105 847 93 24 Britain
220 848 63 24 from
307 857 15 15 a
346 857 57 23 very
427 849 66 31 early
517 849 92 30 period.
659 849 52 23 The
736 849 84 23 Welsh
845 850 101 23 Church

104 881 126 25 honoured
252 888 47 18 two
319 886 103 28 martyrs
443 884 53 22 who
518 883 104 23 suffered
644 883 22 22 in
688 884 40 22 the
748 884 152 28 persecution
920 883 29 23 of

107 915 146 27 Diocletian,
274 917 58 23 both
357 917 99 23 citizens
481 916 27 24 of
526 917 125 26 Caerleon,
655 930 31 3 —
688 917 82 23 Julius
788 917 45 22 and
853 917 92 23 Aaron.

106 948 60 24 Two
184 950 49 23 fine
244 950 125 27 churches,
384 951 56 22 with
454 958 14 15 a
480 953 106 20 convent
599 950 28 23 of
637 957 68 21 nuns,
720 950 46 23 and
780 958 14 15 a
812 951 91 29 society
922 950 27 23 of

105 983 97 29 regular
223 991 98 19 canons,
342 991 41 15 are
404 984 32 31 by
458 984 115 23 Giraldus
594 984 155 23 Cambrensis
771 984 50 22 said
841 988 24 18 to
885 984 59 23 have

105 1017 60 22 been
180 1017 127 22 dedicated
328 1017 22 22 in
368 1017 63 23 their
449 1025 90 20 names,
558 1017 44 23 but
618 1017 94 23 neither
725 1025 47 14 was
788 1017 113 31 standing
920 1018 24 22 in

103 1050 42 22 the
157 1051 92 22 twelfth
263 1054 109 28 century.
376 1052 16 29 f
422 1050 91 23 Britain
528 1051 76 22 under
617 1051 39 22 the
671 1054 158 27 government
842 1050 28 22 of
881 1046 63 28 Con-

103 1085 111 26 stantius,
229 1085 54 22 who
296 1093 47 14 was
357 1084 107 31 opposed
478 1088 24 19 to
517 1084 30 23 all
561 1085 160 30 persecution,
736 1084 102 23 suffered
849 1084 95 31 lightly,

103 1118 190 31 comparatively
312 1118 125 31 speaking,
457 1118 61 23 from
544 1119 40 22 the
608 1119 97 30 passing
729 1122 82 19 storm.
847 1118 33 22 At
904 1118 41 23 the

104 1152 121 22 accession
248 1151 26 23 of
294 1151 166 27 Constantine,
480 1152 41 22 the
543 1152 84 23 Welsh
650 1152 100 23 Church
776 1151 103 31 enjoyed
904 1151 41 23 the

104 1185 117 30 blessings
235 1184 29 23 of
274 1194 73 22 peace
361 1186 46 22 and
421 1186 115 30 security.
567 1185 22 23 It
603 1186 18 22 is
635 1185 105 23 asserted
754 1185 51 22 that
819 1193 30 14 no
861 1184 84 23 Welsh

103 1218 99 31 bishops
215 1227 63 15 were
296 1222 97 27 present
411 1222 24 20 at
453 1219 41 23 the
507 1214 104 29 Council
630 1218 27 24 of
674 1218 70 27 Nice,
764 1218 57 25 325,
841 1218 104 23 because

103 1252 42 23 the
159 1252 90 31 Cymry
263 1253 40 22 did
323 1256 42 19 not
383 1252 173 31 acknowledge
576 1252 159 23 Constantine
753 1260 25 14 as
797 1252 62 22 their
876 1259 68 15 sove-

103 1287 77 29 reign,
195 1286 87 29 having
296 1286 144 23 transferred
453 1287 64 22 their
529 1287 132 29 allegiance
676 1289 23 19 to
717 1285 94 27 Eudav,
826 1285 80 30 prince
920 1284 28 24 of

103 1319 129 27 Cornwall,
246 1320 54 22 who
313 1320 88 30 having
415 1319 86 31 fought
515 1320 59 23 hard
592 1323 25 19 to
631 1320 46 22 win
694 1319 35 22 his
743 1326 87 18 crown,
845 1326 63 15 wore
926 1319 20 23 it

102 1353 127 31 fifty-four
248 1360 76 24 years.
362 1354 35 22 At
416 1354 40 22 the
476 1353 132 30 provincial
628 1352 103 24 Council
748 1352 27 23 of
791 1352 78 26 Aries,
889 1352 56 24 held

102 1387 84 22 eleven
201 1394 68 23 years
283 1386 84 23 before
380 1387 35 28 (in
429 1387 70 29 314),
514 1394 45 15 one
572 1386 28 23 of
612 1387 39 22 the
666 1386 155 30 subscribing
833 1386 110 29 prelates,

103 1420 119 28 Adelfius,
245 1421 18 21 is
285 1420 105 31 thought
410 1420 57 22 with
491 1420 65 31 good
576 1427 84 15 reason
682 1423 25 19 to
732 1420 61 22 have
817 1420 60 22 been
903 1420 40 22 the

102 1455 159 29 Archbishop
280 1453 28 24 of
318 1453 127 23 Caerleon.
489 1453 23 23 It
525 1454 19 22 is
556 1461 15 15 a
583 1453 111 31 question
708 1453 107 22 whether
832 1460 13 15 a
859 1453 84 23 Welsh

239 1524 66 19 Mona
315 1523 99 25 Antiqua,
426 1529 20 19 p.
459 1523 44 19 144.

649 1522 13 24 t
676 1522 46 20 Vol.
732 1522 14 19 i.
758 1529 19 18 p.
789 1522 44 19 104.

795 1558 11 14 F
