1023 1619
99 113 48 23 140

346 123 134 15 MONASTIC
494 123 197 15 INSTITUTIONS.

100 179 94 30 fought,
213 180 47 22 and
282 180 40 23 the
343 188 72 16 cause
436 181 28 23 of
477 181 103 32 rightful
601 181 139 24 succession
758 177 48 25 and
826 176 118 23 constitu-

99 213 75 23 tional
188 214 71 22 order
271 214 146 30 triumphed.
456 215 76 31 Rhys,
547 215 89 32 having
650 222 53 15 won
723 220 26 16 so
768 209 80 33 signal
867 216 13 15 a
894 214 50 16 vic-

100 250 61 27 tory,
176 247 47 22 and
238 246 92 32 fearing
349 256 40 14 no-
398 247 93 24 further
509 249 165 26 disturbance,
688 244 129 26 dismissed
830 242 37 23 his
882 240 62 24 Irish

100 280 47 23 and
171 280 89 23 Scotch
281 280 136 24 auxiliaries
437 281 58 22 with
514 286 69 26 great
604 281 112 23 rewards.
758 279 29 23 In
812 276 66 24 1090
899 275 45 22 this

100 314 62 31 aged
180 314 47 22 and
241 314 104 30 intrepid
359 315 126 30 sovereign
498 314 63 26 died,
575 322 31 14 on
620 315 40 21 the
674 314 48 23 bed
735 321 30 15 on
780 310 79 24 which
873 316 71 23 many

100 347 28 23 of
138 347 41 23 the
194 347 84 22 Welsh
298 348 95 30 princes
415 347 100 31 expired
516 362 33 3 —
551 347 41 22 the
613 347 57 23 field
691 347 27 23 of
735 345 83 26 battle,
842 343 102 31 fighting

100 380 38 24 for
151 382 67 22 truth
232 381 46 22 and
293 381 65 31 right
370 381 95 31 against
480 381 39 22 the
532 380 67 23 rebel
612 380 95 31 Jestyn,
721 380 53 22 lord
795 378 28 24 of
833 377 111 24 Glamor-

100 423 55 23 gan,
167 415 47 22 and
228 415 36 22 his
277 414 110 23 Norman
402 414 106 31 knights.
539 413 107 32 Jestyn's
659 413 91 23 breach
763 412 28 23 of
798 412 60 23 faith
872 415 24 19 to
910 410 34 23 his

100 448 164 28 confederate,
284 448 97 27 Einion,
401 448 39 23 led
457 452 25 19 to
503 448 40 23 the
562 447 51 23 first
633 447 146 31 acquisition
802 446 27 23 of
843 445 101 31 English

100 483 106 30 subjects
226 483 23 22 in
264 482 89 28 Wales,
366 482 49 24 and
427 482 41 23 the
481 481 95 32 footing
590 481 79 24 which
690 481 56 31 they
760 484 43 28 got
816 479 57 31 they
887 486 57 15 con-

100 517 79 23 trived
193 520 24 19 to
232 516 68 30 keep,
314 517 94 30 though
422 516 57 31 they
493 516 47 23 had
553 523 15 16 a
580 516 61 23 hard
653 518 88 20 matter
754 518 25 20 to
792 514 31 23 do
836 514 26 22 it.
900 512 44 23 Be-

100 551 66 29 yond
188 551 41 22 the
249 549 50 24 fact
319 551 51 22 that
392 550 72 29 Rhys
485 557 30 23 ap
535 549 112 23 Tewdwr
665 549 63 23 built
746 549 41 23 the
806 548 40 23 old
865 547 79 31 abbey

101 583 153 28 Ystradfflur,
266 584 102 30 nothing
381 591 67 15 more
461 584 19 22 is
493 584 88 22 known
593 583 74 23 ofthe
677 582 103 31 original
790 581 154 27 foundation,

100 617 86 27 which,
203 617 9 22 I
227 617 76 30 ought
315 621 25 18 to
353 625 51 21 say,
418 616 68 23 itself
495 620 59 19 rests
568 624 29 15 on
613 624 28 15 an
657 617 127 29 ingenious
803 615 141 30 conjecture

100 650 77 23 ofthe
197 650 60 23 Rev.
271 651 32 22 G.
319 650 112 27 Roberts,
445 650 23 22 in
486 650 37 23 his
536 650 111 22 valuable
666 657 75 22 paper
789 649 40 23 On
850 649 92 23 Strata-

99 684 85 23 florida

152 717 53 23 The
214 718 79 31 abbey
304 725 47 14 was
365 716 143 28 resounded,
524 717 10 22 1
542 717 55 27 164,
608 724 30 15 on
652 724 14 15 a
679 716 63 23 scale
756 715 29 24 of
794 719 68 27 great
873 722 68 22 mag-

101 751 126 27 nificence,
247 751 33 30 by
299 750 70 30 Rhys
387 758 30 23 ap
437 750 114 31 Gruffyd,
570 750 126 31 sovereign
715 750 85 30 prince
818 749 28 23 of
862 748 77 24 South

101 785 89 23 Wales.
228 784 70 32 Rhys
317 784 48 23 had
385 792 46 15 one
448 784 132 30 absorbing
597 783 118 31 principle
734 783 27 23 of
768 783 48 28 life,
829 787 26 18 to
873 783 68 22 drive

100 819 41 23 the
161 818 100 31 English
281 821 43 20 out
342 817 28 23 of
379 817 82 23 Wales
472 827 5 17 ;
496 821 25 19 to
536 818 48 22 this
597 817 76 32 grand
686 817 81 30 object
779 817 32 23 all
824 816 36 22 his
873 823 68 15 ener-

100 853 52 30 gies
166 860 61 15 were
240 851 108 24 directed
358 860 5 14 :
382 851 108 23 brilliant
502 852 45 22 but
558 855 138 27 temporary
709 858 96 16 success
818 849 125 24 rewarded

100 886 37 23 his
150 886 90 23 efforts.
277 885 49 23 But
344 886 53 22 that
415 886 40 22 the
475 884 122 24 Normans
610 893 62 15 were
685 893 26 14 as
725 884 59 23 fond
801 883 28 24 of
839 883 105 31 fighting

100 927 26 16 as
138 920 41 23 the
194 919 93 28 Welsh,
300 919 57 30 they
371 922 64 19 must
448 919 60 22 have
522 919 47 22 had
582 927 15 14 a
608 919 43 22 sad
665 919 57 22 time
735 918 27 23 of
771 919 25 22 it.
834 917 53 23 The
900 918 45 22 site

101 953 28 23 of
144 954 40 22 the
206 961 52 15 new
280 953 79 29 abbey
378 960 48 15 was
448 956 47 19 two
519 953 68 22 miles
609 952 74 23 lower
703 952 70 23 down
796 951 42 23 the
856 955 89 19 stream

101 987 58 22 than
179 987 53 22 that
251 986 27 23 of
288 987 39 22 the
347 986 47 23 old.
431 986 53 23 The
501 986 84 23 Welsh
600 993 76 20 name,
693 985 156 27 Ystradfflur,
863 993 83 15 means

129 1020 41 22 the
188 1020 77 30 plains
284 1027 58 15 near
354 1020 40 22 the
411 1019 60 23 Flur
520 1020 48 22 and
584 1020 40 22 the
637 1020 74 22 Latin
725 1027 78 19 name,
819 1018 127 24 Strataflo-

102 1054 59 27 rida,
176 1061 81 15 means
306 1054 40 22 the
364 1053 124 31 blooming
643 1053 60 23 This
722 1053 68 30 royal
810 1053 79 29 abbey
904 1053 41 22 be-

102 1094 67 15 came
189 1087 41 22 the
249 1087 44 22 last
311 1087 174 30 resting-place
504 1087 27 22 of
544 1087 41 22 the
603 1087 97 29 princes
718 1087 28 22 of
762 1086 78 24 South
854 1081 91 28 Wales.

102 1120 124 23 Enriched
239 1120 32 31 by
284 1120 143 23 munificent
439 1124 82 26 grants
534 1120 27 23 of
567 1120 68 22 lands
648 1120 48 22 and
708 1121 82 26 tithes,
801 1124 111 27 presents
922 1119 28 23 of

101 1154 65 31 gold,
181 1154 79 27 silver,
273 1153 46 23 and
332 1154 112 30 precious
456 1157 88 24 stones,
558 1153 149 23 Ystradfflur
719 1162 54 15 rose
786 1154 94 31 rapidly
894 1158 26 18 to
933 1162 15 15 a

102 1187 131 31 splendour
257 1187 47 23 and
328 1187 175 31 magnificence
528 1187 112 32 equalled
664 1187 58 32 only
744 1188 32 31 by
796 1188 41 23 the
862 1187 86 32 kingly

102 1222 79 30 abbey
195 1221 26 23 of
232 1221 116 30 Conway,
368 1217 80 27 North
460 1221 91 23 Wales.
589 1221 69 23 Here
679 1222 82 30 copies
783 1221 28 23 of
821 1222 41 22 the
884 1225 65 20 most

102 1255 132 30 important
259 1254 104 24 national
387 1255 144 23 documents
553 1263 61 15 were
639 1256 127 29 deposited
776 1265 6 17 ;
808 1256 85 22 within
918 1256 31 22 its

103 1289 65 23 walls
182 1289 39 22 the
234 1289 129 22 monarchs
381 1288 28 24 of
417 1289 81 23 Wales
512 1289 56 23 held
581 1289 62 23 their
657 1290 108 23 councils
779 1289 48 24 and
840 1297 108 16 conven-

102 1323 71 27 tions,
177 1337 32 3 —
216 1323 39 22 the
274 1322 102 23 sublime
396 1323 126 30 mysteries
537 1323 27 23 of
574 1323 101 30 religion
690 1324 131 30 hallowing
834 1324 115 30 patriotic

103 1357 144 29 aspirations
265 1355 38 24 for
315 1356 40 23 the
371 1364 112 15 common
497 1357 97 30 liberty,
608 1357 40 22 the
663 1357 107 23 national
785 1357 102 28 honour,
900 1357 50 23 and

103 1390 190 30 independence.
331 1390 53 22 The
403 1390 78 31 abbey
500 1390 89 31 having
608 1390 61 23 been
689 1390 109 24 founded
814 1399 27 15 so
858 1391 48 22 late
924 1399 26 15 as

103 1423 41 23 the
158 1423 91 23 twelfth
262 1427 109 27 century,
381 1423 67 23 there
459 1432 40 15 are
513 1429 41 18 not
566 1432 72 23 many
647 1425 93 23 notices
753 1429 25 19 to
790 1424 76 24 select
878 1424 71 24 from.

104 1457 92 27 Cadell,
210 1457 100 22 brother
329 1457 74 23 ofthe
421 1457 113 29 founder,
547 1466 26 15 as
592 1458 85 23 stanch
691 1467 15 15 a
713 1458 143 24 Welshman
870 1462 25 20 to
908 1459 43 23 the

103 1490 127 22 backbone
254 1498 26 14 as
302 1490 102 28 himself,
425 1492 139 22 astonished
588 1492 42 22 the
655 1491 130 28 Normans,
807 1496 44 19 not
874 1493 76 30 easily

103 1523 146 27 astonished,
263 1524 32 28 by
309 1523 59 23 feats
386 1523 28 23 of
424 1532 71 15 arms.
532 1524 29 23 In
582 1525 64 22 1145
661 1525 30 23 he
702 1533 54 15 won
775 1526 40 22 the
833 1526 75 23 castle
927 1526 27 24 of
