1023 1619
89 121 33 23 58

360 129 54 16 THE
428 129 79 16 KINGS
523 129 33 16 OF
569 130 95 15 WALES.

91 187 42 23 the
147 187 98 23 Britons
264 187 45 23 call
323 187 40 24 the
377 187 163 24 Moelmutine
553 188 64 28 laws,
631 188 79 23 which
730 195 41 16 are
790 195 90 23 among
895 186 42 24 the

92 220 105 31 English
209 223 26 21 to
248 221 47 23 this
308 221 53 32 day.
397 222 29 22 In
440 222 75 28 these,
529 229 88 24 among
633 222 71 23 other
716 222 90 30 things,
820 221 27 23 of
856 221 80 23 which

93 254 37 23 St.
152 254 86 23 Gildas
262 258 74 19 wrote
357 262 15 15 a
391 255 57 31 long
472 255 58 23 time
554 255 69 28 after,
645 255 29 23 he
696 255 102 23 enacted
817 255 54 22 that
894 255 42 22 the

90 288 103 30 temples
205 287 28 24 of
248 288 41 23 the
302 288 66 31 gods,
383 296 25 15 as
421 289 50 23 also
490 289 76 27 cities,
579 289 86 22 should
683 289 61 22 have
759 289 42 22 the
818 288 119 31 privilege

92 322 28 23 of
127 322 85 31 giving
224 325 128 28 sanctuary
367 322 47 23 and
427 323 135 30 protection
577 326 24 19 to
615 330 48 22 any
677 322 102 31 fugitive
789 330 28 15 or
827 322 110 23 criminal

91 356 54 23 that
168 355 88 23 should
280 355 44 23 flee
349 359 25 20 to
398 355 66 23 them
489 355 62 24 from
572 356 41 22 the
637 364 95 22 enemy.
767 355 42 23 He
830 355 107 23 likewise

90 389 105 24 enacted
207 389 53 23 that
273 390 40 22 the
327 397 64 24 ways
410 389 97 31 leading
521 393 24 19 to
558 390 68 22 these
643 389 101 31 temples
760 389 49 23 and
822 388 76 28 cities,
911 396 26 15 as

89 423 51 24 also
159 422 189 24 husbandmen's
366 423 113 31 ploughs,
492 422 88 23 should
599 423 29 23 be
642 423 102 23 allowed
757 423 41 22 the
810 430 66 16 same
888 423 49 30 pri-

89 457 92 31 vileges
191 466 6 18 ;
215 465 26 16 so
258 457 54 23 that
328 457 24 22 in
366 452 36 27 his
418 457 48 30 day
484 457 42 22 the
545 457 110 23 murders
673 456 49 23 and
740 456 114 24 cruelties
872 464 65 15 com-

88 491 87 24 mitted
195 491 33 31 by
250 491 100 23 robbers
376 498 61 15 were
458 491 141 29 prevented,
619 491 48 22 and
689 490 142 31 everybody
852 490 85 31 passed

87 524 57 28 safe,
158 525 103 23 without
273 532 46 23 any
335 524 110 24 violence
458 525 90 22 offered
562 527 24 20 to
716 520 54 27 The
783 524 46 23 law
843 520 94 31 Triads,

86 559 64 22 cited
169 559 24 22 in
212 559 41 22 the
269 559 55 22 first
341 559 102 30 chapter
461 558 27 23 of
500 559 48 22 this
567 565 75 24 essay,
666 565 62 16 were
748 559 132 30 composed
904 559 33 29 by

88 592 137 27 Moelmud,
238 595 26 20 to
282 592 79 22 whom
377 592 102 30 belongs
494 592 51 22 also
558 592 41 22 the
612 592 126 31 following
754 592 183 23 constitutional

89 626 91 22 maxim
190 635 5 13 :
241 625 53 23 The
308 626 68 22 three
390 625 82 31 pillars
484 625 28 23 of
523 625 40 23 the
576 625 202 24 commonwealth
792 625 27 23 of
833 625 42 23 the
888 625 49 23 Isle

88 658 28 24 of
134 659 102 28 Britain,
240 673 29 3 —
272 660 43 22 the
322 659 58 32 jury
394 658 52 24 ofa
458 663 113 28 country,
584 660 41 23 the
639 659 84 32 kingly
740 659 81 29 office,
834 659 48 23 and
895 659 42 23 the

87 692 124 24 functions
227 692 29 24 of
270 701 15 15 a
437 693 53 23 The
507 693 57 23 laws
584 692 28 24 of
629 693 130 23 Moelmud
774 693 55 32 give
845 701 15 15 a
876 701 61 23 very

88 726 142 24 favourable
242 726 55 23 idea
305 726 28 24 of
344 727 41 23 the
397 727 146 23 civilization
557 730 26 20 to
597 727 77 23 which
689 726 116 25 Cambria
817 727 48 23 had
878 727 59 23 then

90 760 115 27 attained,
219 760 47 23 and
287 760 27 23 of
331 760 41 23 the
392 761 65 30 good
478 769 68 15 sense
564 761 47 23 and
628 761 123 30 liberality
764 760 28 24 of
807 761 41 23 the
865 761 72 30 legis-

89 794 70 23 lator.
222 793 80 24 There
321 802 40 15 are
379 794 68 23 three
465 802 112 15 common
596 795 77 30 rights
686 794 28 23 of
730 795 41 23 the
787 794 150 31 neighbour-

91 828 43 30 ing
147 831 103 27 country
265 828 48 23 and
332 828 132 30 bordering
483 828 125 30 kingdom,
611 841 32 4 —
650 836 13 16 a
679 829 67 30 large
761 829 71 26 river,
846 835 14 16 a
877 828 60 30 high

89 862 68 27 road,
171 861 48 23 and
239 868 14 16 a
274 861 68 30 place
363 861 28 24 of
407 862 106 29 meeting
534 861 39 24 for
589 862 115 30 religious
721 862 126 23 adoration
856 872 6 17 ;
889 862 48 23 and

87 895 69 23 these
172 902 42 16 are
225 895 79 23 under
317 896 40 22 the
370 895 136 31 protection
522 895 26 23 of
559 896 56 22 God
626 896 48 22 and
684 895 48 23 His
741 896 162 31 tranquillity,
910 902 27 16 so

89 929 60 31 long
162 936 25 15 as
200 929 69 22 those
282 929 54 23 who
349 928 113 32 frequent
481 929 65 22 them
561 929 30 22 do
605 933 42 19 not
659 929 119 23 unsheath
794 929 65 23 their
874 937 63 15 arms

88 963 96 30 against
204 962 69 23 those
294 962 80 23 whom
396 962 59 32 they
479 966 72 20 meet.
589 962 42 23 He
654 962 51 24 that
724 963 92 23 offends
840 963 25 22 in
890 963 47 23 this

87 1000 103 27 respect,
203 996 109 23 whether
329 996 30 23 he
376 1004 57 23 may
451 997 28 22 be
495 1004 15 15 a
524 997 87 22 citizen
628 1004 28 15 or
672 1005 14 14 a
698 1000 118 28 stranger,
829 996 61 23 shall
906 997 31 22 be

90 1030 88 23 visited
193 1030 58 23 with
266 1030 41 23 the
322 1029 48 24 fine
384 1029 28 23 of
425 1030 104 27 murder,
545 1038 62 23 upon
628 1030 146 31 application
788 1034 25 19 to
826 1031 41 23 tho
883 1030 54 23 lord

89 1062 26 25 of
132 1063 42 23 the
196 1063 102 23 district.
335 1063 82 23 There
434 1072 39 14 are
493 1063 68 23 three
582 1064 134 30 privileged
733 1072 99 23 persons
850 1063 29 24 of
895 1064 42 23 the

89 1096 92 32 family,
204 1097 54 23 who
280 1105 40 15 are
346 1100 98 28 exempt
465 1096 62 24 from
552 1097 97 23 manual
672 1097 95 29 labour,
792 1097 75 28 work,
887 1098 50 23 and

88 1130 81 28 office,
171 1144 34 5 —
213 1131 41 23 the
275 1130 86 29 infant,
379 1131 40 22 the
441 1131 70 30 aged,
528 1131 48 23 and
595 1131 41 23 the
658 1131 84 31 family
760 1132 116 27 teacher;
899 1130 38 25 for

87 1164 69 24 these
168 1172 40 15 are
221 1167 43 21 not
276 1167 26 20 to
314 1165 59 22 bear
391 1172 71 20 arms,
476 1165 81 22 attend
572 1168 23 19 to
614 1165 42 22 the
674 1164 70 28 horn,
757 1173 46 15 nor
821 1165 116 24 cultivate

89 1198 42 23 the
150 1198 53 23 soil.
239 1197 80 24 There
332 1205 41 16 are
384 1198 68 23 three
465 1198 82 31 things
566 1198 79 23 which
661 1199 143 30 strengthen
816 1200 42 22 the
872 1202 65 20 tran-

90 1231 96 32 quillity
206 1231 28 23 of
254 1232 42 23 the
315 1232 180 30 neighbouring
517 1235 111 28 country,
630 1247 35 3 —
672 1233 72 30 equal
763 1233 137 31 privileges,
923 1240 14 16 a

92 1273 113 15 common
226 1265 61 23 form
307 1265 27 23 of
348 1268 167 28 government,
529 1266 49 22 and
595 1266 42 22 the
658 1266 108 23 sciences
783 1266 28 24 of
827 1267 109 27 wisdom,

92 1299 79 23 under
188 1299 42 22 the
249 1299 93 23 mutual
360 1299 135 31 protection
514 1299 28 22 of
563 1299 41 23 the
622 1299 183 33 neighbouring
824 1304 112 28 country,

92 1333 139 31 emanating
252 1332 61 23 from
332 1333 75 23 union
427 1333 48 23 and
493 1333 95 23 natural
602 1333 75 32 right.
714 1333 80 24 There
810 1342 40 15 are
869 1334 68 24 three

91 1365 99 32 leading
206 1365 93 32 objects
318 1366 27 24 of
359 1366 41 24 the
418 1366 179 32 neighbouring
613 1371 114 27 country,
728 1382 34 3 —
764 1376 112 16 common
889 1369 48 23 and

91 1399 94 30 perfect
206 1399 108 27 defence,
335 1401 71 30 equal
428 1401 136 30 protection
584 1400 26 24 of
628 1401 41 23 the
688 1405 49 20 arts
755 1402 48 23 and
821 1403 115 24 sciences,

92 1433 49 22 and
153 1433 41 22 the
208 1434 138 31 cherishing
365 1434 28 23 of
407 1434 184 24 domestication
608 1435 48 23 and
676 1436 129 30 peaceable
823 1439 112 20 customs.

92 1465 82 24 There
190 1474 40 16 are
243 1467 68 24 three
328 1467 84 31 family
428 1471 56 26 arts,
487 1481 30 5 —
520 1469 156 29 agriculture,
690 1476 28 16 or
734 1470 42 23 the
794 1470 143 23 cultivation

327 1540 15 16 *
354 1541 80 20 Bohn's
446 1539 35 23 Six
491 1540 125 26 Chronicles,
627 1549 20 18 p.
657 1543 44 19 122.
