1023 1619
379 100 54 16 THE
447 100 90 16 WELSH
551 100 116 16 CHURCH.

894 93 46 23 111

100 158 19 24 is
136 159 206 23 commemorated
358 167 26 15 as
403 167 45 15 one
466 158 29 24 of
509 160 41 22 the
568 160 67 23 three
648 159 96 24 blessed
757 159 94 24 visitors
867 159 27 23 of
903 159 41 24 the

100 193 47 23 Isle
168 192 28 24 of
212 193 102 26 Britain,
337 192 71 23 Dewi
430 192 51 32 (St.
500 192 97 33 David)
622 194 47 22 and
691 193 95 23 Padarn
807 194 74 30 being
901 193 42 23 the

100 227 71 22 other
194 229 55 20 two.
310 226 70 31 They
402 234 62 15 were
483 234 26 15 so
531 227 77 22 called
630 227 103 22 because
756 227 57 31 they
833 230 63 19 went
917 234 27 15 as

100 264 83 27 guests
200 263 26 20 to
243 260 41 23 the
301 260 87 23 houses
407 260 28 23 of
449 260 40 23 the
508 260 79 28 noble,
605 260 41 23 the
664 260 118 31 plebeian,
797 261 41 22 the
854 260 89 28 native,

100 294 48 22 and
161 294 41 22 the
221 298 118 27 stranger,
353 294 102 23 without
467 294 129 31 accepting
614 294 77 23 either
710 294 36 23 fee
763 302 27 15 or
803 294 99 27 reward,
916 302 29 14 or

101 327 103 23 victuals
221 336 28 15 or
266 327 71 23 drink
347 338 6 16 ;
371 328 44 22 but
428 328 64 22 what
505 328 56 31 they
575 328 42 22 did
631 336 48 14 was
696 331 24 19 to
737 328 70 23 teach
824 328 42 23 the
884 327 60 23 faith

101 362 24 22 in
138 361 83 23 Christ
234 365 24 19 to
271 369 72 24 every
354 369 46 15 one
410 362 102 22 without
524 370 46 22 pay
583 370 27 14 or
622 361 88 23 thanks
721 371 5 13 :
746 361 102 26 besides,
854 361 89 28 which,

101 395 59 31 they
173 403 60 23 gave
246 399 25 19 to
285 395 40 23 the
338 403 60 23 poor
408 396 47 22 and
466 396 76 30 needy
553 395 56 31 gifts
622 395 28 23 of
659 395 63 23 their
735 395 55 31 gold
804 395 46 23 and
864 395 80 28 silver,

101 429 65 23 their
190 430 103 22 raiment
315 429 47 23 and
610 429 69 23 Teilo
703 429 48 23 had
772 429 61 23 been
855 432 43 20 out
918 428 28 23 of

102 462 83 23 Wales
204 470 72 16 seven
293 470 67 23 years
379 463 23 22 in
423 464 40 23 the
482 463 86 23 earlier
583 466 54 27 part
654 462 27 24 of
694 463 35 22 his
746 461 49 24 life.
833 462 52 23 The
901 470 43 22 ap-

101 503 120 23 pearance
235 496 48 24 ofa
293 497 105 22 virulent
410 497 129 30 pestilence
553 497 47 22 had
610 497 85 23 driven
707 497 50 22 him
770 499 25 19 to
807 496 136 27 Armorica,

101 530 82 23 where
205 531 29 22 he
260 531 94 22 resided
373 531 57 22 with
453 530 126 31 Sampson,
603 530 88 30 bishop
715 530 28 23 of
762 530 72 23 Dole.
884 529 60 23 This

104 563 118 31 Sampson
238 571 45 15 was
300 564 98 22 himself
409 572 15 14 a
442 564 80 22 native
541 564 27 22 of
581 564 221 31 Glamorganshire,
821 563 54 27 and,
893 564 18 22 it
924 563 21 23 is

102 597 59 26 said,
176 597 113 23 returned
310 601 23 19 to
350 597 48 23 and
411 597 56 23 died
486 598 22 22 in
524 597 89 23 Wales.
648 597 29 23 In
695 597 40 23 the
752 597 154 30 churchyard
918 595 28 24 of

101 630 109 23 Lantwit
230 630 82 32 Major
336 634 47 20 two
401 631 66 31 large
484 635 69 19 stone
571 639 92 15 crosses
680 631 47 23 still
747 631 91 23 remain
850 633 27 25 ;f
897 637 47 16 one

101 664 29 22 of
145 664 65 22 them
230 664 90 32 having
338 664 67 23 three
424 664 93 23 several
535 665 162 30 inscriptions.
741 664 54 23 The
816 664 52 22 first
885 671 59 23 pur-

100 698 99 31 porting
217 698 53 23 that
288 698 18 22 it
320 706 47 15 was
385 699 41 22 the
439 706 65 15 cross
523 698 27 23 of
564 698 89 23 Iltutus
672 699 47 22 and
740 698 118 31 Sampson
871 707 5 17 ;
900 697 43 23 the

101 732 98 26 second,
213 731 52 23 that
280 731 118 32 Sampson
416 732 96 23 erected
525 733 40 21 the
579 741 65 14 cross
658 732 36 23 for
707 732 35 22 his
752 732 53 23 soul
816 741 6 17 ;
840 731 47 22 and
901 731 42 23 the

101 765 73 27 third,
188 765 54 23 that
254 773 45 15 one
319 765 97 24 Samuel
430 774 47 14 was
490 766 41 22 the
547 774 92 15 carver.
675 765 53 23 The
741 766 70 23 other
823 772 66 15 cross
901 764 44 23 has

101 799 46 23 but
165 807 45 15 one
230 799 149 30 inscription,
399 799 78 23 which
498 802 73 20 states
596 800 51 22 that
668 799 18 22 it
704 807 48 15 was
773 798 118 31 prepared
910 798 35 30 by

104 832 119 30 Sampson
245 832 38 23 for
307 833 36 22 his
365 833 61 27 soul,
448 833 48 22 and
516 832 38 23 for
578 833 41 22 the
643 833 65 22 souls
732 832 29 23 of
780 831 99 24 Juthael
902 831 43 24 the

103 865 67 31 king,
182 866 46 22 and
242 866 135 23 Arthmael.
415 866 136 27 Oudocius,
562 867 101 22 another
674 866 99 30 nephew
783 865 28 23 of
819 865 36 23 St.
866 864 77 28 Teilo,

102 900 48 22 and
167 907 27 15 so
211 900 73 23 much
301 900 146 23 reverenced
460 907 26 15 as
501 904 25 19 to
540 900 29 23 be
586 900 91 23 ranked
694 907 46 16 one
758 899 28 23 of
801 900 40 22 the
858 902 87 27 patron

102 933 75 23 saints
194 933 78 23 ofthe
290 933 131 27 cathedral,
434 934 135 22 succeeded
586 934 37 22 his
640 933 70 23 uncle
727 936 24 20 at
768 932 127 28 Llandaff;
914 932 30 23 he

143 995 13 14 *
170 995 120 20 Williams's
301 996 83 26 Cymry,
396 1003 20 19 p.
430 996 45 20 133.

142 1023 15 23 f
171 1023 43 19 The
232 1023 40 20 late
289 1023 42 19 Mr.
352 1023 87 19 Edward
453 1023 101 19 Williams
575 1022 55 27 (lolo
647 1022 138 27 Morganwg),
804 1023 34 20 the
853 1022 53 20 Bard
923 1022 23 21 of

102 1050 131 25 Glamorgan,
249 1050 115 20 discovered
379 1056 37 13 one
431 1050 23 19 of
466 1050 56 20 these
537 1051 118 25 interesting
669 1051 121 19 memorials.
822 1050 9 19 I
847 1056 49 19 copy
912 1050 33 19 his

100 1083 46 13 own
160 1080 84 16 account
258 1078 52 18 from
325 1078 42 18 Mr.
378 1078 104 24 Waring's
497 1078 89 24 recently
599 1078 106 25 published
904 1078 41 18 and

254 1105 23 18 of
284 1105 34 18 the
328 1106 54 24 poet.
414 1105 9 18 I
434 1107 54 16 must
498 1105 86 25 premise
598 1105 44 19 that
657 1111 12 12 a
683 1105 95 19 tradition
793 1111 42 16 ran,
851 1105 44 18 that
910 1105 35 18 the

100 1138 55 12 cross
166 1132 39 18 had
215 1138 49 12 once
279 1132 58 18 stood
348 1132 27 25 by
385 1132 34 18 the
430 1132 73 18 church
514 1132 69 24 porch,
594 1132 37 18 but
641 1133 40 17 had
691 1133 51 18 been
754 1132 130 18 undermined
895 1131 28 25 by
932 1138 13 12 a

100 1159 119 24 newly-dug
231 1166 65 17 grave,
308 1159 39 18 and
361 1159 61 18 fallen
437 1159 28 23 in,
481 1159 39 18 and
535 1159 51 18 been
600 1160 84 18 covered
693 1160 48 18 with
756 1159 63 18 earth.
874 1158 25 19 In
909 1158 36 19 the

100 1192 48 19 year
256 1186 66 19 writes
337 1186 42 19 Mr.
391 1186 108 23 Wilhams,
540 1186 59 24 being
612 1188 20 17 at
646 1186 57 19 work
716 1187 21 18 in
752 1186 88 19 Lantwit
854 1185 89 23 Church,

100 1213 39 19 and
150 1213 60 25 being
223 1220 38 12 one
275 1213 35 25 day
322 1213 75 19 unable
407 1216 21 16 to
442 1219 26 19 go
482 1219 27 13 on
519 1213 48 19 with
577 1213 53 19 what
641 1213 9 19 I
661 1213 41 19 had
713 1213 22 19 in
748 1213 55 19 hand
817 1213 31 18 for
857 1215 54 16 want
923 1211 23 20 of

99 1240 116 22 assistance,
227 1240 10 19 I
248 1240 106 25 employed
364 1247 12 12 a
385 1243 56 22 great
450 1243 46 22 part
505 1240 23 19 of
536 1246 37 13 one
588 1240 105 19 afternoon
707 1240 22 19 in
743 1240 82 25 digging
839 1239 21 19 in
875 1239 70 19 search

100 1267 22 19 of
130 1267 40 19 this
184 1270 65 20 stone,
260 1267 39 19 and
309 1267 73 25 having
392 1267 116 20 discovered
523 1267 23 23 it,
558 1267 10 19 I
580 1267 77 20 cleared
667 1274 55 19 away
731 1267 27 19 all
768 1267 33 19 the
815 1265 57 20 earth
882 1266 63 19 about

99 1294 23 19 it.
161 1294 92 25 Evening
266 1294 89 26 brought
370 1294 34 19 the
420 1294 82 19 farmers
519 1294 40 19 and
575 1294 52 19 their
641 1294 103 19 workmen
759 1293 68 22 home,
844 1293 39 18 and
899 1293 43 18 Mr.

100 1321 134 25 Christopher
243 1321 89 19 Wilkins
344 1321 39 19 and
396 1321 35 19 the
444 1321 40 19 late
497 1321 42 19 Mr.
552 1321 67 19 David
628 1321 63 19 Jones
704 1321 48 25 (two
763 1327 49 18 very
821 1320 123 25 respectable

100 1348 116 25 gentlemen
230 1348 101 25 farmers),
343 1354 26 13 on
379 1348 68 25 seeing
459 1348 40 19 this
514 1350 66 21 stone,
591 1348 83 19 ordered
685 1348 52 19 their
746 1354 46 12 men
802 1350 21 16 to
834 1348 59 17 assist
902 1353 40 12 me.

99 1375 39 19 We
153 1376 49 17 with
216 1377 56 23 great
287 1376 97 24 difficulty
398 1377 36 23 got
448 1376 16 18 it
478 1377 36 17 out
528 1376 23 18 of
563 1376 34 18 the
745 1375 57 19 Then
817 1374 77 18 follows
909 1374 35 19 the

100 1402 127 25 inscription.
281 1402 19 19 It
310 1403 33 24 lay
353 1409 27 12 on
394 1403 34 18 the
443 1402 85 25 ground,
539 1402 66 19 where
619 1403 16 18 it
646 1403 39 18 had
694 1403 51 18 been
759 1402 64 18 raised
834 1403 35 17 out
879 1401 22 19 of
910 1401 33 19 the

100 1436 66 19 grave,
178 1429 32 19 till
218 1429 81 24 August
310 1429 59 23 1793,
380 1429 62 19 when
454 1429 10 19 I
474 1429 98 25 procured
582 1430 109 18 assistance
700 1432 21 16 to
732 1431 53 17 erect
795 1429 16 19 it
821 1435 25 13 on
856 1428 34 20 the
900 1430 43 18 east

100 1457 42 18 side
152 1457 24 18 of
183 1456 34 19 the
232 1456 69 25 porch,
313 1456 65 19 where
392 1456 17 19 it
418 1462 46 13 now
474 1456 76 19 stands.
581 1456 20 19 It
611 1459 54 16 must
674 1457 50 18 have
735 1456 50 19 been
795 1455 70 20 buried
875 1456 20 18 in
908 1455 34 20 the

100 1484 79 24 ground
196 1483 69 20 before
283 1484 34 19 the
337 1483 128 19 continuator
484 1483 24 19 of
523 1482 90 21 Camden
631 1484 72 25 copied
719 1484 34 19 the
770 1482 128 26 inscriptions
915 1489 27 13 on

100 1511 85 24 Iltutus,
197 1517 23 13 or
230 1511 105 19 otherwise
345 1510 25 20 he
380 1510 66 20 would
457 1510 96 25 certainly
563 1511 50 19 have
623 1512 70 23 copied
703 1511 40 19 this
