1023 1619
891 99 47 22 139

344 106 137 16 MONASTIC
496 106 195 16 INSTITUTIONS.

100 163 55 24 fflur
173 164 48 23 and
241 163 115 31 Conway.
404 164 52 23 The
470 164 66 23 work
549 172 46 15 was
614 165 141 30 frequently
773 164 149 24 transcribed
932 174 6 17 ;

100 198 188 30 unfortunately,
302 198 40 23 the
355 198 106 30 copyists
472 205 62 16 were
547 201 43 20 not
602 206 27 15 so
642 199 93 22 careful
747 207 25 14 as
785 199 57 31 they
852 198 86 23 should

99 232 60 22 have
171 232 70 27 been,
254 232 48 22 and
315 232 67 22 there
395 238 40 16 are
448 231 52 23 said
514 235 23 19 to
551 232 30 22 be
595 232 166 23 considerable
769 233 131 22 variations
913 232 25 22 in

99 265 39 22 the
151 265 94 22 MSS.*

150 299 72 23 From
240 299 42 22 the
299 298 63 23 sixth
365 312 32 3 —
398 299 32 31 by
444 299 118 30 necessity
576 299 81 22 rather
675 299 56 22 than
751 299 85 23 choice
838 314 32 3 —
873 299 11 23 I
898 299 40 23 de-

100 332 72 24 scend
185 336 24 19 to
223 332 39 23 the
276 332 109 22 eleventh
399 336 111 27 century.
547 332 28 22 In
589 332 41 22 the
644 337 63 18 most
719 332 119 23 beautiful
850 332 91 32 partof

100 375 14 15 a
127 370 89 28 county
229 366 135 23 celebrated
383 365 37 23 for
430 365 117 24 beautiful
559 373 109 23 scenery,
682 366 42 23 the
737 370 92 28 county
842 366 27 23 of
878 366 59 24 Car-

100 401 80 30 digan,
192 400 18 22 is
223 408 15 15 a
249 399 150 24 remarkable
417 400 92 31 bridge,
525 399 85 27 which,
624 400 127 31 springing
765 399 61 23 from
840 400 57 23 rock
912 404 24 19 to

100 434 65 27 rock,
178 442 71 22 spans
261 437 25 19 at
298 442 13 14 a
324 433 67 31 dizzy
405 433 84 31 height
501 433 41 23 the
555 436 92 20 torrent
659 433 79 23 which
751 442 58 14 runs
823 434 112 23 beneath.

101 468 58 23 This
169 468 46 23 fine
225 467 108 31 example
348 466 27 24 of
381 475 111 23 masonry
503 468 18 22 is
531 475 60 22 very
601 466 115 32 unjustly,
727 467 47 23 and
785 475 56 22 very
854 468 82 22 incon-

100 502 114 30 sistently,
233 501 109 24 ascribed
360 504 25 20 to
404 502 39 23 the
461 501 71 27 devil,
536 515 32 4 —
575 500 74 24 Satan
671 508 75 15 never
763 501 91 30 having
876 502 60 22 been

102 536 83 22 known
200 539 24 19 to
237 536 30 22 do
282 542 14 16 a
307 535 179 31 good-natured
501 535 68 30 thing
581 536 65 22 since
660 534 36 23 his
710 534 40 23 fall
760 544 6 17 ;
785 535 115 27 whereas,
912 537 24 21 to

102 572 43 28 put
155 569 45 22 this
215 569 83 31 bridge
306 569 70 22 down
387 569 63 27 here,
455 568 53 31 just
518 569 78 22 where
608 569 19 22 it
636 576 48 15 was
697 571 62 20 most
772 569 101 26 wanted,
888 568 48 23 and

102 606 25 20 at
138 610 25 15 so
176 602 71 23 much
259 606 50 19 cost
319 603 46 22 and
375 602 103 28 trouble,
490 610 46 14 was
547 610 13 14 a
569 610 56 23 very
634 602 178 31 good-natured
823 602 70 31 thing
904 602 32 22 in-

103 636 67 23 deed.
205 636 53 23 The
271 636 84 23 monks
364 635 27 24 of
398 637 39 22 the
449 636 132 24 Cistercian
595 636 79 31 abbey
685 635 27 23 of
718 635 145 24 Ystradfflur
873 643 62 15 were

103 670 38 23 the
151 670 127 23 architects
288 670 48 23 and
348 678 102 20 masons,
462 673 24 20 to
496 670 79 22 whose
585 670 53 22 skill
648 670 48 23 and
707 670 86 22 labour
803 678 34 15 we
851 677 39 15 are
900 670 38 22 in-

103 704 97 26 debted;
213 705 46 22 and
267 712 53 15 now
326 704 32 23 let
368 712 27 15 us
404 712 32 23 go
445 704 46 22 aud
499 703 55 23 look
564 704 40 22 the
613 704 62 31 good
685 703 85 24 monks
779 707 58 27 up.t
852 704 87 22 About

105 738 70 27 1080,
188 738 68 31 Rhys
268 746 30 22 ap
311 738 117 27 Tewdwr,
442 738 83 30 prince
544 737 27 23 of
582 737 76 24 South
672 737 90 28 Wales,
775 737 58 23 then
846 742 43 18 not
902 736 37 24 far

103 771 62 24 from
175 772 82 30 ninety
267 779 69 23 years
348 772 48 26 old,
404 771 106 23 founded
519 779 14 15 a
543 770 114 31 religious
666 771 75 23 house
750 774 24 20 at
784 779 14 15 a
807 771 68 30 place
884 779 54 15 now

105 805 76 24 called
220 805 56 23 Hen
475 805 40 23 the
529 804 38 23 old
580 806 79 29 abbey
673 812 29 16 on
717 805 40 23 the
773 805 77 23 banks
863 804 76 24 ofthe

105 840 63 22 river
181 839 66 23 Flur.
283 839 69 31 Rhys
365 846 48 16 was
426 846 44 16 one
489 838 28 23 of
527 839 40 23 the
579 839 96 23 bravest
687 839 47 23 and
747 839 53 23 best
818 839 27 23 of
856 839 83 23 Welsh

105 873 95 31 princes
219 872 75 23 ofthe
313 873 109 22 eleventh
442 876 110 27 century.
591 872 39 23 He
645 880 46 15 was
709 873 91 22 elected
814 872 87 23 Prince
915 872 28 23 of

106 906 77 23 South
194 906 82 22 Wales
288 906 23 22 in
329 907 69 27 1077,
411 906 54 27 and,
478 906 64 22 what
555 913 46 15 was
614 914 58 22 very
685 914 52 15 rare
751 906 94 28 indeed,
856 906 83 23 united

105 943 25 20 to
144 940 39 23 the
193 941 67 22 voice
271 939 72 24 ofthe
355 939 84 32 people
452 948 29 14 an
496 939 154 23 indefeasible
664 939 51 23 title
725 943 25 20 to
762 940 41 23 the
817 948 79 15 crown
907 941 32 31 by

106 974 112 26 descent;
246 974 183 31 consequently,
448 974 29 22 he
496 973 55 23 held
573 974 36 22 his
633 974 152 31 patrimonial
805 974 136 23 dominions

106 1008 90 23 several
210 1015 67 24 years
292 1008 100 23 without
409 1007 158 23 molestation.
608 1006 110 25 Caradoc
727 1011 11 25 J
757 1008 18 22 is
794 1008 24 22 in
837 1008 104 23 admira-

108 1042 47 22 tion
170 1044 24 20 at
208 1042 45 22 this
265 1041 87 31 pacific
365 1041 177 31 phenomenon,
556 1041 46 23 and
621 1050 54 22 says
689 1042 51 23 that
779 1042 17 22 it
812 1042 46 23 had
878 1042 61 22 been

107 1075 90 23 seldom
211 1075 86 23 known
453 1075 11 23 I
475 1075 87 23 should
580 1083 42 23 sayr
635 1071 52 27 that
700 1076 40 23 the
754 1079 187 27 contemporary

108 1109 109 31 reigning
235 1110 82 29 prince
330 1108 28 24 of
369 1109 78 23 North
461 1109 81 23 Wales
561 1109 47 23 had
626 1109 50 23 also
695 1117 13 15 a
727 1110 65 22 clear
803 1110 53 22 title
876 1110 66 22 inde-

108 1143 106 30 pendent
227 1143 27 22 of
260 1143 111 28 election,
383 1143 77 23 which
471 1143 158 23 coincidence
639 1150 47 16 was
699 1143 41 23 the
754 1151 65 15 more
832 1143 111 30 striking.

110 1176 36 23 To
166 1177 87 22 relieve
273 1176 39 23 the
330 1177 137 22 wearisome
492 1180 134 26 monotony
645 1176 28 24 of
689 1185 15 14 a
723 1177 134 30 prolonged
879 1179 65 20 tran-

110 1210 102 31 quillity,
221 1210 23 22 in
258 1210 63 23 1086
335 1218 14 15 a
360 1210 115 24 rebellion
486 1210 76 23 broke
575 1214 49 23 out,
634 1210 93 23 headed
740 1210 31 31 by
786 1217 65 15 some
861 1209 84 23 Welsh

110 1243 124 23 chieftains
254 1243 27 24 of
291 1244 68 31 royal
377 1244 80 27 blood,
470 1244 48 22 and
536 1244 73 22 tailed
654 1244 33 29 by
697 1251 15 14 a
724 1247 68 26 great
806 1243 103 22 number
921 1241 28 24 of

109 1277 126 23 licentious
253 1278 258 23 and.malecontented
671 1276 54 23 The
743 1276 78 22 rebels
840 1276 46 22 had
905 1276 42 22 the

110 1311 82 30 public
210 1310 89 32 feeling
311 1312 58 22 with
387 1312 73 27 them,
475 1311 47 23 and
541 1310 77 31 Rhys,
631 1310 89 23 unable
734 1313 24 19 to
772 1309 68 22 stand
854 1309 94 30 against

111 1345 72 28 them,
197 1345 88 23 retired
304 1349 24 20 to
348 1345 103 27 Ireland,
465 1345 110 26 whence,
588 1344 90 30 having
691 1342 112 23 received
816 1342 132 22 reinforce-

111 1382 83 24 ments,
208 1379 30 23 he
256 1379 122 23 returned.
415 1378 46 23 His
480 1378 106 30 subjects
600 1384 63 15 were
681 1384 26 14 as
724 1375 56 31 glad
799 1379 24 18 to
842 1383 38 14 see
899 1375 50 22 him

111 1412 62 24 back
191 1414 69 29 again
283 1421 25 15 as
326 1413 58 30 they
398 1420 62 15 were
478 1414 25 20 to
522 1410 58 23 send
599 1410 51 22 him
666 1417 77 22 away.
779 1408 22 23 A
816 1408 74 23 battle
903 1416 46 15 was

140 1491 10 10 *
166 1487 71 21 Rees's
249 1487 65 20 South
323 1486 77 23 Wales,
412 1492 19 18 p.
442 1485 48 19 669.
547 1484 14 23 t
575 1482 108 20 Roberts's
696 1482 139 20 Stratafiorida
845 1482 78 26 Abbey.

372 1513 13 24 X
400 1511 94 21 Powell's
504 1510 98 24 Caradoc,
613 1516 20 19 p.
645 1509 45 20 109.
