1023 1619
91 129 33 22 24

454 138 123 16 BARDISM.

93 197 122 29 hangman
237 196 48 23 and
304 196 129 23 headsman
453 197 60 23 have
532 197 60 23 been
612 197 45 23 less
670 196 83 23 skilful
768 203 28 16 or
814 203 66 16 more
893 202 45 16 un-

93 230 132 22 fortunate.
265 229 74 23 What
352 230 118 28 followed,
484 231 40 23 the
544 235 97 26 posture
660 231 23 22 in
698 230 77 23 which
794 230 41 22 the
855 236 84 24 corpse

93 263 48 27 fell,
156 263 40 22 the
216 263 130 31 quivering
364 264 78 23 ofthe
461 264 79 27 limbs,
560 265 40 22 the
619 264 117 23 direction
755 264 23 22 in
800 263 77 23 which
897 263 42 22 the

94 296 73 23 blood
179 296 96 28 flowed,
278 311 33 4 —
313 297 65 23 these
389 298 151 30 phenomena
549 306 61 15 were
619 298 69 23 made
700 298 152 22 subservient
860 302 26 17 to
899 297 40 22 the

95 331 97 22 science
214 330 28 23 of
262 331 142 27 divination,
419 331 53 31 just
490 340 26 14 as
536 330 38 24 for
594 331 40 23 the
656 331 176 23 advancement
853 330 27 23 of
899 330 41 23 the

96 365 96 22 science
217 363 27 23 of
260 364 120 23 medicine
404 365 42 22 the
466 365 85 23 bodies
574 364 28 23 of
623 365 41 22 the
684 365 116 22 executed
815 372 70 18 were,
904 363 36 23 till

96 406 58 23 very
174 397 82 32 lately,
278 398 108 23 directed
412 401 24 20 to
461 398 30 23 be
515 398 122 23 delivered
659 401 25 20 to
705 398 41 22 the
767 405 117 23 surgeons
905 397 37 23 for

96 432 140 23 dissection.
272 431 23 23 It
317 432 19 22 is
356 432 106 23 asserted
481 432 53 23 that
551 432 41 23 the
610 432 114 22 innocent
743 431 105 23 suffered
864 439 77 14 some-

97 467 83 25 times;
194 466 41 23 the
248 464 48 24 fact
309 473 56 23 may
380 465 61 23 have
451 466 59 22 been
521 473 33 18 so,
569 465 11 23 I
594 465 60 23 shall
667 468 43 20 not
722 465 95 30 dispute
832 466 25 21 it.
893 463 50 25 But

96 501 24 22 in
134 501 70 22 other
218 500 129 26 countries,
362 500 134 23 accounted
518 499 85 31 highly
617 499 116 26 civilised,
747 499 60 23 have
821 500 40 22 the
874 499 68 22 inno-

96 537 56 19 cent
166 541 73 15 never
248 533 104 23 suffered
365 534 10 22 ?
415 533 52 23 Has
482 534 40 22 the
535 534 113 30 ordinary
662 533 46 23 and
722 533 122 30 equitable
858 540 84 16 course

98 567 28 23 of
137 567 89 31 justice
247 575 72 14 never
339 567 60 22 been
420 567 87 22 turned
526 567 66 23 aside
611 567 32 31 by
657 567 40 22 the
711 567 47 22 will
774 566 27 23 of
811 570 91 28 tyrants
916 574 27 15 or

98 601 41 23 the
164 600 111 24 madness
298 600 28 23 of
347 601 39 22 the
411 600 85 31 people
507 601 11 23 ?
557 600 43 28 Or,
620 600 79 23 where
717 600 95 22 neither
831 600 28 22 of
875 600 66 22 these

98 643 83 15 causes
200 635 42 22 has
261 635 122 30 operated,
403 634 78 23 where
501 634 39 23 the
559 634 45 23 law
623 635 42 22 has
683 634 61 23 been
764 633 116 29 carefully
893 635 49 21 and

100 668 203 31 conscientiously
314 668 178 24 administered,
502 669 61 22 have
572 668 40 23 the
623 668 112 23 innocent
746 676 72 15 never
828 667 112 27 suffered,

99 702 105 31 through
219 702 188 23 circumstantial
421 702 124 25 evidence,
558 702 81 31 fitting
656 705 24 19 to
700 701 40 23 the
760 702 57 26 hair,
838 702 44 22 but
899 705 41 19 too

100 737 48 22 late
162 736 91 30 proved
265 739 26 19 to
304 736 60 22 have
377 736 60 23 been
452 736 123 23 fallacious
585 736 11 23 ?
634 735 28 23 In
675 736 41 22 the
729 735 41 23 life
783 736 52 22 that
848 743 52 15 now
914 735 28 26 is,

100 771 41 22 the
156 771 114 21 innocent
283 772 63 20 must
359 769 65 23 often
438 770 80 23 suffer.
555 769 53 23 The
621 769 93 30 Gospel
727 769 91 23 reveals
829 777 15 14 a
861 768 82 23 future

98 804 138 30 judgment,
257 803 67 22 when
343 804 40 22 the
402 810 77 16 errors
498 803 47 23 and
564 803 105 30 injuries,
683 804 29 22 be
731 803 58 30 they
803 803 63 22 what
885 802 58 30 they

103 845 62 24 may,
180 836 27 24 of
216 837 93 29 earthly
324 837 126 28 tribunals,
463 837 47 22 will
524 837 29 22 be
567 837 123 23 corrected
704 837 46 22 and
764 835 180 31 compensated.

155 870 46 22 We
214 871 61 21 have
289 870 91 22 viewed
394 871 23 21 in
427 871 135 21 succession
577 871 40 21 the
629 870 88 22 Bardic
731 870 152 22 Convention
899 869 45 22 and

104 904 70 31 High
181 904 77 23 Court
267 904 28 22 of
297 904 157 27 Judicature;
468 904 67 22 there
544 904 102 22 remains
656 906 24 20 to
686 904 80 22 notice
776 904 40 22 the
823 903 124 30 crowning

104 942 78 23 event,
192 938 41 23 the
247 937 114 32 religious
374 937 101 23 festival.
503 937 54 23 The
567 937 96 31 Deluge
665 952 33 3 —
700 937 39 23 the
749 941 68 27 great
826 936 122 23 historical

104 972 50 24 fact
163 971 27 23 of
196 972 40 23 the
245 971 96 28 Triads,
343 985 32 3 —
378 971 77 23 which
463 975 76 27 swept
548 979 67 23 away
622 979 13 14 a
645 971 130 30 corrupted
784 978 63 20 race,
857 978 48 15 was
913 978 36 15 re-

104 1006 91 31 garded
204 1014 25 14 as
242 1013 12 15 a
265 1005 127 23 lustration
404 1014 5 17 ;
423 1006 46 22 and
483 1006 65 22 since
558 1004 42 24 the
611 1005 139 23 immediate
760 1012 79 19 cause,
850 1004 99 23 accord-

104 1041 42 29 ing
159 1043 25 19 to
198 1039 40 22 the
253 1039 83 26 Bards,
350 1047 48 14 was
408 1039 40 23 the
462 1039 112 31 bursting
591 1038 28 24 of
628 1047 14 15 a
655 1038 62 28 lake,
726 1039 56 22 with
796 1038 41 23 the
849 1038 66 23 lakes
925 1037 28 24 of

105 1073 90 26 Wales,
206 1072 85 27 which,
298 1072 126 31 reflecting
431 1072 40 23 the
480 1072 60 23 dark
551 1073 111 23 shadows
667 1072 28 24 of
703 1073 40 23 the
753 1073 136 23 mountains
898 1072 52 23 that

105 1106 124 30 overhang
242 1106 72 25 them,
329 1105 72 23 affect
420 1106 40 22 the
479 1106 112 23 traveller
609 1114 27 15 so
648 1106 100 31 sweetly
761 1107 47 23 and
825 1106 125 31 solemnly,

106 1147 62 16 were
181 1139 134 22 associated
328 1139 180 31 awe-inspiring
523 1140 175 23 recollections.
736 1140 143 23 Connected
894 1140 56 23 with

105 1173 64 31 Llyn
185 1172 128 24 Savaddan
327 1171 149 33 (Llangorse
495 1172 81 32 Pool),
591 1174 23 22 in
630 1174 218 28 Brecknockshire,
862 1182 57 15 runs
937 1182 14 15 a

106 1206 87 32 legend
206 1206 79 23 which
298 1213 29 15 an
341 1205 41 24 old
396 1213 54 15 man
465 1206 22 22 in
501 1207 41 22 the
556 1210 62 19 town
634 1207 28 23 of
672 1207 56 31 Hay
742 1208 114 29 repeated
867 1212 25 19 to
904 1208 47 22 Mr.

107 1241 98 26 Davies,
219 1240 47 23 and
286 1239 10 23 I
310 1240 63 29 hope
392 1239 41 23 the
452 1240 84 22 reader
549 1240 46 22 will
608 1239 95 31 forgive
722 1248 40 23 my
776 1242 116 32 prolixity
905 1241 21 24 if
939 1241 12 24 I

107 1274 74 22 insert
195 1274 25 22 it.
270 1273 52 23 The
332 1274 45 22 site
391 1272 72 23 ofthe
477 1276 96 26 present
583 1273 55 23 lake
648 1281 49 15 was
707 1274 115 32 formerly
833 1276 120 31 occupied

107 1308 33 31 by
153 1315 14 15 a
179 1307 66 31 large
258 1307 57 31 city,
330 1307 43 22 but
386 1307 41 22 the
441 1307 149 22 inhabitants
602 1314 63 15 were
681 1308 113 30 reported
811 1313 26 19 to
850 1310 31 23 be
894 1318 59 23 very

108 1340 101 24 wicked.
236 1340 52 22 The
303 1340 56 30 king
373 1339 27 23 of
410 1340 40 22 the
463 1344 105 27 country
580 1344 54 18 sent
646 1340 37 22 his
693 1346 97 19 servant
803 1346 25 21 to
842 1345 111 22 examine

108 1375 51 22 into
172 1374 41 23 the
226 1373 66 23 truth
306 1373 28 22 of
343 1373 47 23 this
402 1381 108 19 rumour,
528 1373 90 31 adding
630 1382 15 14 a
656 1374 88 28 threat,
758 1376 52 23 that
824 1378 23 22 in
867 1385 54 16 case
936 1379 18 22 it

108 1407 85 23 should
207 1415 74 23 prove
296 1410 23 20 to
332 1407 31 23 be
377 1406 51 24 well
445 1406 106 24 founded
571 1407 30 22 he
614 1407 79 23 would
707 1408 98 31 destroy
819 1412 41 22 the
877 1412 76 30 place,

107 1449 26 14 as
151 1449 30 14 an
195 1440 109 31 example
318 1445 23 18 to
361 1441 36 22 his
416 1440 69 23 other
502 1440 116 32 subjects.
656 1440 53 24 The
728 1443 110 24 minister
856 1446 97 23 arrived

107 1478 25 18 at
145 1474 40 23 the
198 1478 63 18 town
276 1474 24 22 in
314 1474 40 23 the
367 1475 111 30 evening.
504 1474 41 23 All
558 1474 41 23 the
610 1473 148 25 inhabitants
769 1484 62 16 were
842 1480 110 28 engaged

108 1508 23 21 in
154 1508 92 22 riotous
270 1507 111 30 festivity,
402 1508 47 22 and
468 1508 134 30 wallowing
621 1508 24 22 in
664 1516 91 15 excess.
793 1510 51 23 Not
862 1520 47 16 one
928 1514 27 23 of

106 1540 66 23 them
197 1540 116 30 regarded
339 1541 40 23 the
404 1544 118 26 stranger,
547 1549 27 15 or
596 1542 90 22 offered
711 1542 48 22 him
783 1544 41 22 the
849 1545 57 24 rites
927 1547 28 23 of
