1120 1962
421 149 118 15 POETICAL
558 150 104 15 AVIARY.

933 145 27 21 79

147 226 29 23 In
186 226 37 23 De
232 225 82 24 Lille's
324 233 92 23 poems,
429 225 79 23 which
522 225 10 22 I
546 229 88 19 cannot
648 233 101 23 procure
757 225 24 23 in
792 225 118 27 Calcutta,
922 226 40 22 the

114 276 102 24 tire-lire
230 275 27 23 of
267 275 41 23 the
322 274 64 23 Lark
400 274 19 22 is
433 274 72 30 given
517 283 5 16 ;
537 273 47 23 and
597 273 24 22 in
633 272 98 30 coming
743 272 71 23 down
827 272 62 22 from
928 271 34 23 les

213 323 42 23 the
274 322 55 23 bird
347 321 20 23 is
385 321 158 30 represented
555 324 25 19 to
602 321 63 23 have
679 324 70 20 notes
772 321 190 30 corresponding

114 371 58 21 with
213 370 80 22 Adieu
306 369 62 23 Dieu
379 369 4 22 !
421 368 79 23 Adieu
512 368 62 22 Dieu

148 419 99 32 Having
267 427 64 23 gone
355 418 108 31 through
484 418 41 22 the
546 417 119 31 principal
686 425 115 24 passages
822 417 25 23 in
860 417 104 31 English

114 471 87 30 Poetry
214 470 104 30 relating
331 473 26 20 to
369 468 134 24 imitations
517 468 26 23 of
554 468 40 23 the
608 472 69 19 notes
691 467 26 23 of
728 467 71 27 birds,
820 468 10 22 I
850 468 112 30 proceed,

114 528 26 14 as
161 520 25 22 in
198 519 42 23 the
263 520 52 22 first
328 522 62 28 part,
413 522 27 20 to
453 519 84 23 advert
556 522 26 20 to
604 519 91 22 insects.
732 518 50 23 But
801 519 68 23 there
889 519 20 22 is
933 528 31 14 an

114 572 132 29 important
270 570 111 31 question
401 572 26 21 to
447 569 31 23 be
495 567 132 27 answered,
641 566 80 23 which
741 566 185 30 Aristophanes,
939 566 25 23 in

115 628 45 15 one
169 620 26 23 of
202 620 38 22 his
250 620 75 30 plays,
335 622 55 28 puts
401 622 25 20 to
439 618 120 27 Socrates,
570 618 109 23 whether
688 617 78 24 Gnats
776 618 46 22 buz
832 618 58 22 with
902 618 62 23 their

114 667 97 23 mouths
233 676 26 14 or
281 667 59 23 with
352 667 64 23 their
429 666 54 23 tails
494 666 7 23 ?
539 666 22 23 It
573 666 82 23 would
676 673 87 23 appear
776 669 24 19 to
814 666 29 23 be
856 666 42 23 the
910 666 53 23 bet-

114 719 38 19 ter
165 716 108 30 opinion,
289 716 61 23 after
363 724 13 14 a
387 716 127 24 multitude
528 717 26 22 of
565 717 171 31 experiments,
749 717 53 23 that
815 717 40 23 the
875 718 89 22 sounds

115 764 26 23 of
151 765 90 22 insects
253 773 40 14 are
307 772 72 15 never
387 765 124 30 produced
523 765 47 22 like
583 765 42 23 the
638 765 75 27 voice,
726 774 27 14 or
766 770 70 18 notes
845 766 26 22 of
881 766 67 23 birds
959 776 3 17 ;

114 812 54 22 that
181 812 42 23 the
235 813 130 30 humming
379 813 27 23 of
417 814 70 27 Bees,
500 815 38 22 for
558 815 117 27 instance,
689 816 20 23 is
722 816 143 24 occasioned
878 817 32 31 by
923 818 41 23 the

114 862 97 23 friction
223 863 27 22 of
260 863 42 23 the
314 863 70 23 bases
397 863 26 23 of
433 863 63 23 their
509 863 77 31 wings
600 864 94 29 against
707 864 62 23 their
785 864 93 23 throats
889 874 5 17 ;
917 865 47 22 and

115 913 53 23 that
181 913 41 23 the
232 912 192 30 Grasshopper's
438 911 76 23 music
528 911 19 22 is
561 910 123 32 produced
695 910 32 31 by
738 918 84 15 means
836 910 26 23 of
870 919 13 14 a
894 910 70 22 drum

116 962 25 23 of
150 962 185 30 extraordinary
343 961 149 24 mechanical
509 960 163 26 contrivance,
688 959 47 23 and
746 959 79 23 which
847 959 43 23 has
903 959 61 23 been

116 1010 63 26 beat,
193 1010 62 23 after
268 1010 138 27 dissection,
420 1011 31 30 by
464 1011 42 23 the
519 1011 132 23 accidental
672 1011 104 31 striking
789 1012 26 22 of
826 1012 40 23 the
877 1020 87 22 proper

116 1060 111 26 muscles,
255 1068 27 14 or
312 1060 168 23 drum-sticks.
529 1059 55 23 One
608 1060 99 30 species,
723 1060 95 26 indeed,
837 1060 28 23 of
876 1060 88 23 Cicada

116 1108 82 23 makes
211 1108 30 23 its
255 1108 96 32 chirrup
365 1109 30 31 by
409 1116 83 15 means
506 1108 26 23 of
549 1108 106 31 running
668 1108 31 23 its
712 1108 48 24 feet
781 1118 31 22 up
835 1110 46 22 and
895 1110 69 22 down

117 1157 90 22 certain
230 1157 83 31 ridges
326 1157 28 23 of
371 1157 64 31 tight
449 1157 128 23 substance
590 1157 68 31 lying
669 1158 162 32 transversely
839 1167 81 15 across
932 1159 32 23 its

115 1207 71 31 body,
199 1207 41 23 the
253 1208 125 30 operation
390 1207 74 31 being
476 1215 58 22 very
547 1206 91 23 similar
650 1209 26 20 to
697 1206 41 23 the
749 1206 93 23 motion
855 1207 26 22 of
892 1215 13 14 a
919 1207 44 23 fid-

117 1257 113 24 dle-stick
242 1266 82 15 across
333 1257 179 28 fiddle-strings
515 1268 32 3 —

152 1304 76 23 Keats
241 1305 105 23 adduces
359 1305 42 23 the
415 1304 91 24 Cricket
519 1312 25 14 as
557 1312 30 14 an
600 1303 110 23 instance
731 1303 53 23 that
826 1303 40 24 the
879 1307 86 28 poetry

118 1351 25 23 of
267 1361 73 14 never
361 1360 90 19 ceases,
470 1352 47 23 and
527 1352 89 23 Milton
635 1352 43 23 has
697 1353 97 30 painted
815 1354 42 23 the
878 1362 87 23 proper

117 1400 219 28 accompaniments
349 1400 37 23 for
399 1400 47 23 this
460 1400 98 24 insect's
569 1402 75 23 music
645 1416 32 2 —

238 1455 85 23 Where
335 1456 95 29 glowing
442 1458 87 20 embers
541 1457 73 22 round
627 1457 38 22 the
677 1466 68 19 room,

241 1492 78 23 Teach
331 1494 58 28 light
401 1498 24 17 to
437 1494 136 22 counterfeit
584 1503 13 13 a
609 1495 81 28 gloom.

155 1546 141 25 Goldsmith
309 1548 68 30 gives
390 1556 28 15 us
431 1556 30 15 an
473 1549 120 22 imitation
595 1562 32 3 —

238 1596 105 26 Around,
355 1596 23 21 in
391 1596 151 29 sympathetic
555 1596 74 25 mirth,

236 1633 49 21 Her
297 1633 70 22 tricks
379 1633 39 21 the
431 1633 80 21 Kitten
523 1633 62 23 tries,

239 1671 51 22 The
303 1671 93 22 Cricket
412 1671 109 27 chirrups
532 1671 57 20 from
602 1670 38 21 the
653 1670 86 25 hearth,

239 1709 50 22 The
302 1709 114 27 crackling
432 1709 76 27 faggot
520 1708 55 22 flies.
