<?xml version="1.0" encoding="UTF-8"?>
<alto xmlns:xsi="http://www.w3.org/2001/XMLSchema-instance" xsi:noNamespaceSchemaLocation="http://www.bl.uk/schemas/alto/alto-1-4.xsd" xmlns:xlink="http://www.w3.org/1999/xlink">
	<Description>
		<MeasurementUnit>mm10</MeasurementUnit>
		<sourceImageInformation>
			<fileName>//head1/IN/2008-26/A0011759050/008042.jp2</fileName>
		</sourceImageInformation>
		<OCRProcessing ID="OCRPROCESSING_1">
			<preProcessingStep>
				<processingSoftware>
					<softwareCreator>CCS Content Conversion Specialists GmbH, Germany</softwareCreator>
					<softwareName>CCS docWORKS</softwareName>
					<softwareVersion>6.1-0.67</softwareVersion>
				</processingSoftware>
			</preProcessingStep>
			<ocrProcessingStep>
				<processingSoftware>
					<softwareCreator>ABBYY (BIT Software), Russia</softwareCreator>
					<softwareName>Finereader</softwareName>
				</processingSoftware>
			</ocrProcessingStep>
		</OCRProcessing>
	</Description>
	<Styles>
		<TextStyle ID="TXT_0" FONTSIZE="10" FONTFAMILY="Courier New"/>
		<TextStyle ID="TXT_1" FONTSIZE="9" FONTFAMILY="Courier New"/>
		<ParagraphStyle ID="PAR_LEFT" ALIGN="Left"/>
		<ParagraphStyle ID="PAR_CENTER" ALIGN="Center"/>
		<ParagraphStyle ID="PAR_RIGHT" ALIGN="Right"/>
	</Styles>
	<Layout>
		<Page ID="P48" PHYSICAL_IMG_NR="48" HEIGHT="1962" WIDTH="1120" PRINTED_IMG_NR="38" POSITION="Left" ACCURACY="75.04">
			<TopMargin ID="P48_TM00001" HPOS="0" VPOS="0" WIDTH="1120" HEIGHT="183">
				<TextBlock ID="P48_TB00001" HPOS="134" VPOS="160" WIDTH="30" HEIGHT="21" STYLEREFS="TXT_0 PAR_LEFT">
					<TextLine ID="P48_TL00001" HPOS="134" VPOS="160" WIDTH="30" HEIGHT="21">
						<String ID="P48_ST00001" HPOS="134" VPOS="160" WIDTH="30" HEIGHT="21" CONTENT="38" WC="1.00" CC="00"/>
					</TextLine>
				</TextBlock>
				<TextBlock ID="P48_TB00002" HPOS="440" VPOS="169" WIDTH="243" HEIGHT="14" STYLEREFS="TXT_1 PAR_CENTER">
					<TextLine ID="P48_TL00002" HPOS="441" VPOS="169" WIDTH="242" HEIGHT="14">
						<String ID="P48_ST00002" HPOS="441" VPOS="169" WIDTH="119" HEIGHT="14" CONTENT="POETICAL" WC="0.80" CC="00706100"/>
						<SP ID="P48_SP00001" HPOS="560" VPOS="183" WIDTH="20"/>
						<String ID="P48_ST00003" HPOS="580" VPOS="169" WIDTH="103" HEIGHT="14" CONTENT="AVIARY." WC="0.63" CC="8360061"/>
					</TextLine>
				</TextBlock>
			</TopMargin>
			<LeftMargin ID="P48_LM00001" HPOS="0" VPOS="182" WIDTH="115" HEIGHT="1571"/>
			<RightMargin ID="P48_RM00001" HPOS="974" VPOS="182" WIDTH="146" HEIGHT="1571"/>
			<BottomMargin ID="P48_BM00001" HPOS="0" VPOS="1753" WIDTH="1120" HEIGHT="208"/>
			<PrintSpace ID="P48_PS00001" HPOS="115" VPOS="182" WIDTH="859" HEIGHT="1571">
				<TextBlock ID="P48_TB00003" HPOS="132" VPOS="242" WIDTH="838" HEIGHT="122" STYLEREFS="TXT_1 PAR_LEFT">
					<TextLine ID="P48_TL00003" HPOS="168" VPOS="244" WIDTH="802" HEIGHT="30">
						<String ID="P48_ST00004" HPOS="168" VPOS="244" WIDTH="28" HEIGHT="22" CONTENT="fn" WC="0.21" CC="87"/>
						<SP ID="P48_SP00002" HPOS="196" VPOS="266" WIDTH="26"/>
						<String ID="P48_ST00005" HPOS="222" VPOS="244" WIDTH="73" HEIGHT="30" CONTENT="Gay's" WC="0.88" CC="00022"/>
						<SP ID="P48_SP00003" HPOS="295" VPOS="274" WIDTH="21"/>
						<String ID="P48_ST00006" HPOS="316" VPOS="244" WIDTH="93" HEIGHT="26" CONTENT="Fables," WC="0.71" CC="0470060"/>
						<SP ID="P48_SP00004" HPOS="409" VPOS="274" WIDTH="23"/>
						<String ID="P48_ST00007" HPOS="432" VPOS="245" WIDTH="44" HEIGHT="22" CONTENT="the" WC="0.56" CC="750"/>
						<SP ID="P48_SP00005" HPOS="476" VPOS="274" WIDTH="22"/>
						<String ID="P48_ST00008" HPOS="498" VPOS="245" WIDTH="99" HEIGHT="23" CONTENT="Turkies" WC="0.60" CC="0739105"/>
						<SP ID="P48_SP00006" HPOS="597" VPOS="274" WIDTH="19"/>
						<String ID="P48_ST00009" HPOS="616" VPOS="245" WIDTH="87" HEIGHT="26" CONTENT="which," WC="0.61" CC="013467"/>
						<SP ID="P48_SP00007" HPOS="703" VPOS="274" WIDTH="16"/>
						<String ID="P48_ST00010" HPOS="719" VPOS="248" WIDTH="23" HEIGHT="19" CONTENT="at" WC="1.00" CC="00"/>
						<SP ID="P48_SP00008" HPOS="742" VPOS="274" WIDTH="20"/>
						<String ID="P48_ST00011" HPOS="762" VPOS="245" WIDTH="134" HEIGHT="22" CONTENT="Christmas" WC="0.71" CC="060570600"/>
						<SP ID="P48_SP00009" HPOS="896" VPOS="274" WIDTH="18"/>
						<String ID="P48_ST00012" HPOS="914" VPOS="245" WIDTH="56" HEIGHT="24" CONTENT="time" WC="0.77" CC="0602"/>
					</TextLine>
					<TextLine ID="P48_TL00004" HPOS="133" VPOS="294" WIDTH="837" HEIGHT="32">
						<String ID="P48_ST00013" HPOS="133" VPOS="294" WIDTH="33" HEIGHT="22" CONTENT="fill" WC="1.00" CC="0000"/>
						<SP ID="P48_SP00010" HPOS="166" VPOS="316" WIDTH="12"/>
						<String ID="P48_ST00014" HPOS="178" VPOS="294" WIDTH="41" HEIGHT="23" CONTENT="the" WC="0.75" CC="070"/>
						<SP ID="P48_SP00011" HPOS="219" VPOS="317" WIDTH="13"/>
						<String ID="P48_ST00015" HPOS="232" VPOS="294" WIDTH="76" HEIGHT="23" CONTENT="inside" WC="0.68" CC="075600"/>
						<SP ID="P48_SP00012" HPOS="308" VPOS="317" WIDTH="13"/>
						<String ID="P48_ST00016" HPOS="321" VPOS="302" WIDTH="25" HEIGHT="15" CONTENT="as" WC="0.66" CC="06"/>
						<SP ID="P48_SP00013" HPOS="346" VPOS="317" WIDTH="15"/>
						<String ID="P48_ST00017" HPOS="361" VPOS="294" WIDTH="53" HEIGHT="23" CONTENT="well" WC="0.91" CC="0210"/>
						<SP ID="P48_SP00014" HPOS="414" VPOS="317" WIDTH="11"/>
						<String ID="P48_ST00018" HPOS="425" VPOS="302" WIDTH="24" HEIGHT="15" CONTENT="as" WC="0.34" CC="57"/>
						<SP ID="P48_SP00015" HPOS="449" VPOS="317" WIDTH="15"/>
						<String ID="P48_ST00019" HPOS="464" VPOS="296" WIDTH="92" HEIGHT="22" CONTENT="outside" WC="0.74" CC="2407400"/>
						<SP ID="P48_SP00016" HPOS="556" VPOS="318" WIDTH="11"/>
						<String ID="P48_ST00020" HPOS="567" VPOS="295" WIDTH="80" HEIGHT="31" CONTENT="places" WC="0.77" CC="060007"/>
						<SP ID="P48_SP00017" HPOS="647" VPOS="326" WIDTH="13"/>
						<String ID="P48_ST00021" HPOS="660" VPOS="294" WIDTH="26" HEIGHT="23" CONTENT="of" WC="0.97" CC="00"/>
						<SP ID="P48_SP00018" HPOS="686" VPOS="326" WIDTH="9"/>
						<String ID="P48_ST00022" HPOS="695" VPOS="294" WIDTH="41" HEIGHT="23" CONTENT="the" WC="0.67" CC="900"/>
						<SP ID="P48_SP00019" HPOS="736" VPOS="326" WIDTH="10"/>
						<String ID="P48_ST00023" HPOS="746" VPOS="294" WIDTH="105" HEIGHT="23" CONTENT="Norfolk" WC="0.66" CC="0450930"/>
						<SP ID="P48_SP00020" HPOS="851" VPOS="326" WIDTH="19"/>
						<String ID="P48_ST00024" HPOS="870" VPOS="294" WIDTH="100" HEIGHT="27" CONTENT="coaches," WC="0.85" CC="00001054"/>
					</TextLine>
					<TextLine ID="P48_TL00005" HPOS="133" VPOS="343" WIDTH="199" HEIGHT="21">
						<String ID="P48_ST00025" HPOS="133" VPOS="351" WIDTH="39" HEIGHT="13" CONTENT="are" WC="0.65" CC="900"/>
						<SP ID="P48_SP00021" HPOS="172" VPOS="364" WIDTH="13"/>
						<String ID="P48_ST00026" HPOS="185" VPOS="343" WIDTH="147" HEIGHT="21" CONTENT="mentioned." WC="0.79" CC="7060007000"/>
					</TextLine>
				</TextBlock>
				<TextBlock ID="P48_TB00004" HPOS="249" VPOS="388" WIDTH="504" HEIGHT="142" STYLEREFS="TXT_1 PAR_LEFT">
					<TextLine ID="P48_TL00006" HPOS="250" VPOS="388" WIDTH="503" HEIGHT="28">
						<String ID="P48_ST00027" HPOS="250" VPOS="388" WIDTH="46" HEIGHT="22" CONTENT="But" WC="0.61" CC="650"/>
						<SP ID="P48_SP00022" HPOS="296" VPOS="410" WIDTH="12"/>
						<String ID="P48_ST00028" HPOS="308" VPOS="396" WIDTH="58" HEIGHT="19" CONTENT="man," WC="0.67" CC="0471"/>
						<SP ID="P48_SP00023" HPOS="366" VPOS="415" WIDTH="14"/>
						<String ID="P48_ST00029" HPOS="380" VPOS="389" WIDTH="74" HEIGHT="21" CONTENT="curs'd" WC="0.88" CC="041000"/>
						<SP ID="P48_SP00024" HPOS="454" VPOS="415" WIDTH="11"/>
						<String ID="P48_ST00030" HPOS="465" VPOS="396" WIDTH="59" HEIGHT="19" CONTENT="man," WC="0.85" CC="0320"/>
						<SP ID="P48_SP00025" HPOS="524" VPOS="415" WIDTH="9"/>
						<String ID="P48_ST00031" HPOS="533" VPOS="396" WIDTH="29" HEIGHT="14" CONTENT="on" WC="0.75" CC="50"/>
						<SP ID="P48_SP00026" HPOS="562" VPOS="415" WIDTH="16"/>
						<String ID="P48_ST00032" HPOS="578" VPOS="389" WIDTH="91" HEIGHT="27" CONTENT="Turkey" WC="0.45" CC="687009"/>
						<SP ID="P48_SP00027" HPOS="669" VPOS="416" WIDTH="12"/>
						<String ID="P48_ST00033" HPOS="681" VPOS="395" WIDTH="72" HEIGHT="21" CONTENT="preys," WC="0.64" CC="050960"/>
					</TextLine>
					<TextLine ID="P48_TL00007" HPOS="252" VPOS="427" WIDTH="477" HEIGHT="27">
						<String ID="P48_ST00034" HPOS="252" VPOS="427" WIDTH="53" HEIGHT="21" CONTENT="And" WC="0.90" CC="020"/>
						<SP ID="P48_SP00028" HPOS="305" VPOS="448" WIDTH="12"/>
						<String ID="P48_ST00035" HPOS="317" VPOS="427" WIDTH="126" HEIGHT="22" CONTENT="Christmas" WC="0.54" CC="014660686"/>
						<SP ID="P48_SP00029" HPOS="443" VPOS="449" WIDTH="12"/>
						<String ID="P48_ST00036" HPOS="455" VPOS="427" WIDTH="103" HEIGHT="22" CONTENT="shortens" WC="0.60" CC="76300437"/>
						<SP ID="P48_SP00030" HPOS="558" VPOS="449" WIDTH="12"/>
						<String ID="P48_ST00037" HPOS="570" VPOS="427" WIDTH="29" HEIGHT="21" CONTENT="all" WC="0.95" CC="100"/>
						<SP ID="P48_SP00031" HPOS="599" VPOS="449" WIDTH="11"/>
						<String ID="P48_ST00038" HPOS="610" VPOS="433" WIDTH="41" HEIGHT="15" CONTENT="our" WC="1.00" CC="000"/>
						<SP ID="P48_SP00032" HPOS="651" VPOS="449" WIDTH="11"/>
						<String ID="P48_ST00039" HPOS="662" VPOS="427" WIDTH="54" HEIGHT="27" CONTENT="days" WC="0.42" CC="8094"/>
						<String ID="P48_ST00040" HPOS="724" VPOS="434" WIDTH="5" HEIGHT="17" CONTENT=";" WC="0.48" CC="5"/>
					</TextLine>
					<TextLine ID="P48_TL00008" HPOS="252" VPOS="464" WIDTH="463" HEIGHT="29">
						<String ID="P48_ST00041" HPOS="252" VPOS="464" WIDTH="134" HEIGHT="22" CONTENT="Sometimes" WC="0.79" CC="010205026"/>
						<SP ID="P48_SP00033" HPOS="386" VPOS="486" WIDTH="13"/>
						<String ID="P48_ST00042" HPOS="399" VPOS="465" WIDTH="53" HEIGHT="21" CONTENT="with" WC="0.59" CC="9600"/>
						<SP ID="P48_SP00034" HPOS="452" VPOS="486" WIDTH="12"/>
						<String ID="P48_ST00043" HPOS="464" VPOS="469" WIDTH="86" HEIGHT="24" CONTENT="oysters" WC="0.65" CC="5740005"/>
						<SP ID="P48_SP00035" HPOS="550" VPOS="493" WIDTH="11"/>
						<String ID="P48_ST00044" HPOS="561" VPOS="473" WIDTH="33" HEIGHT="14" CONTENT="we" WC="1.00" CC="00"/>
						<SP ID="P48_SP00036" HPOS="594" VPOS="493" WIDTH="12"/>
						<String ID="P48_ST00045" HPOS="606" VPOS="465" WIDTH="109" HEIGHT="26" CONTENT="combine," WC="0.65" CC="54072700"/>
					</TextLine>
					<TextLine ID="P48_TL00009" HPOS="252" VPOS="502" WIDTH="453" HEIGHT="28">
						<String ID="P48_ST00046" HPOS="252" VPOS="502" WIDTH="134" HEIGHT="21" CONTENT="Sometimes" WC="0.68" CC="440403405"/>
						<SP ID="P48_SP00037" HPOS="386" VPOS="523" WIDTH="12"/>
						<String ID="P48_ST00047" HPOS="398" VPOS="503" WIDTH="67" HEIGHT="21" CONTENT="assist" WC="0.66" CC="062460"/>
						<SP ID="P48_SP00038" HPOS="465" VPOS="524" WIDTH="11"/>
						<String ID="P48_ST00048" HPOS="476" VPOS="503" WIDTH="39" HEIGHT="21" CONTENT="the" WC="0.88" CC="030"/>
						<SP ID="P48_SP00039" HPOS="515" VPOS="524" WIDTH="12"/>
						<String ID="P48_ST00049" HPOS="527" VPOS="510" WIDTH="94" HEIGHT="20" CONTENT="savoury" WC="0.47" CC="7070569"/>
						<SP ID="P48_SP00040" HPOS="621" VPOS="530" WIDTH="12"/>
						<String ID="P48_ST00050" HPOS="633" VPOS="502" WIDTH="72" HEIGHT="21" CONTENT="chine." WC="0.80" CC="006400"/>
					</TextLine>
				</TextBlock>
				<TextBlock ID="P48_TB00005" HPOS="126" VPOS="547" WIDTH="848" HEIGHT="419" STYLEREFS="TXT_1 PAR_LEFT">
					<TextLine ID="P48_TL00010" HPOS="165" VPOS="548" WIDTH="809" HEIGHT="31">
						<String ID="P48_ST00051" HPOS="165" VPOS="552" WIDTH="15" HEIGHT="9" CONTENT='"' WC="0.46" CC="5"/>
						<SP ID="P48_SP00041" HPOS="180" VPOS="561" WIDTH="14"/>
						<String ID="P48_ST00052" HPOS="194" VPOS="549" WIDTH="50" HEIGHT="23" CONTENT="The" WC="1.00" CC="000"/>
						<SP ID="P48_SP00042" HPOS="244" VPOS="572" WIDTH="13"/>
						<String ID="P48_ST00053" HPOS="257" VPOS="549" WIDTH="103" HEIGHT="30" CONTENT="English" WC="0.65" CC="0605065"/>
						<SP ID="P48_SP00043" HPOS="360" VPOS="579" WIDTH="13"/>
						<String ID="P48_ST00054" HPOS="373" VPOS="548" WIDTH="135" HEIGHT="27" CONTENT='Huswife,"' WC="0.61" CC="446803006"/>
						<SP ID="P48_SP00044" HPOS="508" VPOS="579" WIDTH="17"/>
						<String ID="P48_ST00055" HPOS="525" VPOS="549" WIDTH="72" HEIGHT="25" CONTENT="1683," WC="0.74" CC="02522"/>
						<SP ID="P48_SP00045" HPOS="597" VPOS="579" WIDTH="14"/>
						<String ID="P48_ST00056" HPOS="611" VPOS="548" WIDTH="43" HEIGHT="22" CONTENT="has" WC="0.48" CC="095"/>
						<SP ID="P48_SP00046" HPOS="654" VPOS="579" WIDTH="14"/>
						<String ID="P48_ST00057" HPOS="668" VPOS="555" WIDTH="13" HEIGHT="16" CONTENT="a" WC="1.00" CC="0"/>
						<SP ID="P48_SP00047" HPOS="681" VPOS="579" WIDTH="12"/>
						<String ID="P48_ST00058" HPOS="693" VPOS="548" WIDTH="90" HEIGHT="30" CONTENT="receipt" WC="0.78" CC="3000190"/>
						<SP ID="P48_SP00048" HPOS="783" VPOS="579" WIDTH="8"/>
						<String ID="P48_ST00059" HPOS="791" VPOS="552" WIDTH="26" HEIGHT="19" CONTENT="to" WC="1.00" CC="00"/>
						<SP ID="P48_SP00049" HPOS="817" VPOS="579" WIDTH="12"/>
						<String ID="P48_ST00060" HPOS="829" VPOS="549" WIDTH="68" HEIGHT="22" CONTENT="make" WC="0.82" CC="0700"/>
						<SP ID="P48_SP00050" HPOS="897" VPOS="579" WIDTH="15"/>
						<String ID="P48_ST00061" HPOS="912" VPOS="549" WIDTH="62" HEIGHT="23" CONTENT='"Oil' WC="0.91" CC="1100"/>
					</TextLine>
					<TextLine ID="P48_TL00011" HPOS="130" VPOS="598" WIDTH="843" HEIGHT="29">
						<String ID="P48_ST00062" HPOS="130" VPOS="599" WIDTH="26" HEIGHT="22" CONTENT="of" WC="0.58" CC="61"/>
						<SP ID="P48_SP00051" HPOS="156" VPOS="621" WIDTH="16"/>
						<String ID="P48_ST00063" HPOS="172" VPOS="598" WIDTH="148" HEIGHT="24" CONTENT='Swallows."' WC="0.64" CC="5905600503"/>
						<SP ID="P48_SP00052" HPOS="320" VPOS="622" WIDTH="30"/>
						<String ID="P48_ST00064" HPOS="350" VPOS="603" WIDTH="15" HEIGHT="8" CONTENT='"' WC="0.28" CC="7"/>
						<SP ID="P48_SP00053" HPOS="365" VPOS="622" WIDTH="11"/>
						<String ID="P48_ST00065" HPOS="376" VPOS="598" WIDTH="64" HEIGHT="23" CONTENT="Take" WC="1.00" CC="0000"/>
						<SP ID="P48_SP00054" HPOS="440" VPOS="622" WIDTH="21"/>
						<String ID="P48_ST00066" HPOS="461" VPOS="598" WIDTH="114" HEIGHT="25" CONTENT="valerian," WC="0.79" CC="400044004"/>
						<SP ID="P48_SP00055" HPOS="575" VPOS="623" WIDTH="22"/>
						<String ID="P48_ST00067" HPOS="597" VPOS="604" WIDTH="122" HEIGHT="23" CONTENT="rosemary" WC="0.77" CC="20600260"/>
						<SP ID="P48_SP00056" HPOS="719" VPOS="627" WIDTH="21"/>
						<String ID="P48_ST00068" HPOS="740" VPOS="600" WIDTH="62" HEIGHT="27" CONTENT="tops," WC="0.83" CC="02050"/>
						<SP ID="P48_SP00057" HPOS="802" VPOS="627" WIDTH="20"/>
						<String ID="P48_ST00069" HPOS="822" VPOS="598" WIDTH="151" HEIGHT="24" CONTENT="walnut-tree" WC="0.92" CC="00007000100"/>
					</TextLine>
					<TextLine ID="P48_TL00012" HPOS="128" VPOS="646" WIDTH="845" HEIGHT="32">
						<String ID="P48_ST00070" HPOS="128" VPOS="648" WIDTH="88" HEIGHT="27" CONTENT="leaves," WC="0.63" CC="4085061"/>
						<SP ID="P48_SP00058" HPOS="216" VPOS="675" WIDTH="12"/>
						<String ID="P48_ST00071" HPOS="228" VPOS="648" WIDTH="47" HEIGHT="23" CONTENT="and" WC="0.86" CC="040"/>
						<SP ID="P48_SP00059" HPOS="275" VPOS="675" WIDTH="20"/>
						<String ID="P48_ST00072" HPOS="295" VPOS="648" WIDTH="43" HEIGHT="23" CONTENT="red" WC="0.48" CC="509"/>
						<SP ID="P48_SP00060" HPOS="338" VPOS="675" WIDTH="18"/>
						<String ID="P48_ST00073" HPOS="356" VPOS="656" WIDTH="75" HEIGHT="18" CONTENT="roses," WC="0.75" CC="506030"/>
						<SP ID="P48_SP00061" HPOS="431" VPOS="675" WIDTH="23"/>
						<String ID="P48_ST00074" HPOS="454" VPOS="647" WIDTH="59" HEIGHT="23" CONTENT="each" WC="0.81" CC="0007"/>
						<SP ID="P48_SP00062" HPOS="513" VPOS="675" WIDTH="20"/>
						<String ID="P48_ST00075" HPOS="533" VPOS="648" WIDTH="48" HEIGHT="21" CONTENT="two" WC="0.89" CC="003"/>
						<SP ID="P48_SP00063" HPOS="581" VPOS="675" WIDTH="13"/>
						<String ID="P48_ST00076" HPOS="594" VPOS="646" WIDTH="119" HEIGHT="23" CONTENT="handfuls." WC="0.61" CC="407065550"/>
						<SP ID="P48_SP00064" HPOS="713" VPOS="675" WIDTH="36"/>
						<String ID="P48_ST00077" HPOS="749" VPOS="647" WIDTH="55" HEIGHT="22" CONTENT="Add" WC="0.76" CC="007"/>
						<SP ID="P48_SP00065" HPOS="804" VPOS="675" WIDTH="17"/>
						<String ID="P48_ST00078" HPOS="821" VPOS="650" WIDTH="91" HEIGHT="28" CONTENT="twenty" WC="0.73" CC="080700"/>
						<SP ID="P48_SP00066" HPOS="912" VPOS="678" WIDTH="19"/>
						<String ID="P48_ST00079" HPOS="931" VPOS="648" WIDTH="42" HEIGHT="22" CONTENT="live" WC="0.60" CC="0078"/>
					</TextLine>
					<TextLine ID="P48_TL00013" HPOS="128" VPOS="692" WIDTH="844" HEIGHT="33">
						<String ID="P48_ST00080" HPOS="128" VPOS="698" WIDTH="117" HEIGHT="26" CONTENT="swallows," WC="0.59" CC="729000790"/>
						<SP ID="P48_SP00067" HPOS="245" VPOS="724" WIDTH="15"/>
						<String ID="P48_ST00081" HPOS="260" VPOS="698" WIDTH="45" HEIGHT="22" CONTENT="and" WC="0.74" CC="070"/>
						<SP ID="P48_SP00068" HPOS="305" VPOS="724" WIDTH="12"/>
						<String ID="P48_ST00082" HPOS="317" VPOS="697" WIDTH="49" HEIGHT="22" CONTENT="beat" WC="0.80" CC="7000"/>
						<SP ID="P48_SP00069" HPOS="366" VPOS="724" WIDTH="20"/>
						<String ID="P48_ST00083" HPOS="386" VPOS="696" WIDTH="58" HEIGHT="23" CONTENT="them" WC="0.79" CC="0700"/>
						<SP ID="P48_SP00070" HPOS="444" VPOS="724" WIDTH="12"/>
						<String ID="P48_ST00084" HPOS="456" VPOS="693" WIDTH="103" HEIGHT="32" CONTENT="together" WC="0.91" CC="00034000"/>
						<SP ID="P48_SP00071" HPOS="559" VPOS="725" WIDTH="12"/>
						<String ID="P48_ST00085" HPOS="571" VPOS="693" WIDTH="22" HEIGHT="21" CONTENT="in" WC="0.84" CC="03"/>
						<SP ID="P48_SP00072" HPOS="593" VPOS="725" WIDTH="19"/>
						<String ID="P48_ST00086" HPOS="612" VPOS="700" WIDTH="13" HEIGHT="14" CONTENT="a" WC="1.00" CC="0"/>
						<SP ID="P48_SP00073" HPOS="625" VPOS="725" WIDTH="12"/>
						<String ID="P48_ST00087" HPOS="637" VPOS="696" WIDTH="96" HEIGHT="23" CONTENT="mortar," WC="0.66" CC="6004490"/>
						<SP ID="P48_SP00074" HPOS="733" VPOS="725" WIDTH="22"/>
						<String ID="P48_ST00088" HPOS="755" VPOS="692" WIDTH="47" HEIGHT="23" CONTENT="and" WC="0.77" CC="060"/>
						<SP ID="P48_SP00075" HPOS="802" VPOS="725" WIDTH="21"/>
						<String ID="P48_ST00089" HPOS="823" VPOS="696" WIDTH="43" HEIGHT="27" CONTENT="put" WC="0.83" CC="040"/>
						<SP ID="P48_SP00076" HPOS="866" VPOS="725" WIDTH="13"/>
						<String ID="P48_ST00090" HPOS="879" VPOS="701" WIDTH="13" HEIGHT="14" CONTENT="a" WC="1.00" CC="0"/>
						<SP ID="P48_SP00077" HPOS="892" VPOS="725" WIDTH="12"/>
						<String ID="P48_ST00091" HPOS="904" VPOS="697" WIDTH="68" HEIGHT="26" CONTENT="quart" WC="0.81" CC="03050"/>
					</TextLine>
					<TextLine ID="P48_TL00014" HPOS="128" VPOS="740" WIDTH="844" HEIGHT="34">
						<String ID="P48_ST00092" HPOS="128" VPOS="744" WIDTH="27" HEIGHT="22" CONTENT="of" WC="0.90" CC="01"/>
						<SP ID="P48_SP00078" HPOS="155" VPOS="766" WIDTH="11"/>
						<String ID="P48_ST00093" HPOS="166" VPOS="743" WIDTH="128" HEIGHT="23" CONTENT="Neatsfoot" WC="0.89" CC="000040400"/>
						<SP ID="P48_SP00079" HPOS="294" VPOS="766" WIDTH="13"/>
						<String ID="P48_ST00094" HPOS="307" VPOS="743" WIDTH="47" HEIGHT="31" CONTENT="oyl." WC="0.72" CC="0730"/>
						<SP ID="P48_SP00080" HPOS="354" VPOS="774" WIDTH="36"/>
						<String ID="P48_ST00095" HPOS="390" VPOS="742" WIDTH="58" HEIGHT="23" CONTENT="This" WC="0.58" CC="0753"/>
						<SP ID="P48_SP00081" HPOS="448" VPOS="774" WIDTH="22"/>
						<String ID="P48_ST00096" HPOS="470" VPOS="742" WIDTH="105" HEIGHT="22" CONTENT="mixture" WC="0.72" CC="0290060"/>
						<SP ID="P48_SP00082" HPOS="575" VPOS="774" WIDTH="19"/>
						<String ID="P48_ST00097" HPOS="594" VPOS="741" WIDTH="20" HEIGHT="22" CONTENT="is" WC="0.57" CC="17"/>
						<SP ID="P48_SP00083" HPOS="614" VPOS="774" WIDTH="21"/>
						<String ID="P48_ST00098" HPOS="635" VPOS="740" WIDTH="132" HEIGHT="31" CONTENT="exceeding" WC="0.75" CC="070000670"/>
						<SP ID="P48_SP00084" HPOS="767" VPOS="774" WIDTH="20"/>
						<String ID="P48_ST00099" HPOS="787" VPOS="742" WIDTH="125" HEIGHT="30" CONTENT="sovereign" WC="0.64" CC="726090005"/>
						<SP ID="P48_SP00085" HPOS="912" VPOS="774" WIDTH="23"/>
						<String ID="P48_ST00100" HPOS="935" VPOS="742" WIDTH="37" HEIGHT="22" CONTENT="for" WC="0.65" CC="324"/>
					</TextLine>
					<TextLine ID="P48_TL00015" HPOS="128" VPOS="787" WIDTH="841" HEIGHT="38">
						<String ID="P48_ST00101" HPOS="128" VPOS="803" WIDTH="46" HEIGHT="22" CONTENT="any" WC="0.69" CC="260"/>
						<SP ID="P48_SP00086" HPOS="174" VPOS="825" WIDTH="12"/>
						<String ID="P48_ST00102" HPOS="186" VPOS="794" WIDTH="56" HEIGHT="31" CONTENT="pain" WC="0.66" CC="0066"/>
						<SP ID="P48_SP00087" HPOS="242" VPOS="825" WIDTH="12"/>
						<String ID="P48_ST00103" HPOS="254" VPOS="802" WIDTH="27" HEIGHT="15" CONTENT="or" WC="0.58" CC="52"/>
						<SP ID="P48_SP00088" HPOS="281" VPOS="825" WIDTH="12"/>
						<String ID="P48_ST00104" HPOS="293" VPOS="793" WIDTH="64" HEIGHT="31" CONTENT="grief" WC="0.94" CC="00300"/>
						<SP ID="P48_SP00089" HPOS="357" VPOS="825" WIDTH="11"/>
						<String ID="P48_ST00105" HPOS="368" VPOS="792" WIDTH="76" HEIGHT="23" CONTENT="either" WC="0.82" CC="030700"/>
						<SP ID="P48_SP00090" HPOS="444" VPOS="825" WIDTH="12"/>
						<String ID="P48_ST00106" HPOS="456" VPOS="791" WIDTH="25" HEIGHT="23" CONTENT="in" WC="1.00" CC="00"/>
						<SP ID="P48_SP00091" HPOS="481" VPOS="825" WIDTH="12"/>
						<String ID="P48_ST00107" HPOS="493" VPOS="790" WIDTH="41" HEIGHT="23" CONTENT="the" WC="0.82" CC="050"/>
						<SP ID="P48_SP00092" HPOS="534" VPOS="825" WIDTH="13"/>
						<String ID="P48_ST00108" HPOS="547" VPOS="789" WIDTH="74" HEIGHT="23" CONTENT="bones" WC="0.50" CC="65606"/>
						<SP ID="P48_SP00093" HPOS="621" VPOS="825" WIDTH="12"/>
						<String ID="P48_ST00109" HPOS="633" VPOS="796" WIDTH="26" HEIGHT="15" CONTENT="or" WC="0.65" CC="42"/>
						<SP ID="P48_SP00094" HPOS="659" VPOS="825" WIDTH="16"/>
						<String ID="P48_ST00110" HPOS="675" VPOS="788" WIDTH="111" HEIGHT="23" CONTENT='sinews."' WC="0.66" CC="71700405"/>
						<SP ID="P48_SP00095" HPOS="786" VPOS="825" WIDTH="36"/>
						<String ID="P48_ST00111" HPOS="822" VPOS="788" WIDTH="57" HEIGHT="22" CONTENT="This" WC="0.61" CC="0347"/>
						<SP ID="P48_SP00096" HPOS="879" VPOS="825" WIDTH="13"/>
						<String ID="P48_ST00112" HPOS="892" VPOS="788" WIDTH="20" HEIGHT="22" CONTENT="is" WC="0.45" CC="45"/>
						<SP ID="P48_SP00097" HPOS="912" VPOS="825" WIDTH="11"/>
						<String ID="P48_ST00113" HPOS="923" VPOS="787" WIDTH="46" HEIGHT="23" CONTENT="like" WC="1.00" CC="0000"/>
					</TextLine>
					<TextLine ID="P48_TL00016" HPOS="128" VPOS="839" WIDTH="842" HEIGHT="33">
						<String ID="P48_ST00114" HPOS="128" VPOS="842" WIDTH="95" HEIGHT="30" CONTENT="Boyle's" WC="0.75" CC="2400026"/>
						<SP ID="P48_SP00098" HPOS="223" VPOS="872" WIDTH="30"/>
						<String ID="P48_ST00115" HPOS="253" VPOS="841" WIDTH="89" HEIGHT="30" CONTENT="receipt" WC="0.84" CC="3000160"/>
						<SP ID="P48_SP00099" HPOS="342" VPOS="872" WIDTH="21"/>
						<String ID="P48_ST00116" HPOS="363" VPOS="841" WIDTH="37" HEIGHT="22" CONTENT="for" WC="0.88" CC="120"/>
						<SP ID="P48_SP00100" HPOS="400" VPOS="872" WIDTH="22"/>
						<String ID="P48_ST00117" HPOS="422" VPOS="841" WIDTH="130" HEIGHT="30" CONTENT="dysentery" WC="0.78" CC="103060060"/>
						<SP ID="P48_SP00101" HPOS="552" VPOS="872" WIDTH="20"/>
						<String ID="P48_ST00118" HPOS="572" VPOS="839" WIDTH="138" HEIGHT="23" CONTENT="mentioned" WC="0.84" CC="007040300"/>
						<SP ID="P48_SP00102" HPOS="710" VPOS="872" WIDTH="19"/>
						<String ID="P48_ST00119" HPOS="729" VPOS="839" WIDTH="23" HEIGHT="22" CONTENT="in" WC="0.92" CC="10"/>
						<SP ID="P48_SP00103" HPOS="752" VPOS="872" WIDTH="21"/>
						<String ID="P48_ST00120" HPOS="773" VPOS="839" WIDTH="29" HEIGHT="23" CONTENT="D." WC="0.70" CC="60"/>
						<SP ID="P48_SP00104" HPOS="802" VPOS="872" WIDTH="15"/>
						<String ID="P48_ST00121" HPOS="817" VPOS="839" WIDTH="101" HEIGHT="24" CONTENT="Stewart" WC="0.76" CC="6009000"/>
						<SP ID="P48_SP00105" HPOS="918" VPOS="872" WIDTH="22"/>
						<String ID="P48_ST00122" HPOS="940" VPOS="847" WIDTH="30" HEIGHT="16" CONTENT="on" WC="0.67" CC="06"/>
					</TextLine>
					<TextLine ID="P48_TL00017" HPOS="128" VPOS="886" WIDTH="843" HEIGHT="32">
						<String ID="P48_ST00123" HPOS="128" VPOS="892" WIDTH="14" HEIGHT="8" CONTENT='"' WC="0.42" CC="5"/>
						<SP ID="P48_SP00106" HPOS="142" VPOS="900" WIDTH="13"/>
						<String ID="P48_ST00124" HPOS="155" VPOS="889" WIDTH="153" HEIGHT="23" CONTENT="Association" WC="0.68" CC="07620203327"/>
						<SP ID="P48_SP00107" HPOS="308" VPOS="912" WIDTH="13"/>
						<String ID="P48_ST00125" HPOS="321" VPOS="889" WIDTH="26" HEIGHT="22" CONTENT="of" WC="0.91" CC="01"/>
						<SP ID="P48_SP00108" HPOS="347" VPOS="912" WIDTH="11"/>
						<String ID="P48_ST00126" HPOS="358" VPOS="887" WIDTH="91" HEIGHT="24" CONTENT='ideas."' WC="0.75" CC="0042603"/>
						<SP ID="P48_SP00109" HPOS="449" VPOS="912" WIDTH="38"/>
						<String ID="P48_ST00127" HPOS="487" VPOS="890" WIDTH="14" HEIGHT="8" CONTENT='"' WC="0.82" CC="1"/>
						<SP ID="P48_SP00110" HPOS="501" VPOS="912" WIDTH="14"/>
						<String ID="P48_ST00128" HPOS="515" VPOS="886" WIDTH="63" HEIGHT="23" CONTENT="Take" WC="0.86" CC="2002"/>
						<SP ID="P48_SP00111" HPOS="578" VPOS="912" WIDTH="14"/>
						<String ID="P48_ST00129" HPOS="592" VPOS="886" WIDTH="40" HEIGHT="23" CONTENT="the" WC="1.00" CC="000"/>
						<SP ID="P48_SP00112" HPOS="632" VPOS="912" WIDTH="21"/>
						<String ID="P48_ST00130" HPOS="653" VPOS="886" WIDTH="148" HEIGHT="30" CONTENT="thigh-bone" WC="0.63" CC="0314516930"/>
						<SP ID="P48_SP00113" HPOS="801" VPOS="916" WIDTH="22"/>
						<String ID="P48_ST00131" HPOS="823" VPOS="887" WIDTH="26" HEIGHT="23" CONTENT="of" WC="0.64" CC="15"/>
						<SP ID="P48_SP00114" HPOS="849" VPOS="916" WIDTH="10"/>
						<String ID="P48_ST00132" HPOS="859" VPOS="895" WIDTH="14" HEIGHT="15" CONTENT="a" WC="1.00" CC="0"/>
						<SP ID="P48_SP00115" HPOS="873" VPOS="916" WIDTH="12"/>
						<String ID="P48_ST00133" HPOS="885" VPOS="887" WIDTH="86" HEIGHT="31" CONTENT="hanged" WC="0.83" CC="000630"/>
					</TextLine>
					<TextLine ID="P48_TL00018" HPOS="126" VPOS="936" WIDTH="550" HEIGHT="30">
						<String ID="P48_ST00134" HPOS="126" VPOS="944" WIDTH="63" HEIGHT="18" CONTENT="man," WC="0.58" CC="6900"/>
						<SP ID="P48_SP00116" HPOS="189" VPOS="962" WIDTH="16"/>
						<String ID="P48_ST00135" HPOS="205" VPOS="936" WIDTH="112" HEIGHT="30" CONTENT="(perhaps" WC="0.60" CC="09014095"/>
						<SP ID="P48_SP00117" HPOS="317" VPOS="966" WIDTH="14"/>
						<String ID="P48_ST00136" HPOS="331" VPOS="936" WIDTH="101" HEIGHT="23" CONTENT="another" WC="0.86" CC="0600002"/>
						<SP ID="P48_SP00118" HPOS="432" VPOS="966" WIDTH="12"/>
						<String ID="P48_ST00137" HPOS="444" VPOS="943" WIDTH="55" HEIGHT="23" CONTENT="may" WC="0.83" CC="040"/>
						<SP ID="P48_SP00119" HPOS="499" VPOS="966" WIDTH="14"/>
						<String ID="P48_ST00138" HPOS="513" VPOS="938" WIDTH="88" HEIGHT="25" CONTENT="serve)," WC="0.79" CC="5030050"/>
						<SP ID="P48_SP00120" HPOS="601" VPOS="966" WIDTH="14"/>
						<String ID="P48_ST00139" HPOS="615" VPOS="936" WIDTH="61" HEIGHT="23" CONTENT='&amp;c."' WC="0.87" CC="0005"/>
					</TextLine>
				</TextBlock>
				<TextBlock ID="P48_TB00006" HPOS="361" VPOS="982" WIDTH="204" HEIGHT="28" STYLEREFS="TXT_1 PAR_LEFT">
					<TextLine ID="P48_TL00019" HPOS="361" VPOS="983" WIDTH="204" HEIGHT="27">
						<String ID="P48_ST00140" HPOS="361" VPOS="983" WIDTH="58" HEIGHT="27" CONTENT="Ripe" WC="0.51" CC="5534"/>
						<SP ID="P48_SP00121" HPOS="419" VPOS="1010" WIDTH="17"/>
						<String ID="P48_ST00141" HPOS="436" VPOS="983" WIDTH="129" HEIGHT="27" CONTENT="'Sparagras" WC="0.58" CC="3092009645"/>
					</TextLine>
				</TextBlock>
				<TextBlock ID="P48_TB00007" HPOS="361" VPOS="1018" WIDTH="303" HEIGHT="97" STYLEREFS="TXT_1 PAR_LEFT">
					<TextLine ID="P48_TL00020" HPOS="361" VPOS="1019" WIDTH="281" HEIGHT="27">
						<String ID="P48_ST00142" HPOS="361" VPOS="1019" WIDTH="57" HEIGHT="21" CONTENT="Nice" WC="0.78" CC="0430"/>
						<SP ID="P48_SP00122" HPOS="418" VPOS="1040" WIDTH="11"/>
						<String ID="P48_ST00143" HPOS="429" VPOS="1019" WIDTH="35" HEIGHT="21" CONTENT="for" WC="0.85" CC="004"/>
						<SP ID="P48_SP00123" HPOS="464" VPOS="1040" WIDTH="11"/>
						<String ID="P48_ST00144" HPOS="475" VPOS="1020" WIDTH="60" HEIGHT="21" CONTENT="maid" WC="0.75" CC="0360"/>
						<SP ID="P48_SP00124" HPOS="535" VPOS="1041" WIDTH="12"/>
						<String ID="P48_ST00145" HPOS="547" VPOS="1028" WIDTH="24" HEIGHT="13" CONTENT="or" WC="0.96" CC="00"/>
						<SP ID="P48_SP00125" HPOS="571" VPOS="1041" WIDTH="11"/>
						<String ID="P48_ST00146" HPOS="582" VPOS="1020" WIDTH="45" HEIGHT="22" CONTENT="lass" WC="0.57" CC="3156"/>
						<SP ID="P48_SP00126" HPOS="627" VPOS="1042" WIDTH="10"/>
						<String ID="P48_ST00147" HPOS="637" VPOS="1029" WIDTH="5" HEIGHT="17" CONTENT=";" WC="0.70" CC="2"/>
					</TextLine>
					<TextLine ID="P48_TL00021" HPOS="362" VPOS="1054" WIDTH="258" HEIGHT="32">
						<String ID="P48_ST00148" HPOS="362" VPOS="1054" WIDTH="21" HEIGHT="23" CONTENT="O" WC="1.00" CC="0"/>
						<SP ID="P48_SP00127" HPOS="383" VPOS="1077" WIDTH="12"/>
						<String ID="P48_ST00149" HPOS="395" VPOS="1055" WIDTH="36" HEIGHT="22" CONTENT="'tis" WC="0.76" CC="1007"/>
						<SP ID="P48_SP00128" HPOS="431" VPOS="1077" WIDTH="12"/>
						<String ID="P48_ST00150" HPOS="443" VPOS="1060" WIDTH="76" HEIGHT="24" CONTENT="pretty" WC="0.73" CC="012009"/>
						<SP ID="P48_SP00129" HPOS="519" VPOS="1084" WIDTH="10"/>
						<String ID="P48_ST00151" HPOS="529" VPOS="1057" WIDTH="91" HEIGHT="29" CONTENT="picking" WC="0.60" CC="9140660"/>
					</TextLine>
					<TextLine ID="P48_TL00022" HPOS="361" VPOS="1092" WIDTH="303" HEIGHT="23">
						<String ID="P48_ST00152" HPOS="361" VPOS="1092" WIDTH="64" HEIGHT="21" CONTENT="With" WC="0.55" CC="9007"/>
						<SP ID="P48_SP00130" HPOS="425" VPOS="1113" WIDTH="12"/>
						<String ID="P48_ST00153" HPOS="437" VPOS="1100" WIDTH="12" HEIGHT="13" CONTENT="a" WC="0.20" CC="7"/>
						<SP ID="P48_SP00131" HPOS="449" VPOS="1113" WIDTH="12"/>
						<String ID="P48_ST00154" HPOS="461" VPOS="1094" WIDTH="80" HEIGHT="21" CONTENT="tender" WC="0.60" CC="216056"/>
						<SP ID="P48_SP00132" HPOS="541" VPOS="1115" WIDTH="11"/>
						<String ID="P48_ST00155" HPOS="552" VPOS="1094" WIDTH="92" HEIGHT="21" CONTENT="chicken" WC="0.85" CC="2000205"/>
						<SP ID="P48_SP00133" HPOS="644" VPOS="1115" WIDTH="13"/>
						<String ID="P48_ST00156" HPOS="657" VPOS="1096" WIDTH="7" HEIGHT="19" CONTENT="!" WC="0.57" CC="4"/>
					</TextLine>
				</TextBlock>
				<TextBlock ID="P48_TB00008" HPOS="502" VPOS="1131" WIDTH="432" HEIGHT="29" STYLEREFS="TXT_1 PAR_RIGHT">
					<TextLine ID="P48_TL00023" HPOS="503" VPOS="1131" WIDTH="431" HEIGHT="29">
						<String ID="P48_ST00157" HPOS="503" VPOS="1131" WIDTH="87" HEIGHT="29" CONTENT="Swift's" WC="0.80" CC="3000046"/>
						<SP ID="P48_SP00134" HPOS="590" VPOS="1160" WIDTH="12"/>
						<String ID="P48_ST00158" HPOS="602" VPOS="1140" WIDTH="75" HEIGHT="15" CONTENT="verses" WC="0.65" CC="330804"/>
						<SP ID="P48_SP00135" HPOS="677" VPOS="1160" WIDTH="4"/>
						<String ID="P48_ST00159" HPOS="681" VPOS="1134" WIDTH="44" HEIGHT="26" CONTENT="for" WC="1.00" CC="000"/>
						<SP ID="P48_SP00136" HPOS="725" VPOS="1160" WIDTH="11"/>
						<String ID="P48_ST00160" HPOS="736" VPOS="1134" WIDTH="198" HEIGHT="23" CONTENT="Market-women." WC="0.92" CC="0000000001800"/>
					</TextLine>
				</TextBlock>
				<TextBlock ID="P48_TB00009" HPOS="121" VPOS="1173" WIDTH="843" HEIGHT="181" STYLEREFS="TXT_1 PAR_LEFT">
					<TextLine ID="P48_TL00024" HPOS="157" VPOS="1174" WIDTH="807" HEIGHT="40">
						<String ID="P48_ST00161" HPOS="157" VPOS="1174" WIDTH="83" HEIGHT="24" CONTENT="Swans" WC="0.61" CC="60075"/>
						<SP ID="P48_SP00137" HPOS="240" VPOS="1198" WIDTH="13"/>
						<String ID="P48_ST00162" HPOS="253" VPOS="1182" WIDTH="62" HEIGHT="15" CONTENT="were" WC="0.88" CC="0040"/>
						<SP ID="P48_SP00138" HPOS="315" VPOS="1198" WIDTH="12"/>
						<String ID="P48_ST00163" HPOS="327" VPOS="1182" WIDTH="14" HEIGHT="15" CONTENT="a" WC="1.00" CC="0"/>
						<SP ID="P48_SP00139" HPOS="341" VPOS="1198" WIDTH="10"/>
						<String ID="P48_ST00164" HPOS="351" VPOS="1174" WIDTH="100" HEIGHT="24" CONTENT="favorite" WC="0.71" CC="30566000"/>
						<SP ID="P48_SP00140" HPOS="451" VPOS="1198" WIDTH="12"/>
						<String ID="P48_ST00165" HPOS="463" VPOS="1176" WIDTH="106" HEIGHT="32" CONTENT="delicacy" WC="1.00" CC="00000000"/>
						<SP ID="P48_SP00141" HPOS="569" VPOS="1208" WIDTH="9"/>
						<String ID="P48_ST00166" HPOS="578" VPOS="1178" WIDTH="59" HEIGHT="23" CONTENT="with" WC="0.82" CC="0007"/>
						<SP ID="P48_SP00142" HPOS="637" VPOS="1208" WIDTH="14"/>
						<String ID="P48_ST00167" HPOS="651" VPOS="1187" WIDTH="44" HEIGHT="15" CONTENT="our" WC="0.80" CC="005"/>
						<SP ID="P48_SP00143" HPOS="695" VPOS="1208" WIDTH="12"/>
						<String ID="P48_ST00168" HPOS="707" VPOS="1184" WIDTH="132" HEIGHT="21" CONTENT="ancestors." WC="0.77" CC="0000601661"/>
						<SP ID="P48_SP00144" HPOS="839" VPOS="1208" WIDTH="22"/>
						<String ID="P48_ST00169" HPOS="861" VPOS="1183" WIDTH="103" HEIGHT="31" CONTENT="Though" WC="0.75" CC="040360"/>
					</TextLine>
					<TextLine ID="P48_TL00025" HPOS="122" VPOS="1223" WIDTH="842" HEIGHT="37">
						<String ID="P48_ST00170" HPOS="122" VPOS="1228" WIDTH="42" HEIGHT="19" CONTENT="not" WC="0.76" CC="700"/>
						<SP ID="P48_SP00145" HPOS="164" VPOS="1247" WIDTH="25"/>
						<String ID="P48_ST00171" HPOS="189" VPOS="1232" WIDTH="26" HEIGHT="14" CONTENT="so" WC="0.58" CC="70"/>
						<SP ID="P48_SP00146" HPOS="215" VPOS="1247" WIDTH="23"/>
						<String ID="P48_ST00172" HPOS="238" VPOS="1223" WIDTH="135" HEIGHT="32" CONTENT="frequently" WC="0.83" CC="0300706000"/>
						<SP ID="P48_SP00147" HPOS="373" VPOS="1255" WIDTH="23"/>
						<String ID="P48_ST00173" HPOS="396" VPOS="1225" WIDTH="97" HEIGHT="24" CONTENT="noticed" WC="0.79" CC="7303000"/>
						<SP ID="P48_SP00148" HPOS="493" VPOS="1255" WIDTH="32"/>
						<String ID="P48_ST00174" HPOS="525" VPOS="1227" WIDTH="37" HEIGHT="23" CONTENT="for" WC="1.00" CC="000"/>
						<SP ID="P48_SP00149" HPOS="562" VPOS="1255" WIDTH="23"/>
						<String ID="P48_ST00175" HPOS="585" VPOS="1228" WIDTH="63" HEIGHT="22" CONTENT="their" WC="0.69" CC="07033"/>
						<SP ID="P48_SP00150" HPOS="648" VPOS="1255" WIDTH="33"/>
						<String ID="P48_ST00176" HPOS="681" VPOS="1237" WIDTH="147" HEIGHT="23" CONTENT="appearance" WC="0.99" CC="1000000000"/>
						<SP ID="P48_SP00151" HPOS="828" VPOS="1260" WIDTH="24"/>
						<String ID="P48_ST00177" HPOS="852" VPOS="1236" WIDTH="24" HEIGHT="19" CONTENT="at" WC="1.00" CC="00"/>
						<SP ID="P48_SP00152" HPOS="876" VPOS="1260" WIDTH="24"/>
						<String ID="P48_ST00178" HPOS="900" VPOS="1234" WIDTH="64" HEIGHT="22" CONTENT="Lord" WC="0.94" CC="1000"/>
					</TextLine>
					<TextLine ID="P48_TL00026" HPOS="122" VPOS="1272" WIDTH="841" HEIGHT="35">
						<String ID="P48_ST00179" HPOS="122" VPOS="1272" WIDTH="108" HEIGHT="31" CONTENT="Mayor's" WC="0.85" CC="0000207"/>
						<SP ID="P48_SP00153" HPOS="230" VPOS="1303" WIDTH="13"/>
						<String ID="P48_ST00180" HPOS="243" VPOS="1273" WIDTH="83" HEIGHT="23" CONTENT="Feasts" WC="0.63" CC="206606"/>
						<SP ID="P48_SP00154" HPOS="326" VPOS="1303" WIDTH="12"/>
						<String ID="P48_ST00181" HPOS="338" VPOS="1282" WIDTH="27" HEIGHT="15" CONTENT="as" WC="0.29" CC="76"/>
						<SP ID="P48_SP00155" HPOS="365" VPOS="1303" WIDTH="12"/>
						<String ID="P48_ST00182" HPOS="377" VPOS="1276" WIDTH="117" HEIGHT="26" CONTENT="custards," WC="0.68" CC="076004053"/>
						<SP ID="P48_SP00156" HPOS="494" VPOS="1303" WIDTH="14"/>
						<String ID="P48_ST00183" HPOS="508" VPOS="1276" WIDTH="58" HEIGHT="31" CONTENT="they" WC="0.82" CC="0700"/>
						<SP ID="P48_SP00157" HPOS="566" VPOS="1307" WIDTH="25"/>
						<String ID="P48_ST00184" HPOS="591" VPOS="1285" WIDTH="87" HEIGHT="22" CONTENT="appear" WC="0.93" CC="040000"/>
						<SP ID="P48_SP00158" HPOS="678" VPOS="1307" WIDTH="13"/>
						<String ID="P48_ST00185" HPOS="691" VPOS="1280" WIDTH="26" HEIGHT="20" CONTENT="to" WC="1.00" CC="00"/>
						<SP ID="P48_SP00159" HPOS="717" VPOS="1307" WIDTH="13"/>
						<String ID="P48_ST00186" HPOS="730" VPOS="1278" WIDTH="61" HEIGHT="22" CONTENT="have" WC="0.70" CC="3061"/>
						<SP ID="P48_SP00160" HPOS="791" VPOS="1307" WIDTH="12"/>
						<String ID="P48_ST00187" HPOS="803" VPOS="1278" WIDTH="61" HEIGHT="23" CONTENT="been" WC="0.90" CC="2001"/>
						<SP ID="P48_SP00161" HPOS="864" VPOS="1307" WIDTH="13"/>
						<String ID="P48_ST00188" HPOS="877" VPOS="1279" WIDTH="86" HEIGHT="23" CONTENT="looked" WC="0.88" CC="005000"/>
					</TextLine>
					<TextLine ID="P48_TL00027" HPOS="121" VPOS="1320" WIDTH="642" HEIGHT="34">
						<String ID="P48_ST00189" HPOS="121" VPOS="1320" WIDTH="37" HEIGHT="23" CONTENT="for" WC="0.62" CC="604"/>
						<SP ID="P48_SP00162" HPOS="158" VPOS="1343" WIDTH="13"/>
						<String ID="P48_ST00190" HPOS="171" VPOS="1324" WIDTH="23" HEIGHT="20" CONTENT="at" WC="0.65" CC="60"/>
						<SP ID="P48_SP00163" HPOS="194" VPOS="1344" WIDTH="12"/>
						<String ID="P48_ST00191" HPOS="206" VPOS="1321" WIDTH="70" HEIGHT="23" CONTENT="those" WC="0.78" CC="00550"/>
						<SP ID="P48_SP00164" HPOS="276" VPOS="1344" WIDTH="13"/>
						<String ID="P48_ST00192" HPOS="289" VPOS="1322" WIDTH="206" HEIGHT="28" CONTENT="entertainments," WC="0.75" CC="070060004107054"/>
						<SP ID="P48_SP00165" HPOS="495" VPOS="1350" WIDTH="15"/>
						<String ID="P48_ST00193" HPOS="510" VPOS="1325" WIDTH="130" HEIGHT="29" CONTENT="according" WC="0.74" CC="200334009"/>
						<SP ID="P48_SP00166" HPOS="640" VPOS="1354" WIDTH="13"/>
						<String ID="P48_ST00194" HPOS="653" VPOS="1330" WIDTH="25" HEIGHT="19" CONTENT="to" WC="0.91" CC="10"/>
						<SP ID="P48_SP00167" HPOS="678" VPOS="1354" WIDTH="9"/>
						<String ID="P48_ST00195" HPOS="687" VPOS="1327" WIDTH="76" HEIGHT="23" CONTENT="Prior." WC="0.73" CC="733020"/>
					</TextLine>
				</TextBlock>
				<TextBlock ID="P48_TB00010" HPOS="237" VPOS="1367" WIDTH="552" HEIGHT="140" STYLEREFS="TXT_1 PAR_LEFT">
					<TextLine ID="P48_TL00028" HPOS="240" VPOS="1367" WIDTH="490" HEIGHT="31">
						<String ID="P48_ST00196" HPOS="240" VPOS="1367" WIDTH="64" HEIGHT="21" CONTENT="Thus" WC="0.61" CC="0634"/>
						<SP ID="P48_SP00168" HPOS="304" VPOS="1388" WIDTH="11"/>
						<String ID="P48_ST00197" HPOS="315" VPOS="1368" WIDTH="21" HEIGHT="20" CONTENT="if" WC="0.80" CC="40"/>
						<SP ID="P48_SP00169" HPOS="336" VPOS="1388" WIDTH="5"/>
						<String ID="P48_ST00198" HPOS="341" VPOS="1376" WIDTH="45" HEIGHT="20" CONTENT="you" WC="0.87" CC="003"/>
						<SP ID="P48_SP00170" HPOS="386" VPOS="1396" WIDTH="12"/>
						<String ID="P48_ST00199" HPOS="398" VPOS="1369" WIDTH="50" HEIGHT="20" CONTENT="dine" WC="0.86" CC="0130"/>
						<SP ID="P48_SP00171" HPOS="448" VPOS="1396" WIDTH="12"/>
						<String ID="P48_ST00200" HPOS="460" VPOS="1368" WIDTH="53" HEIGHT="22" CONTENT="with" WC="0.73" CC="0406"/>
						<SP ID="P48_SP00172" HPOS="513" VPOS="1396" WIDTH="12"/>
						<String ID="P48_ST00201" HPOS="525" VPOS="1377" WIDTH="36" HEIGHT="20" CONTENT="my" WC="1.00" CC="00"/>
						<SP ID="P48_SP00173" HPOS="561" VPOS="1397" WIDTH="11"/>
						<String ID="P48_ST00202" HPOS="572" VPOS="1370" WIDTH="61" HEIGHT="21" CONTENT="Lord" WC="0.76" CC="0180"/>
						<SP ID="P48_SP00174" HPOS="633" VPOS="1397" WIDTH="9"/>
						<String ID="P48_ST00203" HPOS="642" VPOS="1370" WIDTH="88" HEIGHT="28" CONTENT="Mayor," WC="0.98" CC="000000"/>
					</TextLine>
					<TextLine ID="P48_TL00029" HPOS="238" VPOS="1405" WIDTH="453" HEIGHT="28">
						<String ID="P48_ST00204" HPOS="238" VPOS="1405" WIDTH="72" HEIGHT="22" CONTENT="Roast" WC="0.49" CC="90364"/>
						<SP ID="P48_SP00175" HPOS="310" VPOS="1427" WIDTH="11"/>
						<String ID="P48_ST00205" HPOS="321" VPOS="1405" WIDTH="55" HEIGHT="22" CONTENT="beef" WC="0.72" CC="6400"/>
						<SP ID="P48_SP00176" HPOS="376" VPOS="1427" WIDTH="6"/>
						<String ID="P48_ST00206" HPOS="382" VPOS="1406" WIDTH="44" HEIGHT="21" CONTENT="and" WC="0.39" CC="872"/>
						<SP ID="P48_SP00177" HPOS="426" VPOS="1427" WIDTH="12"/>
						<String ID="P48_ST00207" HPOS="438" VPOS="1405" WIDTH="92" HEIGHT="22" CONTENT="venison" WC="0.70" CC="0021556"/>
						<SP ID="P48_SP00178" HPOS="530" VPOS="1427" WIDTH="11"/>
						<String ID="P48_ST00208" HPOS="541" VPOS="1405" WIDTH="18" HEIGHT="22" CONTENT="is" WC="0.63" CC="06"/>
						<SP ID="P48_SP00179" HPOS="559" VPOS="1427" WIDTH="11"/>
						<String ID="P48_ST00209" HPOS="570" VPOS="1413" WIDTH="57" HEIGHT="20" CONTENT="your" WC="0.77" CC="0044"/>
						<SP ID="P48_SP00180" HPOS="627" VPOS="1433" WIDTH="10"/>
						<String ID="P48_ST00210" HPOS="637" VPOS="1406" WIDTH="54" HEIGHT="27" CONTENT="fare," WC="0.87" CC="40200"/>
					</TextLine>
					<TextLine ID="P48_TL00030" HPOS="239" VPOS="1444" WIDTH="550" HEIGHT="28">
						<String ID="P48_ST00211" HPOS="239" VPOS="1444" WIDTH="93" HEIGHT="22" CONTENT="Thence" WC="0.64" CC="070751"/>
						<SP ID="P48_SP00181" HPOS="332" VPOS="1466" WIDTH="11"/>
						<String ID="P48_ST00212" HPOS="343" VPOS="1451" WIDTH="44" HEIGHT="21" CONTENT="you" WC="0.36" CC="936"/>
						<SP ID="P48_SP00182" HPOS="387" VPOS="1472" WIDTH="11"/>
						<String ID="P48_ST00213" HPOS="398" VPOS="1444" WIDTH="96" HEIGHT="27" CONTENT="proceed" WC="0.67" CC="9043400"/>
						<SP ID="P48_SP00183" HPOS="494" VPOS="1472" WIDTH="11"/>
						<String ID="P48_ST00214" HPOS="505" VPOS="1448" WIDTH="24" HEIGHT="17" CONTENT="to" WC="0.98" CC="00"/>
						<SP ID="P48_SP00184" HPOS="529" VPOS="1472" WIDTH="11"/>
						<String ID="P48_ST00215" HPOS="540" VPOS="1444" WIDTH="70" HEIGHT="21" CONTENT="Swan" WC="0.52" CC="5445"/>
						<SP ID="P48_SP00185" HPOS="610" VPOS="1472" WIDTH="12"/>
						<String ID="P48_ST00216" HPOS="622" VPOS="1444" WIDTH="45" HEIGHT="21" CONTENT="and" WC="0.58" CC="480"/>
						<SP ID="P48_SP00186" HPOS="667" VPOS="1472" WIDTH="11"/>
						<String ID="P48_ST00217" HPOS="678" VPOS="1444" WIDTH="111" HEIGHT="27" CONTENT="Bustard," WC="0.70" CC="42807001"/>
					</TextLine>
					<TextLine ID="P48_TL00031" HPOS="239" VPOS="1480" WIDTH="430" HEIGHT="27">
						<String ID="P48_ST00218" HPOS="239" VPOS="1481" WIDTH="54" HEIGHT="21" CONTENT="And" WC="1.00" CC="000"/>
						<SP ID="P48_SP00187" HPOS="293" VPOS="1502" WIDTH="11"/>
						<String ID="P48_ST00219" HPOS="304" VPOS="1487" WIDTH="114" HEIGHT="20" CONTENT="persevere" WC="0.65" CC="002636075"/>
						<SP ID="P48_SP00188" HPOS="418" VPOS="1507" WIDTH="12"/>
						<String ID="P48_ST00220" HPOS="430" VPOS="1480" WIDTH="22" HEIGHT="21" CONTENT="in" WC="0.66" CC="06"/>
						<SP ID="P48_SP00189" HPOS="452" VPOS="1507" WIDTH="12"/>
						<String ID="P48_ST00221" HPOS="464" VPOS="1483" WIDTH="45" HEIGHT="18" CONTENT="tart" WC="0.74" CC="0036"/>
						<SP ID="P48_SP00190" HPOS="509" VPOS="1507" WIDTH="11"/>
						<String ID="P48_ST00222" HPOS="520" VPOS="1480" WIDTH="44" HEIGHT="21" CONTENT="and" WC="0.66" CC="360"/>
						<SP ID="P48_SP00191" HPOS="564" VPOS="1507" WIDTH="8"/>
						<String ID="P48_ST00223" HPOS="572" VPOS="1480" WIDTH="97" HEIGHT="21" CONTENT="custard." WC="0.82" CC="10600600"/>
					</TextLine>
				</TextBlock>
				<TextBlock ID="P48_TB00011" HPOS="115" VPOS="1526" WIDTH="845" HEIGHT="227" STYLEREFS="TXT_1 PAR_LEFT">
					<TextLine ID="P48_TL00032" HPOS="151" VPOS="1526" WIDTH="806" HEIGHT="36">
						<String ID="P48_ST00224" HPOS="151" VPOS="1526" WIDTH="77" HEIGHT="31" CONTENT="Many" WC="1.00" CC="0000"/>
						<SP ID="P48_SP00192" HPOS="228" VPOS="1557" WIDTH="21"/>
						<String ID="P48_ST00225" HPOS="249" VPOS="1526" WIDTH="84" HEIGHT="24" CONTENT="details" WC="0.84" CC="0000207"/>
						<SP ID="P48_SP00193" HPOS="333" VPOS="1557" WIDTH="13"/>
						<String ID="P48_ST00226" HPOS="346" VPOS="1526" WIDTH="25" HEIGHT="23" CONTENT="of" WC="0.91" CC="10"/>
						<SP ID="P48_SP00194" HPOS="371" VPOS="1557" WIDTH="23"/>
						<String ID="P48_ST00227" HPOS="394" VPOS="1526" WIDTH="93" HEIGHT="23" CONTENT="ancient" WC="0.64" CC="2653070"/>
						<SP ID="P48_SP00195" HPOS="487" VPOS="1557" WIDTH="19"/>
						<String ID="P48_ST00228" HPOS="506" VPOS="1526" WIDTH="102" HEIGHT="31" CONTENT="English" WC="0.78" CC="0003244"/>
						<SP ID="P48_SP00196" HPOS="608" VPOS="1557" WIDTH="24"/>
						<String ID="P48_ST00229" HPOS="632" VPOS="1530" WIDTH="198" HEIGHT="23" CONTENT="entertainments" WC="0.84" CC="00005001440006"/>
						<SP ID="P48_SP00197" HPOS="830" VPOS="1557" WIDTH="21"/>
						<String ID="P48_ST00230" HPOS="851" VPOS="1538" WIDTH="38" HEIGHT="16" CONTENT="are" WC="0.90" CC="200"/>
						<SP ID="P48_SP00198" HPOS="889" VPOS="1557" WIDTH="17"/>
						<String ID="P48_ST00231" HPOS="906" VPOS="1539" WIDTH="51" HEIGHT="23" CONTENT="pre" SUBS_TYPE="HypPart1" SUBS_CONTENT="preserved," WC="1.00" CC="0000"/>
						<HYP CONTENT="-"/>
					</TextLine>
					<TextLine ID="P48_TL00033" HPOS="118" VPOS="1576" WIDTH="842" HEIGHT="36">
						<String ID="P48_ST00232" HPOS="118" VPOS="1576" WIDTH="93" HEIGHT="27" CONTENT="served," SUBS_TYPE="HypPart2" SUBS_CONTENT="preserved," WC="0.80" CC="6040003"/>
						<SP ID="P48_SP00199" HPOS="211" VPOS="1603" WIDTH="22"/>
						<String ID="P48_ST00233" HPOS="233" VPOS="1584" WIDTH="25" HEIGHT="14" CONTENT="as" WC="0.65" CC="06"/>
						<SP ID="P48_SP00200" HPOS="258" VPOS="1603" WIDTH="19"/>
						<String ID="P48_ST00234" HPOS="277" VPOS="1576" WIDTH="26" HEIGHT="22" CONTENT="of" WC="0.94" CC="10"/>
						<SP ID="P48_SP00201" HPOS="303" VPOS="1603" WIDTH="13"/>
						<String ID="P48_ST00235" HPOS="316" VPOS="1576" WIDTH="42" HEIGHT="23" CONTENT="the" WC="0.79" CC="060"/>
						<SP ID="P48_SP00202" HPOS="358" VPOS="1603" WIDTH="24"/>
						<String ID="P48_ST00236" HPOS="382" VPOS="1576" WIDTH="76" HEIGHT="31" CONTENT="grand" WC="0.71" CC="00670"/>
						<SP ID="P48_SP00203" HPOS="458" VPOS="1607" WIDTH="19"/>
						<String ID="P48_ST00237" HPOS="477" VPOS="1576" WIDTH="117" HEIGHT="30" CONTENT="banquets" WC="0.78" CC="02305006"/>
						<SP ID="P48_SP00204" HPOS="594" VPOS="1607" WIDTH="22"/>
						<String ID="P48_ST00238" HPOS="616" VPOS="1577" WIDTH="47" HEIGHT="23" CONTENT="and" WC="0.92" CC="020"/>
						<SP ID="P48_SP00205" HPOS="663" VPOS="1607" WIDTH="17"/>
						<String ID="P48_ST00239" HPOS="680" VPOS="1578" WIDTH="135" HEIGHT="31" CONTENT="ambergris" WC="0.54" CC="501099445"/>
						<SP ID="P48_SP00206" HPOS="815" VPOS="1609" WIDTH="21"/>
						<String ID="P48_ST00240" HPOS="836" VPOS="1584" WIDTH="82" HEIGHT="28" CONTENT="pastry" WC="0.82" CC="005040"/>
						<SP ID="P48_SP00207" HPOS="918" VPOS="1612" WIDTH="17"/>
						<String ID="P48_ST00241" HPOS="935" VPOS="1581" WIDTH="25" HEIGHT="23" CONTENT="of" WC="0.83" CC="03"/>
					</TextLine>
					<TextLine ID="P48_TL00034" HPOS="118" VPOS="1626" WIDTH="839" HEIGHT="34">
						<String ID="P48_ST00242" HPOS="118" VPOS="1626" WIDTH="113" HEIGHT="22" CONTENT="Cardinal" WC="0.74" CC="09001530"/>
						<SP ID="P48_SP00208" HPOS="231" VPOS="1648" WIDTH="12"/>
						<String ID="P48_ST00243" HPOS="243" VPOS="1626" WIDTH="107" HEIGHT="31" CONTENT="Wolsey." WC="0.84" CC="0306000"/>
						<SP ID="P48_SP00209" HPOS="350" VPOS="1657" WIDTH="20"/>
						<String ID="P48_ST00244" HPOS="370" VPOS="1626" WIDTH="49" HEIGHT="23" CONTENT="The" WC="0.96" CC="001"/>
						<SP ID="P48_SP00210" HPOS="419" VPOS="1657" WIDTH="10"/>
						<String ID="P48_ST00245" HPOS="429" VPOS="1626" WIDTH="122" HEIGHT="31" CONTENT="following" WC="0.76" CC="425052000"/>
						<SP ID="P48_SP00211" HPOS="551" VPOS="1657" WIDTH="13"/>
						<String ID="P48_ST00246" HPOS="564" VPOS="1627" WIDTH="19" HEIGHT="21" CONTENT="is" WC="0.37" CC="56"/>
						<SP ID="P48_SP00212" HPOS="583" VPOS="1657" WIDTH="14"/>
						<String ID="P48_ST00247" HPOS="597" VPOS="1635" WIDTH="12" HEIGHT="14" CONTENT="a" WC="1.00" CC="0"/>
						<SP ID="P48_SP00213" HPOS="609" VPOS="1657" WIDTH="10"/>
						<String ID="P48_ST00248" HPOS="619" VPOS="1631" WIDTH="145" HEIGHT="20" CONTENT="two-course" WC="0.74" CC="0051455030"/>
						<SP ID="P48_SP00214" HPOS="764" VPOS="1657" WIDTH="14"/>
						<String ID="P48_ST00249" HPOS="778" VPOS="1629" WIDTH="84" HEIGHT="23" CONTENT="dinner" WC="0.70" CC="055700"/>
						<SP ID="P48_SP00215" HPOS="862" VPOS="1657" WIDTH="17"/>
						<String ID="P48_ST00250" HPOS="879" VPOS="1631" WIDTH="78" HEIGHT="29" CONTENT="given," WC="0.89" CC="006000"/>
					</TextLine>
					<TextLine ID="P48_TL00035" HPOS="117" VPOS="1676" WIDTH="840" HEIGHT="32">
						<String ID="P48_ST00251" HPOS="117" VPOS="1677" WIDTH="129" HEIGHT="30" CONTENT="according" WC="0.85" CC="700100500"/>
						<SP ID="P48_SP00216" HPOS="246" VPOS="1707" WIDTH="14"/>
						<String ID="P48_ST00252" HPOS="260" VPOS="1681" WIDTH="25" HEIGHT="18" CONTENT="to" WC="0.83" CC="03"/>
						<SP ID="P48_SP00217" HPOS="285" VPOS="1707" WIDTH="14"/>
						<String ID="P48_ST00253" HPOS="299" VPOS="1677" WIDTH="116" HEIGHT="31" CONTENT="Dugdale," WC="0.64" CC="40950520"/>
						<SP ID="P48_SP00218" HPOS="415" VPOS="1708" WIDTH="13"/>
						<String ID="P48_ST00254" HPOS="428" VPOS="1676" WIDTH="31" HEIGHT="27" CONTENT="by" WC="0.48" CC="28"/>
						<SP ID="P48_SP00219" HPOS="459" VPOS="1708" WIDTH="11"/>
						<String ID="P48_ST00255" HPOS="470" VPOS="1676" WIDTH="41" HEIGHT="23" CONTENT="the" WC="0.87" CC="300"/>
						<SP ID="P48_SP00220" HPOS="511" VPOS="1708" WIDTH="21"/>
						<String ID="P48_ST00256" HPOS="532" VPOS="1676" WIDTH="122" HEIGHT="31" CONTENT="Serjeants" WC="0.81" CC="303300005"/>
						<SP ID="P48_SP00221" HPOS="654" VPOS="1708" WIDTH="23"/>
						<String ID="P48_ST00257" HPOS="677" VPOS="1680" WIDTH="24" HEIGHT="19" CONTENT="at" WC="1.00" CC="00"/>
						<SP ID="P48_SP00222" HPOS="701" VPOS="1708" WIDTH="17"/>
						<String ID="P48_ST00258" HPOS="718" VPOS="1677" WIDTH="57" HEIGHT="23" CONTENT="Law" WC="0.80" CC="005"/>
						<SP ID="P48_SP00223" HPOS="775" VPOS="1708" WIDTH="23"/>
						<String ID="P48_ST00259" HPOS="798" VPOS="1677" WIDTH="25" HEIGHT="22" CONTENT="in" WC="0.58" CC="34"/>
						<SP ID="P48_SP00224" HPOS="823" VPOS="1708" WIDTH="25"/>
						<String ID="P48_ST00260" HPOS="848" VPOS="1679" WIDTH="70" HEIGHT="24" CONTENT="1555," WC="0.94" CC="00010"/>
						<SP ID="P48_SP00225" HPOS="918" VPOS="1708" WIDTH="14"/>
						<String ID="P48_ST00261" HPOS="932" VPOS="1681" WIDTH="25" HEIGHT="19" CONTENT="to" WC="0.82" CC="03"/>
					</TextLine>
					<TextLine ID="P48_TL00036" HPOS="116" VPOS="1723" WIDTH="605" HEIGHT="30">
						<String ID="P48_ST00262" HPOS="116" VPOS="1723" WIDTH="40" HEIGHT="22" CONTENT="the" WC="0.80" CC="060"/>
						<SP ID="P48_SP00226" HPOS="156" VPOS="1745" WIDTH="14"/>
						<String ID="P48_ST00263" HPOS="170" VPOS="1723" WIDTH="69" HEIGHT="30" CONTENT="Privy" WC="0.64" CC="63060"/>
						<SP ID="P48_SP00227" HPOS="239" VPOS="1753" WIDTH="14"/>
						<String ID="P48_ST00264" HPOS="253" VPOS="1723" WIDTH="99" HEIGHT="24" CONTENT="Council" WC="0.76" CC="0176010"/>
						<SP ID="P48_SP00228" HPOS="352" VPOS="1753" WIDTH="13"/>
						<String ID="P48_ST00265" HPOS="365" VPOS="1724" WIDTH="45" HEIGHT="23" CONTENT="and" WC="0.85" CC="040"/>
						<SP ID="P48_SP00229" HPOS="410" VPOS="1753" WIDTH="15"/>
						<String ID="P48_ST00266" HPOS="425" VPOS="1724" WIDTH="102" HEIGHT="29" CONTENT="Foreign" WC="0.68" CC="1000496"/>
						<SP ID="P48_SP00230" HPOS="527" VPOS="1753" WIDTH="13"/>
						<String ID="P48_ST00267" HPOS="540" VPOS="1724" WIDTH="181" HEIGHT="23" CONTENT="Ambassadors." WC="0.66" CC="001367706160"/>
					</TextLine>
				</TextBlock>
			</PrintSpace>
		</Page>
	</Layout>
</alto>
