1120 1962
166 151 46 22 126

468 160 120 14 POETICAL
608 160 103 14 AVIARY.

284 232 79 29 Bright
375 232 76 28 sparks
463 232 34 21 his
509 232 65 22 black
585 233 44 21 and
641 232 80 29 rolling
732 232 86 29 eyeball
830 232 59 21 hurls

284 269 56 21 Afar
348 277 4 15 ;
365 269 34 20 his
411 269 39 21 tail
462 269 27 21 he
501 269 71 22 closes
584 269 44 22 and
640 269 86 22 unfurls
734 278 6 14 ;

284 307 36 22 On
332 307 72 28 tiptoe
416 307 84 26 reared,
512 307 27 22 he
552 307 80 22 strains
645 307 34 22 his
693 307 82 21 clarion
788 307 76 22 throat

284 343 138 23 Threaten'd
433 345 28 28 by
472 345 79 29 faintly
563 346 123 28 answering
697 346 68 21 farms
776 350 92 18 remote.

285 380 73 28 Again
371 380 52 21 with
432 380 35 22 his
479 381 63 21 shrill
553 382 63 21 voice
628 382 38 22 the
678 383 118 21 mountain
808 383 67 29 rings,

284 418 82 26 While,
378 418 88 28 flapped
478 419 53 21 with
543 419 117 21 conscious
672 420 71 27 pride,
755 420 98 21 resound
865 420 34 21 his
911 419 73 28 wings.

808 456 163 21 Wordsworth.

284 527 44 22 She
340 527 44 21 had
395 534 13 14 a
420 526 63 22 Cock
495 526 63 29 hight
571 525 159 25 chaunticlere,

283 563 26 21 In
320 563 29 21 all
362 562 38 22 the
412 563 54 21 land
477 562 26 22 of
510 562 96 28 crowing
616 561 52 22 n'ad
676 561 35 22 his
722 569 59 21 pere.

282 599 43 21 His
336 599 62 21 voice
409 606 45 14 was
465 597 90 23 merrier
566 599 55 21 than
632 599 39 21 the
682 606 76 22 merry
769 606 67 22 orgon

282 634 27 22 In
320 643 72 13 masse
405 635 61 21 daies
475 635 50 21 that
536 635 22 21 in
571 635 100 21 chirches
683 643 51 21 gon.

282 671 52 20 Wei
345 671 96 21 sickerer
453 678 43 14 was
509 671 34 21 his
555 672 96 27 crowing
662 672 23 21 in
693 672 35 21 his
740 672 57 28 loge,

283 708 66 21 Than
360 708 18 21 is
389 716 13 12 a
413 708 63 21 clock
485 708 26 20 of
517 715 43 21 any
571 709 72 27 abbey
655 716 25 13 or
691 709 91 28 college.

283 744 43 21 His
338 744 64 21 comb
413 751 44 14 was
468 744 81 21 redder
560 744 55 21 than
627 744 38 22 the
676 744 44 22 fine
732 745 66 26 coral,

284 781 132 20 Embattled
427 788 24 13 as
463 782 17 19 it
489 788 56 13 were
556 789 13 12 a
581 782 69 19 castle
661 782 57 19 waU.

282 817 43 22 His
336 817 41 21 bill
386 825 44 13 was
441 817 72 26 black,
525 818 44 20 and
579 825 25 14 as
616 818 37 21 the
661 817 35 28 jet
706 818 18 20 it
737 818 68 21 shone

282 856 57 21 Like
351 863 66 14 azure
428 863 57 13 were
496 855 35 21 his
542 855 75 28 legges
628 855 45 21 and
684 855 35 21 his
730 859 66 23 tone;

281 893 42 22 His
334 893 55 22 nails
399 893 78 21 whiter
488 892 53 22 than
553 892 38 21 the
603 892 45 21 lilie
660 891 56 21 flour

282 931 53 21 And
346 930 44 21 Hke
400 929 38 22 the
449 928 122 22 burnished
582 928 52 27 gold
645 936 44 13 was
701 928 35 21 his
748 929 65 20 color.

859 965 109 20 Chaucer.

197 1034 23 23 It
242 1033 75 24 would
340 1042 72 18 seem,
433 1033 61 23 from
514 1033 41 23 the
577 1034 106 22 mention
703 1034 26 22 of
753 1033 40 23 the
814 1041 74 23 merry
909 1033 88 23 church

163 1092 83 22 organ,
257 1084 52 23 that
322 1092 42 14 our
387 1086 122 20 ancestors
522 1082 100 30 enjoyed
635 1084 53 27 part
700 1084 25 19 at
737 1080 60 23 least
809 1080 27 23 of
845 1080 41 23 the
908 1080 89 23 solaces

163 1133 77 23 which
253 1133 63 28 Pope
329 1132 102 23 ascribes
443 1136 25 18 to
481 1131 98 23 modern
591 1130 146 23 fashionable
750 1130 113 22 devotion
864 1141 33 4 —

280 1206 69 29 Light
361 1206 75 28 quirks
447 1205 26 21 of
479 1204 78 26 music,
569 1202 84 22 broken
665 1202 44 21 and
720 1207 93 19 uneven,

281 1242 70 22 Make
362 1242 38 21 the
412 1241 50 22 soul
472 1241 71 22 dance
555 1246 60 22 upon
626 1246 12 14 a
647 1239 33 28 jig
691 1242 24 17 to
724 1238 85 21 heaven
819 1246 3 17 ;

282 1279 35 22 To
325 1282 53 23 rest,
390 1279 39 21 the
441 1278 96 21 cushion
548 1277 45 21 and
605 1276 43 21 soft
660 1275 65 21 Dean
737 1274 69 22 invite

281 1316 60 20 Who
353 1322 66 15 never
429 1314 113 22 mentions
554 1313 45 21 hell
610 1318 23 16 to
645 1320 49 14 ears
705 1312 76 27 polite.

196 1384 23 22 It
231 1384 78 23 would
322 1390 86 23 appear
432 1383 60 22 from
516 1382 68 22 Peter
607 1381 94 25 Pindar,
715 1381 53 22 that
790 1380 112 32 formerly
926 1381 70 23 when

163 1431 97 23 Hamlet
281 1438 48 15 was
350 1430 160 30 represented,
524 1429 66 23 there
610 1436 49 15 was
679 1437 14 15 a
709 1429 131 31 performer
861 1430 53 22 who
937 1438 60 15 crew

161 1478 46 23 like
231 1486 14 14 a
262 1478 59 22 cock
342 1485 25 15 as
387 1477 40 22 the
439 1477 73 30 ghost
525 1477 111 23 vanishes
638 1490 32 4 —
672 1478 100 23 Garrick
785 1479 20 21 is
819 1479 110 23 accosted
941 1479 31 31 by
985 1487 12 15 a

162 1534 85 23 person
268 1526 55 23 who
343 1526 49 22 said
411 1526 29 22 he
453 1525 47 23 had
513 1525 65 23 often
599 1526 135 30 performed
754 1528 71 29 along
837 1528 59 22 with
908 1528 49 22 him
975 1530 22 20 at

162 1576 78 28 Drury
254 1575 73 23 Lane.
364 1572 39 23 On
414 1572 102 25 Garrick
529 1574 124 30 doubting,
667 1575 31 23 he
715 1575 108 29 persists,

280 1647 67 25 Lord,
357 1646 71 28 quoth
437 1645 38 22 the
487 1649 70 21 actor,
567 1644 65 22 think
643 1647 38 18 not
691 1643 49 21 that
753 1643 10 21 I
775 1643 72 25 mock,

279 1684 72 20 When
362 1691 44 20 you
418 1683 74 28 play'd
505 1683 97 25 Hamlet,
616 1682 41 26 Sir,
671 1682 10 21 I
692 1682 73 28 play'd
777 1682 38 21 the
831 1682 67 21 Cock.
