1120 1962
928 149 44 21 145

411 155 119 15 POETICAL
551 155 101 16 AVIARY.

397 226 70 23 What
479 227 89 22 wonder
579 235 33 14 we
623 232 61 22 pout,

398 263 56 22 And
466 265 74 21 would
551 265 45 20 fain
610 266 46 21 find
668 266 16 21 it
698 270 39 17 out
746 266 8 21 ?

219 299 73 27 Then,
304 299 50 22 how
366 304 24 17 to
402 301 77 28 please
491 309 94 19 woman,
598 303 36 21 I'll
645 304 39 21 tell
696 312 44 20 you
752 304 38 23 the
802 304 58 29 plan,

218 338 23 23 Is
253 343 23 18 to
288 347 39 20 say
339 339 30 21 all
380 347 44 21 you
437 340 72 25 know,
523 341 45 20 and
579 348 24 14 as
616 349 54 13 soon
683 349 23 14 as
717 349 46 20 you
774 349 49 15 can.

164 427 51 23 The
231 426 125 31 following
369 426 97 23 Concert
486 427 27 22 of
529 426 72 23 Birds
621 427 19 23 is
651 427 63 23 from
728 428 124 23 Browne's
893 429 84 23 Pasto-

217 481 14 16 a
238 481 71 23 poem
322 473 26 23 of
366 474 116 30 celebrity
495 473 24 24 in
538 474 31 23 its
592 475 53 30 day,
662 476 47 22 and
730 476 148 23 remarkable
899 476 36 23 for
947 476 31 23 its

132 524 89 30 having
233 524 81 23 drawn
327 523 62 23 from
410 523 42 23 the
465 523 99 23 learned
578 522 89 23 Selden
682 531 13 14 a
709 531 61 22 copy
782 523 25 22 of
824 522 153 23 commenda-

132 576 55 28 tory
206 581 80 16 verses
295 584 5 16 ;
320 581 15 16 a
347 574 173 23 circumstance
540 576 43 20 not
604 573 141 23 mentioned
758 572 25 23 in
804 573 41 22 the
867 580 112 14 common

132 620 114 22 memoirs
258 619 26 24 of
291 620 52 23 that
364 620 137 23 celebrated
513 620 97 30 patriot,
631 621 158 30 antiquarian,
811 620 109 31 linguist,
933 622 48 22 and

134 669 97 30 lawyer.
266 669 40 22 An
318 669 95 31 Eulogy
427 676 31 15 on
470 669 121 22 Pastorals
604 669 19 22 is
638 669 105 30 scarcely
756 672 25 19 to
794 669 29 23 be
836 669 88 22 looked
943 669 38 23 for

133 719 63 22 from
209 727 13 14 a
235 727 56 15 man
303 719 55 23 who
369 719 44 23 left
424 719 89 23 behind
525 719 49 22 him
595 726 26 15 so
634 725 73 23 many
724 717 65 30 pairs
808 717 26 23 of
850 717 132 30 spectacles

134 775 26 15 as
171 774 63 16 were
252 767 76 23 found
348 767 25 23 in
391 767 37 23 his
447 767 75 23 books
535 766 61 23 after
618 766 37 22 his
668 765 109 23 decease.
815 763 29 24 In
856 764 126 23 Warton's
1001 771 118 30 fr,yffl£\

134 814 66 26 time,
211 813 68 24 there
293 821 49 16 was
354 814 57 31 only
424 822 45 15 one
480 822 60 23 copy
552 815 25 22 in
587 815 121 23 existence
717 815 27 23 of
754 815 123 24 Browne's
886 815 96 31 Poetry,
989 813 130 28 &i^e.t.iS~

136 862 63 22 from
212 861 80 23 which
309 861 90 23 Milton
411 869 26 15 so
451 862 64 23 often
529 863 86 23 culled.
958 851 31 28 'A
1003 860 116 40 >-j^^z-2,

259 955 50 22 The
322 955 119 29 mounting
452 955 66 26 Lark,
532 955 61 28 day's
605 954 85 26 herald,
703 958 38 25 got
753 961 29 14 on
794 954 65 28 wing,

258 992 98 29 Bidding
368 993 55 20 each
435 993 50 21 bird
496 992 83 21 choose
590 995 41 17 out
642 991 36 21 his
689 991 83 28 bough,
784 991 45 21 and
842 991 54 28 sing,

257 1031 50 22 The
318 1030 57 28 lofty
387 1031 72 21 treble
472 1037 57 21 sung
540 1029 39 21 the
592 1028 60 22 Httle
665 1028 78 27 Wren,

257 1071 75 22 Robin
343 1070 39 22 the
394 1077 73 18 mean,
479 1068 50 22 that
540 1072 60 17 most
612 1066 26 23 of
645 1066 30 22 aU
685 1066 63 22 loves
759 1072 58 20 men,

258 1108 51 22 The
321 1106 147 30 Nightingale
480 1105 38 22 the
531 1109 72 22 tenor,
616 1104 45 22 and
672 1104 39 22 the
724 1104 93 21 Thrush

257 1145 51 22 The
320 1148 173 18 counter-tenor
505 1143 91 27 sweetly
608 1143 23 21 in
644 1149 12 14 a
667 1142 67 22 bush.

258 1183 75 21 There
346 1183 82 21 should
440 1190 61 14 some
513 1182 95 28 droning
620 1185 51 25 part
682 1182 28 21 be
720 1190 4 18 ;
737 1182 114 22 therefore
864 1182 75 22 willed

259 1221 67 22 Some
338 1221 50 22 bird
399 1226 25 17 to
436 1221 29 27 fly
476 1221 49 21 into
537 1227 12 14 a
561 1219 165 29 neighbouring
737 1219 61 26 field,

260 1259 28 21 In
300 1258 103 27 embassy
414 1261 57 17 unto
483 1257 38 21 the
535 1256 82 26 Queen
629 1256 26 20 of
663 1255 63 27 Bees,

259 1295 35 21 To
306 1295 36 21 aid
353 1294 36 21 his
400 1298 103 24 partners
515 1301 29 14 on
556 1293 38 22 the
606 1293 86 22 flowers
704 1293 46 22 and
761 1297 68 23 trees,

259 1333 61 21 Who
331 1332 183 28 condescending
526 1331 76 29 gladly
614 1331 48 21 flew
675 1331 66 28 along

259 1370 37 22 To
307 1371 54 21 bear
371 1370 39 22 the
422 1370 53 22 base
487 1374 25 18 to
524 1370 59 21 their
594 1370 135 21 well-tuned
741 1376 66 22 song;

261 1409 51 22 The
325 1409 66 22 Crow
402 1416 45 15 was
458 1408 84 28 wilfing
553 1407 54 29 they
620 1406 81 21 should
712 1407 28 20 be
752 1405 124 29 beholding

260 1447 45 23 For
316 1447 36 22 his
363 1447 57 28 deep
432 1447 70 26 voice,
514 1447 42 21 but
567 1446 67 28 being
645 1445 83 21 hoarse
739 1445 55 21 with
807 1445 108 28 scolding,

263 1483 37 23 He
309 1484 53 21 thus
373 1484 64 21 lends
450 1484 37 21 aid
496 1492 6 17 ;
513 1490 61 21 upon
586 1490 29 13 an
627 1483 42 21 oak
682 1482 56 21 doth
750 1482 76 25 climb,

262 1522 56 21 And
329 1522 101 28 nodding
441 1522 54 21 with
506 1522 35 21 his
553 1522 59 21 head
623 1529 25 13 so
659 1521 98 28 keepeth
770 1520 61 21 time.

176 1603 110 24 Another
299 1602 107 24 Concert
419 1602 19 22 is
448 1602 62 22 from
523 1599 163 29 Thompson's
701 1597 106 24 Seasons
810 1610 31 4 —

323 1675 37 28 Up
374 1674 88 29 springs
473 1674 39 22 the
524 1674 59 21 Lark

264 1713 70 22 Shrill
345 1712 81 23 voiced
438 1712 45 22 and
494 1711 62 25 loud,
568 1710 39 21 the
620 1715 130 21 messenger
761 1707 26 22 of
794 1714 70 19 morn,

315 1761 14 13 u
