1120 1962
137 168 31 22 90

441 175 120 13 POETICAL
581 174 103 14 AVIARY.

137 259 48 16 was
209 252 37 23 his
269 252 82 22 attack
363 259 32 15 on
414 251 41 24 the
468 250 178 25 Ecclesiastical
663 250 192 24 Establishment
867 259 4 18 ;
892 258 87 22 among

137 301 70 23 other
216 300 136 24 reflections
364 308 31 15 on
408 300 98 23 Church
518 300 113 30 worship,
646 300 30 23 he
689 299 129 31 compared
830 299 41 23 the
882 299 97 31 playing

137 357 31 14 on
179 348 41 23 the
233 356 75 23 organ
329 347 108 24 between
450 348 40 23 the
509 352 48 19 two
576 348 93 23 lessons
689 351 26 19 to
728 355 30 15 an
771 347 117 23 interlude
902 350 24 19 at
938 347 41 23 the

137 397 110 23 Theatre.
283 396 90 23 Milton
394 397 145 31 anticipated
557 398 41 22 the
612 396 143 24 retribution
769 396 80 23 which
861 396 41 22 fell
915 403 62 23 upon

137 444 68 23 Laud
217 443 36 24 for
265 444 37 22 his
316 444 111 30 injustice
440 445 47 23 and
500 446 92 30 cruelty
604 446 106 23 towards
724 447 104 29 Prynne.

257 499 45 22 But
314 499 49 22 that
374 500 149 23 two-handed
534 501 79 28 eDgine
625 506 24 17 at
660 502 39 21 the
711 502 54 21 door

258 538 82 23 Stands
352 539 67 26 ready
431 542 24 18 to
467 539 68 22 smite
546 546 64 19 once,
622 539 45 22 and
676 539 65 22 smite
753 546 29 14 no
793 545 67 15 more.

172 590 72 24 Some
268 590 94 23 French
384 594 118 19 actresses
531 590 135 31 attempted
688 594 25 19 to
735 590 106 31 perform
860 589 25 23 in
908 590 69 23 1629.

138 641 56 26 But,
216 648 26 15 as
261 648 99 23 appears
381 639 62 23 from
466 648 13 14 a
490 639 72 23 letter
579 639 23 22 in
622 639 40 22 the
684 639 120 22 Lambeth
826 638 107 31 Library,
955 639 22 22 in

137 689 79 23 which
229 689 57 30 they
298 696 39 15 are
356 688 75 23 called
479 687 94 23 French
586 694 94 16 women
701 694 27 15 or
741 689 120 19 monsters

137 737 58 30 they
219 744 61 15 were
336 735 90 26 hissed,
450 734 98 26 hooted,
573 733 47 23 and
883 732 32 30 by
937 732 40 23 the

138 783 123 22 audience.
298 782 23 23 It
333 789 48 15 was
402 784 40 20 too
455 780 57 23 bold
524 788 14 14 a
556 787 110 16 measure
680 783 26 19 to
719 782 101 19 venture
838 786 32 14 on
881 779 48 22 this
942 778 35 23 in-

138 829 115 23 novation
264 828 81 23 whilst
363 828 144 23 Puritanism
520 837 48 14 was
590 837 31 14 on
633 829 41 22 the
687 829 68 31 point
768 829 26 22 of
805 829 117 30 silencing
936 829 40 23 the

139 877 116 25 Theatres
275 877 152 27 themselves,
447 877 79 23 which
545 886 48 14 was
614 878 177 31 accomplished
804 879 24 22 in
844 880 71 25 1642,
932 879 45 23 and

138 926 43 25 the
227 926 88 31 King's
334 926 68 22 Book
426 926 27 22 of
594 934 47 15 was
662 926 73 23 burnt
748 927 32 30 by
793 927 40 22 the
855 927 121 31 hangman

139 975 41 24 the
192 983 55 23 year
255 975 132 30 following.
425 975 22 22 It
461 982 46 15 was
523 975 41 23 the
578 975 99 23 favorite
689 975 105 30 practice
808 975 26 23 of
844 975 41 23 the
899 976 77 26 times,

139 1026 47 23 and
198 1034 45 15 one
256 1026 78 22 which
347 1026 20 22 is
377 1029 41 19 not
431 1028 41 26 yet
485 1025 116 27 obsolete,
613 1028 26 19 to
640 1037 32 3 —
672 1037 1 4 ■

291 1085 137 29 Compound
439 1085 34 21 for
485 1085 45 21 sins
542 1092 52 13 men
606 1092 36 13 are
654 1084 99 21 inclined
765 1088 30 22 to,

289 1122 34 28 By
334 1122 107 28 damning
452 1122 64 22 those
529 1122 53 28 they
593 1122 56 21 have
661 1130 28 14 no
700 1123 64 21 mind
775 1127 29 17 to.

175 1180 38 24 Sir
227 1181 31 23 H.
274 1181 112 27 Herbert,
406 1181 41 23 the
461 1185 88 20 master
562 1181 26 23 of
598 1182 41 23 the
651 1182 86 26 revels,
750 1182 79 24 would
842 1191 73 15 never
927 1183 49 23 wil-

140 1230 75 31 lingly
237 1230 61 22 have
320 1230 181 22 countenanced
525 1234 125 19 actresses.
694 1230 50 23 The
762 1238 109 16 erasures
892 1231 24 23 in
938 1231 40 23 the

140 1279 64 30 early
224 1278 102 23 editions
347 1278 25 22 of
383 1278 134 23 Beaumont
529 1278 48 23 and
590 1278 111 24 Fletcher
713 1279 58 23 bear
790 1282 86 28 strong
897 1280 79 22 marks

142 1327 26 23 of
177 1327 37 23 his
228 1327 157 30 sanctimony.
424 1327 28 23 In
463 1327 38 23 his
513 1328 114 31 Register
639 1329 27 23 of
676 1330 122 27 Licences,
811 1340 36 14 we
859 1331 60 24 have
931 1332 47 23 this

141 1381 69 27 entry
231 1378 77 22 under
326 1376 148 24 Davenant's
486 1377 54 30 play
558 1377 26 23 of
594 1378 41 23 the
800 1379 63 22 1634
865 1392 33 4 —
929 1379 50 22 The

139 1425 59 31 king
211 1425 20 23 is
243 1424 97 32 pleased
352 1428 25 18 to
398 1424 55 23 take
467 1423 76 30 faith,
565 1424 73 27 death,
660 1425 71 31 slight
751 1425 37 22 for
808 1426 171 22 asseverations

140 1474 47 23 and
199 1482 32 15 no
244 1473 76 27 oaths,
331 1477 26 18 to
369 1473 78 23 which
461 1473 11 23 I
485 1473 31 23 do
529 1474 99 31 humbly
641 1474 97 27 submit,
747 1483 25 15 as
786 1478 25 20 to
822 1484 40 22 my
871 1475 108 23 master's

137 1523 138 30 judgment.
313 1522 47 22 But
373 1521 75 23 under
468 1521 74 27 favor,
564 1521 12 23 I
590 1523 112 22 conceive
726 1523 67 22 them
814 1526 26 19 to
860 1523 30 23 be
903 1523 76 27 oaths,

141 1572 46 22 and
200 1575 67 19 enter
277 1571 66 23 them
363 1570 57 23 here
432 1573 25 20 to
471 1569 92 23 declare
576 1578 41 22 my
639 1569 96 31 opinion
749 1569 47 23 and

140 1621 76 23 What
230 1629 13 15 a
255 1619 143 31 tantalizing
418 1618 173 23 circumstance
611 1616 18 23 it
641 1616 20 23 is
673 1616 54 23 that
743 1615 39 24 Sir
796 1615 32 23 H.
853 1614 126 23 Herbert's

141 1670 120 30 Register,
281 1669 79 22 which
373 1667 98 24 reaches
493 1666 70 23 down
582 1668 25 20 to
630 1665 72 25 1642,
717 1663 56 23 does
786 1666 43 19 not
842 1669 31 24 go
894 1661 86 31 higher

139 1717 59 25 than
214 1717 61 22 1623
287 1726 5 17 ;
313 1723 27 15 so
352 1716 53 22 that
419 1714 151 29 Shakspeare
591 1712 76 31 dying
684 1711 25 22 in
725 1711 71 26 1616,
810 1710 42 23 the
871 1709 72 23 order
955 1708 25 24 of
