1120 1962
939 141 30 21 45

400 148 122 13 POETICAL
544 148 102 13 AVIARY.

238 220 45 22 She
295 220 39 22 did
343 220 57 22 from
409 220 61 22 hand
482 224 23 18 to
517 220 80 22 bosom
609 220 56 27 skip,

236 258 55 21 And
301 258 58 22 from
371 259 40 21 her
422 259 87 25 breath,
522 259 39 21 her
573 259 79 25 cheek,
664 259 45 22 and
721 259 36 28 lip,

237 293 84 22 Suck'd
338 295 29 21 all
378 295 39 22 the
429 296 92 21 incense
533 296 44 21 and
589 296 39 22 the
638 297 70 28 spice,

237 332 55 21 Aud
301 340 59 20 grew
371 341 13 13 a
396 334 66 21 Bird
472 334 29 27 of
506 333 126 24 Paradise.

235 370 33 22 At
284 371 45 21 last
341 370 48 22 into
401 371 40 21 her
453 379 40 19 eye
505 371 42 22 she
558 371 54 27 flew,

236 410 76 22 There
324 409 104 21 scorch'd
439 409 22 21 in
473 409 86 26 flames,
572 410 45 21 and
629 410 101 23 drown'd
742 412 21 20 in
774 412 54 26 dew,

236 446 57 21 Like
306 445 104 22 Phaeton
421 446 59 21 from
489 446 39 21 the
541 447 58 21 solar
611 447 82 27 sphere

237 483 45 22 She
294 483 46 25 fell,
353 482 44 21 and
405 482 55 21 with
472 482 40 21 her
524 482 67 29 dropt
603 491 13 13 a
627 486 56 24 tear,

236 519 36 22 Of
276 519 74 21 which
359 527 13 13 a
380 519 64 28 pearl
455 526 45 14 was
512 519 97 29 straight
621 522 129 27 composed,

235 557 109 21 Wherein
359 557 41 21 her
411 557 67 21 ashes
489 557 29 21 lie
530 557 108 21 inclosed.

235 596 66 22 Thus
313 596 39 21 she
364 596 105 21 received
479 596 59 21 from
549 595 83 22 Celia's
643 602 46 21 eye,

235 635 99 22 Funeral
345 635 72 26 flame,
430 634 63 22 tomb
505 634 109 27 obsequy.

150 690 11 23 I
174 690 61 22 have
248 689 64 23 cited
324 689 70 23 these
406 695 82 16 verses
510 691 24 20 at
555 688 87 31 length
665 688 63 24 from
750 689 94 28 Carew,
864 690 104 23 because

116 738 92 23 Waller
216 738 44 23 has
273 737 122 31 generally
406 736 48 23 had
462 736 41 23 the
516 736 77 24 credit
603 736 26 23 of
639 737 163 31 introducing,
814 746 34 18 or,
858 739 111 30 perhaps,

118 786 109 30 reviving
245 786 63 22 from
328 784 112 32 Spenser,
461 785 53 23 that
536 785 117 31 exquisite
674 785 73 23 finish
766 786 27 22 of
810 787 160 30 composition

115 835 80 23 which
207 835 44 23 has
266 835 63 23 been
342 834 93 23 carried
456 838 26 19 to
503 834 134 31 perfection
657 835 25 22 in
694 835 65 31 Pope
772 836 48 23 and
833 836 74 31 Gray,
922 836 48 24 and

116 882 79 23 which
204 881 59 30 fully
275 881 131 24 illustrates
419 882 42 23 the
473 882 89 23 lesson.

235 938 62 22 True
309 946 52 14 ease
372 938 23 22 in
406 938 90 30 writing
507 947 76 14 comes
594 940 60 25 from
665 944 42 24 art,
720 945 40 18 not
772 942 93 27 chance,

237 977 33 21 As
282 976 65 22 those
359 983 65 15 move
436 977 83 21 easiest
530 977 50 22 who
592 977 57 22 have
660 977 74 22 learnt
745 982 25 17 to
782 979 80 20 dance.

151 1033 84 24 Carew
247 1041 100 23 appears
360 1036 25 20 to
397 1033 62 22 have
472 1032 39 23 led
523 1032 42 23 the
578 1040 53 23 way
643 1032 37 22 for
693 1032 93 23 Waller
798 1032 24 22 in
836 1032 49 22 this
904 1032 61 31 style

116 1086 26 23 of
163 1085 168 30 composition.
384 1084 110 23 Milton's
518 1082 161 30 manuscripts
704 1084 24 20 at
752 1081 149 31 Cambridge
925 1089 41 15 are

116 1134 73 23 much
202 1133 132 23 corrected.
373 1132 66 24 Such
450 1133 126 31 finishing,
590 1132 120 27 however,
725 1140 49 15 was
787 1136 44 19 not
845 1132 124 31 generally

118 1182 105 31 adopted
240 1182 25 23 in
277 1182 42 23 the
333 1182 158 24 seventeenth
510 1185 109 28 century.
656 1181 70 24 Even
747 1181 99 32 Dryden
864 1182 46 23 has
929 1182 40 23 the

118 1230 124 29 following
256 1231 97 28 rhymes
365 1240 5 17 ;

240 1293 50 22 Our
301 1293 144 29 thoughtless
458 1301 39 13 sex
508 1292 19 22 is
539 1293 84 28 caught
634 1293 30 28 by
676 1293 102 21 outward
783 1294 66 27 form

239 1330 56 22 And
306 1335 78 24 empty
395 1330 70 27 noise,
478 1330 45 22 and
534 1330 63 22 loves
608 1330 66 22 itself
683 1330 23 21 in
716 1338 54 14 man
780 1340 7 14 ;

239 1369 62 21 Each
314 1369 41 21 has
367 1369 34 22 his
414 1369 64 22 share
490 1369 27 21 of
524 1369 66 28 good,
599 1369 44 22 and
654 1369 67 22 when
732 1369 39 22 'tis
781 1377 67 21 gone,

239 1405 50 21 The
301 1409 73 25 guest,
384 1405 87 29 though
483 1405 94 29 hungr}-,
590 1409 83 18 cannot
685 1406 44 20 rise
741 1408 39 19 too
791 1413 56 15 soon

241 1441 67 22 Some
319 1442 51 27 lazy
381 1450 60 19 ages,
453 1442 45 21 lost
506 1442 23 21 in
542 1442 61 27 sleep
612 1442 45 21 and
668 1449 60 19 ease,

239 1480 37 22 No
288 1480 75 21 action
375 1480 57 21 have
443 1484 24 17 to
479 1480 58 27 busy
548 1479 133 22 chronicles.

153 1540 114 23 Cardinal
282 1540 101 26 Bembo,
396 1540 55 22 who
472 1539 156 23 contributed
641 1538 135 29 materially
787 1540 25 20 to
826 1537 41 22 the
878 1536 89 23 revival

119 1589 26 23 of
161 1589 85 23 letters
259 1589 25 22 in
306 1589 70 30 Italy,
399 1596 101 22 appears
521 1591 25 20 to
567 1588 61 23 have
650 1588 74 22 taken
738 1590 97 27 greater
854 1585 68 31 pains
944 1586 24 22 in

118 1635 138 30 correcting
266 1634 37 23 his
317 1635 110 31 writings
439 1636 60 22 than
511 1643 48 23 any
581 1635 26 22 of
618 1643 44 14 our
676 1635 78 22 Poets.
792 1634 39 23 He
843 1634 49 23 had
904 1634 64 30 forty

119 1683 149 26 Port-folios,
287 1683 47 22 and
354 1691 71 21 every
449 1683 72 29 thing
540 1683 54 22 that
615 1682 30 23 he
667 1682 128 29 published
817 1682 31 22 he
861 1681 69 24 made
944 1685 24 19 to
