<?xml version="1.0" encoding="UTF-8"?>
<alto xmlns:xsi="http://www.w3.org/2001/XMLSchema-instance" xsi:noNamespaceSchemaLocation="http://www.bl.uk/schemas/alto/alto-1-4.xsd" xmlns:xlink="http://www.w3.org/1999/xlink">
	<Description>
		<MeasurementUnit>mm10</MeasurementUnit>
		<sourceImageInformation>
			<fileName>//head1/IN/2008-26/A0011759050/008141.jp2</fileName>
		</sourceImageInformation>
		<OCRProcessing ID="OCRPROCESSING_1">
			<preProcessingStep>
				<processingSoftware>
					<softwareCreator>CCS Content Conversion Specialists GmbH, Germany</softwareCreator>
					<softwareName>CCS docWORKS</softwareName>
					<softwareVersion>6.1-0.67</softwareVersion>
				</processingSoftware>
			</preProcessingStep>
			<ocrProcessingStep>
				<processingSoftware>
					<softwareCreator>ABBYY (BIT Software), Russia</softwareCreator>
					<softwareName>Finereader</softwareName>
				</processingSoftware>
			</ocrProcessingStep>
		</OCRProcessing>
	</Description>
	<Styles>
		<TextStyle ID="TXT_0" FONTSIZE="9" FONTFAMILY="Courier New"/>
		<TextStyle ID="TXT_1" FONTSIZE="10" FONTFAMILY="Courier New"/>
		<ParagraphStyle ID="PAR_CENTER" ALIGN="Center"/>
		<ParagraphStyle ID="PAR_RIGHT" ALIGN="Right"/>
		<ParagraphStyle ID="PAR_LEFT" ALIGN="Left"/>
	</Styles>
	<Layout>
		<Page ID="P149" PHYSICAL_IMG_NR="149" HEIGHT="1962" WIDTH="1120" PRINTED_IMG_NR="139" POSITION="Right" ACCURACY="72.38">
			<TopMargin ID="P149_TM00001" HPOS="0" VPOS="0" WIDTH="1120" HEIGHT="168">
				<TextBlock ID="P149_TB00001" HPOS="432" VPOS="149" WIDTH="251" HEIGHT="17" STYLEREFS="TXT_0 PAR_CENTER">
					<TextLine ID="P149_TL00001" HPOS="434" VPOS="151" WIDTH="249" HEIGHT="15">
						<String ID="P149_ST00001" HPOS="434" VPOS="151" WIDTH="124" HEIGHT="15" CONTENT="POETICAL" WC="0.67" CC="51703080"/>
						<SP ID="P149_SP00001" HPOS="558" VPOS="166" WIDTH="20"/>
						<String ID="P149_ST00002" HPOS="578" VPOS="152" WIDTH="105" HEIGHT="14" CONTENT="AVIARF." WC="0.70" CC="0260083"/>
					</TextLine>
				</TextBlock>
				<TextBlock ID="P149_TB00002" HPOS="938" VPOS="145" WIDTH="44" HEIGHT="21" STYLEREFS="TXT_1 PAR_RIGHT">
					<TextLine ID="P149_TL00002" HPOS="938" VPOS="145" WIDTH="44" HEIGHT="21">
						<String ID="P149_ST00003" HPOS="938" VPOS="145" WIDTH="44" HEIGHT="21" CONTENT="139" WC="1.00" CC="000"/>
					</TextLine>
				</TextBlock>
			</TopMargin>
			<LeftMargin ID="P149_LM00001" HPOS="0" VPOS="168" WIDTH="129" HEIGHT="1594"/>
			<RightMargin ID="P149_RM00001" HPOS="986" VPOS="168" WIDTH="134" HEIGHT="1594"/>
			<BottomMargin ID="P149_BM00001" HPOS="0" VPOS="1762" WIDTH="1120" HEIGHT="199"/>
			<PrintSpace ID="P149_PS00001" HPOS="129" VPOS="168" WIDTH="857" HEIGHT="1594">
				<TextBlock ID="P149_TB00003" HPOS="134" VPOS="221" WIDTH="852" HEIGHT="767" STYLEREFS="TXT_0 PAR_LEFT">
					<TextLine ID="P149_TL00003" HPOS="138" VPOS="222" WIDTH="847" HEIGHT="33">
						<String ID="P149_ST00004" HPOS="138" VPOS="222" WIDTH="40" HEIGHT="24" CONTENT="the" WC="0.52" CC="770"/>
						<SP ID="P149_SP00002" HPOS="178" VPOS="246" WIDTH="10"/>
						<String ID="P149_ST00005" HPOS="188" VPOS="230" WIDTH="68" HEIGHT="23" CONTENT="years" WC="0.77" CC="00046"/>
						<SP ID="P149_SP00003" HPOS="256" VPOS="253" WIDTH="16"/>
						<String ID="P149_ST00006" HPOS="272" VPOS="224" WIDTH="62" HEIGHT="22" CONTENT="1647" WC="1.00" CC="0000"/>
						<SP ID="P149_SP00004" HPOS="334" VPOS="253" WIDTH="14"/>
						<String ID="P149_ST00007" HPOS="348" VPOS="223" WIDTH="48" HEIGHT="23" CONTENT="and" WC="0.95" CC="010"/>
						<SP ID="P149_SP00005" HPOS="396" VPOS="253" WIDTH="16"/>
						<String ID="P149_ST00008" HPOS="412" VPOS="224" WIDTH="71" HEIGHT="22" CONTENT="1687." WC="0.80" CC="41300"/>
						<SP ID="P149_SP00006" HPOS="483" VPOS="253" WIDTH="38"/>
						<String ID="P149_ST00009" HPOS="521" VPOS="224" WIDTH="40" HEIGHT="22" CONTENT="On" WC="0.98" CC="00"/>
						<SP ID="P149_SP00007" HPOS="561" VPOS="253" WIDTH="13"/>
						<String ID="P149_ST00010" HPOS="574" VPOS="224" WIDTH="42" HEIGHT="23" CONTENT="the" WC="0.83" CC="050"/>
						<SP ID="P149_SP00008" HPOS="616" VPOS="253" WIDTH="13"/>
						<String ID="P149_ST00011" HPOS="629" VPOS="225" WIDTH="71" HEIGHT="22" CONTENT="other" WC="0.94" CC="00300"/>
						<SP ID="P149_SP00009" HPOS="700" VPOS="253" WIDTH="12"/>
						<String ID="P149_ST00012" HPOS="712" VPOS="224" WIDTH="72" HEIGHT="27" CONTENT="hand," WC="0.84" CC="10600"/>
						<SP ID="P149_SP00010" HPOS="784" VPOS="253" WIDTH="15"/>
						<String ID="P149_ST00013" HPOS="799" VPOS="224" WIDTH="78" HEIGHT="23" CONTENT="works" WC="0.90" CC="04000"/>
						<SP ID="P149_SP00011" HPOS="877" VPOS="253" WIDTH="13"/>
						<String ID="P149_ST00014" HPOS="890" VPOS="224" WIDTH="27" HEIGHT="22" CONTENT="of" WC="0.82" CC="03"/>
						<SP ID="P149_SP00012" HPOS="917" VPOS="253" WIDTH="14"/>
						<String ID="P149_ST00015" HPOS="931" VPOS="232" WIDTH="54" HEIGHT="23" CONTENT="per" SUBS_TYPE="HypPart1" SUBS_CONTENT="permanent" WC="0.85" CC="0302"/>
						<HYP CONTENT="-"/>
					</TextLine>
					<TextLine ID="P149_TL00004" HPOS="138" VPOS="273" WIDTH="848" HEIGHT="32">
						<String ID="P149_ST00016" HPOS="138" VPOS="279" WIDTH="98" HEIGHT="19" CONTENT="manent" SUBS_TYPE="HypPart2" SUBS_CONTENT="permanent" WC="0.63" CC="466040"/>
						<SP ID="P149_SP00013" HPOS="236" VPOS="298" WIDTH="11"/>
						<String ID="P149_ST00017" HPOS="247" VPOS="275" WIDTH="99" HEIGHT="23" CONTENT="interest" WC="0.79" CC="53001060"/>
						<SP ID="P149_SP00014" HPOS="346" VPOS="298" WIDTH="14"/>
						<String ID="P149_ST00018" HPOS="360" VPOS="274" WIDTH="106" HEIGHT="23" CONTENT="advance" WC="0.84" CC="0070300"/>
						<SP ID="P149_SP00015" HPOS="466" VPOS="298" WIDTH="13"/>
						<String ID="P149_ST00019" HPOS="479" VPOS="282" WIDTH="66" HEIGHT="14" CONTENT="more" WC="0.70" CC="0560"/>
						<SP ID="P149_SP00016" HPOS="545" VPOS="298" WIDTH="14"/>
						<String ID="P149_ST00020" HPOS="559" VPOS="274" WIDTH="92" HEIGHT="31" CONTENT="slowly." WC="0.61" CC="6259100"/>
						<SP ID="P149_SP00017" HPOS="651" VPOS="305" WIDTH="32"/>
						<String ID="P149_ST00021" HPOS="683" VPOS="274" WIDTH="89" HEIGHT="22" CONTENT="Milton" WC="0.86" CC="022003"/>
						<SP ID="P149_SP00018" HPOS="772" VPOS="305" WIDTH="14"/>
						<String ID="P149_ST00022" HPOS="786" VPOS="274" WIDTH="86" HEIGHT="29" CONTENT="signed" WC="0.54" CC="459008"/>
						<SP ID="P149_SP00019" HPOS="872" VPOS="305" WIDTH="13"/>
						<String ID="P149_ST00023" HPOS="885" VPOS="273" WIDTH="36" HEIGHT="23" CONTENT="his" WC="0.50" CC="706"/>
						<SP ID="P149_SP00020" HPOS="921" VPOS="305" WIDTH="12"/>
						<String ID="P149_ST00024" HPOS="933" VPOS="273" WIDTH="53" HEIGHT="23" CONTENT="first" WC="0.71" CC="11370"/>
					</TextLine>
					<TextLine ID="P149_TL00005" HPOS="137" VPOS="319" WIDTH="849" HEIGHT="38">
						<String ID="P149_ST00025" HPOS="137" VPOS="327" WIDTH="89" HEIGHT="30" CONTENT="receipt" WC="0.61" CC="3000499"/>
						<SP ID="P149_SP00021" HPOS="226" VPOS="357" WIDTH="13"/>
						<String ID="P149_ST00026" HPOS="239" VPOS="326" WIDTH="26" HEIGHT="23" CONTENT="of" WC="1.00" CC="00"/>
						<SP ID="P149_SP00022" HPOS="265" VPOS="357" WIDTH="15"/>
						<String ID="P149_ST00027" HPOS="280" VPOS="327" WIDTH="34" HEIGHT="22" CONTENT="£5" WC="0.41" CC="55"/>
						<SP ID="P149_SP00023" HPOS="314" VPOS="357" WIDTH="15"/>
						<String ID="P149_ST00028" HPOS="329" VPOS="326" WIDTH="37" HEIGHT="22" CONTENT="for" WC="0.81" CC="410"/>
						<SP ID="P149_SP00024" HPOS="366" VPOS="357" WIDTH="21"/>
						<String ID="P149_ST00029" HPOS="387" VPOS="325" WIDTH="41" HEIGHT="22" CONTENT="the" WC="0.59" CC="460"/>
						<SP ID="P149_SP00025" HPOS="428" VPOS="357" WIDTH="13"/>
						<String ID="P149_ST00030" HPOS="441" VPOS="324" WIDTH="113" HEIGHT="23" CONTENT="Paradise" WC="0.79" CC="50000560"/>
						<SP ID="P149_SP00026" HPOS="554" VPOS="357" WIDTH="13"/>
						<String ID="P149_ST00031" HPOS="567" VPOS="323" WIDTH="60" HEIGHT="23" CONTENT="Lost" WC="0.69" CC="3530"/>
						<SP ID="P149_SP00027" HPOS="627" VPOS="357" WIDTH="13"/>
						<String ID="P149_ST00032" HPOS="640" VPOS="330" WIDTH="32" HEIGHT="16" CONTENT="on" WC="0.48" CC="55"/>
						<SP ID="P149_SP00028" HPOS="672" VPOS="357" WIDTH="12"/>
						<String ID="P149_ST00033" HPOS="684" VPOS="321" WIDTH="69" HEIGHT="31" CONTENT="April" WC="0.78" CC="00065"/>
						<SP ID="P149_SP00029" HPOS="753" VPOS="357" WIDTH="14"/>
						<String ID="P149_ST00034" HPOS="767" VPOS="321" WIDTH="68" HEIGHT="26" CONTENT="27th," WC="0.98" CC="00010"/>
						<SP ID="P149_SP00030" HPOS="835" VPOS="357" WIDTH="17"/>
						<String ID="P149_ST00035" HPOS="852" VPOS="320" WIDTH="72" HEIGHT="26" CONTENT="1667," WC="0.79" CC="31103"/>
						<SP ID="P149_SP00031" HPOS="924" VPOS="357" WIDTH="14"/>
						<String ID="P149_ST00036" HPOS="938" VPOS="319" WIDTH="48" HEIGHT="22" CONTENT="and" WC="0.96" CC="010"/>
					</TextLine>
					<TextLine ID="P149_TL00006" HPOS="137" VPOS="368" WIDTH="849" HEIGHT="34">
						<String ID="P149_ST00037" HPOS="137" VPOS="376" WIDTH="38" HEIGHT="23" CONTENT="his" WC="0.54" CC="255"/>
						<SP ID="P149_SP00032" HPOS="175" VPOS="399" WIDTH="12"/>
						<String ID="P149_ST00038" HPOS="187" VPOS="376" WIDTH="96" HEIGHT="25" CONTENT="second," WC="0.74" CC="6001603"/>
						<SP ID="P149_SP00033" HPOS="283" VPOS="401" WIDTH="13"/>
						<String ID="P149_ST00039" HPOS="296" VPOS="375" WIDTH="38" HEIGHT="23" CONTENT="for" WC="0.59" CC="316"/>
						<SP ID="P149_SP00034" HPOS="334" VPOS="401" WIDTH="12"/>
						<String ID="P149_ST00040" HPOS="346" VPOS="374" WIDTH="102" HEIGHT="23" CONTENT="another" WC="0.58" CC="9520703"/>
						<SP ID="P149_SP00035" HPOS="448" VPOS="401" WIDTH="13"/>
						<String ID="P149_ST00041" HPOS="461" VPOS="374" WIDTH="45" HEIGHT="25" CONTENT="£5," WC="0.80" CC="320"/>
						<SP ID="P149_SP00036" HPOS="506" VPOS="401" WIDTH="14"/>
						<String ID="P149_ST00042" HPOS="520" VPOS="381" WIDTH="64" HEIGHT="21" CONTENT="upon" WC="0.61" CC="8006"/>
						<SP ID="P149_SP00037" HPOS="584" VPOS="402" WIDTH="21"/>
						<String ID="P149_ST00043" HPOS="605" VPOS="372" WIDTH="40" HEIGHT="23" CONTENT="the" WC="0.48" CC="275"/>
						<SP ID="P149_SP00038" HPOS="645" VPOS="402" WIDTH="24"/>
						<String ID="P149_ST00044" HPOS="669" VPOS="371" WIDTH="48" HEIGHT="23" CONTENT="sale" WC="0.64" CC="0921"/>
						<SP ID="P149_SP00039" HPOS="717" VPOS="402" WIDTH="19"/>
						<String ID="P149_ST00045" HPOS="736" VPOS="371" WIDTH="26" HEIGHT="22" CONTENT="of" WC="0.59" CC="25"/>
						<SP ID="P149_SP00040" HPOS="762" VPOS="402" WIDTH="20"/>
						<String ID="P149_ST00046" HPOS="782" VPOS="371" WIDTH="63" HEIGHT="22" CONTENT="1300" WC="0.88" CC="0400"/>
						<SP ID="P149_SP00041" HPOS="845" VPOS="402" WIDTH="22"/>
						<String ID="P149_ST00047" HPOS="867" VPOS="368" WIDTH="81" HEIGHT="31" CONTENT="copies" WC="0.77" CC="040306"/>
						<SP ID="P149_SP00042" HPOS="948" VPOS="402" WIDTH="13"/>
						<String ID="P149_ST00048" HPOS="961" VPOS="368" WIDTH="25" HEIGHT="23" CONTENT="of" WC="0.86" CC="02"/>
					</TextLine>
					<TextLine ID="P149_TL00007" HPOS="137" VPOS="419" WIDTH="849" HEIGHT="33">
						<String ID="P149_ST00049" HPOS="137" VPOS="423" WIDTH="41" HEIGHT="22" CONTENT="the" WC="0.75" CC="070"/>
						<SP ID="P149_SP00043" HPOS="178" VPOS="445" WIDTH="13"/>
						<String ID="P149_ST00050" HPOS="191" VPOS="423" WIDTH="51" HEIGHT="23" CONTENT="first" WC="0.75" CC="00570"/>
						<SP ID="P149_SP00044" HPOS="242" VPOS="446" WIDTH="13"/>
						<String ID="P149_ST00051" HPOS="255" VPOS="423" WIDTH="97" HEIGHT="26" CONTENT="edition," WC="0.77" CC="00603053"/>
						<SP ID="P149_SP00045" HPOS="352" VPOS="449" WIDTH="12"/>
						<String ID="P149_ST00052" HPOS="364" VPOS="430" WIDTH="32" HEIGHT="15" CONTENT="on" WC="0.69" CC="05"/>
						<SP ID="P149_SP00046" HPOS="396" VPOS="449" WIDTH="13"/>
						<String ID="P149_ST00053" HPOS="409" VPOS="422" WIDTH="67" HEIGHT="30" CONTENT="April" WC="0.72" CC="09004"/>
						<SP ID="P149_SP00047" HPOS="476" VPOS="452" WIDTH="9"/>
						<String ID="P149_ST00054" HPOS="485" VPOS="422" WIDTH="68" HEIGHT="26" CONTENT="26th," WC="0.54" CC="90263"/>
						<SP ID="P149_SP00048" HPOS="553" VPOS="452" WIDTH="17"/>
						<String ID="P149_ST00055" HPOS="570" VPOS="423" WIDTH="7" HEIGHT="21" CONTENT="1" WC="1.00" CC="0"/>
						<SP ID="P149_SP00049" HPOS="577" VPOS="452" WIDTH="9"/>
						<String ID="P149_ST00056" HPOS="586" VPOS="423" WIDTH="57" HEIGHT="21" CONTENT="669." WC="0.74" CC="3600"/>
						<SP ID="P149_SP00050" HPOS="643" VPOS="452" WIDTH="36"/>
						<String ID="P149_ST00057" HPOS="679" VPOS="422" WIDTH="59" HEIGHT="22" CONTENT="This" WC="0.65" CC="0607"/>
						<SP ID="P149_SP00051" HPOS="738" VPOS="452" WIDTH="11"/>
						<String ID="P149_ST00058" HPOS="749" VPOS="428" WIDTH="49" HEIGHT="16" CONTENT="was" WC="0.47" CC="905"/>
						<SP ID="P149_SP00052" HPOS="798" VPOS="452" WIDTH="10"/>
						<String ID="P149_ST00059" HPOS="808" VPOS="421" WIDTH="30" HEIGHT="22" CONTENT="all" WC="0.79" CC="032"/>
						<SP ID="P149_SP00053" HPOS="838" VPOS="452" WIDTH="11"/>
						<String ID="P149_ST00060" HPOS="849" VPOS="420" WIDTH="30" HEIGHT="23" CONTENT="he" WC="0.71" CC="50"/>
						<SP ID="P149_SP00054" HPOS="879" VPOS="452" WIDTH="9"/>
						<String ID="P149_ST00061" HPOS="888" VPOS="419" WIDTH="64" HEIGHT="24" CONTENT="lived" WC="0.91" CC="00400"/>
						<SP ID="P149_SP00055" HPOS="952" VPOS="452" WIDTH="8"/>
						<String ID="P149_ST00062" HPOS="960" VPOS="423" WIDTH="26" HEIGHT="19" CONTENT="to" WC="0.54" CC="26"/>
					</TextLine>
					<TextLine ID="P149_TL00008" HPOS="137" VPOS="464" WIDTH="848" HEIGHT="36">
						<String ID="P149_ST00063" HPOS="137" VPOS="474" WIDTH="99" HEIGHT="26" CONTENT="receive," WC="0.72" CC="57020203"/>
						<SP ID="P149_SP00056" HPOS="236" VPOS="500" WIDTH="11"/>
						<String ID="P149_ST00064" HPOS="247" VPOS="474" WIDTH="41" HEIGHT="22" CONTENT="the" WC="0.68" CC="270"/>
						<SP ID="P149_SP00057" HPOS="288" VPOS="500" WIDTH="23"/>
						<String ID="P149_ST00065" HPOS="311" VPOS="472" WIDTH="89" HEIGHT="24" CONTENT="second" WC="0.75" CC="200750"/>
						<SP ID="P149_SP00058" HPOS="400" VPOS="500" WIDTH="20"/>
						<String ID="P149_ST00066" HPOS="420" VPOS="471" WIDTH="91" HEIGHT="24" CONTENT="edition" WC="0.67" CC="0703217"/>
						<SP ID="P149_SP00059" HPOS="511" VPOS="500" WIDTH="17"/>
						<String ID="P149_ST00067" HPOS="528" VPOS="478" WIDTH="50" HEIGHT="14" CONTENT="was" WC="0.89" CC="003"/>
						<SP ID="P149_SP00060" HPOS="578" VPOS="500" WIDTH="18"/>
						<String ID="P149_ST00068" HPOS="596" VPOS="468" WIDTH="127" HEIGHT="32" CONTENT="published" WC="0.64" CC="067517030"/>
						<SP ID="P149_SP00061" HPOS="723" VPOS="500" WIDTH="20"/>
						<String ID="P149_ST00069" HPOS="743" VPOS="467" WIDTH="25" HEIGHT="22" CONTENT="in" WC="0.57" CC="08"/>
						<SP ID="P149_SP00062" HPOS="768" VPOS="500" WIDTH="24"/>
						<String ID="P149_ST00070" HPOS="792" VPOS="467" WIDTH="73" HEIGHT="25" CONTENT="1674," WC="0.54" CC="66090"/>
						<SP ID="P149_SP00063" HPOS="865" VPOS="500" WIDTH="14"/>
						<String ID="P149_ST00071" HPOS="879" VPOS="466" WIDTH="47" HEIGHT="22" CONTENT="and" WC="0.75" CC="070"/>
						<SP ID="P149_SP00064" HPOS="926" VPOS="500" WIDTH="22"/>
						<String ID="P149_ST00072" HPOS="948" VPOS="464" WIDTH="37" HEIGHT="23" CONTENT="his" WC="0.43" CC="763"/>
					</TextLine>
					<TextLine ID="P149_TL00009" HPOS="137" VPOS="513" WIDTH="849" HEIGHT="31">
						<String ID="P149_ST00073" HPOS="137" VPOS="522" WIDTH="85" HEIGHT="22" CONTENT="widow" WC="0.82" CC="62000"/>
						<SP ID="P149_SP00065" HPOS="222" VPOS="544" WIDTH="13"/>
						<String ID="P149_ST00074" HPOS="235" VPOS="521" WIDTH="51" HEIGHT="23" CONTENT="sold" WC="0.83" CC="4200"/>
						<SP ID="P149_SP00066" HPOS="286" VPOS="544" WIDTH="10"/>
						<String ID="P149_ST00075" HPOS="296" VPOS="521" WIDTH="44" HEIGHT="23" CONTENT="her" WC="0.69" CC="503"/>
						<SP ID="P149_SP00067" HPOS="340" VPOS="544" WIDTH="12"/>
						<String ID="P149_ST00076" HPOS="352" VPOS="520" WIDTH="76" HEIGHT="24" CONTENT="entire" WC="0.85" CC="020600"/>
						<SP ID="P149_SP00068" HPOS="428" VPOS="544" WIDTH="13"/>
						<String ID="P149_ST00077" HPOS="441" VPOS="519" WIDTH="100" HEIGHT="23" CONTENT="interest" WC="0.59" CC="57006067"/>
						<SP ID="P149_SP00069" HPOS="541" VPOS="544" WIDTH="11"/>
						<String ID="P149_ST00078" HPOS="552" VPOS="517" WIDTH="38" HEIGHT="23" CONTENT="for" WC="0.95" CC="001"/>
						<SP ID="P149_SP00070" HPOS="590" VPOS="544" WIDTH="13"/>
						<String ID="P149_ST00079" HPOS="603" VPOS="518" WIDTH="46" HEIGHT="21" CONTENT="£8." WC="0.57" CC="921"/>
						<SP ID="P149_SP00071" HPOS="649" VPOS="544" WIDTH="26"/>
						<String ID="P149_ST00080" HPOS="675" VPOS="517" WIDTH="51" HEIGHT="22" CONTENT="The" WC="0.75" CC="070"/>
						<SP ID="P149_SP00072" HPOS="726" VPOS="544" WIDTH="12"/>
						<String ID="P149_ST00081" HPOS="738" VPOS="515" WIDTH="105" HEIGHT="24" CONTENT="Kit-Cat" WC="0.95" CC="0010100"/>
						<SP ID="P149_SP00073" HPOS="843" VPOS="544" WIDTH="11"/>
						<String ID="P149_ST00082" HPOS="854" VPOS="514" WIDTH="93" HEIGHT="30" CONTENT="picture" WC="0.80" CC="0002470"/>
						<SP ID="P149_SP00074" HPOS="947" VPOS="544" WIDTH="13"/>
						<String ID="P149_ST00083" HPOS="960" VPOS="513" WIDTH="26" HEIGHT="22" CONTENT="of" WC="1.00" CC="00"/>
					</TextLine>
					<TextLine ID="P149_TL00010" HPOS="136" VPOS="562" WIDTH="849" HEIGHT="35">
						<String ID="P149_ST00084" HPOS="136" VPOS="571" WIDTH="76" HEIGHT="23" CONTENT="Jacob" WC="0.80" CC="00027"/>
						<SP ID="P149_SP00075" HPOS="212" VPOS="594" WIDTH="10"/>
						<String ID="P149_ST00085" HPOS="222" VPOS="571" WIDTH="105" HEIGHT="25" CONTENT="Tonson," WC="0.58" CC="0664361"/>
						<SP ID="P149_SP00076" HPOS="327" VPOS="596" WIDTH="12"/>
						<String ID="P149_ST00086" HPOS="339" VPOS="570" WIDTH="53" HEIGHT="22" CONTENT="who" WC="0.81" CC="013"/>
						<SP ID="P149_SP00077" HPOS="392" VPOS="596" WIDTH="9"/>
						<String ID="P149_ST00087" HPOS="401" VPOS="569" WIDTH="99" HEIGHT="23" CONTENT="became" WC="0.62" CC="600690"/>
						<SP ID="P149_SP00078" HPOS="500" VPOS="596" WIDTH="13"/>
						<String ID="P149_ST00088" HPOS="513" VPOS="567" WIDTH="50" HEIGHT="23" CONTENT="sole" WC="0.76" CC="4040"/>
						<SP ID="P149_SP00079" HPOS="563" VPOS="596" WIDTH="8"/>
						<String ID="P149_ST00089" HPOS="571" VPOS="566" WIDTH="135" HEIGHT="31" CONTENT="proprietor" WC="0.85" CC="0040403001"/>
						<SP ID="P149_SP00080" HPOS="706" VPOS="597" WIDTH="14"/>
						<String ID="P149_ST00090" HPOS="720" VPOS="564" WIDTH="26" HEIGHT="23" CONTENT="of" WC="0.85" CC="02"/>
						<SP ID="P149_SP00081" HPOS="746" VPOS="597" WIDTH="7"/>
						<String ID="P149_ST00091" HPOS="753" VPOS="564" WIDTH="40" HEIGHT="23" CONTENT="the" WC="0.82" CC="050"/>
						<SP ID="P149_SP00082" HPOS="793" VPOS="597" WIDTH="10"/>
						<String ID="P149_ST00092" HPOS="803" VPOS="563" WIDTH="112" HEIGHT="23" CONTENT="Paradise" WC="0.80" CC="70100070"/>
						<SP ID="P149_SP00083" HPOS="915" VPOS="597" WIDTH="10"/>
						<String ID="P149_ST00093" HPOS="925" VPOS="562" WIDTH="60" HEIGHT="23" CONTENT="Lost" WC="0.64" CC="2066"/>
					</TextLine>
					<TextLine ID="P149_TL00011" HPOS="136" VPOS="614" WIDTH="847" HEIGHT="34">
						<String ID="P149_ST00094" HPOS="136" VPOS="618" WIDTH="26" HEIGHT="22" CONTENT="in" WC="0.90" CC="10"/>
						<SP ID="P149_SP00084" HPOS="162" VPOS="640" WIDTH="24"/>
						<String ID="P149_ST00095" HPOS="186" VPOS="619" WIDTH="71" HEIGHT="25" CONTENT="1690," WC="0.87" CC="00023"/>
						<SP ID="P149_SP00085" HPOS="257" VPOS="644" WIDTH="14"/>
						<String ID="P149_ST00096" HPOS="271" VPOS="618" WIDTH="78" HEIGHT="23" CONTENT="shews" WC="0.42" CC="67094"/>
						<SP ID="P149_SP00086" HPOS="349" VPOS="644" WIDTH="24"/>
						<String ID="P149_ST00097" HPOS="373" VPOS="618" WIDTH="40" HEIGHT="23" CONTENT="the" WC="0.77" CC="060"/>
						<SP ID="P149_SP00087" HPOS="413" VPOS="644" WIDTH="25"/>
						<String ID="P149_ST00098" HPOS="438" VPOS="617" WIDTH="77" HEIGHT="31" CONTENT="rising" WC="0.45" CC="347609"/>
						<SP ID="P149_SP00088" HPOS="515" VPOS="648" WIDTH="24"/>
						<String ID="P149_ST00099" HPOS="539" VPOS="616" WIDTH="138" HEIGHT="23" CONTENT="estimation" WC="0.74" CC="0303600225"/>
						<SP ID="P149_SP00089" HPOS="677" VPOS="648" WIDTH="23"/>
						<String ID="P149_ST00100" HPOS="700" VPOS="615" WIDTH="27" HEIGHT="23" CONTENT="of" WC="0.86" CC="02"/>
						<SP ID="P149_SP00090" HPOS="727" VPOS="648" WIDTH="15"/>
						<String ID="P149_ST00101" HPOS="742" VPOS="615" WIDTH="41" HEIGHT="23" CONTENT="the" WC="0.82" CC="050"/>
						<SP ID="P149_SP00091" HPOS="783" VPOS="648" WIDTH="23"/>
						<String ID="P149_ST00102" HPOS="806" VPOS="615" WIDTH="66" HEIGHT="23" CONTENT="work" WC="1.00" CC="0000"/>
						<SP ID="P149_SP00092" HPOS="872" VPOS="648" WIDTH="13"/>
						<String ID="P149_ST00103" HPOS="885" VPOS="624" WIDTH="4" HEIGHT="17" CONTENT=";" WC="1.00" CC="0"/>
						<SP ID="P149_SP00093" HPOS="889" VPOS="648" WIDTH="21"/>
						<String ID="P149_ST00104" HPOS="910" VPOS="614" WIDTH="31" HEIGHT="23" CONTENT="he" WC="1.00" CC="00"/>
						<SP ID="P149_SP00094" HPOS="941" VPOS="648" WIDTH="23"/>
						<String ID="P149_ST00105" HPOS="964" VPOS="614" WIDTH="19" HEIGHT="22" CONTENT="is" WC="0.66" CC="15"/>
					</TextLine>
					<TextLine ID="P149_TL00012" HPOS="137" VPOS="666" WIDTH="846" HEIGHT="32">
						<String ID="P149_ST00106" HPOS="137" VPOS="666" WIDTH="81" HEIGHT="23" CONTENT="drawn" WC="0.95" CC="02000"/>
						<SP ID="P149_SP00095" HPOS="218" VPOS="689" WIDTH="12"/>
						<String ID="P149_ST00107" HPOS="230" VPOS="666" WIDTH="58" HEIGHT="23" CONTENT="with" WC="0.77" CC="0017"/>
						<SP ID="P149_SP00096" HPOS="288" VPOS="689" WIDTH="13"/>
						<String ID="P149_ST00108" HPOS="301" VPOS="666" WIDTH="18" HEIGHT="23" CONTENT="it" WC="0.39" CC="56"/>
						<SP ID="P149_SP00097" HPOS="319" VPOS="689" WIDTH="18"/>
						<String ID="P149_ST00109" HPOS="337" VPOS="666" WIDTH="75" HEIGHT="23" CONTENT="under" WC="0.49" CC="57046"/>
						<SP ID="P149_SP00098" HPOS="412" VPOS="689" WIDTH="21"/>
						<String ID="P149_ST00110" HPOS="433" VPOS="666" WIDTH="38" HEIGHT="23" CONTENT="his" WC="0.59" CC="263"/>
						<SP ID="P149_SP00099" HPOS="471" VPOS="689" WIDTH="19"/>
						<String ID="P149_ST00111" HPOS="490" VPOS="674" WIDTH="59" HEIGHT="15" CONTENT="arm." WC="0.71" CC="4700"/>
						<SP ID="P149_SP00100" HPOS="549" VPOS="689" WIDTH="38"/>
						<String ID="P149_ST00112" HPOS="587" VPOS="666" WIDTH="65" HEIGHT="32" CONTENT="Only" WC="0.84" CC="0420"/>
						<SP ID="P149_SP00101" HPOS="652" VPOS="698" WIDTH="21"/>
						<String ID="P149_ST00113" HPOS="673" VPOS="670" WIDTH="49" HEIGHT="18" CONTENT="two" WC="0.89" CC="003"/>
						<SP ID="P149_SP00102" HPOS="722" VPOS="698" WIDTH="22"/>
						<String ID="P149_ST00114" HPOS="744" VPOS="666" WIDTH="105" HEIGHT="22" CONTENT="editions" WC="0.86" CC="00003016"/>
						<SP ID="P149_SP00103" HPOS="849" VPOS="698" WIDTH="13"/>
						<String ID="P149_ST00115" HPOS="862" VPOS="666" WIDTH="27" HEIGHT="22" CONTENT="of" WC="0.93" CC="01"/>
						<SP ID="P149_SP00104" HPOS="889" VPOS="698" WIDTH="17"/>
						<String ID="P149_ST00116" HPOS="906" VPOS="666" WIDTH="77" HEIGHT="23" CONTENT="Shak" SUBS_TYPE="HypPart1" SUBS_CONTENT="Shakspeare's" WC="0.76" CC="56000"/>
						<HYP CONTENT="-"/>
					</TextLine>
					<TextLine ID="P149_TL00013" HPOS="137" VPOS="713" WIDTH="848" HEIGHT="33">
						<String ID="P149_ST00117" HPOS="137" VPOS="715" WIDTH="104" HEIGHT="30" CONTENT="speare's" SUBS_TYPE="HypPart2" SUBS_CONTENT="Shakspeare's" WC="0.76" CC="60000066"/>
						<SP ID="P149_SP00105" HPOS="241" VPOS="745" WIDTH="13"/>
						<String ID="P149_ST00118" HPOS="254" VPOS="716" WIDTH="81" HEIGHT="22" CONTENT="works" WC="0.76" CC="00407"/>
						<SP ID="P149_SP00106" HPOS="335" VPOS="745" WIDTH="13"/>
						<String ID="P149_ST00119" HPOS="348" VPOS="723" WIDTH="62" HEIGHT="15" CONTENT="were" WC="0.94" CC="0020"/>
						<SP ID="P149_SP00107" HPOS="410" VPOS="745" WIDTH="13"/>
						<String ID="P149_ST00120" HPOS="423" VPOS="715" WIDTH="127" HEIGHT="31" CONTENT="published" WC="0.54" CC="964066700"/>
						<SP ID="P149_SP00108" HPOS="550" VPOS="746" WIDTH="12"/>
						<String ID="P149_ST00121" HPOS="562" VPOS="715" WIDTH="24" HEIGHT="22" CONTENT="in" WC="0.80" CC="30"/>
						<SP ID="P149_SP00109" HPOS="586" VPOS="746" WIDTH="9"/>
						<String ID="P149_ST00122" HPOS="595" VPOS="714" WIDTH="82" HEIGHT="30" CONTENT="nearly" WC="0.75" CC="600250"/>
						<SP ID="P149_SP00110" HPOS="677" VPOS="746" WIDTH="19"/>
						<String ID="P149_ST00123" HPOS="696" VPOS="714" WIDTH="52" HEIGHT="22" CONTENT="half" WC="0.64" CC="6052"/>
						<SP ID="P149_SP00111" HPOS="748" VPOS="746" WIDTH="17"/>
						<String ID="P149_ST00124" HPOS="765" VPOS="721" WIDTH="12" HEIGHT="15" CONTENT="a" WC="0.24" CC="7"/>
						<SP ID="P149_SP00112" HPOS="777" VPOS="746" WIDTH="25"/>
						<String ID="P149_ST00125" HPOS="802" VPOS="716" WIDTH="107" HEIGHT="28" CONTENT="century," WC="0.55" CC="04806690"/>
						<SP ID="P149_SP00113" HPOS="909" VPOS="746" WIDTH="14"/>
						<String ID="P149_ST00126" HPOS="923" VPOS="713" WIDTH="62" HEIGHT="23" CONTENT="from" WC="0.66" CC="6510"/>
					</TextLine>
					<TextLine ID="P149_TL00014" HPOS="140" VPOS="760" WIDTH="845" HEIGHT="31">
						<String ID="P149_ST00127" HPOS="140" VPOS="765" WIDTH="71" HEIGHT="25" CONTENT="1623," WC="0.76" CC="62002"/>
						<SP ID="P149_SP00114" HPOS="211" VPOS="790" WIDTH="14"/>
						<String ID="P149_ST00128" HPOS="225" VPOS="764" WIDTH="41" HEIGHT="23" CONTENT="the" WC="0.74" CC="025"/>
						<SP ID="P149_SP00115" HPOS="266" VPOS="790" WIDTH="22"/>
						<String ID="P149_ST00129" HPOS="288" VPOS="764" WIDTH="54" HEIGHT="23" CONTENT="date" WC="0.79" CC="0520"/>
						<SP ID="P149_SP00116" HPOS="342" VPOS="790" WIDTH="14"/>
						<String ID="P149_ST00130" HPOS="356" VPOS="764" WIDTH="26" HEIGHT="23" CONTENT="of" WC="0.83" CC="02"/>
						<SP ID="P149_SP00117" HPOS="382" VPOS="790" WIDTH="16"/>
						<String ID="P149_ST00131" HPOS="398" VPOS="764" WIDTH="41" HEIGHT="23" CONTENT="the" WC="0.85" CC="004"/>
						<SP ID="P149_SP00118" HPOS="439" VPOS="790" WIDTH="19"/>
						<String ID="P149_ST00132" HPOS="458" VPOS="764" WIDTH="53" HEIGHT="22" CONTENT="first" WC="0.87" CC="00060"/>
						<SP ID="P149_SP00119" HPOS="511" VPOS="790" WIDTH="13"/>
						<String ID="P149_ST00133" HPOS="524" VPOS="763" WIDTH="90" HEIGHT="23" CONTENT="edition" WC="0.73" CC="0060604"/>
						<SP ID="P149_SP00120" HPOS="614" VPOS="790" WIDTH="14"/>
						<String ID="P149_ST00134" HPOS="628" VPOS="761" WIDTH="37" HEIGHT="29" CONTENT="(of" WC="1.00" CC="000"/>
						<SP ID="P149_SP00121" HPOS="665" VPOS="790" WIDTH="14"/>
						<String ID="P149_ST00135" HPOS="679" VPOS="760" WIDTH="80" HEIGHT="24" CONTENT="which" WC="0.52" CC="47407"/>
						<SP ID="P149_SP00122" HPOS="759" VPOS="790" WIDTH="20"/>
						<String ID="P149_ST00136" HPOS="779" VPOS="764" WIDTH="48" HEIGHT="19" CONTENT="two" WC="0.69" CC="090"/>
						<SP ID="P149_SP00123" HPOS="827" VPOS="790" WIDTH="14"/>
						<String ID="P149_ST00137" HPOS="841" VPOS="760" WIDTH="81" HEIGHT="31" CONTENT="copies" WC="0.70" CC="020266"/>
						<SP ID="P149_SP00124" HPOS="922" VPOS="791" WIDTH="22"/>
						<String ID="P149_ST00138" HPOS="944" VPOS="768" WIDTH="41" HEIGHT="15" CONTENT="are" WC="0.94" CC="001"/>
					</TextLine>
					<TextLine ID="P149_TL00015" HPOS="136" VPOS="812" WIDTH="849" HEIGHT="31">
						<String ID="P149_ST00139" HPOS="136" VPOS="813" WIDTH="98" HEIGHT="30" CONTENT="extant)" WC="0.68" CC="0900452"/>
						<SP ID="P149_SP00125" HPOS="234" VPOS="843" WIDTH="12"/>
						<String ID="P149_ST00140" HPOS="246" VPOS="816" WIDTH="25" HEIGHT="20" CONTENT="to" WC="0.92" CC="10"/>
						<SP ID="P149_SP00126" HPOS="271" VPOS="843" WIDTH="16"/>
						<String ID="P149_ST00141" HPOS="287" VPOS="815" WIDTH="71" HEIGHT="25" CONTENT="1664," WC="0.66" CC="39003"/>
						<SP ID="P149_SP00127" HPOS="358" VPOS="843" WIDTH="15"/>
						<String ID="P149_ST00142" HPOS="373" VPOS="814" WIDTH="69" HEIGHT="23" CONTENT="when" WC="0.75" CC="0702"/>
						<SP ID="P149_SP00128" HPOS="442" VPOS="843" WIDTH="14"/>
						<String ID="P149_ST00143" HPOS="456" VPOS="822" WIDTH="12" HEIGHT="14" CONTENT="a" WC="0.79" CC="2"/>
						<SP ID="P149_SP00129" HPOS="468" VPOS="843" WIDTH="21"/>
						<String ID="P149_ST00144" HPOS="489" VPOS="814" WIDTH="89" HEIGHT="23" CONTENT="second" WC="0.60" CC="602068"/>
						<SP ID="P149_SP00130" HPOS="578" VPOS="843" WIDTH="22"/>
						<String ID="P149_ST00145" HPOS="600" VPOS="813" WIDTH="92" HEIGHT="23" CONTENT="edition" WC="0.88" CC="0070001"/>
						<SP ID="P149_SP00131" HPOS="692" VPOS="843" WIDTH="19"/>
						<String ID="P149_ST00146" HPOS="711" VPOS="820" WIDTH="49" HEIGHT="16" CONTENT="was" WC="1.00" CC="000"/>
						<SP ID="P149_SP00132" HPOS="760" VPOS="843" WIDTH="12"/>
						<String ID="P149_ST00147" HPOS="772" VPOS="812" WIDTH="128" HEIGHT="31" CONTENT="published" WC="0.58" CC="066457600"/>
						<SP ID="P149_SP00133" HPOS="900" VPOS="843" WIDTH="12"/>
						<String ID="P149_ST00148" HPOS="912" VPOS="822" WIDTH="5" HEIGHT="17" CONTENT=";" WC="1.00" CC="0"/>
						<SP ID="P149_SP00134" HPOS="917" VPOS="843" WIDTH="21"/>
						<String ID="P149_ST00149" HPOS="938" VPOS="812" WIDTH="47" HEIGHT="23" CONTENT="and" WC="0.43" CC="970"/>
					</TextLine>
					<TextLine ID="P149_TL00016" HPOS="136" VPOS="861" WIDTH="848" HEIGHT="32">
						<String ID="P149_ST00150" HPOS="136" VPOS="863" WIDTH="53" HEIGHT="23" CONTENT="four" WC="0.77" CC="3302"/>
						<SP ID="P149_SP00135" HPOS="189" VPOS="886" WIDTH="13"/>
						<String ID="P149_ST00151" HPOS="202" VPOS="863" WIDTH="111" HEIGHT="26" CONTENT="editions," WC="0.79" CC="000006660"/>
						<SP ID="P149_SP00136" HPOS="313" VPOS="889" WIDTH="14"/>
						<String ID="P149_ST00152" HPOS="327" VPOS="863" WIDTH="102" HEIGHT="23" CONTENT="without" WC="0.83" CC="0137000"/>
						<SP ID="P149_SP00137" HPOS="429" VPOS="889" WIDTH="14"/>
						<String ID="P149_ST00153" HPOS="443" VPOS="871" WIDTH="13" HEIGHT="15" CONTENT="a" WC="0.35" CC="6"/>
						<SP ID="P149_SP00138" HPOS="456" VPOS="889" WIDTH="13"/>
						<String ID="P149_ST00154" HPOS="469" VPOS="863" WIDTH="77" HEIGHT="30" CONTENT="single" WC="0.78" CC="620030"/>
						<SP ID="P149_SP00139" HPOS="546" VPOS="893" WIDTH="15"/>
						<String ID="P149_ST00155" HPOS="561" VPOS="863" WIDTH="150" HEIGHT="25" CONTENT="annotation," WC="0.80" CC="07302203100"/>
						<SP ID="P149_SP00140" HPOS="711" VPOS="893" WIDTH="14"/>
						<String ID="P149_ST00156" HPOS="725" VPOS="861" WIDTH="107" HEIGHT="24" CONTENT="satisfied" WC="0.74" CC="605550000"/>
						<SP ID="P149_SP00141" HPOS="832" VPOS="893" WIDTH="11"/>
						<String ID="P149_ST00157" HPOS="843" VPOS="861" WIDTH="43" HEIGHT="23" CONTENT="the" WC="0.76" CC="070"/>
						<SP ID="P149_SP00142" HPOS="886" VPOS="893" WIDTH="18"/>
						<String ID="P149_ST00158" HPOS="904" VPOS="862" WIDTH="80" HEIGHT="30" CONTENT="public" WC="0.59" CC="071454"/>
					</TextLine>
					<TextLine ID="P149_TL00017" HPOS="136" VPOS="909" WIDTH="849" HEIGHT="32">
						<String ID="P149_ST00159" HPOS="136" VPOS="910" WIDTH="37" HEIGHT="23" CONTENT="for" WC="0.77" CC="060"/>
						<SP ID="P149_SP00143" HPOS="173" VPOS="933" WIDTH="11"/>
						<String ID="P149_ST00160" HPOS="184" VPOS="909" WIDTH="81" HEIGHT="32" CONTENT="nearly" WC="0.78" CC="500420"/>
						<SP ID="P149_SP00144" HPOS="265" VPOS="941" WIDTH="13"/>
						<String ID="P149_ST00161" HPOS="278" VPOS="918" WIDTH="13" HEIGHT="14" CONTENT="a" WC="1.00" CC="0"/>
						<SP ID="P149_SP00145" HPOS="291" VPOS="941" WIDTH="12"/>
						<String ID="P149_ST00162" HPOS="303" VPOS="914" WIDTH="108" HEIGHT="27" CONTENT="century." WC="0.71" CC="00707700"/>
						<SP ID="P149_SP00146" HPOS="411" VPOS="941" WIDTH="37"/>
						<String ID="P149_ST00163" HPOS="448" VPOS="910" WIDTH="120" HEIGHT="31" CONTENT="Dryden's" WC="0.84" CC="00000704"/>
						<SP ID="P149_SP00147" HPOS="568" VPOS="941" WIDTH="10"/>
						<String ID="P149_ST00164" HPOS="578" VPOS="914" WIDTH="140" HEIGHT="27" CONTENT="agreement" WC="0.52" CC="590523455"/>
						<SP ID="P149_SP00148" HPOS="718" VPOS="941" WIDTH="13"/>
						<String ID="P149_ST00165" HPOS="731" VPOS="910" WIDTH="37" HEIGHT="22" CONTENT="for" WC="1.00" CC="000"/>
						<SP ID="P149_SP00149" HPOS="768" VPOS="941" WIDTH="12"/>
						<String ID="P149_ST00166" HPOS="780" VPOS="909" WIDTH="38" HEIGHT="23" CONTENT="his" WC="0.29" CC="767"/>
						<SP ID="P149_SP00150" HPOS="818" VPOS="941" WIDTH="13"/>
						<String ID="P149_ST00167" HPOS="831" VPOS="909" WIDTH="85" HEIGHT="23" CONTENT="Fables" WC="0.48" CC="097614"/>
						<SP ID="P149_SP00151" HPOS="916" VPOS="941" WIDTH="10"/>
						<String ID="P149_ST00168" HPOS="926" VPOS="910" WIDTH="59" HEIGHT="23" CONTENT="with" WC="0.73" CC="0207"/>
					</TextLine>
					<TextLine ID="P149_TL00018" HPOS="135" VPOS="959" WIDTH="593" HEIGHT="29">
						<String ID="P149_ST00169" HPOS="135" VPOS="959" WIDTH="97" HEIGHT="23" CONTENT="Tonson" WC="0.63" CC="006436"/>
						<SP ID="P149_SP00152" HPOS="232" VPOS="982" WIDTH="12"/>
						<String ID="P149_ST00170" HPOS="244" VPOS="968" WIDTH="49" HEIGHT="14" CONTENT="was" WC="0.84" CC="004"/>
						<SP ID="P149_SP00153" HPOS="293" VPOS="982" WIDTH="14"/>
						<String ID="P149_ST00171" HPOS="307" VPOS="960" WIDTH="48" HEIGHT="22" CONTENT="250" WC="0.90" CC="030"/>
						<SP ID="P149_SP00154" HPOS="355" VPOS="982" WIDTH="13"/>
						<String ID="P149_ST00172" HPOS="368" VPOS="959" WIDTH="100" HEIGHT="29" CONTENT="guineas" WC="0.64" CC="0566006"/>
						<SP ID="P149_SP00155" HPOS="468" VPOS="988" WIDTH="13"/>
						<String ID="P149_ST00173" HPOS="481" VPOS="959" WIDTH="37" HEIGHT="22" CONTENT="for" WC="0.50" CC="463"/>
						<SP ID="P149_SP00156" HPOS="518" VPOS="988" WIDTH="17"/>
						<String ID="P149_ST00174" HPOS="535" VPOS="960" WIDTH="91" HEIGHT="25" CONTENT="10,000" WC="0.98" CC="000000"/>
						<SP ID="P149_SP00157" HPOS="626" VPOS="988" WIDTH="13"/>
						<String ID="P149_ST00175" HPOS="639" VPOS="966" WIDTH="89" HEIGHT="15" CONTENT="verses." WC="0.67" CC="3046062"/>
					</TextLine>
				</TextBlock>
				<TextBlock ID="P149_TB00004" HPOS="129" VPOS="1005" WIDTH="853" HEIGHT="719" STYLEREFS="TXT_0 PAR_LEFT">
					<TextLine ID="P149_TL00019" HPOS="169" VPOS="1006" WIDTH="813" HEIGHT="31">
						<String ID="P149_ST00176" HPOS="169" VPOS="1006" WIDTH="129" HEIGHT="31" CONTENT="Southey's" WC="0.64" CC="357670002"/>
						<SP ID="P149_SP00158" HPOS="298" VPOS="1037" WIDTH="26"/>
						<String ID="P149_ST00177" HPOS="324" VPOS="1007" WIDTH="145" HEIGHT="23" CONTENT="democratic" WC="0.77" CC="0250070070"/>
						<SP ID="P149_SP00159" HPOS="469" VPOS="1037" WIDTH="21"/>
						<String ID="P149_ST00178" HPOS="490" VPOS="1008" WIDTH="88" HEIGHT="22" CONTENT="Linnet" WC="0.58" CC="264703"/>
						<SP ID="P149_SP00160" HPOS="578" VPOS="1037" WIDTH="18"/>
						<String ID="P149_ST00179" HPOS="596" VPOS="1008" WIDTH="68" HEIGHT="23" CONTENT="leads" WC="0.91" CC="00004"/>
						<SP ID="P149_SP00161" HPOS="664" VPOS="1037" WIDTH="22"/>
						<String ID="P149_ST00180" HPOS="686" VPOS="1011" WIDTH="26" HEIGHT="19" CONTENT="to" WC="1.00" CC="00"/>
						<SP ID="P149_SP00162" HPOS="712" VPOS="1037" WIDTH="21"/>
						<String ID="P149_ST00181" HPOS="733" VPOS="1008" WIDTH="42" HEIGHT="23" CONTENT="the" WC="0.76" CC="070"/>
						<SP ID="P149_SP00163" HPOS="775" VPOS="1037" WIDTH="18"/>
						<String ID="P149_ST00182" HPOS="793" VPOS="1008" WIDTH="111" HEIGHT="23" CONTENT="mention" WC="0.65" CC="5065401"/>
						<SP ID="P149_SP00164" HPOS="904" VPOS="1037" WIDTH="19"/>
						<String ID="P149_ST00183" HPOS="923" VPOS="1008" WIDTH="26" HEIGHT="22" CONTENT="of" WC="0.77" CC="04"/>
						<SP ID="P149_SP00165" HPOS="949" VPOS="1037" WIDTH="21"/>
						<String ID="P149_ST00184" HPOS="970" VPOS="1015" WIDTH="12" HEIGHT="15" CONTENT="a" WC="0.51" CC="4"/>
					</TextLine>
					<TextLine ID="P149_TL00020" HPOS="135" VPOS="1056" WIDTH="847" HEIGHT="30">
						<String ID="P149_ST00185" HPOS="135" VPOS="1056" WIDTH="102" HEIGHT="30" CONTENT="Talking" WC="0.83" CC="0060050"/>
						<SP ID="P149_SP00166" HPOS="237" VPOS="1086" WIDTH="15"/>
						<String ID="P149_ST00186" HPOS="252" VPOS="1056" WIDTH="96" HEIGHT="27" CONTENT="Linnet," WC="0.63" CC="3566003"/>
						<SP ID="P149_SP00167" HPOS="348" VPOS="1086" WIDTH="18"/>
						<String ID="P149_ST00187" HPOS="366" VPOS="1056" WIDTH="124" HEIGHT="23" CONTENT="exhibited" WC="0.73" CC="007357000"/>
						<SP ID="P149_SP00168" HPOS="490" VPOS="1086" WIDTH="17"/>
						<String ID="P149_ST00188" HPOS="507" VPOS="1057" WIDTH="25" HEIGHT="22" CONTENT="in" WC="0.45" CC="37"/>
						<SP ID="P149_SP00169" HPOS="532" VPOS="1086" WIDTH="22"/>
						<String ID="P149_ST00189" HPOS="554" VPOS="1057" WIDTH="111" HEIGHT="26" CONTENT="London," WC="0.68" CC="0078302"/>
						<SP ID="P149_SP00170" HPOS="665" VPOS="1086" WIDTH="13"/>
						<String ID="P149_ST00190" HPOS="678" VPOS="1057" WIDTH="80" HEIGHT="23" CONTENT="which" WC="0.66" CC="07026"/>
						<SP ID="P149_SP00171" HPOS="758" VPOS="1086" WIDTH="20"/>
						<String ID="P149_ST00191" HPOS="778" VPOS="1057" WIDTH="60" HEIGHT="23" CONTENT="used" WC="0.78" CC="2600"/>
						<SP ID="P149_SP00172" HPOS="838" VPOS="1086" WIDTH="17"/>
						<String ID="P149_ST00192" HPOS="855" VPOS="1060" WIDTH="26" HEIGHT="20" CONTENT="to" WC="0.87" CC="02"/>
						<SP ID="P149_SP00173" HPOS="881" VPOS="1086" WIDTH="20"/>
						<String ID="P149_ST00193" HPOS="901" VPOS="1058" WIDTH="81" HEIGHT="28" CONTENT="repeat" WC="0.95" CC="300000"/>
					</TextLine>
					<TextLine ID="P149_TL00021" HPOS="135" VPOS="1104" WIDTH="847" HEIGHT="32">
						<String ID="P149_ST00194" HPOS="135" VPOS="1106" WIDTH="41" HEIGHT="23" CONTENT="the" WC="0.76" CC="070"/>
						<SP ID="P149_SP00174" HPOS="176" VPOS="1129" WIDTH="19"/>
						<String ID="P149_ST00195" HPOS="195" VPOS="1106" WIDTH="79" HEIGHT="23" CONTENT="words" WC="0.74" CC="90003"/>
						<SP ID="P149_SP00175" HPOS="274" VPOS="1129" WIDTH="22"/>
						<String ID="P149_ST00196" HPOS="296" VPOS="1108" WIDTH="16" HEIGHT="9" CONTENT='"' WC="0.42" CC="5"/>
						<SP ID="P149_SP00176" HPOS="312" VPOS="1129" WIDTH="12"/>
						<String ID="P149_ST00197" HPOS="324" VPOS="1109" WIDTH="81" HEIGHT="27" CONTENT="pretty" WC="0.75" CC="050170"/>
						<SP ID="P149_SP00177" HPOS="405" VPOS="1136" WIDTH="26"/>
						<String ID="P149_ST00198" HPOS="431" VPOS="1106" WIDTH="73" HEIGHT="30" CONTENT='boy,"' WC="0.84" CC="02005"/>
						<SP ID="P149_SP00178" HPOS="504" VPOS="1136" WIDTH="23"/>
						<String ID="P149_ST00199" HPOS="527" VPOS="1106" WIDTH="47" HEIGHT="23" CONTENT="and" WC="0.45" CC="960"/>
						<SP ID="P149_SP00179" HPOS="574" VPOS="1136" WIDTH="21"/>
						<String ID="P149_ST00200" HPOS="595" VPOS="1106" WIDTH="70" HEIGHT="23" CONTENT="other" WC="0.72" CC="00066"/>
						<SP ID="P149_SP00180" HPOS="665" VPOS="1136" WIDTH="27"/>
						<String ID="P149_ST00201" HPOS="692" VPOS="1107" WIDTH="68" HEIGHT="22" CONTENT="short" WC="0.50" CC="57190"/>
						<SP ID="P149_SP00181" HPOS="760" VPOS="1136" WIDTH="29"/>
						<String ID="P149_ST00202" HPOS="789" VPOS="1109" WIDTH="134" HEIGHT="20" CONTENT="sentences." WC="0.74" CC="7350020060"/>
						<SP ID="P149_SP00182" HPOS="923" VPOS="1136" WIDTH="38"/>
						<String ID="P149_ST00203" HPOS="961" VPOS="1104" WIDTH="21" HEIGHT="24" CONTENT="It" WC="0.62" CC="33"/>
					</TextLine>
					<TextLine ID="P149_TL00022" HPOS="135" VPOS="1155" WIDTH="847" HEIGHT="31">
						<String ID="P149_ST00204" HPOS="135" VPOS="1156" WIDTH="47" HEIGHT="23" CONTENT="had" WC="0.77" CC="600"/>
						<SP ID="P149_SP00183" HPOS="182" VPOS="1179" WIDTH="21"/>
						<String ID="P149_ST00205" HPOS="203" VPOS="1159" WIDTH="40" HEIGHT="20" CONTENT="not" WC="0.70" CC="350"/>
						<SP ID="P149_SP00184" HPOS="243" VPOS="1179" WIDTH="22"/>
						<String ID="P149_ST00206" HPOS="265" VPOS="1156" WIDTH="41" HEIGHT="23" CONTENT="the" WC="0.66" CC="360"/>
						<SP ID="P149_SP00185" HPOS="306" VPOS="1179" WIDTH="33"/>
						<String ID="P149_ST00207" HPOS="339" VPOS="1159" WIDTH="56" HEIGHT="19" CONTENT="note" WC="0.87" CC="4000"/>
						<SP ID="P149_SP00186" HPOS="395" VPOS="1179" WIDTH="30"/>
						<String ID="P149_ST00208" HPOS="425" VPOS="1163" WIDTH="27" HEIGHT="15" CONTENT="or" WC="0.67" CC="06"/>
						<SP ID="P149_SP00187" HPOS="452" VPOS="1179" WIDTH="28"/>
						<String ID="P149_ST00209" HPOS="480" VPOS="1163" WIDTH="60" HEIGHT="16" CONTENT="even" WC="0.95" CC="0100"/>
						<SP ID="P149_SP00188" HPOS="540" VPOS="1179" WIDTH="32"/>
						<String ID="P149_ST00210" HPOS="572" VPOS="1156" WIDTH="42" HEIGHT="23" CONTENT="the" WC="0.78" CC="060"/>
						<SP ID="P149_SP00189" HPOS="614" VPOS="1179" WIDTH="21"/>
						<String ID="P149_ST00211" HPOS="635" VPOS="1156" WIDTH="47" HEIGHT="23" CONTENT="call" WC="0.84" CC="6000"/>
						<SP ID="P149_SP00190" HPOS="682" VPOS="1179" WIDTH="23"/>
						<String ID="P149_ST00212" HPOS="705" VPOS="1155" WIDTH="27" HEIGHT="23" CONTENT="of" WC="0.82" CC="03"/>
						<SP ID="P149_SP00191" HPOS="732" VPOS="1179" WIDTH="21"/>
						<String ID="P149_ST00213" HPOS="753" VPOS="1163" WIDTH="46" HEIGHT="23" CONTENT="any" WC="0.68" CC="540"/>
						<SP ID="P149_SP00192" HPOS="799" VPOS="1186" WIDTH="28"/>
						<String ID="P149_ST00214" HPOS="827" VPOS="1155" WIDTH="53" HEIGHT="23" CONTENT="bird" WC="0.57" CC="7450"/>
						<SP ID="P149_SP00193" HPOS="880" VPOS="1186" WIDTH="26"/>
						<String ID="P149_ST00215" HPOS="906" VPOS="1155" WIDTH="76" HEIGHT="22" CONTENT="what" SUBS_TYPE="HypPart1" SUBS_CONTENT="whatsoever." WC="0.67" CC="05702"/>
						<HYP CONTENT="-"/>
					</TextLine>
					<TextLine ID="P149_TL00023" HPOS="136" VPOS="1204" WIDTH="846" HEIGHT="31">
						<String ID="P149_ST00216" HPOS="136" VPOS="1213" WIDTH="89" HEIGHT="16" CONTENT="soever." SUBS_TYPE="HypPart2" SUBS_CONTENT="whatsoever." WC="0.78" CC="7006020"/>
						<SP ID="P149_SP00194" HPOS="225" VPOS="1229" WIDTH="37"/>
						<String ID="P149_ST00217" HPOS="262" VPOS="1206" WIDTH="22" HEIGHT="23" CONTENT="It" WC="1.00" CC="00"/>
						<SP ID="P149_SP00195" HPOS="284" VPOS="1229" WIDTH="12"/>
						<String ID="P149_ST00218" HPOS="296" VPOS="1213" WIDTH="48" HEIGHT="16" CONTENT="was" WC="0.57" CC="804"/>
						<SP ID="P149_SP00196" HPOS="344" VPOS="1229" WIDTH="22"/>
						<String ID="P149_ST00219" HPOS="366" VPOS="1206" WIDTH="72" HEIGHT="23" CONTENT="taken" WC="0.60" CC="07066"/>
						<SP ID="P149_SP00197" HPOS="438" VPOS="1229" WIDTH="13"/>
						<String ID="P149_ST00220" HPOS="451" VPOS="1206" WIDTH="61" HEIGHT="23" CONTENT="from" WC="0.56" CC="3444"/>
						<SP ID="P149_SP00198" HPOS="512" VPOS="1229" WIDTH="15"/>
						<String ID="P149_ST00221" HPOS="527" VPOS="1207" WIDTH="41" HEIGHT="22" CONTENT="the" WC="0.65" CC="370"/>
						<SP ID="P149_SP00199" HPOS="568" VPOS="1229" WIDTH="14"/>
						<String ID="P149_ST00222" HPOS="582" VPOS="1208" WIDTH="54" HEIGHT="21" CONTENT="nest" WC="0.70" CC="6050"/>
						<SP ID="P149_SP00200" HPOS="636" VPOS="1229" WIDTH="19"/>
						<String ID="P149_ST00223" HPOS="655" VPOS="1206" WIDTH="71" HEIGHT="22" CONTENT="when" WC="0.64" CC="0707"/>
						<SP ID="P149_SP00201" HPOS="726" VPOS="1229" WIDTH="19"/>
						<String ID="P149_ST00224" HPOS="745" VPOS="1205" WIDTH="57" HEIGHT="30" CONTENT="only" WC="0.81" CC="0510"/>
						<SP ID="P149_SP00202" HPOS="802" VPOS="1235" WIDTH="13"/>
						<String ID="P149_ST00225" HPOS="815" VPOS="1208" WIDTH="48" HEIGHT="19" CONTENT="two" WC="0.91" CC="002"/>
						<SP ID="P149_SP00203" HPOS="863" VPOS="1235" WIDTH="13"/>
						<String ID="P149_ST00226" HPOS="876" VPOS="1213" WIDTH="27" HEIGHT="14" CONTENT="or" WC="0.62" CC="25"/>
						<SP ID="P149_SP00204" HPOS="903" VPOS="1235" WIDTH="12"/>
						<String ID="P149_ST00227" HPOS="915" VPOS="1204" WIDTH="67" HEIGHT="23" CONTENT="three" WC="0.71" CC="27040"/>
					</TextLine>
					<TextLine ID="P149_TL00024" HPOS="135" VPOS="1254" WIDTH="847" HEIGHT="32">
						<String ID="P149_ST00228" HPOS="135" VPOS="1254" WIDTH="57" HEIGHT="31" CONTENT="days" WC="0.70" CC="0506"/>
						<SP ID="P149_SP00205" HPOS="192" VPOS="1285" WIDTH="12"/>
						<String ID="P149_ST00229" HPOS="204" VPOS="1254" WIDTH="48" HEIGHT="24" CONTENT="old." WC="0.69" CC="0650"/>
						<SP ID="P149_SP00206" HPOS="252" VPOS="1285" WIDTH="44"/>
						<String ID="P149_ST00230" HPOS="296" VPOS="1255" WIDTH="100" HEIGHT="23" CONTENT="Linnets" WC="0.54" CC="0657046"/>
						<SP ID="P149_SP00207" HPOS="396" VPOS="1285" WIDTH="11"/>
						<String ID="P149_ST00231" HPOS="407" VPOS="1255" WIDTH="61" HEIGHT="23" CONTENT="have" WC="0.68" CC="5070"/>
						<SP ID="P149_SP00208" HPOS="468" VPOS="1285" WIDTH="14"/>
						<String ID="P149_ST00232" HPOS="482" VPOS="1256" WIDTH="112" HEIGHT="29" CONTENT="acquired" WC="0.78" CC="90060100"/>
						<SP ID="P149_SP00209" HPOS="594" VPOS="1285" WIDTH="14"/>
						<String ID="P149_ST00233" HPOS="608" VPOS="1256" WIDTH="41" HEIGHT="22" CONTENT="the" WC="0.75" CC="070"/>
						<SP ID="P149_SP00210" HPOS="649" VPOS="1285" WIDTH="12"/>
						<String ID="P149_ST00234" HPOS="661" VPOS="1259" WIDTH="70" HEIGHT="20" CONTENT="notes" WC="0.86" CC="50000"/>
						<SP ID="P149_SP00211" HPOS="731" VPOS="1285" WIDTH="23"/>
						<String ID="P149_ST00235" HPOS="754" VPOS="1256" WIDTH="25" HEIGHT="22" CONTENT="of" WC="0.81" CC="30"/>
						<SP ID="P149_SP00212" HPOS="779" VPOS="1285" WIDTH="20"/>
						<String ID="P149_ST00236" HPOS="799" VPOS="1256" WIDTH="41" HEIGHT="23" CONTENT="the" WC="0.75" CC="070"/>
						<SP ID="P149_SP00213" HPOS="840" VPOS="1285" WIDTH="17"/>
						<String ID="P149_ST00237" HPOS="857" VPOS="1255" WIDTH="125" HEIGHT="31" CONTENT="Sky-lark," WC="0.83" CC="000052700"/>
					</TextLine>
					<TextLine ID="P149_TL00025" HPOS="134" VPOS="1303" WIDTH="848" HEIGHT="27">
						<String ID="P149_ST00238" HPOS="134" VPOS="1304" WIDTH="151" HEIGHT="26" CONTENT="Wood-lark," WC="0.73" CC="0600042093"/>
						<SP ID="P149_SP00214" HPOS="285" VPOS="1330" WIDTH="23"/>
						<String ID="P149_ST00239" HPOS="308" VPOS="1305" WIDTH="47" HEIGHT="22" CONTENT="and" WC="0.65" CC="360"/>
						<SP ID="P149_SP00215" HPOS="355" VPOS="1330" WIDTH="20"/>
						<String ID="P149_ST00240" HPOS="375" VPOS="1305" WIDTH="114" HEIGHT="25" CONTENT="Tit-lark," WC="0.73" CC="050260900"/>
						<SP ID="P149_SP00216" HPOS="489" VPOS="1330" WIDTH="20"/>
						<String ID="P149_ST00241" HPOS="509" VPOS="1304" WIDTH="48" HEIGHT="23" CONTENT="and" WC="0.75" CC="070"/>
						<SP ID="P149_SP00217" HPOS="557" VPOS="1330" WIDTH="21"/>
						<String ID="P149_ST00242" HPOS="578" VPOS="1304" WIDTH="71" HEIGHT="23" CONTENT="when" WC="0.43" CC="9705"/>
						<SP ID="P149_SP00218" HPOS="649" VPOS="1330" WIDTH="20"/>
						<String ID="P149_ST00243" HPOS="669" VPOS="1304" WIDTH="69" HEIGHT="23" CONTENT="these" WC="0.69" CC="07160"/>
						<SP ID="P149_SP00219" HPOS="738" VPOS="1330" WIDTH="21"/>
						<String ID="P149_ST00244" HPOS="759" VPOS="1306" WIDTH="70" HEIGHT="20" CONTENT="notes" WC="0.53" CC="46406"/>
						<SP ID="P149_SP00220" HPOS="829" VPOS="1330" WIDTH="22"/>
						<String ID="P149_ST00245" HPOS="851" VPOS="1311" WIDTH="64" HEIGHT="15" CONTENT="were" WC="0.74" CC="9000"/>
						<SP ID="P149_SP00221" HPOS="915" VPOS="1330" WIDTH="12"/>
						<String ID="P149_ST00246" HPOS="927" VPOS="1303" WIDTH="55" HEIGHT="23" CONTENT="well" WC="0.83" CC="0410"/>
					</TextLine>
					<TextLine ID="P149_TL00026" HPOS="133" VPOS="1352" WIDTH="849" HEIGHT="31">
						<String ID="P149_ST00247" HPOS="133" VPOS="1352" WIDTH="71" HEIGHT="26" CONTENT="fixed," WC="0.96" CC="000001"/>
						<SP ID="P149_SP00222" HPOS="204" VPOS="1378" WIDTH="21"/>
						<String ID="P149_ST00248" HPOS="225" VPOS="1352" WIDTH="61" HEIGHT="23" CONTENT="have" WC="0.64" CC="4071"/>
						<SP ID="P149_SP00223" HPOS="286" VPOS="1378" WIDTH="19"/>
						<String ID="P149_ST00249" HPOS="305" VPOS="1356" WIDTH="42" HEIGHT="19" CONTENT="not" WC="0.87" CC="300"/>
						<SP ID="P149_SP00224" HPOS="347" VPOS="1378" WIDTH="25"/>
						<String ID="P149_ST00250" HPOS="372" VPOS="1353" WIDTH="92" HEIGHT="22" CONTENT="altered" WC="0.62" CC="7161540"/>
						<SP ID="P149_SP00225" HPOS="464" VPOS="1378" WIDTH="25"/>
						<String ID="P149_ST00251" HPOS="489" VPOS="1352" WIDTH="67" HEIGHT="23" CONTENT="them" WC="0.78" CC="1600"/>
						<SP ID="P149_SP00226" HPOS="556" VPOS="1378" WIDTH="25"/>
						<String ID="P149_ST00252" HPOS="581" VPOS="1352" WIDTH="61" HEIGHT="23" CONTENT="after" WC="0.77" CC="04060"/>
						<SP ID="P149_SP00227" HPOS="642" VPOS="1378" WIDTH="22"/>
						<String ID="P149_ST00253" HPOS="664" VPOS="1352" WIDTH="146" HEIGHT="31" CONTENT="associating" WC="0.75" CC="07700220060"/>
						<SP ID="P149_SP00228" HPOS="810" VPOS="1383" WIDTH="24"/>
						<String ID="P149_ST00254" HPOS="834" VPOS="1352" WIDTH="59" HEIGHT="22" CONTENT="with" WC="0.78" CC="0107"/>
						<SP ID="P149_SP00229" HPOS="893" VPOS="1383" WIDTH="19"/>
						<String ID="P149_ST00255" HPOS="912" VPOS="1360" WIDTH="70" HEIGHT="23" CONTENT="many" WC="0.68" CC="0660"/>
					</TextLine>
					<TextLine ID="P149_TL00027" HPOS="134" VPOS="1401" WIDTH="848" HEIGHT="24">
						<String ID="P149_ST00256" HPOS="134" VPOS="1402" WIDTH="68" HEIGHT="22" CONTENT="other" WC="0.77" CC="10702"/>
						<SP ID="P149_SP00230" HPOS="202" VPOS="1424" WIDTH="18"/>
						<String ID="P149_ST00257" HPOS="220" VPOS="1402" WIDTH="110" HEIGHT="23" CONTENT="Linnets." WC="0.69" CC="05462012"/>
						<SP ID="P149_SP00231" HPOS="330" VPOS="1425" WIDTH="49"/>
						<String ID="P149_ST00258" HPOS="379" VPOS="1402" WIDTH="48" HEIGHT="23" CONTENT="But" WC="0.74" CC="250"/>
						<SP ID="P149_SP00232" HPOS="427" VPOS="1425" WIDTH="23"/>
						<String ID="P149_ST00259" HPOS="450" VPOS="1402" WIDTH="68" HEIGHT="23" CONTENT="when" WC="0.24" CC="9766"/>
						<SP ID="P149_SP00233" HPOS="518" VPOS="1425" WIDTH="21"/>
						<String ID="P149_ST00260" HPOS="539" VPOS="1410" WIDTH="13" HEIGHT="14" CONTENT="a" WC="1.00" CC="0"/>
						<SP ID="P149_SP00234" HPOS="552" VPOS="1425" WIDTH="20"/>
						<String ID="P149_ST00261" HPOS="572" VPOS="1401" WIDTH="54" HEIGHT="23" CONTENT="bird" WC="0.86" CC="0500"/>
						<SP ID="P149_SP00235" HPOS="626" VPOS="1425" WIDTH="21"/>
						<String ID="P149_ST00262" HPOS="647" VPOS="1401" WIDTH="44" HEIGHT="23" CONTENT="has" WC="0.42" CC="186"/>
						<SP ID="P149_SP00236" HPOS="691" VPOS="1425" WIDTH="20"/>
						<String ID="P149_ST00263" HPOS="711" VPOS="1401" WIDTH="62" HEIGHT="23" CONTENT="been" WC="0.85" CC="5000"/>
						<SP ID="P149_SP00237" HPOS="773" VPOS="1425" WIDTH="21"/>
						<String ID="P149_ST00264" HPOS="794" VPOS="1405" WIDTH="49" HEIGHT="19" CONTENT="two" WC="0.77" CC="401"/>
						<SP ID="P149_SP00238" HPOS="843" VPOS="1425" WIDTH="23"/>
						<String ID="P149_ST00265" HPOS="866" VPOS="1410" WIDTH="27" HEIGHT="14" CONTENT="or" WC="0.67" CC="15"/>
						<SP ID="P149_SP00239" HPOS="893" VPOS="1425" WIDTH="21"/>
						<String ID="P149_ST00266" HPOS="914" VPOS="1402" WIDTH="68" HEIGHT="23" CONTENT="three" WC="0.58" CC="07633"/>
					</TextLine>
					<TextLine ID="P149_TL00028" HPOS="132" VPOS="1449" WIDTH="850" HEIGHT="34">
						<String ID="P149_ST00267" HPOS="132" VPOS="1453" WIDTH="79" HEIGHT="23" CONTENT="weeks" WC="0.76" CC="00505"/>
						<SP ID="P149_SP00240" HPOS="211" VPOS="1476" WIDTH="19"/>
						<String ID="P149_ST00268" HPOS="230" VPOS="1453" WIDTH="25" HEIGHT="23" CONTENT="in" WC="1.00" CC="00"/>
						<SP ID="P149_SP00241" HPOS="255" VPOS="1476" WIDTH="23"/>
						<String ID="P149_ST00269" HPOS="278" VPOS="1461" WIDTH="13" HEIGHT="16" CONTENT="a" WC="1.00" CC="0"/>
						<SP ID="P149_SP00242" HPOS="291" VPOS="1477" WIDTH="17"/>
						<String ID="P149_ST00270" HPOS="308" VPOS="1456" WIDTH="65" HEIGHT="23" CONTENT="nest," WC="0.55" CC="66350"/>
						<SP ID="P149_SP00243" HPOS="373" VPOS="1479" WIDTH="19"/>
						<String ID="P149_ST00271" HPOS="392" VPOS="1453" WIDTH="19" HEIGHT="22" CONTENT="it" WC="0.94" CC="10"/>
						<SP ID="P149_SP00244" HPOS="411" VPOS="1479" WIDTH="18"/>
						<String ID="P149_ST00272" HPOS="429" VPOS="1452" WIDTH="93" HEIGHT="31" CONTENT="usually" WC="0.68" CC="4650400"/>
						<SP ID="P149_SP00245" HPOS="522" VPOS="1483" WIDTH="18"/>
						<String ID="P149_ST00273" HPOS="540" VPOS="1450" WIDTH="109" HEIGHT="31" CONTENT="acquires" WC="0.62" CC="50053545"/>
						<SP ID="P149_SP00246" HPOS="649" VPOS="1483" WIDTH="19"/>
						<String ID="P149_ST00274" HPOS="668" VPOS="1450" WIDTH="31" HEIGHT="22" CONTENT="its" WC="0.54" CC="345"/>
						<SP ID="P149_SP00247" HPOS="699" VPOS="1483" WIDTH="17"/>
						<String ID="P149_ST00275" HPOS="716" VPOS="1449" WIDTH="108" HEIGHT="30" CONTENT="parent's" WC="0.78" CC="00530043"/>
						<SP ID="P149_SP00248" HPOS="824" VPOS="1483" WIDTH="19"/>
						<String ID="P149_ST00276" HPOS="843" VPOS="1450" WIDTH="52" HEIGHT="22" CONTENT="call." WC="0.71" CC="06501"/>
						<SP ID="P149_SP00249" HPOS="895" VPOS="1483" WIDTH="37"/>
						<String ID="P149_ST00277" HPOS="932" VPOS="1449" WIDTH="50" HEIGHT="22" CONTENT="The" WC="0.76" CC="070"/>
					</TextLine>
					<TextLine ID="P149_TL00029" HPOS="133" VPOS="1500" WIDTH="848" HEIGHT="33">
						<String ID="P149_ST00278" HPOS="133" VPOS="1502" WIDTH="44" HEIGHT="23" CONTENT="call" WC="0.65" CC="4900"/>
						<SP ID="P149_SP00250" HPOS="177" VPOS="1525" WIDTH="11"/>
						<String ID="P149_ST00279" HPOS="188" VPOS="1502" WIDTH="19" HEIGHT="23" CONTENT="is" WC="0.52" CC="26"/>
						<SP ID="P149_SP00251" HPOS="207" VPOS="1525" WIDTH="12"/>
						<String ID="P149_ST00280" HPOS="219" VPOS="1502" WIDTH="41" HEIGHT="23" CONTENT="the" WC="0.76" CC="070"/>
						<SP ID="P149_SP00252" HPOS="260" VPOS="1525" WIDTH="14"/>
						<String ID="P149_ST00281" HPOS="274" VPOS="1503" WIDTH="88" HEIGHT="23" CONTENT="second" WC="0.75" CC="412150"/>
						<SP ID="P149_SP00253" HPOS="362" VPOS="1526" WIDTH="13"/>
						<String ID="P149_ST00282" HPOS="375" VPOS="1505" WIDTH="69" HEIGHT="28" CONTENT="stage" WC="0.65" CC="51090"/>
						<SP ID="P149_SP00254" HPOS="444" VPOS="1533" WIDTH="14"/>
						<String ID="P149_ST00283" HPOS="458" VPOS="1502" WIDTH="26" HEIGHT="23" CONTENT="of" WC="0.55" CC="53"/>
						<SP ID="P149_SP00255" HPOS="484" VPOS="1533" WIDTH="11"/>
						<String ID="P149_ST00284" HPOS="495" VPOS="1502" WIDTH="54" HEIGHT="23" CONTENT="bird" WC="0.78" CC="1060"/>
						<SP ID="P149_SP00256" HPOS="549" VPOS="1533" WIDTH="22"/>
						<String ID="P149_ST00285" HPOS="571" VPOS="1502" WIDTH="107" HEIGHT="30" CONTENT="singing," WC="0.60" CC="70093090"/>
						<SP ID="P149_SP00257" HPOS="678" VPOS="1533" WIDTH="15"/>
						<String ID="P149_ST00286" HPOS="693" VPOS="1501" WIDTH="41" HEIGHT="22" CONTENT="the" WC="0.75" CC="070"/>
						<SP ID="P149_SP00258" HPOS="734" VPOS="1533" WIDTH="14"/>
						<String ID="P149_ST00287" HPOS="748" VPOS="1500" WIDTH="64" HEIGHT="30" CONTENT="chirp" WC="0.70" CC="63003"/>
						<SP ID="P149_SP00259" HPOS="812" VPOS="1533" WIDTH="14"/>
						<String ID="P149_ST00288" HPOS="826" VPOS="1500" WIDTH="19" HEIGHT="23" CONTENT="is" WC="0.67" CC="24"/>
						<SP ID="P149_SP00260" HPOS="845" VPOS="1533" WIDTH="13"/>
						<String ID="P149_ST00289" HPOS="858" VPOS="1500" WIDTH="41" HEIGHT="23" CONTENT="the" WC="0.76" CC="070"/>
						<SP ID="P149_SP00261" HPOS="899" VPOS="1533" WIDTH="13"/>
						<String ID="P149_ST00290" HPOS="912" VPOS="1501" WIDTH="52" HEIGHT="21" CONTENT="first" WC="0.76" CC="11062"/>
						<SP ID="P149_SP00262" HPOS="964" VPOS="1533" WIDTH="12"/>
						<String ID="P149_ST00291" HPOS="976" VPOS="1510" WIDTH="5" HEIGHT="16" CONTENT=";" WC="1.00" CC="0"/>
					</TextLine>
					<TextLine ID="P149_TL00030" HPOS="132" VPOS="1549" WIDTH="850" HEIGHT="33">
						<String ID="P149_ST00292" HPOS="132" VPOS="1551" WIDTH="60" HEIGHT="23" CONTENT="after" WC="0.81" CC="05300"/>
						<SP ID="P149_SP00263" HPOS="192" VPOS="1574" WIDTH="11"/>
						<String ID="P149_ST00293" HPOS="203" VPOS="1552" WIDTH="41" HEIGHT="23" CONTENT="the" WC="0.80" CC="050"/>
						<SP ID="P149_SP00264" HPOS="244" VPOS="1575" WIDTH="13"/>
						<String ID="P149_ST00294" HPOS="257" VPOS="1552" WIDTH="44" HEIGHT="23" CONTENT="call" WC="0.83" CC="0060"/>
						<SP ID="P149_SP00265" HPOS="301" VPOS="1575" WIDTH="10"/>
						<String ID="P149_ST00295" HPOS="311" VPOS="1560" WIDTH="80" HEIGHT="15" CONTENT="comes" WC="0.51" CC="06557"/>
						<SP ID="P149_SP00266" HPOS="391" VPOS="1575" WIDTH="11"/>
						<String ID="P149_ST00296" HPOS="402" VPOS="1552" WIDTH="119" HEIGHT="30" CONTENT="recording" WC="0.68" CC="065300309"/>
						<SP ID="P149_SP00267" HPOS="521" VPOS="1582" WIDTH="13"/>
						<String ID="P149_ST00297" HPOS="534" VPOS="1551" WIDTH="24" HEIGHT="29" CONTENT="(a" WC="0.65" CC="33"/>
						<SP ID="P149_SP00268" HPOS="558" VPOS="1582" WIDTH="9"/>
						<String ID="P149_ST00298" HPOS="567" VPOS="1555" WIDTH="62" HEIGHT="18" CONTENT="term" WC="0.99" CC="0000"/>
						<SP ID="P149_SP00269" HPOS="629" VPOS="1582" WIDTH="11"/>
						<String ID="P149_ST00299" HPOS="640" VPOS="1549" WIDTH="59" HEIGHT="23" CONTENT="used" WC="0.85" CC="0600"/>
						<SP ID="P149_SP00270" HPOS="699" VPOS="1582" WIDTH="9"/>
						<String ID="P149_ST00300" HPOS="708" VPOS="1557" WIDTH="32" HEIGHT="14" CONTENT="on" WC="0.67" CC="06"/>
						<SP ID="P149_SP00271" HPOS="740" VPOS="1582" WIDTH="9"/>
						<String ID="P149_ST00301" HPOS="749" VPOS="1549" WIDTH="91" HEIGHT="22" CONTENT="several" WC="0.71" CC="5061402"/>
						<SP ID="P149_SP00272" HPOS="840" VPOS="1582" WIDTH="10"/>
						<String ID="P149_ST00302" HPOS="850" VPOS="1549" WIDTH="132" HEIGHT="26" CONTENT="occasions," WC="0.72" CC="0300622660"/>
					</TextLine>
					<TextLine ID="P149_TL00031" HPOS="131" VPOS="1599" WIDTH="851" HEIGHT="32">
						<String ID="P149_ST00303" HPOS="131" VPOS="1599" WIDTH="24" HEIGHT="22" CONTENT="in" WC="0.75" CC="30"/>
						<SP ID="P149_SP00273" HPOS="155" VPOS="1621" WIDTH="13"/>
						<String ID="P149_ST00304" HPOS="168" VPOS="1599" WIDTH="47" HEIGHT="23" CONTENT="this" WC="0.55" CC="5705"/>
						<SP ID="P149_SP00274" HPOS="215" VPOS="1622" WIDTH="13"/>
						<String ID="P149_ST00305" HPOS="228" VPOS="1600" WIDTH="146" HEIGHT="29" CONTENT="collection)," WC="0.70" CC="073300664003"/>
						<SP ID="P149_SP00275" HPOS="374" VPOS="1629" WIDTH="14"/>
						<String ID="P149_ST00306" HPOS="388" VPOS="1601" WIDTH="80" HEIGHT="23" CONTENT="which" WC="0.58" CC="07507"/>
						<SP ID="P149_SP00276" HPOS="468" VPOS="1629" WIDTH="12"/>
						<String ID="P149_ST00307" HPOS="480" VPOS="1601" WIDTH="59" HEIGHT="23" CONTENT="lasts" WC="0.78" CC="10503"/>
						<SP ID="P149_SP00277" HPOS="539" VPOS="1629" WIDTH="9"/>
						<String ID="P149_ST00308" HPOS="548" VPOS="1601" WIDTH="73" HEIGHT="22" CONTENT="about" WC="0.48" CC="95450"/>
						<SP ID="P149_SP00278" HPOS="621" VPOS="1629" WIDTH="8"/>
						<String ID="P149_ST00309" HPOS="629" VPOS="1604" WIDTH="41" HEIGHT="18" CONTENT="ten" WC="0.66" CC="603"/>
						<SP ID="P149_SP00279" HPOS="670" VPOS="1629" WIDTH="11"/>
						<String ID="P149_ST00310" HPOS="681" VPOS="1607" WIDTH="27" HEIGHT="14" CONTENT="or" WC="0.63" CC="43"/>
						<SP ID="P149_SP00280" HPOS="708" VPOS="1629" WIDTH="11"/>
						<String ID="P149_ST00311" HPOS="719" VPOS="1599" WIDTH="82" HEIGHT="23" CONTENT="eleven" WC="0.64" CC="250606"/>
						<SP ID="P149_SP00281" HPOS="801" VPOS="1629" WIDTH="10"/>
						<String ID="P149_ST00312" HPOS="811" VPOS="1599" WIDTH="108" HEIGHT="23" CONTENT="months." WC="0.57" CC="3363750"/>
						<SP ID="P149_SP00282" HPOS="919" VPOS="1629" WIDTH="27"/>
						<String ID="P149_ST00313" HPOS="946" VPOS="1599" WIDTH="36" HEIGHT="32" CONTENT="By" WC="0.69" CC="60"/>
					</TextLine>
					<TextLine ID="P149_TL00032" HPOS="131" VPOS="1645" WIDTH="851" HEIGHT="31">
						<String ID="P149_ST00314" HPOS="131" VPOS="1645" WIDTH="50" HEIGHT="22" CONTENT="dint" WC="0.72" CC="0360"/>
						<SP ID="P149_SP00283" HPOS="181" VPOS="1667" WIDTH="9"/>
						<String ID="P149_ST00315" HPOS="190" VPOS="1645" WIDTH="26" HEIGHT="22" CONTENT="of" WC="0.75" CC="05"/>
						<SP ID="P149_SP00284" HPOS="216" VPOS="1667" WIDTH="5"/>
						<String ID="P149_ST00316" HPOS="221" VPOS="1646" WIDTH="136" HEIGHT="30" CONTENT="recording," WC="0.76" CC="6050600500"/>
						<SP ID="P149_SP00285" HPOS="357" VPOS="1676" WIDTH="10"/>
						<String ID="P149_ST00317" HPOS="367" VPOS="1647" WIDTH="40" HEIGHT="22" CONTENT="the" WC="0.76" CC="070"/>
						<SP ID="P149_SP00286" HPOS="407" VPOS="1676" WIDTH="9"/>
						<String ID="P149_ST00318" HPOS="416" VPOS="1647" WIDTH="53" HEIGHT="23" CONTENT="bird" WC="0.58" CC="7530"/>
						<SP ID="P149_SP00287" HPOS="469" VPOS="1676" WIDTH="10"/>
						<String ID="P149_ST00319" HPOS="479" VPOS="1647" WIDTH="110" HEIGHT="29" CONTENT="acquires" WC="0.62" CC="52430517"/>
						<SP ID="P149_SP00288" HPOS="589" VPOS="1676" WIDTH="11"/>
						<String ID="P149_ST00320" HPOS="600" VPOS="1647" WIDTH="30" HEIGHT="22" CONTENT="its" WC="0.73" CC="007"/>
						<SP ID="P149_SP00289" HPOS="630" VPOS="1676" WIDTH="10"/>
						<String ID="P149_ST00321" HPOS="640" VPOS="1646" WIDTH="64" HEIGHT="23" CONTENT="fixed" WC="0.72" CC="22800"/>
						<SP ID="P149_SP00290" HPOS="704" VPOS="1676" WIDTH="11"/>
						<String ID="P149_ST00322" HPOS="715" VPOS="1654" WIDTH="70" HEIGHT="22" CONTENT="song," WC="0.48" CC="53194"/>
						<SP ID="P149_SP00291" HPOS="785" VPOS="1676" WIDTH="9"/>
						<String ID="P149_ST00323" HPOS="794" VPOS="1647" WIDTH="79" HEIGHT="23" CONTENT="which" WC="0.59" CC="07057"/>
						<SP ID="P149_SP00292" HPOS="873" VPOS="1676" WIDTH="11"/>
						<String ID="P149_ST00324" HPOS="884" VPOS="1647" WIDTH="18" HEIGHT="22" CONTENT="it" WC="0.44" CC="46"/>
						<SP ID="P149_SP00293" HPOS="902" VPOS="1676" WIDTH="9"/>
						<String ID="P149_ST00325" HPOS="911" VPOS="1655" WIDTH="71" HEIGHT="15" CONTENT="never" WC="0.68" CC="51800"/>
					</TextLine>
					<TextLine ID="P149_TL00033" HPOS="130" VPOS="1693" WIDTH="851" HEIGHT="31">
						<String ID="P149_ST00326" HPOS="130" VPOS="1693" WIDTH="62" HEIGHT="22" CONTENT="loses" WC="0.63" CC="60605"/>
						<SP ID="P149_SP00294" HPOS="192" VPOS="1715" WIDTH="11"/>
						<String ID="P149_ST00327" HPOS="203" VPOS="1703" WIDTH="5" HEIGHT="17" CONTENT=";" WC="0.94" CC="0"/>
						<SP ID="P149_SP00295" HPOS="208" VPOS="1720" WIDTH="20"/>
						<String ID="P149_ST00328" HPOS="228" VPOS="1693" WIDTH="95" HEIGHT="31" CONTENT="though" WC="0.48" CC="076592"/>
						<SP ID="P149_SP00296" HPOS="323" VPOS="1724" WIDTH="12"/>
						<String ID="P149_ST00329" HPOS="335" VPOS="1693" WIDTH="61" HEIGHT="23" CONTENT="after" WC="0.99" CC="00000"/>
						<SP ID="P149_SP00297" HPOS="396" VPOS="1724" WIDTH="13"/>
						<String ID="P149_ST00330" HPOS="409" VPOS="1694" WIDTH="128" HEIGHT="30" CONTENT="moulting," WC="0.51" CC="548740091"/>
						<SP ID="P149_SP00298" HPOS="537" VPOS="1724" WIDTH="13"/>
						<String ID="P149_ST00331" HPOS="550" VPOS="1694" WIDTH="42" HEIGHT="22" CONTENT="the" WC="0.82" CC="400"/>
						<SP ID="P149_SP00299" HPOS="592" VPOS="1724" WIDTH="14"/>
						<String ID="P149_ST00332" HPOS="606" VPOS="1693" WIDTH="66" HEIGHT="23" CONTENT="voice" WC="0.81" CC="35000"/>
						<SP ID="P149_SP00300" HPOS="672" VPOS="1724" WIDTH="14"/>
						<String ID="P149_ST00333" HPOS="686" VPOS="1694" WIDTH="26" HEIGHT="22" CONTENT="of" WC="0.77" CC="40"/>
						<SP ID="P149_SP00301" HPOS="712" VPOS="1724" WIDTH="8"/>
						<String ID="P149_ST00334" HPOS="720" VPOS="1694" WIDTH="40" HEIGHT="23" CONTENT="the" WC="0.59" CC="065"/>
						<SP ID="P149_SP00302" HPOS="760" VPOS="1724" WIDTH="13"/>
						<String ID="P149_ST00335" HPOS="773" VPOS="1694" WIDTH="43" HEIGHT="23" CONTENT="full" WC="0.57" CC="5740"/>
						<SP ID="P149_SP00303" HPOS="816" VPOS="1724" WIDTH="11"/>
						<String ID="P149_ST00336" HPOS="827" VPOS="1703" WIDTH="84" HEIGHT="21" CONTENT="grown" WC="0.50" CC="03497"/>
						<SP ID="P149_SP00304" HPOS="911" VPOS="1724" WIDTH="17"/>
						<String ID="P149_ST00337" HPOS="928" VPOS="1696" WIDTH="53" HEIGHT="22" CONTENT="bird" WC="0.69" CC="6050"/>
					</TextLine>
				</TextBlock>
				<TextBlock ID="P149_TB00005" HPOS="336" VPOS="1742" WIDTH="47" HEIGHT="20" STYLEREFS="TXT_1 PAR_LEFT">
					<TextLine ID="P149_TL00034" HPOS="337" VPOS="1743" WIDTH="46" HEIGHT="19">
						<String ID="P149_ST00338" HPOS="337" VPOS="1749" WIDTH="14" HEIGHT="13" CONTENT="t" WC="0.43" CC="5"/>
						<SP ID="P149_SP00305" HPOS="351" VPOS="1762" WIDTH="20"/>
						<String ID="P149_ST00339" HPOS="371" VPOS="1743" WIDTH="12" HEIGHT="19" CONTENT="2" WC="1.00" CC="0"/>
					</TextLine>
				</TextBlock>
			</PrintSpace>
		</Page>
	</Layout>
</alto>
