1120 1962
428 142 120 15 POETICAL
567 143 102 14 AVIARY.

942 137 31 21 53

160 218 52 23 The
224 217 107 31 thought
344 217 19 23 is
378 218 121 30 amplified
519 218 25 22 in
558 216 74 31 Gay's
650 217 74 23 Fable
747 217 26 23 of
784 217 42 23 the
875 217 100 23 Council

129 268 25 22 of

163 314 150 30 Shakspeare
326 314 83 23 makes
423 315 99 22 Hamlet
535 322 42 23 say
577 328 34 3 —
643 315 69 23 there
725 316 19 22 is
755 324 13 14 a
790 316 86 31 special
896 315 78 31 provi-

129 364 74 22 dence
229 364 23 22 in
265 364 42 22 the
319 364 42 22 fall
384 364 27 22 of
421 372 14 14 a
448 364 113 30 Sparrow
621 365 47 22 and
691 365 63 30 Pope
776 365 72 30 finely
862 365 80 23 writes
943 378 32 3 —

249 419 59 22 Who
321 427 48 15 sees
381 420 53 22 with
447 421 67 27 equal
525 429 48 21 eye,
585 429 25 14 as
622 422 54 22 God
687 423 26 21 of
721 424 35 25 all,

248 456 23 21 A
283 455 62 22 Hero
357 456 83 28 perish,
452 464 26 14 or
489 464 12 15 a
513 465 98 20 sparrow
622 459 45 21 fall.

164 513 131 31 Humanity
307 517 26 19 to
345 513 100 23 animals
456 514 21 23 is
489 514 55 23 thus
558 514 135 24 inculcated
706 515 31 29 by
750 515 150 29 Shakspeare-

248 574 50 21 The
310 581 56 20 poor
377 574 74 22 beetle
463 574 51 22 that
526 582 32 14 we
570 574 65 22 tread
646 582 27 14 on

250 613 26 22 In
289 614 101 28 corporal
402 614 125 21 sufferance
538 613 56 22 feels
606 620 13 14 a
630 620 60 21 pang
699 620 24 15 as
732 618 63 24 great

250 652 34 21 As
295 651 65 22 when
371 659 13 14 a
395 651 63 28 giant
470 651 55 22 dies.

164 717 120 25 Linnæus,
298 715 45 23 and
357 715 62 23 after
431 714 58 26 him,
503 712 77 32 Kirby
593 712 47 23 and
653 712 93 30 Spence
765 711 66 30 place
844 711 96 23 Beetles
953 713 24 20 at

130 767 41 22 the
183 766 63 23 head
257 765 27 24 of
295 766 40 22 the
349 765 80 23 Insect
452 764 70 25 tribe,
545 771 32 15 on
596 765 103 20 account
720 761 27 23 of
764 761 63 23 their
849 764 126 23 structure,

131 817 47 22 and
190 820 43 19 not
245 817 38 22 for
295 816 65 23 their
372 815 85 30 wings,
471 812 96 31 though
580 811 58 30 they
651 811 62 22 have
725 809 62 23 four.
825 808 115 23 Erasmus
953 808 24 23 in

131 865 37 23 his
180 865 105 30 Adages,
311 865 76 23 under
399 864 42 23 the
454 863 62 23 head
527 862 27 24 of
564 862 41 23 the
617 861 85 31 adage,
748 861 50 22 The
812 860 84 23 Beetle
908 861 69 22 seeks

131 911 41 23 the
307 911 120 30 (destroys
439 911 32 22 its
483 910 72 31 eggs)
570 917 126 23 expresses
707 917 66 15 some
786 909 26 23 of
829 910 41 22 the
882 910 95 23 boldest

133 961 108 31 opinions
254 963 25 20 to
291 960 30 23 be
340 962 50 21 met
411 959 24 23 in
457 959 42 23 the
518 959 124 23 sixteenth
665 961 101 27 century
780 966 31 15 on
832 958 43 23 the
899 959 78 23 duties

133 1006 25 22 of
167 1006 79 30 Kings
264 1005 117 31 (Eagles)
395 1005 103 22 towards
511 1005 63 22 their
587 1005 105 30 subjects
706 1004 134 31 (Beetles.)

165 1053 70 23 With
246 1056 94 26 respect
352 1055 25 20 to
391 1053 87 31 Flying
489 1053 94 24 Insects
594 1054 25 23 in
637 1054 106 30 general,
759 1054 65 31 Gray
841 1054 93 23 follows
947 1064 30 22 up

132 1104 41 22 the
184 1103 145 30 description
340 1103 82 23 before
436 1104 72 30 given
522 1104 26 22 of
557 1103 62 23 their
632 1103 83 30 flights
737 1105 24 20 at
775 1103 128 23 noon-tide
919 1103 58 23 with

133 1153 68 23 these
213 1153 138 23 reflections
353 1165 33 4 —

253 1207 36 22 To
301 1208 198 28 contemplation's
509 1209 65 21 sober
586 1215 39 22 eye

252 1246 61 21 Such
324 1246 20 21 is
355 1246 39 22 the
403 1253 51 14 race
466 1246 26 21 of
499 1253 51 14 man
557 1262 5 8 ,

251 1282 56 23 And
318 1282 55 28 they
384 1282 50 21 that
446 1289 75 21 creep,
533 1282 45 21 and
589 1281 54 28 they
654 1281 52 21 that
718 1281 36 27 fly,

254 1319 64 23 Shall
329 1319 44 22 end
384 1319 74 21 where
470 1318 54 28 they
532 1319 79 27 began.

254 1357 69 22 Alike
334 1357 39 21 the
387 1357 56 26 busy
455 1355 44 21 and
508 1355 39 21 the
559 1362 41 21 gay

254 1393 47 22 But
312 1393 77 21 flutter
400 1391 99 29 through
510 1391 56 22 Hfe's
578 1391 60 22 Httle
649 1391 44 28 day

254 1430 26 22 In
291 1430 109 22 fortune's
412 1430 93 28 varying
516 1429 72 21 colors
600 1429 69 21 drest.

253 1466 85 21 Brusht
350 1466 28 28 by
390 1465 38 22 the
438 1465 61 21 hand
511 1465 26 21 of
544 1465 71 29 rough
627 1465 135 26 mischance,

255 1502 34 22 Or
300 1502 84 21 chilled
395 1502 28 27 by
435 1508 48 21 age,
496 1502 59 21 their
566 1502 48 28 airy
625 1502 72 22 dance

253 1539 66 28 They
330 1539 70 26 leave,
417 1539 22 21 in
452 1539 53 21 dust
516 1542 25 18 to
552 1543 53 17 rest.

169 1591 139 24 Goldsmith
322 1598 53 23 says
389 1590 26 23 of
422 1590 41 23 the
477 1590 95 31 Village
587 1590 91 22 Parson
678 1603 33 3 —

257 1645 54 22 And
322 1652 23 15 as
357 1652 13 14 a
381 1645 51 22 bird
443 1645 56 22 each
511 1645 55 21 fond
577 1645 145 20 endearment
735 1644 54 21 tries

253 1681 36 22 To
299 1685 72 24 tempt
383 1681 28 22 its
423 1689 49 14 new
483 1681 90 28 fledged
584 1681 109 28 offspring
704 1684 23 18 to
740 1681 38 22 the
798 1682 65 25 skies,
