1120 1962
140 159 14 21 4

440 166 120 14 POETICAL
580 166 103 14 AVIARY.

140 239 100 30 popular
252 238 46 22 and
312 238 107 31 pleasant
432 237 86 31 phrase
531 238 26 22 of
574 237 79 31 billing
665 237 45 23 and
722 237 87 30 cooing.
845 237 51 22 The
909 237 79 28 cooing

140 289 102 30 belongs
261 291 25 19 to
306 287 40 23 the
359 287 67 23 vocal
448 287 100 30 chapter
566 287 27 23 of
611 287 49 22 this
683 287 136 23 collection.
856 287 35 22 As
909 289 26 20 to
948 286 40 22 the

141 338 78 30 billing
232 346 35 15 we
280 338 60 23 have
353 338 25 22 in
391 337 131 27 Hudibras,

294 413 51 22 Still
356 421 112 19 amorous,
480 414 46 21 and
536 414 62 25 fond,
611 414 44 21 and
667 414 80 27 billing

291 451 57 21 Like
361 451 76 28 Philip
448 451 45 21 and
505 451 67 28 Mary
583 458 28 13 on
624 458 13 13 a
648 450 98 28 sniffing.

176 519 23 22 A
219 519 66 29 piece
299 518 26 23 of
345 518 96 23 scandal
455 518 133 23 connected
610 518 59 22 with
682 525 44 15 our
738 517 66 23 coins
823 517 19 22 is
856 515 91 24 related
960 524 31 15 on

142 568 41 24 the
196 576 73 23 grave
282 568 122 31 authority
419 568 27 23 of
456 567 101 30 Evelyn.
594 565 23 23 It
630 565 20 23 is
663 564 52 23 that
730 563 90 27 Rotier,
841 562 114 23 medaller
967 562 25 23 of

144 615 99 23 Charles
267 615 42 26 II.,
334 616 73 30 being
426 616 24 22 in
472 615 53 24 love
544 615 58 23 with
624 615 41 23 the
679 614 110 23 Duchess
809 613 26 24 of
848 613 142 26 Richmond,

143 664 154 30 represented
318 664 44 23 her
378 665 52 23 face
443 664 24 23 in
485 664 53 23 that
557 664 26 23 of
603 663 125 24 Britannia
741 671 30 15 on
791 663 41 23 the
850 662 75 23 coins.
963 662 28 22 In

145 715 106 19 contrast
271 712 58 23 with
347 713 49 22 this
415 712 73 32 levity
506 713 20 23 it
548 720 55 23 may
621 712 30 23 be
670 712 139 23 mentioned
832 712 54 22 that
907 712 84 28 Queen

144 762 71 22 Anne
232 762 80 22 would
329 765 51 23 not,
395 770 30 14 on
438 762 43 23 her
500 762 75 26 coins,
599 762 87 30 permit
698 762 44 22 her
759 762 61 22 neck
832 764 27 20 to
875 761 29 23 be
917 768 73 16 unco-

143 810 81 22 vered.

179 859 30 26 If,
231 867 26 16 as
279 860 18 23 it
317 868 56 23 may
391 864 44 19 not
453 860 150 31 improbably
622 861 30 22 be
674 861 105 30 thought
802 861 31 31 by
853 867 74 19 some,
951 859 41 24 the

146 905 75 24 simile
235 906 26 23 of
270 907 42 23 the
324 907 98 29 shilling
435 908 58 23 does
501 912 43 19 not
554 910 117 23 resemble
684 910 42 23 the
738 911 72 29 thing
821 910 101 30 typified
934 909 58 24 with

146 954 117 23 sufficient
273 955 130 28 efescnoes,
417 956 55 23 take
484 956 41 23 the
535 957 125 31 following
672 957 62 23 from
748 958 113 30 Fielding
872 967 6 14 :

296 1030 114 26 Farewell,
422 1038 27 21 ye
461 1038 78 21 groves
551 1032 45 21 and
607 1032 130 22 mountains
745 1032 4 22 !

296 1066 34 21 Ye
341 1074 56 14 once
409 1067 121 29 deHghtful
540 1068 115 21 fountains
661 1069 5 21 !

295 1104 83 21 Where
387 1111 36 22 my
435 1104 102 22 charmer
549 1106 56 21 used
616 1110 25 17 to
653 1110 69 26 stray,

297 1141 83 21 Where
391 1142 23 21 in
426 1142 74 28 gentle
513 1142 108 22 harmless
633 1143 60 27 play,

415 1180 105 28 Wooing,
531 1180 90 28 willing,

418 1218 107 26 Burning,
538 1219 88 27 billing,

298 1254 58 21 Ever
367 1254 107 27 cheerful,
486 1262 52 14 ever
549 1262 48 20 gay,

298 1292 42 22 We
350 1292 56 22 have
418 1297 65 24 spent
494 1293 39 21 the
545 1293 161 28 summer-day.

184 1362 34 22 As
238 1370 13 14 a
269 1362 111 29 frequent
394 1363 75 29 sequel
480 1366 25 20 to
519 1364 78 30 billing
610 1372 55 22 may
677 1364 31 22 be
721 1364 72 23 taken
809 1373 29 14 an
852 1365 142 25 illustration

152 1412 27 22 of
189 1412 136 30 henpecking
338 1412 62 23 from
412 1412 66 23 Lord
490 1413 82 29 Byron
573 1425 33 4 —

300 1480 51 27 But,
363 1481 36 26 oh,
411 1488 34 20 ye,
457 1481 61 21 lords
530 1481 27 21 of
563 1481 72 21 ladies
647 1481 148 27 intellectual,

271 1518 85 22 Inform
367 1526 26 14 us
406 1518 66 28 truly,
483 1518 56 22 have
551 1518 54 29 they
617 1522 40 18 not
669 1518 131 29 henpecked
809 1527 45 20 you
866 1520 30 20 all
903 1520 10 21 ?

286 1599 51 23 The
355 1599 66 23 birds
445 1607 39 15 are
505 1599 87 30 always
612 1602 25 20 at
655 1607 44 15 our
718 1599 90 24 service
831 1603 25 20 to
878 1599 118 24 illustrate

152 1655 121 17 manners,
288 1647 86 26 habits,
389 1646 163 31 dispositions,
565 1647 74 26 dress,
654 1646 48 23 and
715 1646 41 23 the
769 1646 95 23 various
877 1646 119 24 incidents

152 1697 46 22 and
216 1696 91 23 actions
334 1697 26 22 of
379 1697 73 23 social
470 1697 49 23 life.
555 1697 52 23 The
626 1696 124 31 following
770 1697 123 30 examples
915 1705 81 16 occur.
