1120 1962
421 140 120 15 POETICAL
560 141 102 14 AVIARY.

938 136 30 21 93

122 216 85 28 ration,
237 216 68 24 there
335 215 21 24 is
390 223 30 15 an
453 216 105 32 apology
591 216 38 23 for
661 217 156 31 introducing
852 221 118 20 actresses

122 270 25 19 to
178 265 106 32 perform
315 265 41 23 the
378 265 86 23 female
497 268 75 27 parts.
619 265 92 23 Indeed
745 266 91 23 several
869 266 26 23 of
928 267 42 23 the

122 317 137 23 characters
293 315 23 23 in
346 315 40 23 old
417 315 67 30 plays
513 314 95 29 depend
641 314 36 23 for
712 314 62 23 their
808 314 70 23 effect
913 322 58 22 very

122 363 72 23 much
221 370 31 15 on
277 363 42 22 the
346 362 175 23 circumstance
552 361 26 22 of
594 362 41 22 the
655 362 134 30 performer
817 363 82 30 acting
922 363 46 23 cle-

123 410 65 31 verly
200 410 25 22 in
243 410 41 22 the
295 413 108 20 costume
422 409 26 23 of
464 410 77 23 either
548 418 51 15 sex.
636 411 66 24 Thus
719 412 133 24 Fletcher's
867 413 104 23 Bellario

122 461 27 30 (a
171 460 84 24 female
270 459 82 31 acting
365 467 25 14 as
403 467 14 15 a
429 459 135 30 bov-page)
589 467 49 14 was
658 458 88 32 always
766 467 13 15 a
792 467 57 23 very
870 459 101 30 popular

122 510 133 23 character.
292 508 56 23 And
369 508 116 23 Jonson's
499 508 78 22 Silent
591 508 105 22 Woman
708 508 91 27 (where
813 516 14 14 a
839 516 56 14 man
917 512 54 26 gets

122 557 105 23 married
238 565 26 15 as
276 564 14 15 a
303 557 117 28 woman),
431 555 80 23 which
525 563 50 15 was
587 556 115 30 formerly
716 563 13 16 a
742 556 102 23 favorite
862 556 66 30 piece
939 563 32 16 on

122 608 42 23 the
185 610 78 28 stage,
284 606 48 23 and
344 606 20 23 is
379 605 48 23 still
448 613 30 14 an
501 604 132 23 admirable
652 603 102 32 reading
775 603 109 31 comedy,
899 603 72 23 failed

123 655 144 30 altogether,
291 654 68 22 when
374 652 102 23 Garrick
495 651 134 31 attempted
646 655 25 18 to
692 651 81 22 revive
786 650 26 27 it,
834 650 76 23 under
929 650 42 23 the

125 704 173 30 disadvantage
320 701 25 24 of
356 705 43 19 not
412 701 74 31 being
508 701 52 22 able
580 704 26 19 to
619 707 102 23 procure
735 707 14 15 a
762 699 61 23 male
836 699 134 30 performer

123 754 54 22 who
192 753 71 23 could
276 754 127 29 personate
418 758 13 15 a
445 750 86 23 female
554 749 120 31 properly,
689 749 47 23 and
756 748 119 24 therefore
888 748 83 31 giving

124 802 41 23 the
174 806 54 26 part
241 806 25 18 to
278 809 14 14 a
304 800 94 23 female.
436 800 100 23 Charles
550 800 33 23 II.
597 808 49 15 was
659 800 71 23 much
747 800 109 23 diverted
873 808 32 15 on
926 808 45 15 one

124 850 111 22 occasion
250 857 63 22 upon
323 849 75 30 being
411 849 50 22 told
474 849 41 22 the
529 856 70 16 cause
610 849 26 23 of
644 849 68 31 delay
725 850 25 22 in
767 850 108 30 drawing
888 858 31 22 up
930 850 41 22 the

124 900 100 27 curtain,
247 900 52 22 that
313 900 57 29 they
383 907 62 15 were
459 900 99 29 waiting
580 900 36 22 till
635 900 41 22 the
699 900 85 27 Queen
804 909 49 14 was
873 900 97 23 shaved.

159 949 137 30 Kynaston,
310 948 55 23 who
389 948 41 23 did
442 952 44 19 not
498 949 68 23 leave
586 949 42 23 the
643 952 69 27 stage
724 949 37 22 till
773 949 72 26 1706,
859 949 113 23 obtained

125 1002 68 27 great
205 998 115 30 celebrity
332 998 37 22 for
382 998 83 30 acting
486 997 86 23 female
586 999 75 28 parts.
700 996 78 31 Pepys
800 1003 53 24 says
876 995 26 23 of
912 996 59 25 him,

125 1045 60 23 after
198 1044 83 31 seeing
293 1044 50 22 him
357 1049 37 18 act
407 1044 41 23 the
460 1044 91 23 Duke's
560 1044 71 23 sister
643 1044 25 23 in
677 1044 41 24 the
758 1043 76 32 Loyal

150 1095 128 31 Kynaston
292 1094 68 23 made
370 1094 40 23 the
421 1094 109 23 loveliest
539 1095 55 31 lady
603 1095 54 23 that
671 1103 56 14 ever
737 1094 10 22 I
757 1103 48 14 saw
818 1094 24 22 in
853 1102 41 23 my

124 1143 56 22 And
209 1150 31 15 on
262 1142 101 23 another
384 1143 119 26 occasion,
553 1143 128 30 Kynaston
709 1143 119 30 appeared
846 1143 52 22 first
917 1150 25 15 as
961 1150 13 15 a

124 1196 59 23 poor
205 1197 94 14 woman
317 1189 25 21 in
362 1189 113 31 ordinary
487 1190 102 27 clothes,
607 1192 59 23 then
689 1192 24 23 in
734 1192 46 23 fine
799 1192 93 23 clothes
912 1201 26 14 as
961 1201 13 14 a

124 1237 64 31 lady,
209 1237 46 22 and
273 1237 25 22 in
317 1237 70 23 these
403 1245 49 15 was
470 1238 88 32 clearly
576 1239 43 24 the
638 1241 112 29 prettiest
771 1248 95 16 woman
887 1241 24 23 in
932 1242 42 22 the

125 1286 78 23 whole
216 1286 76 23 house
302 1296 5 17 ;
328 1286 56 27 and,
402 1286 80 31 lastly,
497 1294 26 15 as
537 1295 14 14 a
564 1296 64 18 man,
643 1288 48 23 and
711 1288 58 23 then
782 1288 30 23 he
826 1288 41 23 did
888 1296 87 23 appear

125 1333 41 23 the
178 1333 159 24 handsomest
349 1342 56 15 man
426 1335 23 22 in
463 1336 41 22 the
656 1338 85 32 Pepys'
755 1339 74 31 Diary
841 1340 21 23 is
874 1347 14 16 a
900 1340 75 31 funny

125 1381 139 31 miscellany
274 1391 5 17 ;
293 1390 36 14 we
343 1382 61 23 have
418 1391 31 14 on
462 1383 49 23 this
525 1391 65 17 same
601 1385 45 31 day
657 1394 28 14 an
700 1390 101 19 account
811 1386 26 23 of
845 1386 36 23 his
892 1386 83 32 seeing

125 1431 41 23 the
180 1432 61 22 dead
254 1432 83 23 bodies
350 1432 26 22 of
389 1431 137 28 Cromwell,
551 1433 92 27 Ireton,
657 1435 47 22 and
718 1435 132 23 Bradshaw
863 1435 66 31 hang
951 1440 24 18 at

125 1482 106 31 Tyburn,
246 1482 47 23 and
306 1482 63 23 their
382 1481 75 24 heads
478 1481 141 24 afterwards
632 1484 69 22 stuck
716 1491 30 22 up
760 1484 25 22 in
802 1484 173 23 Westminster

126 1529 64 23 Hall.
210 1530 50 23 The
272 1529 67 32 sight
353 1530 40 22 did
406 1534 42 19 not
460 1530 70 23 make
545 1531 51 22 him
609 1531 50 23 sick
669 1541 5 17 ;
687 1532 95 30 though
795 1533 29 22 he
838 1540 99 23 appears
950 1538 25 18 to

125 1579 60 24 have
199 1580 61 23 been
271 1580 132 23 somewhat
417 1580 147 30 squeamish.
590 1580 47 23 For
650 1581 41 22 the
705 1585 58 18 next
777 1581 46 31 day
835 1581 30 23 he
878 1590 59 22 goes
950 1586 25 19 to

126 1638 40 15 see
177 1630 161 31 Massinger's
384 1629 89 32 Virgin
619 1629 144 30 performed,
778 1636 64 22 upon
854 1629 79 22 which
945 1629 30 23 he

127 1687 62 22 says,
239 1679 53 24 that
305 1678 80 24 which
400 1678 41 23 did
460 1678 79 30 please
554 1686 37 15 me
604 1685 66 15 more
685 1678 58 22 than
756 1684 45 23 any
814 1677 71 30 thing
898 1678 24 22 in
935 1678 40 22 the
