1120 1962
418 151 120 15 POETICAL
559 152 93 14 AVIARY

938 146 28 22 ■Ji

150 225 56 23 And
218 225 24 23 in
255 225 41 23 the
310 225 112 23 Paradise
435 226 59 22 Lost
495 240 34 3 —

229 278 112 25 .Defaced,
354 277 142 24 deflowered,
510 276 42 21 and
565 284 49 13 now
626 279 23 18 to
662 276 69 21 rfeath

231 313 54 22 And
296 314 97 27 brought
405 314 48 21 into
465 313 46 22 this
524 314 75 25 world,
612 321 13 13 a
638 314 69 21 world
719 314 26 21 of

262 350 83 28 .Begirt
357 350 31 22 th'
400 350 111 28 almighty
524 350 87 27 throne,

238 388 147 26 .Beseeching
396 388 46 21 and

152 438 89 23 Milton
261 438 51 23 told
333 438 100 23 Dryden
454 437 52 23 that
526 436 106 30 Spenser
652 444 48 15 was
721 437 37 22 his
779 444 54 16 own
855 436 110 30 original.

118 485 126 31 Spenser's
267 485 157 24 alliterations
448 493 41 15 are
507 493 14 14 a
533 493 57 23 very
604 486 149 23 remarkable
777 486 93 23 feature
892 486 27 23 of
930 487 36 22 his

117 537 94 26 poetry.
240 532 78 23 These
340 540 39 15 are
400 532 136 31 frequently
549 532 124 27 alternate,
689 533 103 30 perhaps
810 533 25 22 in
853 533 71 23 order
942 537 24 18 to

117 589 85 22 escape
214 581 89 23 notice.
340 581 11 22 I
373 581 48 23 will
440 581 55 23 take
516 589 30 15 an
560 581 107 23 instance
681 581 26 23 of
719 581 127 30 Spenser's
862 581 104 23 allitera-

117 630 72 26 tions,
203 630 79 23 which
295 630 20 23 is
329 637 14 15 a
354 633 69 27 great
436 630 98 23 literary
549 630 123 30 curiosity,
684 629 81 31 owing
777 633 26 20 to
815 630 41 23 the
870 633 96 19 contro-

118 687 69 23 versy
200 687 25 16 as
239 683 25 21 to
277 681 41 23 the
330 688 89 22 person
431 679 152 30 designated,
584 691 35 4 —

238 733 56 21 And
304 732 29 21 he
345 731 39 22 the
395 738 51 15 man
457 731 74 21 whom
543 733 79 18 nature
635 728 46 21 self
687 727 46 21 had
744 727 63 21 made

239 769 36 22 To
287 769 64 22 mock
364 768 90 26 herself,
467 768 45 21 and
524 767 63 22 truth
599 770 23 18 to
634 766 87 21 imitate

237 805 66 22 With
315 805 79 29 kindly
406 808 95 18 counter
512 805 72 21 under
595 804 75 21 mimic
682 803 77 27 shade,

240 844 50 22 Our
301 844 102 28 pleasant
423 843 77 28 Willy,
511 842 28 21 ah
549 842 5 21 !
572 842 19 21 is
603 842 58 21 dead
673 841 26 21 of
706 841 53 21 late.

239 880 64 22 With
315 880 73 21 whom
401 880 81 29 all_/'oy
494 879 111 28 andjolly
616 878 132 21 merriment

239 919 23 21 Is
273 919 47 20 also
332 918 96 24 rfeaded,
440 917 45 21 and
496 917 22 20 in
531 916 64 21 dolor
607 917 73 20 rfrent.

237 958 47 21 But
295 957 50 21 that
357 963 60 14 same
429 954 76 30 gentle
518 953 72 29 spirit,
602 953 58 21 from
671 952 75 22 whose
759 959 44 21 pen

238 995 72 28 Large
323 997 94 18 streams
429 993 27 21 of
463 993 75 27 honey
549 991 45 22 and
605 995 69 18 sweet
687 995 77 17 nectar
776 991 55 25 flow,

239 1030 109 29 Scorning
359 1029 39 22 the
410 1029 106 22 coldness
527 1029 27 21 of
560 1029 56 21 such
627 1035 53 15 case
692 1029 55 21 dorn
759 1036 50 14 men

237 1068 84 22 Which
333 1068 53 21 dare
397 1068 60 21 their
461 1067 83 29 follies
548 1067 68 29 ybrth
629 1074 25 14 so
666 1067 75 29 rashly
753 1067 78 26 throw,

238 1107 63 20 Doth
312 1106 77 21 rather
400 1106 69 21 chuse
482 1109 23 17 to
517 1105 29 21 sit
558 1104 23 21 in
593 1104 45 21 idle
650 1104 43 21 cell

237 1144 67 21 Than
315 1151 25 14 so
352 1143 94 21 himself
454 1147 24 17 to
489 1141 114 22 mockerie
616 1145 22 17 to
650 1140 40 22 sell.

151 1204 12 23 I
175 1203 48 23 will
235 1202 108 23 mention
362 1200 101 23 another
476 1200 117 24 instance,
613 1198 87 25 which,
713 1197 47 22 like
775 1196 41 23 the
837 1196 98 27 former,
948 1196 19 23 is

117 1255 43 19 not
173 1259 27 14 so
221 1250 121 30 pertinent
356 1256 25 16 as
395 1256 72 23 many
479 1248 54 23 that
553 1247 71 23 could
644 1247 30 23 be
695 1247 116 25 adduced,
832 1246 43 23 but
894 1246 20 23 is
928 1254 37 15 re-

117 1300 123 24 markable
257 1307 31 15 on
309 1300 102 22 account
424 1298 26 22 of
460 1297 40 24 the
515 1297 83 31 timely
611 1298 93 30 saving,
726 1298 24 22 in
763 1298 40 22 the
816 1298 47 22 last
875 1298 48 23 line
942 1298 25 23 of

117 1350 40 23 the
170 1353 91 21 stanza,
274 1347 143 24 introduced
430 1347 26 22 in
468 1346 70 23 order
551 1350 25 19 to
589 1346 79 30 pacify
681 1346 84 28 Queen
779 1345 135 24 Elizabeth.

238 1397 60 22 Such
310 1397 19 21 is
340 1396 38 22 the
390 1396 88 29 cruelty
490 1397 27 21 of
524 1398 156 27 womankynd,

236 1437 76 21 When
324 1436 54 29 they
390 1435 57 21 have
458 1435 88 22 shaken
558 1436 35 20 off
599 1435 39 22 the
650 1436 124 21 shamefast
787 1436 67 24 band,

243 1472 66 22 With
321 1471 73 23 which
406 1471 54 22 wise
472 1476 79 17 nature
563 1472 63 21 them
638 1473 38 21 did
688 1473 100 28 strongly
800 1473 54 21 bind

238 1510 27 22 T'
277 1510 57 28 obey
346 1510 39 21 the
397 1509 64 22 Aests
472 1510 27 20 of
505 1509 72 22 man's
589 1510 49 21 well
643 1510 83 28 -ruling
737 1510 68 22 Aand.

236 1546 63 21 That
310 1546 55 21 then
377 1546 30 20 all
418 1546 50 21 rule
479 1546 45 21 and
536 1554 80 13 reason
628 1547 55 27 they
695 1548 120 21 withstand

237 1583 36 21 To
285 1582 111 28 purchase
408 1590 12 13 a
432 1582 121 22 /icentious
564 1581 83 29 /iberty
657 1591 3 17 ;

237 1620 46 21 But
295 1620 102 20 virtuous
409 1626 87 14 women
509 1619 77 28 wisely
598 1619 139 21 understand

236 1655 62 21 That
311 1655 54 28 they
377 1662 56 14 were
445 1662 55 14 corn
513 1659 23 16 to
548 1655 52 21 base
613 1655 112 28 humility,

242 1696 82 21 Unless
337 1694 36 22 the
385 1694 99 22 heavens
497 1694 57 22 them
568 1694 38 27 lift
618 1698 22 18 to
651 1693 83 28 lawful
745 1695 148 26 sovereignty.
