1120 1962
129 175 29 21 68

425 176 121 16 POETICAL
567 173 103 17 AVIARY.

247 251 69 22 What
324 251 99 21 member
436 250 36 21 'tis
481 250 26 21 of
514 249 73 21 whom
600 247 53 27 they
666 246 55 25 talk,

247 290 75 22 When
333 289 53 27 they
395 296 38 20 cry
570 294 25 14 or
643 284 74 27 Walk,
730 283 91 24 Knave,
841 280 72 22 Walk:

163 345 22 22 A
197 351 56 24 very
266 344 95 23 ancient
368 344 86 25 writer,
463 343 110 25 Skelton,
587 341 83 23 before
684 338 105 27 noticed,
799 337 55 23 who
864 335 110 24 flourish-

130 392 29 23 ed
171 392 25 22 in
208 391 40 23 the
261 390 69 31 reign
343 390 26 23 of
383 391 84 31 Henry
476 391 71 26 VIII,
563 391 24 22 in
601 399 13 14 a
628 398 79 24 poem,
722 389 77 23 called
824 386 150 33 Speak-Par-

131 447 44 23 rot,
187 444 44 22 has
245 443 40 23 the
299 442 124 30 following
435 442 60 23 lines
507 451 5 13 :

250 493 40 29 My
302 500 64 14 name
378 492 18 22 is
409 493 97 25 Parrot,
517 499 13 13 a
542 491 49 22 bird
604 490 26 22 of
639 489 115 26 Paradise,

252 533 33 27 By
298 536 80 17 nature
391 530 92 22 devised
495 529 26 21 of
528 537 12 13 a
552 528 120 21 wondrous
684 526 71 29 kynd,

251 570 101 22 Dienteli
364 569 77 22 dieted
452 567 54 22 with
518 567 87 21 diverse
617 565 98 22 deficate
727 563 70 28 spice,

252 609 44 29 Tyl
308 608 128 29 Euphrates
448 607 50 21 that
510 606 60 21 flood
581 605 89 22 driveth
682 611 35 14 me
729 604 49 20 into
791 602 63 25 Inde,

252 646 83 21 Where
346 652 52 14 men
410 644 26 21 of
443 644 51 21 that
506 647 94 24 country
612 642 24 22 bi
647 642 91 21 fortune
749 648 36 14 me
797 639 54 26 find,

254 683 54 21 And
321 682 55 22 send
387 689 36 14 me
435 687 22 16 to
475 686 61 23 great
549 682 78 27 ladyes
639 681 26 21 of
675 685 67 21 state,

254 721 65 21 Then
328 720 79 22 Parrot
418 725 59 16 must
490 720 55 20 have
557 726 28 14 an
595 719 74 20 almon
681 726 24 13 or
717 725 12 13 a
738 717 61 21 date.

255 778 21 20 A
289 785 53 20 cage
352 776 114 28 curiously
478 782 88 19 carven,
578 775 55 21 with
646 774 67 21 silver
728 773 48 29 pin,

256 814 107 29 Properly
374 814 100 28 painted,
489 818 23 18 to
521 814 28 21 be
561 821 36 21 my
610 817 140 21 covertoure,

256 853 21 22 A
290 860 84 21 myrror
386 852 27 22 of
420 852 80 29 glasse,
512 852 50 22 that
573 852 11 21 I
595 859 50 21 may
654 851 40 22 lok
706 851 87 21 therein
804 859 4 17 ;

255 891 75 21 There
341 891 101 21 maidens
453 890 33 21 ful
497 890 89 29 mekely
595 889 54 22 with
661 897 66 21 many
739 897 13 13 a
764 889 74 21 divers
849 889 62 21 flowr

257 927 94 28 Freshly
363 927 53 28 they
428 927 83 25 dresse,
521 926 44 21 and
576 926 65 21 make
654 930 68 17 swete
733 934 38 21 my
782 927 83 25 bowre,

255 966 64 22 With
359 966 74 28 Speak
441 965 85 26 Parrot,
537 964 11 22 I
555 964 47 29 prai
677 963 40 23 full
727 964 144 28 courteously
878 964 48 22 thei
935 971 43 22 say,

282 1005 79 23 Parrot
372 1005 19 21 is
402 1012 13 13 a
427 1003 81 29 goodly
633 1008 12 15 a
654 1005 77 25 pretty

256 1058 63 22 With
331 1066 37 20 my
379 1057 72 22 beeke
462 1058 62 25 bent,
534 1064 37 21 my
582 1057 60 22 little
654 1061 90 18 wanton
756 1064 49 22 eye,

258 1096 41 28 My
310 1096 73 21 feders
394 1095 82 25 freshe,
489 1101 23 14 as
524 1094 19 21 is
552 1094 39 21 the
603 1093 120 21 emerande
735 1101 90 21 greene,

258 1134 77 21 About
347 1140 37 18 my
396 1132 70 21 necke
478 1140 12 13 a
501 1132 101 26 circulet,
611 1131 46 22 Hke
669 1132 39 21 the
720 1132 68 28 ryche
799 1133 77 28 rubye,

258 1172 40 28 My
310 1171 55 29 lytle
375 1170 84 29 legges,
469 1177 37 21 my
517 1169 45 22 fete
574 1170 56 21 both
642 1173 52 18 nete
707 1170 45 20 and
764 1169 86 27 cleane,

257 1210 12 20 I
285 1217 35 13 am
332 1216 12 13 a
353 1207 84 22 minion
449 1211 24 17 to
484 1206 66 22 waite
561 1213 61 21 upon
631 1206 39 21 the
683 1212 74 22 quene
770 1213 6 19 ;

284 1245 40 28 My
336 1251 82 21 proper
571 1250 37 21 my
619 1242 59 22 little
690 1246 77 25 pretty

258 1282 64 22 With
334 1281 71 21 ladies
417 1280 11 21 I
441 1280 84 26 learne,
538 1279 44 21 and
594 1286 27 21 go
633 1278 54 22 with
696 1278 63 22 them
771 1283 23 17 to
806 1278 69 22 scole.

174 1334 95 27 Selden,
283 1333 25 22 in
319 1333 38 22 his
366 1332 74 23 Titles
451 1331 26 23 of
486 1331 92 25 Honor,
586 1329 162 32 investigated
758 1329 41 24 the
808 1330 92 30 subject
910 1330 27 22 of
941 1329 40 24 the

138 1381 161 30 Laureatship,
313 1381 24 22 in
359 1380 78 25 order,
462 1387 26 15 as
501 1378 30 23 he
550 1386 62 23 says,
628 1382 26 19 to
666 1378 61 23 fulfil
748 1387 13 14 a
779 1379 103 30 promise
901 1382 25 19 to
945 1379 36 22 his

169 1427 100 24 beloved
282 1427 52 23 Ben
515 1427 38 22 He
573 1427 58 23 does
650 1431 44 19 not
713 1428 69 23 make
803 1432 42 19 out
864 1429 53 23 that
937 1437 45 22 any

138 1482 57 28 poet
208 1486 48 14 was
269 1477 123 31 expressly
406 1477 77 24 styled
495 1477 90 23 laureat
598 1477 81 23 before
692 1477 94 23 Jonson
810 1482 86 27 except
915 1477 66 24 Skel-

139 1532 51 18 ton.
222 1527 108 22 Chaucer
349 1526 48 23 had
410 1534 13 15 a
435 1526 93 30 pitcher
548 1526 27 23 of
594 1527 61 22 wine
668 1526 72 31 daily,
749 1527 80 23 which
841 1536 48 14 was
909 1528 72 23 after-

140 1578 78 23 wards
249 1577 110 31 changed
383 1580 24 19 to
432 1584 14 15 a
468 1576 55 30 pipe
547 1575 119 30 annually,
690 1582 26 16 as
746 1582 101 24 appears
875 1576 31 30 by
936 1578 46 20 two

140 1626 96 22 records
258 1625 128 30 preserved
406 1624 24 23 in
444 1625 90 30 Rymer
542 1633 5 17 ;
567 1624 44 23 but
624 1624 19 23 it
662 1624 21 23 is
696 1624 112 24 doubtful
831 1625 109 23 whether
965 1626 17 22 it

140 1681 63 15 were
222 1676 42 19 not
278 1673 72 30 given
370 1672 37 23 for
419 1673 38 22 his
469 1672 97 23 various
586 1671 69 23 other
668 1672 112 27 services,
802 1673 47 23 and
862 1673 64 23 from
945 1673 37 23 his

141 1720 142 23 connection
296 1720 57 23 with
368 1720 89 27 Gaunt,
471 1720 187 30 independently
672 1720 26 23 of
707 1720 37 23 his
757 1724 97 26 poetry.
890 1720 92 23 Jonson
