1120 1962
152 165 31 21 48

452 171 122 14 POETICAL
594 168 103 16 AVIARY.

1 500 7 10 f

1 869 7 9 >

150 246 78 23 which
242 249 87 20 cannot
339 246 30 22 be
382 245 86 24 visited
481 248 86 28 except
581 245 23 22 in
618 244 41 23 the
673 250 114 24 presence
802 242 27 23 of
839 245 48 20 two
899 241 100 24 Fellows

150 296 27 22 of
199 296 40 22 the
265 295 107 31 College,
398 296 48 22 and
465 296 80 22 which
567 295 20 22 is
614 293 124 31 subjected
759 293 31 30 by
809 293 42 22 the
874 292 77 23 donor
974 296 25 19 to

150 350 71 23 many
234 342 168 23 inconvenient
422 343 71 26 rules,
513 343 20 22 is
554 349 60 23 very
625 341 52 23 rich
691 341 23 22 in
729 341 64 29 early
807 340 102 30 English
930 340 67 23 liter-

150 395 74 19 ature.
262 390 22 23 It
298 390 107 23 contains
419 398 12 14 a
444 393 69 28 great
533 398 72 22 many
619 389 27 22 of
656 389 41 22 the
717 387 140 24 collections
877 388 26 22 of
912 391 86 27 poetry

150 440 69 22 made
233 443 23 19 at
268 439 42 23 the
329 439 47 22 end
398 439 27 22 of
436 438 84 28 Queen
532 441 5 8 '
547 436 147 24 Elisabeth's
708 436 46 23 and
767 436 41 23 the
821 435 135 31 beginning
974 435 26 23 of

149 488 105 23 James's
264 488 69 30 reign
346 486 76 24 called
463 493 81 23 penny
749 490 26 15 or
785 483 69 22 when
865 483 133 30 consisting

150 535 26 22 of
186 535 67 31 pious
266 538 94 27 poetrv,
409 542 80 22 penny

184 596 51 23 Our
248 596 80 25 Poets,
340 595 94 30 though
442 596 58 29 they
511 603 38 16 are
560 596 177 29 distinguished
748 595 37 23 for
795 595 63 23 their
867 595 126 30 gallantry,

149 644 79 23 which
240 644 44 22 has
296 643 66 23 often
375 643 39 23 led
427 644 67 22 them
506 644 50 22 into
567 644 41 23 the
621 644 85 30 region
719 643 25 23 of
755 643 114 26 conceits,
880 643 60 23 have
953 646 42 20 not

149 694 25 23 in
197 694 49 23 this
265 696 94 28 respect
379 693 105 23 outdone
506 693 42 23 the
567 692 107 23 Italians.
714 691 113 23 Petrarch
852 695 73 19 wrote
947 692 48 22 300

150 745 98 19 sonnets
262 749 30 15 on
306 741 84 26 Laura,
405 741 54 22 who
472 748 48 15 was
540 748 14 14 a
566 740 99 29 prudish
675 740 62 25 wife,
751 739 47 23 and
810 739 41 22 the
864 738 94 23 mother
970 738 25 22 of

151 790 82 23 eleven
246 790 116 23 children.
400 789 64 23 Four
475 789 25 23 of
511 789 41 23 the
566 792 98 21 sonnets
677 797 39 16 are
735 797 63 23 upon
810 790 41 22 the
865 790 91 29 subject
970 790 26 22 of

145 837 103 30 'picking
261 845 30 22 up
305 836 43 23 her
360 836 79 31 glove.
477 836 28 22 In
517 836 42 23 the
569 837 97 30 journal
684 837 26 23 of
728 838 158 31 Harrington,
900 838 92 31 godson

150 887 26 22 of
187 887 85 28 Queen
285 886 134 26 Elizabeth,
444 893 35 15 we
500 885 76 26 have;
686 885 84 28 Queen
793 886 71 23 stood
884 894 38 22 up,
947 885 47 23 and

145 935 65 22 'bade
224 943 38 14 me
274 935 72 22 reach
358 935 65 22 forth
436 944 40 19 my
490 944 51 14 arm
552 938 26 20 to
589 939 49 18 rest
651 936 43 23 her
707 936 110 23 thereon.
855 936 30 27 O,
904 936 64 23 what
981 945 13 14 a

149 986 73 21 sweet
232 984 103 23 burthen
348 987 25 20 to
386 992 40 22 my
439 987 57 20 next
510 992 62 23 song
583 985 6 22 !
609 984 114 23 Petrarch
738 983 60 24 shall
810 984 44 23 eke
869 986 42 20 out
930 984 62 29 good

148 1034 87 21 matter
245 1032 37 22 for
295 1031 47 23 this
534 1031 57 23 This
617 1031 151 30 Harrington
791 1030 131 23 translated
944 1031 48 23 into

148 1081 102 30 English
262 1088 68 16 verse
344 1080 96 23 Ariosto
451 1090 5 16 ;
476 1080 41 22 the
530 1079 54 23 task
596 1079 74 30 being
682 1077 109 31 imposed
804 1085 30 14 on
846 1077 51 22 him
909 1077 31 32 by
951 1078 40 23 the

148 1127 86 28 Queen
246 1135 25 15 as
284 1136 13 14 a
309 1127 97 31 penalty
417 1128 38 22 for
467 1128 90 31 having
570 1128 132 23 translated
719 1136 66 14 some
803 1136 115 22 passages
930 1128 61 24 from

148 1175 53 23 that
214 1175 66 26 Poet,
295 1175 26 23 of
340 1175 110 23 doubtful
468 1176 131 30 propriety,
613 1176 36 22 for
671 1176 40 23 the
736 1180 150 19 amusement
908 1176 26 23 of
951 1176 41 23 her

148 1225 76 22 maids
238 1225 25 22 of
274 1226 86 21 honor.

182 1281 104 30 Though
298 1289 32 14 no
343 1281 47 23 less
403 1282 58 23 than
474 1283 68 23 three
555 1283 27 23 of
593 1292 43 14 our
646 1284 106 23 eminent
763 1284 70 23 Poets
847 1285 59 22 have
919 1284 69 30 given

147 1330 116 23 beautiful
287 1331 157 30 descriptions
466 1333 26 22 of
510 1334 150 24 Butter-flies
679 1337 48 22 and
739 1336 64 24 Flies
816 1337 128 30 entangled
966 1336 23 23 in

149 1379 105 31 Spiders'
268 1381 72 26 webs,
355 1381 10 22 I
379 1389 55 22 pass
447 1382 68 22 them
528 1391 57 15 over
597 1392 26 14 as
632 1388 42 18 too
681 1384 102 31 tragical
795 1384 37 23 for
844 1384 41 23 the
895 1388 96 26 present

148 1428 167 31 compilation;
335 1429 43 23 but
398 1429 11 23 I
423 1437 54 23 may
493 1431 80 23 notice
586 1431 52 23 that
652 1432 23 22 in
689 1432 43 22 Dr.
747 1432 110 30 Young's
911 1431 80 30 Night

319 1476 59 23 Man
392 1477 19 22 is
426 1478 128 30 compared
568 1481 25 20 to
606 1486 14 15 a
632 1479 84 30 Spider
729 1480 105 29 catching
842 1480 63 29 flies.

268 1554 33 22 Or
313 1554 141 29 spider-like,
472 1555 48 28 spin
533 1559 39 17 out
584 1563 41 13 our
633 1556 104 28 precious
747 1556 36 26 aU,

268 1589 50 22 Our
329 1597 60 15 more
402 1590 54 22 than
465 1590 65 22 vitals
541 1590 50 29 spin
603 1590 22 23 in
633 1591 90 22 curious
735 1593 60 21 webs

268 1624 36 23 Of
312 1627 73 20 subtle
397 1627 97 29 thought
505 1629 44 20 and
559 1629 110 27 exquisite
682 1630 77 29 design
770 1640 4 17 ;

268 1662 55 22 Fine
333 1664 112 21 net-work
457 1665 26 20 of
495 1665 39 21 the
546 1665 63 22 brain
621 1667 5 20 !
645 1671 23 17 to
681 1668 64 21 catch
758 1675 12 15 a.
775 1669 39 27 fly
828 1671 10 19 t

268 1699 50 21 The
329 1706 139 23 momentary
480 1703 43 20 buz
534 1702 26 21 of
567 1703 51 21 vain
629 1711 90 15 renown
729 1705 5 21 !
