<?xml version="1.0" encoding="UTF-8"?>
<alto xmlns:xsi="http://www.w3.org/2001/XMLSchema-instance" xsi:noNamespaceSchemaLocation="http://www.bl.uk/schemas/alto/alto-1-4.xsd" xmlns:xlink="http://www.w3.org/1999/xlink">
	<Description>
		<MeasurementUnit>mm10</MeasurementUnit>
		<sourceImageInformation>
			<fileName>//head1/IN/2008-26/A0011759050/008031.jp2</fileName>
		</sourceImageInformation>
		<OCRProcessing ID="OCRPROCESSING_1">
			<preProcessingStep>
				<processingSoftware>
					<softwareCreator>CCS Content Conversion Specialists GmbH, Germany</softwareCreator>
					<softwareName>CCS docWORKS</softwareName>
					<softwareVersion>6.1-0.67</softwareVersion>
				</processingSoftware>
			</preProcessingStep>
			<ocrProcessingStep>
				<processingSoftware>
					<softwareCreator>ABBYY (BIT Software), Russia</softwareCreator>
					<softwareName>Finereader</softwareName>
				</processingSoftware>
			</ocrProcessingStep>
		</OCRProcessing>
	</Description>
	<Styles>
		<TextStyle ID="TXT_0" FONTSIZE="10" FONTFAMILY="Courier New"/>
		<TextStyle ID="TXT_1" FONTSIZE="9" FONTFAMILY="Courier New"/>
		<ParagraphStyle ID="PAR_RIGHT" ALIGN="Right"/>
		<ParagraphStyle ID="PAR_LEFT" ALIGN="Left"/>
		<ParagraphStyle ID="PAR_CENTER" ALIGN="Center"/>
	</Styles>
	<Layout>
		<Page ID="P37" PHYSICAL_IMG_NR="37" HEIGHT="1962" WIDTH="1120" PRINTED_IMG_NR="27" POSITION="Right" ACCURACY="77.82">
			<TopMargin ID="P37_TM00001" HPOS="0" VPOS="0" WIDTH="1120" HEIGHT="171">
				<TextBlock ID="P37_TB00001" HPOS="895" VPOS="149" WIDTH="29" HEIGHT="21" STYLEREFS="TXT_0 PAR_RIGHT">
					<TextLine ID="P37_TL00001" HPOS="895" VPOS="149" WIDTH="29" HEIGHT="21">
						<String ID="P37_ST00001" HPOS="895" VPOS="149" WIDTH="29" HEIGHT="21" CONTENT="27" WC="1.00" CC="00"/>
					</TextLine>
				</TextBlock>
				<TextBlock ID="P37_TB00002" HPOS="386" VPOS="153" WIDTH="234" HEIGHT="15" STYLEREFS="TXT_1 PAR_LEFT">
					<TextLine ID="P37_TL00002" HPOS="386" VPOS="153" WIDTH="234" HEIGHT="15">
						<String ID="P37_ST00002" HPOS="386" VPOS="154" WIDTH="121" HEIGHT="14" CONTENT="POETICAL" WC="0.75" CC="71604000"/>
						<SP ID="P37_SP00001" HPOS="507" VPOS="168" WIDTH="20"/>
						<String ID="P37_ST00003" HPOS="527" VPOS="153" WIDTH="93" HEIGHT="15" CONTENT="AVIARY" WC="0.85" CC="003005"/>
					</TextLine>
				</TextBlock>
			</TopMargin>
			<LeftMargin ID="P37_LM00001" HPOS="0" VPOS="171" WIDTH="69" HEIGHT="1592"/>
			<RightMargin ID="P37_RM00001" HPOS="927" VPOS="171" WIDTH="193" HEIGHT="1592"/>
			<BottomMargin ID="P37_BM00001" HPOS="0" VPOS="1763" WIDTH="1120" HEIGHT="198"/>
			<PrintSpace ID="P37_PS00001" HPOS="69" VPOS="171" WIDTH="858" HEIGHT="1592">
				<TextBlock ID="P37_TB00003" HPOS="75" VPOS="226" WIDTH="852" HEIGHT="81" STYLEREFS="TXT_1 PAR_LEFT">
					<TextLine ID="P37_TL00003" HPOS="246" VPOS="227" WIDTH="681" HEIGHT="31">
						<String ID="P37_ST00004" HPOS="246" VPOS="227" WIDTH="100" HEIGHT="23" CONTENT="Besides" WC="0.56" CC="9071235"/>
						<SP ID="P37_SP00002" HPOS="346" VPOS="250" WIDTH="12"/>
						<String ID="P37_ST00005" HPOS="358" VPOS="227" WIDTH="42" HEIGHT="22" CONTENT="the" WC="0.83" CC="040"/>
						<SP ID="P37_SP00003" HPOS="400" VPOS="250" WIDTH="13"/>
						<String ID="P37_ST00006" HPOS="413" VPOS="235" WIDTH="42" HEIGHT="14" CONTENT="use" WC="0.66" CC="270"/>
						<SP ID="P37_SP00004" HPOS="455" VPOS="250" WIDTH="13"/>
						<String ID="P37_ST00007" HPOS="468" VPOS="227" WIDTH="26" HEIGHT="22" CONTENT="of" WC="1.00" CC="00"/>
						<SP ID="P37_SP00005" HPOS="494" VPOS="250" WIDTH="16"/>
						<String ID="P37_ST00008" HPOS="510" VPOS="227" WIDTH="66" HEIGHT="22" CONTENT="birds" WC="0.67" CC="62006"/>
						<SP ID="P37_SP00006" HPOS="576" VPOS="250" WIDTH="24"/>
						<String ID="P37_ST00009" HPOS="600" VPOS="227" WIDTH="24" HEIGHT="22" CONTENT="in" WC="0.66" CC="15"/>
						<SP ID="P37_SP00007" HPOS="624" VPOS="250" WIDTH="21"/>
						<String ID="P37_ST00010" HPOS="645" VPOS="227" WIDTH="93" HEIGHT="26" CONTENT="Fables," WC="0.77" CC="0035060"/>
						<SP ID="P37_SP00008" HPOS="738" VPOS="253" WIDTH="25"/>
						<String ID="P37_ST00011" HPOS="763" VPOS="227" WIDTH="58" HEIGHT="31" CONTENT="they" WC="0.88" CC="0400"/>
						<SP ID="P37_SP00009" HPOS="821" VPOS="258" WIDTH="23"/>
						<String ID="P37_ST00012" HPOS="844" VPOS="235" WIDTH="39" HEIGHT="16" CONTENT="are" WC="1.00" CC="000"/>
						<SP ID="P37_SP00010" HPOS="883" VPOS="258" WIDTH="20"/>
						<String ID="P37_ST00013" HPOS="903" VPOS="229" WIDTH="24" HEIGHT="22" CONTENT="of" WC="0.96" CC="00"/>
					</TextLine>
					<TextLine ID="P37_TL00004" HPOS="76" VPOS="276" WIDTH="395" HEIGHT="31">
						<String ID="P37_ST00014" HPOS="76" VPOS="277" WIDTH="90" HEIGHT="24" CONTENT="service" WC="0.75" CC="6035200"/>
						<SP ID="P37_SP00011" HPOS="166" VPOS="301" WIDTH="21"/>
						<String ID="P37_ST00015" HPOS="187" VPOS="277" WIDTH="33" HEIGHT="30" CONTENT="by" WC="0.63" CC="70"/>
						<SP ID="P37_SP00012" HPOS="220" VPOS="307" WIDTH="17"/>
						<String ID="P37_ST00016" HPOS="237" VPOS="285" WIDTH="53" HEIGHT="22" CONTENT="way" WC="1.00" CC="000"/>
						<SP ID="P37_SP00013" HPOS="290" VPOS="307" WIDTH="13"/>
						<String ID="P37_ST00017" HPOS="303" VPOS="277" WIDTH="27" HEIGHT="22" CONTENT="of" WC="1.00" CC="00"/>
						<SP ID="P37_SP00014" HPOS="330" VPOS="307" WIDTH="16"/>
						<String ID="P37_ST00018" HPOS="346" VPOS="276" WIDTH="125" HEIGHT="30" CONTENT="metaphor." WC="0.87" CC="000000370"/>
					</TextLine>
				</TextBlock>
				<TextBlock ID="P37_TB00004" HPOS="74" VPOS="323" WIDTH="850" HEIGHT="128" STYLEREFS="TXT_1 PAR_LEFT">
					<TextLine ID="P37_TL00005" HPOS="108" VPOS="323" WIDTH="816" HEIGHT="32">
						<String ID="P37_ST00019" HPOS="108" VPOS="326" WIDTH="51" HEIGHT="22" CONTENT="The" WC="0.96" CC="100"/>
						<SP ID="P37_SP00015" HPOS="159" VPOS="348" WIDTH="19"/>
						<String ID="P37_ST00020" HPOS="178" VPOS="325" WIDTH="125" HEIGHT="30" CONTENT="following" WC="0.83" CC="500420300"/>
						<SP ID="P37_SP00016" HPOS="303" VPOS="355" WIDTH="13"/>
						<String ID="P37_ST00021" HPOS="316" VPOS="325" WIDTH="59" HEIGHT="24" CONTENT="lines" WC="0.62" CC="06506"/>
						<SP ID="P37_SP00017" HPOS="375" VPOS="355" WIDTH="22"/>
						<String ID="P37_ST00022" HPOS="397" VPOS="325" WIDTH="62" HEIGHT="22" CONTENT="from" WC="0.91" CC="3000"/>
						<SP ID="P37_SP00018" HPOS="459" VPOS="355" WIDTH="20"/>
						<String ID="P37_ST00023" HPOS="479" VPOS="324" WIDTH="145" HEIGHT="23" CONTENT="Thomson's" WC="0.61" CC="106650365"/>
						<SP ID="P37_SP00019" HPOS="624" VPOS="355" WIDTH="18"/>
						<String ID="P37_ST00024" HPOS="642" VPOS="323" WIDTH="81" HEIGHT="25" CONTENT="Castle" WC="0.74" CC="006080"/>
						<SP ID="P37_SP00020" HPOS="723" VPOS="355" WIDTH="27"/>
						<String ID="P37_ST00025" HPOS="750" VPOS="325" WIDTH="27" HEIGHT="23" CONTENT="of" WC="1.00" CC="00"/>
						<SP ID="P37_SP00021" HPOS="777" VPOS="355" WIDTH="19"/>
						<String ID="P37_ST00026" HPOS="796" VPOS="325" WIDTH="128" HEIGHT="23" CONTENT="Indolence" WC="0.80" CC="260070200"/>
					</TextLine>
					<TextLine ID="P37_TL00006" HPOS="75" VPOS="372" WIDTH="849" HEIGHT="32">
						<String ID="P37_ST00027" HPOS="75" VPOS="373" WIDTH="76" HEIGHT="24" CONTENT="afford" WC="0.91" CC="000050"/>
						<SP ID="P37_SP00022" HPOS="151" VPOS="397" WIDTH="14"/>
						<String ID="P37_ST00028" HPOS="165" VPOS="382" WIDTH="13" HEIGHT="14" CONTENT="a" WC="1.00" CC="0"/>
						<SP ID="P37_SP00023" HPOS="178" VPOS="397" WIDTH="13"/>
						<String ID="P37_ST00029" HPOS="191" VPOS="373" WIDTH="64" HEIGHT="31" CONTENT="good" WC="1.00" CC="0000"/>
						<SP ID="P37_SP00024" HPOS="255" VPOS="404" WIDTH="25"/>
						<String ID="P37_ST00030" HPOS="280" VPOS="373" WIDTH="172" HEIGHT="31" CONTENT="metaphorical" WC="0.82" CC="600005220202"/>
						<SP ID="P37_SP00025" HPOS="452" VPOS="404" WIDTH="13"/>
						<String ID="P37_ST00031" HPOS="465" VPOS="372" WIDTH="144" HEIGHT="24" CONTENT="illustration" WC="0.64" CC="363055360502"/>
						<SP ID="P37_SP00026" HPOS="609" VPOS="404" WIDTH="23"/>
						<String ID="P37_ST00032" HPOS="632" VPOS="372" WIDTH="25" HEIGHT="23" CONTENT="of" WC="0.83" CC="03"/>
						<SP ID="P37_SP00027" HPOS="657" VPOS="404" WIDTH="11"/>
						<String ID="P37_ST00033" HPOS="668" VPOS="372" WIDTH="42" HEIGHT="23" CONTENT="the" WC="0.76" CC="070"/>
						<SP ID="P37_SP00028" HPOS="710" VPOS="404" WIDTH="18"/>
						<String ID="P37_ST00034" HPOS="728" VPOS="373" WIDTH="196" HEIGHT="23" CONTENT="transformation" WC="0.78" CC="00055000000557"/>
					</TextLine>
					<TextLine ID="P37_TL00007" HPOS="75" VPOS="420" WIDTH="230" HEIGHT="31">
						<String ID="P37_ST00035" HPOS="75" VPOS="420" WIDTH="26" HEIGHT="23" CONTENT="of" WC="0.84" CC="30"/>
						<SP ID="P37_SP00029" HPOS="101" VPOS="443" WIDTH="11"/>
						<String ID="P37_ST00036" HPOS="112" VPOS="420" WIDTH="41" HEIGHT="23" CONTENT="the" WC="1.00" CC="000"/>
						<SP ID="P37_SP00030" HPOS="153" VPOS="443" WIDTH="13"/>
						<String ID="P37_ST00037" HPOS="166" VPOS="420" WIDTH="120" HEIGHT="31" CONTENT="Butterfly" WC="0.92" CC="420000000"/>
						<SP ID="P37_SP00031" HPOS="286" VPOS="451" WIDTH="15"/>
						<String ID="P37_ST00038" HPOS="301" VPOS="431" WIDTH="4" HEIGHT="12" CONTENT=":" WC="1.00" CC="0"/>
					</TextLine>
				</TextBlock>
				<TextBlock ID="P37_TB00005" HPOS="195" VPOS="473" WIDTH="465" HEIGHT="29" STYLEREFS="TXT_1 PAR_LEFT">
					<TextLine ID="P37_TL00008" HPOS="196" VPOS="474" WIDTH="464" HEIGHT="28">
						<String ID="P37_ST00039" HPOS="196" VPOS="474" WIDTH="35" HEIGHT="22" CONTENT="Of" WC="0.70" CC="32"/>
						<SP ID="P37_SP00032" HPOS="231" VPOS="496" WIDTH="7"/>
						<String ID="P37_ST00040" HPOS="238" VPOS="475" WIDTH="76" HEIGHT="27" CONTENT="vanity" WC="0.68" CC="403550"/>
						<SP ID="P37_SP00033" HPOS="314" VPOS="502" WIDTH="13"/>
						<String ID="P37_ST00041" HPOS="327" VPOS="475" WIDTH="38" HEIGHT="22" CONTENT="the" WC="0.79" CC="060"/>
						<SP ID="P37_SP00034" HPOS="365" VPOS="502" WIDTH="13"/>
						<String ID="P37_ST00042" HPOS="378" VPOS="476" WIDTH="79" HEIGHT="22" CONTENT="mirror" WC="0.76" CC="030603"/>
						<SP ID="P37_SP00035" HPOS="457" VPOS="502" WIDTH="11"/>
						<String ID="P37_ST00043" HPOS="468" VPOS="476" WIDTH="46" HEIGHT="22" CONTENT="this" WC="0.83" CC="0015"/>
						<SP ID="P37_SP00036" HPOS="514" VPOS="502" WIDTH="10"/>
						<String ID="P37_ST00044" HPOS="524" VPOS="484" WIDTH="45" HEIGHT="14" CONTENT="was" WC="0.79" CC="006"/>
						<SP ID="P37_SP00037" HPOS="569" VPOS="502" WIDTH="12"/>
						<String ID="P37_ST00045" HPOS="581" VPOS="477" WIDTH="79" HEIGHT="22" CONTENT="caUed." WC="0.86" CC="008000"/>
					</TextLine>
				</TextBlock>
				<TextBlock ID="P37_TB00006" HPOS="193" VPOS="513" WIDTH="592" HEIGHT="181" STYLEREFS="TXT_1 PAR_LEFT">
					<TextLine ID="P37_TL00009" HPOS="195" VPOS="513" WIDTH="590" HEIGHT="31">
						<String ID="P37_ST00046" HPOS="195" VPOS="513" WIDTH="62" HEIGHT="22" CONTENT="Here" WC="0.86" CC="1040"/>
						<SP ID="P37_SP00038" HPOS="257" VPOS="535" WIDTH="11"/>
						<String ID="P37_ST00047" HPOS="268" VPOS="521" WIDTH="45" HEIGHT="21" CONTENT="you" WC="0.59" CC="057"/>
						<SP ID="P37_SP00039" HPOS="313" VPOS="542" WIDTH="11"/>
						<String ID="P37_ST00048" HPOS="324" VPOS="521" WIDTH="12" HEIGHT="14" CONTENT="a" WC="1.00" CC="0"/>
						<SP ID="P37_SP00040" HPOS="336" VPOS="542" WIDTH="10"/>
						<String ID="P37_ST00049" HPOS="346" VPOS="514" WIDTH="138" HEIGHT="22" CONTENT="muckworm" WC="0.85" CC="03300040"/>
						<SP ID="P37_SP00041" HPOS="484" VPOS="542" WIDTH="11"/>
						<String ID="P37_ST00050" HPOS="495" VPOS="514" WIDTH="27" HEIGHT="22" CONTENT="of" WC="1.00" CC="00"/>
						<SP ID="P37_SP00042" HPOS="522" VPOS="542" WIDTH="7"/>
						<String ID="P37_ST00051" HPOS="529" VPOS="514" WIDTH="39" HEIGHT="22" CONTENT="the" WC="0.80" CC="023"/>
						<SP ID="P37_SP00043" HPOS="568" VPOS="542" WIDTH="16"/>
						<String ID="P37_ST00052" HPOS="584" VPOS="519" WIDTH="61" HEIGHT="17" CONTENT="town" WC="0.89" CC="0040"/>
						<SP ID="P37_SP00044" HPOS="645" VPOS="542" WIDTH="12"/>
						<String ID="P37_ST00053" HPOS="657" VPOS="515" WIDTH="72" HEIGHT="29" CONTENT="might" WC="0.69" CC="00860"/>
						<SP ID="P37_SP00045" HPOS="729" VPOS="544" WIDTH="13"/>
						<String ID="P37_ST00054" HPOS="742" VPOS="523" WIDTH="43" HEIGHT="19" CONTENT="see," WC="0.67" CC="1460"/>
					</TextLine>
					<TextLine ID="P37_TL00010" HPOS="193" VPOS="551" WIDTH="550" HEIGHT="30">
						<String ID="P37_ST00055" HPOS="193" VPOS="551" WIDTH="33" HEIGHT="21" CONTENT="At" WC="1.00" CC="00"/>
						<SP ID="P37_SP00046" HPOS="226" VPOS="572" WIDTH="12"/>
						<String ID="P37_ST00056" HPOS="238" VPOS="551" WIDTH="36" HEIGHT="21" CONTENT="his" WC="0.56" CC="336"/>
						<SP ID="P37_SP00047" HPOS="274" VPOS="572" WIDTH="11"/>
						<String ID="P37_ST00057" HPOS="285" VPOS="552" WIDTH="48" HEIGHT="21" CONTENT="dull" WC="0.84" CC="0600"/>
						<SP ID="P37_SP00048" HPOS="333" VPOS="573" WIDTH="11"/>
						<String ID="P37_ST00058" HPOS="344" VPOS="552" WIDTH="63" HEIGHT="26" CONTENT="desk," WC="0.87" CC="00600"/>
						<SP ID="P37_SP00049" HPOS="407" VPOS="578" WIDTH="12"/>
						<String ID="P37_ST00059" HPOS="419" VPOS="552" WIDTH="45" HEIGHT="21" CONTENT="and" WC="0.97" CC="000"/>
						<SP ID="P37_SP00050" HPOS="464" VPOS="578" WIDTH="11"/>
						<String ID="P37_ST00060" HPOS="475" VPOS="555" WIDTH="24" HEIGHT="18" CONTENT="at" WC="1.00" CC="00"/>
						<SP ID="P37_SP00051" HPOS="499" VPOS="578" WIDTH="12"/>
						<String ID="P37_ST00061" HPOS="511" VPOS="552" WIDTH="35" HEIGHT="21" CONTENT="his" WC="0.80" CC="004"/>
						<SP ID="P37_SP00052" HPOS="546" VPOS="578" WIDTH="11"/>
						<String ID="P37_ST00062" HPOS="557" VPOS="553" WIDTH="89" HEIGHT="28" CONTENT="ledgers" WC="0.90" CC="0000006"/>
						<SP ID="P37_SP00053" HPOS="646" VPOS="581" WIDTH="13"/>
						<String ID="P37_ST00063" HPOS="659" VPOS="553" WIDTH="84" HEIGHT="26" CONTENT="stall'd," WC="0.79" CC="64000202"/>
					</TextLine>
					<TextLine ID="P37_TL00011" HPOS="195" VPOS="589" WIDTH="481" HEIGHT="29">
						<String ID="P37_ST00064" HPOS="195" VPOS="589" WIDTH="43" HEIGHT="22" CONTENT="Eat" WC="0.86" CC="004"/>
						<SP ID="P37_SP00054" HPOS="238" VPOS="611" WIDTH="13"/>
						<String ID="P37_ST00065" HPOS="251" VPOS="597" WIDTH="30" HEIGHT="21" CONTENT="up" WC="0.94" CC="10"/>
						<SP ID="P37_SP00055" HPOS="281" VPOS="618" WIDTH="12"/>
						<String ID="P37_ST00066" HPOS="293" VPOS="589" WIDTH="53" HEIGHT="22" CONTENT="with" WC="0.60" CC="0627"/>
						<SP ID="P37_SP00056" HPOS="346" VPOS="618" WIDTH="12"/>
						<String ID="P37_ST00067" HPOS="358" VPOS="589" WIDTH="94" HEIGHT="29" CONTENT="carking" WC="0.88" CC="0010150"/>
						<SP ID="P37_SP00057" HPOS="452" VPOS="618" WIDTH="12"/>
						<String ID="P37_ST00068" HPOS="464" VPOS="597" WIDTH="50" HEIGHT="13" CONTENT="care" WC="0.66" CC="3900"/>
						<SP ID="P37_SP00058" HPOS="514" VPOS="618" WIDTH="12"/>
						<String ID="P37_ST00069" HPOS="526" VPOS="589" WIDTH="45" HEIGHT="21" CONTENT="and" WC="0.76" CC="240"/>
						<SP ID="P37_SP00059" HPOS="571" VPOS="618" WIDTH="12"/>
						<String ID="P37_ST00070" HPOS="583" VPOS="596" WIDTH="93" HEIGHT="22" CONTENT="penury," WC="0.89" CC="0004300"/>
					</TextLine>
					<TextLine ID="P37_TL00012" HPOS="195" VPOS="626" WIDTH="587" HEIGHT="29">
						<String ID="P37_ST00071" HPOS="195" VPOS="626" WIDTH="64" HEIGHT="22" CONTENT="Most" WC="0.70" CC="0560"/>
						<SP ID="P37_SP00060" HPOS="259" VPOS="648" WIDTH="11"/>
						<String ID="P37_ST00072" HPOS="270" VPOS="626" WIDTH="45" HEIGHT="21" CONTENT="like" WC="0.90" CC="3000"/>
						<SP ID="P37_SP00061" HPOS="315" VPOS="648" WIDTH="13"/>
						<String ID="P37_ST00073" HPOS="328" VPOS="630" WIDTH="24" HEIGHT="18" CONTENT="to" WC="0.71" CC="05"/>
						<SP ID="P37_SP00062" HPOS="352" VPOS="648" WIDTH="11"/>
						<String ID="P37_ST00074" HPOS="363" VPOS="634" WIDTH="91" HEIGHT="14" CONTENT="carcase" WC="0.87" CC="0002060"/>
						<SP ID="P37_SP00063" HPOS="454" VPOS="648" WIDTH="12"/>
						<String ID="P37_ST00075" HPOS="466" VPOS="627" WIDTH="101" HEIGHT="28" CONTENT="parched" WC="0.70" CC="0904500"/>
						<SP ID="P37_SP00064" HPOS="567" VPOS="655" WIDTH="12"/>
						<String ID="P37_ST00076" HPOS="579" VPOS="635" WIDTH="27" HEIGHT="13" CONTENT="on" WC="0.72" CC="13"/>
						<SP ID="P37_SP00065" HPOS="606" VPOS="655" WIDTH="13"/>
						<String ID="P37_ST00077" HPOS="619" VPOS="627" WIDTH="163" HEIGHT="28" CONTENT="gallows-tree." WC="0.83" CC="0005604004000"/>
					</TextLine>
					<TextLine ID="P37_TL00013" HPOS="194" VPOS="664" WIDTH="436" HEIGHT="30">
						<String ID="P37_ST00078" HPOS="194" VPOS="667" WIDTH="14" HEIGHT="9" CONTENT='"' WC="0.94" CC="0"/>
						<SP ID="P37_SP00066" HPOS="208" VPOS="676" WIDTH="10"/>
						<String ID="P37_ST00079" HPOS="218" VPOS="664" WIDTH="22" HEIGHT="21" CONTENT="A" WC="1.00" CC="0"/>
						<SP ID="P37_SP00067" HPOS="240" VPOS="685" WIDTH="12"/>
						<String ID="P37_ST00080" HPOS="252" VPOS="672" WIDTH="75" HEIGHT="21" CONTENT="penny" WC="0.70" CC="00760"/>
						<SP ID="P37_SP00068" HPOS="327" VPOS="693" WIDTH="12"/>
						<String ID="P37_ST00081" HPOS="339" VPOS="665" WIDTH="69" HEIGHT="21" CONTENT="saved" WC="0.70" CC="52600"/>
						<SP ID="P37_SP00069" HPOS="408" VPOS="693" WIDTH="11"/>
						<String ID="P37_ST00082" HPOS="419" VPOS="665" WIDTH="37" HEIGHT="21" CONTENT="'tis" WC="0.84" CC="0006"/>
						<SP ID="P37_SP00070" HPOS="456" VPOS="693" WIDTH="12"/>
						<String ID="P37_ST00083" HPOS="468" VPOS="673" WIDTH="12" HEIGHT="13" CONTENT="a" WC="1.00" CC="0"/>
						<SP ID="P37_SP00071" HPOS="480" VPOS="693" WIDTH="11"/>
						<String ID="P37_ST00084" HPOS="491" VPOS="673" WIDTH="75" HEIGHT="21" CONTENT="penny" WC="0.69" CC="01760"/>
						<SP ID="P37_SP00072" HPOS="566" VPOS="694" WIDTH="12"/>
						<String ID="P37_ST00085" HPOS="578" VPOS="666" WIDTH="52" HEIGHT="28" CONTENT='got"' WC="0.95" CC="0100"/>
					</TextLine>
				</TextBlock>
				<TextBlock ID="P37_TB00007" HPOS="193" VPOS="701" WIDTH="536" HEIGHT="68" STYLEREFS="TXT_1 PAR_LEFT">
					<TextLine ID="P37_TL00014" HPOS="195" VPOS="702" WIDTH="534" HEIGHT="31">
						<String ID="P37_ST00086" HPOS="195" VPOS="702" WIDTH="61" HEIGHT="22" CONTENT="Firm" WC="0.48" CC="4329"/>
						<SP ID="P37_SP00073" HPOS="256" VPOS="724" WIDTH="12"/>
						<String ID="P37_ST00087" HPOS="268" VPOS="706" WIDTH="24" HEIGHT="17" CONTENT="to" WC="0.91" CC="01"/>
						<SP ID="P37_SP00074" HPOS="292" VPOS="724" WIDTH="9"/>
						<String ID="P37_ST00088" HPOS="301" VPOS="702" WIDTH="45" HEIGHT="22" CONTENT="this" WC="0.48" CC="0667"/>
						<SP ID="P37_SP00075" HPOS="346" VPOS="724" WIDTH="12"/>
						<String ID="P37_ST00089" HPOS="358" VPOS="702" WIDTH="120" HEIGHT="22" CONTENT="scoundrel" WC="0.87" CC="630000000"/>
						<SP ID="P37_SP00076" HPOS="478" VPOS="724" WIDTH="12"/>
						<String ID="P37_ST00090" HPOS="490" VPOS="703" WIDTH="83" HEIGHT="21" CONTENT="maxim" WC="0.77" CC="60040"/>
						<SP ID="P37_SP00077" HPOS="573" VPOS="724" WIDTH="12"/>
						<String ID="P37_ST00091" HPOS="585" VPOS="704" WIDTH="98" HEIGHT="29" CONTENT="keepeth" WC="0.85" CC="0300007"/>
						<SP ID="P37_SP00078" HPOS="683" VPOS="733" WIDTH="13"/>
						<String ID="P37_ST00092" HPOS="696" VPOS="705" WIDTH="33" HEIGHT="26" CONTENT="he," WC="1.00" CC="000"/>
					</TextLine>
					<TextLine ID="P37_TL00015" HPOS="193" VPOS="739" WIDTH="424" HEIGHT="30">
						<String ID="P37_ST00093" HPOS="193" VPOS="739" WIDTH="37" HEIGHT="21" CONTENT="Ne" WC="0.51" CC="90"/>
						<SP ID="P37_SP00079" HPOS="230" VPOS="760" WIDTH="11"/>
						<String ID="P37_ST00094" HPOS="241" VPOS="739" WIDTH="27" HEIGHT="22" CONTENT="of" WC="0.89" CC="02"/>
						<SP ID="P37_SP00080" HPOS="268" VPOS="761" WIDTH="12"/>
						<String ID="P37_ST00095" HPOS="280" VPOS="740" WIDTH="29" HEIGHT="21" CONTENT="its" WC="0.69" CC="206"/>
						<SP ID="P37_SP00081" HPOS="309" VPOS="761" WIDTH="11"/>
						<String ID="P37_ST00096" HPOS="320" VPOS="740" WIDTH="60" HEIGHT="28" CONTENT="rigor" WC="0.72" CC="44004"/>
						<SP ID="P37_SP00082" HPOS="380" VPOS="768" WIDTH="11"/>
						<String ID="P37_ST00097" HPOS="391" VPOS="741" WIDTH="45" HEIGHT="20" CONTENT="wiU" WC="0.55" CC="058"/>
						<SP ID="P37_SP00083" HPOS="436" VPOS="768" WIDTH="14"/>
						<String ID="P37_ST00098" HPOS="450" VPOS="741" WIDTH="26" HEIGHT="21" CONTENT="be" WC="0.94" CC="10"/>
						<SP ID="P37_SP00084" HPOS="476" VPOS="768" WIDTH="11"/>
						<String ID="P37_ST00099" HPOS="487" VPOS="741" WIDTH="53" HEIGHT="22" CONTENT="bate" WC="0.71" CC="6040"/>
						<SP ID="P37_SP00085" HPOS="540" VPOS="768" WIDTH="11"/>
						<String ID="P37_ST00100" HPOS="551" VPOS="749" WIDTH="14" HEIGHT="14" CONTENT="a" WC="1.00" CC="0"/>
						<SP ID="P37_SP00086" HPOS="565" VPOS="768" WIDTH="8"/>
						<String ID="P37_ST00101" HPOS="573" VPOS="741" WIDTH="44" HEIGHT="28" CONTENT="jot," WC="0.83" CC="0240"/>
					</TextLine>
				</TextBlock>
				<TextBlock ID="P37_TB00008" HPOS="193" VPOS="776" WIDTH="641" HEIGHT="33" STYLEREFS="TXT_1 PAR_CENTER">
					<TextLine ID="P37_TL00016" HPOS="194" VPOS="776" WIDTH="640" HEIGHT="33">
						<String ID="P37_ST00102" HPOS="194" VPOS="776" WIDTH="48" HEIGHT="21" CONTENT="TiH" WC="0.48" CC="059"/>
						<SP ID="P37_SP00087" HPOS="242" VPOS="797" WIDTH="8"/>
						<String ID="P37_ST00103" HPOS="250" VPOS="776" WIDTH="18" HEIGHT="22" CONTENT="it" WC="0.45" CC="45"/>
						<SP ID="P37_SP00088" HPOS="268" VPOS="798" WIDTH="11"/>
						<String ID="P37_ST00104" HPOS="279" VPOS="776" WIDTH="40" HEIGHT="22" CONTENT="has" WC="0.63" CC="604"/>
						<SP ID="P37_SP00089" HPOS="319" VPOS="798" WIDTH="12"/>
						<String ID="P37_ST00105" HPOS="331" VPOS="778" WIDTH="120" HEIGHT="27" CONTENT="quenched" WC="0.69" CC="06074600"/>
						<SP ID="P37_SP00090" HPOS="451" VPOS="805" WIDTH="11"/>
						<String ID="P37_ST00106" HPOS="462" VPOS="779" WIDTH="34" HEIGHT="22" CONTENT="his" WC="0.64" CC="037"/>
						<SP ID="P37_SP00091" HPOS="496" VPOS="805" WIDTH="11"/>
						<String ID="P37_ST00107" HPOS="507" VPOS="779" WIDTH="47" HEIGHT="27" CONTENT="fire," WC="0.94" CC="00200"/>
						<SP ID="P37_SP00092" HPOS="554" VPOS="806" WIDTH="10"/>
						<String ID="P37_ST00108" HPOS="564" VPOS="781" WIDTH="44" HEIGHT="20" CONTENT="and" WC="0.81" CC="050"/>
						<SP ID="P37_SP00093" HPOS="608" VPOS="806" WIDTH="12"/>
						<String ID="P37_ST00109" HPOS="620" VPOS="781" WIDTH="109" HEIGHT="22" CONTENT="banished" WC="0.74" CC="00556400"/>
						<SP ID="P37_SP00094" HPOS="729" VPOS="806" WIDTH="12"/>
						<String ID="P37_ST00110" HPOS="741" VPOS="781" WIDTH="35" HEIGHT="22" CONTENT="his" WC="0.35" CC="665"/>
						<SP ID="P37_SP00095" HPOS="776" VPOS="806" WIDTH="13"/>
						<String ID="P37_ST00111" HPOS="789" VPOS="785" WIDTH="45" HEIGHT="24" CONTENT="pot." WC="0.80" CC="0700"/>
					</TextLine>
				</TextBlock>
				<TextBlock ID="P37_TB00009" HPOS="192" VPOS="827" WIDTH="608" HEIGHT="107" STYLEREFS="TXT_1 PAR_LEFT">
					<TextLine ID="P37_TL00017" HPOS="194" VPOS="827" WIDTH="601" HEIGHT="33">
						<String ID="P37_ST00112" HPOS="194" VPOS="827" WIDTH="102" HEIGHT="29" CONTENT="Straight" WC="0.77" CC="40033070"/>
						<SP ID="P37_SP00096" HPOS="296" VPOS="856" WIDTH="11"/>
						<String ID="P37_ST00113" HPOS="307" VPOS="828" WIDTH="56" HEIGHT="21" CONTENT="from" WC="0.95" CC="0100"/>
						<SP ID="P37_SP00097" HPOS="363" VPOS="856" WIDTH="10"/>
						<String ID="P37_ST00114" HPOS="373" VPOS="828" WIDTH="39" HEIGHT="22" CONTENT="the" WC="0.86" CC="040"/>
						<SP ID="P37_SP00098" HPOS="412" VPOS="856" WIDTH="12"/>
						<String ID="P37_ST00115" HPOS="424" VPOS="829" WIDTH="49" HEIGHT="22" CONTENT="filth" WC="0.89" CC="00130"/>
						<SP ID="P37_SP00099" HPOS="473" VPOS="856" WIDTH="12"/>
						<String ID="P37_ST00116" HPOS="485" VPOS="830" WIDTH="27" HEIGHT="21" CONTENT="of" WC="0.96" CC="00"/>
						<SP ID="P37_SP00100" HPOS="512" VPOS="856" WIDTH="6"/>
						<String ID="P37_ST00117" HPOS="518" VPOS="830" WIDTH="46" HEIGHT="21" CONTENT="this" WC="0.76" CC="0215"/>
						<SP ID="P37_SP00101" HPOS="564" VPOS="856" WIDTH="11"/>
						<String ID="P37_ST00118" HPOS="575" VPOS="831" WIDTH="42" HEIGHT="21" CONTENT="low" WC="0.72" CC="530"/>
						<SP ID="P37_SP00102" HPOS="617" VPOS="856" WIDTH="12"/>
						<String ID="P37_ST00119" HPOS="629" VPOS="833" WIDTH="63" HEIGHT="27" CONTENT="grub," WC="0.58" CC="94112"/>
						<SP ID="P37_SP00103" HPOS="692" VPOS="860" WIDTH="13"/>
						<String ID="P37_ST00120" HPOS="705" VPOS="832" WIDTH="90" HEIGHT="25" CONTENT="behold," WC="0.69" CC="5024503"/>
					</TextLine>
					<TextLine ID="P37_TL00018" HPOS="193" VPOS="867" WIDTH="607" HEIGHT="30">
						<String ID="P37_ST00121" HPOS="193" VPOS="867" WIDTH="84" HEIGHT="22" CONTENT="Comes" WC="0.88" CC="02300"/>
						<SP ID="P37_SP00104" HPOS="277" VPOS="889" WIDTH="12"/>
						<String ID="P37_ST00122" HPOS="289" VPOS="867" WIDTH="116" HEIGHT="28" CONTENT="fluttering" WC="0.87" CC="0000001640"/>
						<SP ID="P37_SP00105" HPOS="405" VPOS="895" WIDTH="10"/>
						<String ID="P37_ST00123" HPOS="415" VPOS="868" WIDTH="60" HEIGHT="21" CONTENT="forth" WC="0.92" CC="30000"/>
						<SP ID="P37_SP00106" HPOS="475" VPOS="895" WIDTH="12"/>
						<String ID="P37_ST00124" HPOS="487" VPOS="875" WIDTH="13" HEIGHT="14" CONTENT="a" WC="0.67" CC="3"/>
						<SP ID="P37_SP00107" HPOS="500" VPOS="895" WIDTH="12"/>
						<String ID="P37_ST00125" HPOS="512" VPOS="869" WIDTH="74" HEIGHT="28" CONTENT="gaudy" WC="0.75" CC="06600"/>
						<SP ID="P37_SP00108" HPOS="586" VPOS="897" WIDTH="12"/>
						<String ID="P37_ST00126" HPOS="598" VPOS="869" WIDTH="137" HEIGHT="28" CONTENT="spendthrift" WC="0.73" CC="64360510200"/>
						<SP ID="P37_SP00109" HPOS="735" VPOS="897" WIDTH="9"/>
						<String ID="P37_ST00127" HPOS="744" VPOS="869" WIDTH="56" HEIGHT="26" CONTENT="heir," WC="0.84" CC="60010"/>
					</TextLine>
					<TextLine ID="P37_TL00019" HPOS="192" VPOS="903" WIDTH="503" HEIGHT="31">
						<String ID="P37_ST00128" HPOS="192" VPOS="903" WIDTH="41" HEIGHT="21" CONTENT="AU" WC="0.58" CC="08"/>
						<SP ID="P37_SP00110" HPOS="233" VPOS="924" WIDTH="11"/>
						<String ID="P37_ST00129" HPOS="244" VPOS="903" WIDTH="76" HEIGHT="29" CONTENT="glossy" WC="0.76" CC="020560"/>
						<SP ID="P37_SP00111" HPOS="320" VPOS="932" WIDTH="11"/>
						<String ID="P37_ST00130" HPOS="331" VPOS="911" WIDTH="50" HEIGHT="21" CONTENT="gay," WC="0.95" CC="0200"/>
						<SP ID="P37_SP00112" HPOS="381" VPOS="932" WIDTH="12"/>
						<String ID="P37_ST00131" HPOS="393" VPOS="906" WIDTH="127" HEIGHT="21" CONTENT="enamelled" WC="0.95" CC="000002100"/>
						<SP ID="P37_SP00113" HPOS="520" VPOS="932" WIDTH="9"/>
						<String ID="P37_ST00132" HPOS="529" VPOS="906" WIDTH="30" HEIGHT="21" CONTENT="all" WC="0.38" CC="557"/>
						<SP ID="P37_SP00114" HPOS="559" VPOS="932" WIDTH="11"/>
						<String ID="P37_ST00133" HPOS="570" VPOS="906" WIDTH="53" HEIGHT="22" CONTENT="with" WC="0.84" CC="0203"/>
						<SP ID="P37_SP00115" HPOS="623" VPOS="932" WIDTH="13"/>
						<String ID="P37_ST00134" HPOS="636" VPOS="907" WIDTH="59" HEIGHT="27" CONTENT="gold," WC="0.60" CC="96300"/>
					</TextLine>
				</TextBlock>
				<TextBlock ID="P37_TB00010" HPOS="192" VPOS="940" WIDTH="478" HEIGHT="66" STYLEREFS="TXT_1 PAR_LEFT">
					<TextLine ID="P37_TL00020" HPOS="193" VPOS="940" WIDTH="453" HEIGHT="29">
						<String ID="P37_ST00135" HPOS="193" VPOS="940" WIDTH="51" HEIGHT="22" CONTENT="The" WC="0.78" CC="060"/>
						<SP ID="P37_SP00116" HPOS="244" VPOS="962" WIDTH="12"/>
						<String ID="P37_ST00136" HPOS="256" VPOS="940" WIDTH="52" HEIGHT="29" CONTENT="silly" WC="0.72" CC="62220"/>
						<SP ID="P37_SP00117" HPOS="308" VPOS="969" WIDTH="11"/>
						<String ID="P37_ST00137" HPOS="319" VPOS="945" WIDTH="80" HEIGHT="17" CONTENT="tenant" WC="0.79" CC="507000"/>
						<SP ID="P37_SP00118" HPOS="399" VPOS="969" WIDTH="13"/>
						<String ID="P37_ST00138" HPOS="412" VPOS="942" WIDTH="26" HEIGHT="20" CONTENT="of" WC="0.72" CC="50"/>
						<SP ID="P37_SP00119" HPOS="438" VPOS="969" WIDTH="8"/>
						<String ID="P37_ST00139" HPOS="446" VPOS="942" WIDTH="38" HEIGHT="21" CONTENT="the" WC="0.91" CC="110"/>
						<SP ID="P37_SP00120" HPOS="484" VPOS="969" WIDTH="12"/>
						<String ID="P37_ST00140" HPOS="496" VPOS="950" WIDTH="99" HEIGHT="14" CONTENT="summer" WC="0.83" CC="500003"/>
						<SP ID="P37_SP00121" HPOS="595" VPOS="969" WIDTH="11"/>
						<String ID="P37_ST00141" HPOS="606" VPOS="943" WIDTH="40" HEIGHT="21" CONTENT="air." WC="0.70" CC="0640"/>
					</TextLine>
					<TextLine ID="P37_TL00021" HPOS="193" VPOS="978" WIDTH="477" HEIGHT="28">
						<String ID="P37_ST00142" HPOS="193" VPOS="978" WIDTH="27" HEIGHT="21" CONTENT="In" WC="0.51" CC="26"/>
						<SP ID="P37_SP00122" HPOS="220" VPOS="999" WIDTH="11"/>
						<String ID="P37_ST00143" HPOS="231" VPOS="978" WIDTH="55" HEIGHT="28" CONTENT="foUy" WC="0.54" CC="6380"/>
						<SP ID="P37_SP00123" HPOS="286" VPOS="1006" WIDTH="8"/>
						<String ID="P37_ST00144" HPOS="294" VPOS="978" WIDTH="53" HEIGHT="26" CONTENT="lost," WC="0.85" CC="20500"/>
						<SP ID="P37_SP00124" HPOS="347" VPOS="1006" WIDTH="11"/>
						<String ID="P37_ST00145" HPOS="358" VPOS="978" WIDTH="28" HEIGHT="21" CONTENT="of" WC="1.00" CC="00"/>
						<SP ID="P37_SP00125" HPOS="386" VPOS="1006" WIDTH="7"/>
						<String ID="P37_ST00146" HPOS="393" VPOS="978" WIDTH="95" HEIGHT="28" CONTENT="nothing" WC="0.59" CC="7007670"/>
						<SP ID="P37_SP00126" HPOS="488" VPOS="1006" WIDTH="9"/>
						<String ID="P37_ST00147" HPOS="497" VPOS="978" WIDTH="65" HEIGHT="22" CONTENT="takes" WC="0.92" CC="00003"/>
						<SP ID="P37_SP00127" HPOS="562" VPOS="1006" WIDTH="10"/>
						<String ID="P37_ST00148" HPOS="572" VPOS="978" WIDTH="27" HEIGHT="22" CONTENT="he" WC="1.00" CC="00"/>
						<SP ID="P37_SP00128" HPOS="599" VPOS="1006" WIDTH="13"/>
						<String ID="P37_ST00149" HPOS="612" VPOS="986" WIDTH="58" HEIGHT="14" CONTENT="care." WC="0.81" CC="33300"/>
					</TextLine>
				</TextBlock>
				<TextBlock ID="P37_TB00011" HPOS="190" VPOS="1013" WIDTH="687" HEIGHT="142" STYLEREFS="TXT_1 PAR_LEFT">
					<TextLine ID="P37_TL00022" HPOS="192" VPOS="1013" WIDTH="626" HEIGHT="31">
						<String ID="P37_ST00150" HPOS="192" VPOS="1013" WIDTH="85" HEIGHT="29" CONTENT="Pimps," WC="0.64" CC="760061"/>
						<SP ID="P37_SP00129" HPOS="277" VPOS="1042" WIDTH="18"/>
						<String ID="P37_ST00151" HPOS="295" VPOS="1014" WIDTH="101" HEIGHT="29" CONTENT="lawyers," WC="0.97" CC="00000200"/>
						<SP ID="P37_SP00130" HPOS="396" VPOS="1043" WIDTH="12"/>
						<String ID="P37_ST00152" HPOS="408" VPOS="1017" WIDTH="116" HEIGHT="22" CONTENT="stewards," WC="0.74" CC="510053060"/>
						<SP ID="P37_SP00131" HPOS="524" VPOS="1043" WIDTH="13"/>
						<String ID="P37_ST00153" HPOS="537" VPOS="1017" WIDTH="93" HEIGHT="26" CONTENT="harlots," WC="0.89" CC="00010032"/>
						<SP ID="P37_SP00132" HPOS="630" VPOS="1043" WIDTH="13"/>
						<String ID="P37_ST00154" HPOS="643" VPOS="1017" WIDTH="113" HEIGHT="22" CONTENT="flatterers" WC="0.95" CC="1100010000"/>
						<SP ID="P37_SP00133" HPOS="756" VPOS="1043" WIDTH="11"/>
						<String ID="P37_ST00155" HPOS="767" VPOS="1017" WIDTH="51" HEIGHT="27" CONTENT="vile," WC="0.63" CC="65230"/>
					</TextLine>
					<TextLine ID="P37_TL00023" HPOS="191" VPOS="1051" WIDTH="617" HEIGHT="32">
						<String ID="P37_ST00156" HPOS="191" VPOS="1051" WIDTH="55" HEIGHT="22" CONTENT="And" WC="0.81" CC="050"/>
						<SP ID="P37_SP00134" HPOS="246" VPOS="1073" WIDTH="11"/>
						<String ID="P37_ST00157" HPOS="257" VPOS="1051" WIDTH="101" HEIGHT="30" CONTENT="thieving" WC="0.56" CC="06605079"/>
						<SP ID="P37_SP00135" HPOS="358" VPOS="1081" WIDTH="11"/>
						<String ID="P37_ST00158" HPOS="369" VPOS="1053" WIDTH="128" HEIGHT="21" CONTENT="tradesmen" WC="0.79" CC="010015602"/>
						<SP ID="P37_SP00136" HPOS="497" VPOS="1081" WIDTH="12"/>
						<String ID="P37_ST00159" HPOS="509" VPOS="1053" WIDTH="48" HEIGHT="21" CONTENT="him" WC="0.65" CC="640"/>
						<SP ID="P37_SP00137" HPOS="557" VPOS="1081" WIDTH="11"/>
						<String ID="P37_ST00160" HPOS="568" VPOS="1061" WIDTH="82" HEIGHT="22" CONTENT="among" WC="0.67" CC="00168"/>
						<SP ID="P37_SP00138" HPOS="650" VPOS="1083" WIDTH="12"/>
						<String ID="P37_ST00161" HPOS="662" VPOS="1055" WIDTH="62" HEIGHT="21" CONTENT="them" WC="0.63" CC="0607"/>
						<SP ID="P37_SP00139" HPOS="724" VPOS="1083" WIDTH="12"/>
						<String ID="P37_ST00162" HPOS="736" VPOS="1054" WIDTH="72" HEIGHT="22" CONTENT="share." WC="0.69" CC="703502"/>
					</TextLine>
					<TextLine ID="P37_TL00024" HPOS="192" VPOS="1089" WIDTH="571" HEIGHT="30">
						<String ID="P37_ST00163" HPOS="192" VPOS="1089" WIDTH="44" HEIGHT="22" CONTENT="His" WC="0.57" CC="471"/>
						<SP ID="P37_SP00140" HPOS="236" VPOS="1111" WIDTH="11"/>
						<String ID="P37_ST00164" HPOS="247" VPOS="1090" WIDTH="92" HEIGHT="21" CONTENT="father's" WC="0.77" CC="20540120"/>
						<SP ID="P37_SP00141" HPOS="339" VPOS="1111" WIDTH="12"/>
						<String ID="P37_ST00165" HPOS="351" VPOS="1090" WIDTH="67" HEIGHT="29" CONTENT="ghost" WC="0.65" CC="07251"/>
						<SP ID="P37_SP00142" HPOS="418" VPOS="1119" WIDTH="12"/>
						<String ID="P37_ST00166" HPOS="430" VPOS="1090" WIDTH="57" HEIGHT="21" CONTENT="from" WC="0.98" CC="0000"/>
						<SP ID="P37_SP00143" HPOS="487" VPOS="1119" WIDTH="11"/>
						<String ID="P37_ST00167" HPOS="498" VPOS="1090" WIDTH="135" HEIGHT="22" CONTENT="Hmbo-lake" WC="0.82" CC="700500300"/>
						<SP ID="P37_SP00144" HPOS="633" VPOS="1119" WIDTH="12"/>
						<String ID="P37_ST00168" HPOS="645" VPOS="1091" WIDTH="39" HEIGHT="21" CONTENT="the" WC="0.97" CC="000"/>
						<SP ID="P37_SP00145" HPOS="684" VPOS="1119" WIDTH="13"/>
						<String ID="P37_ST00169" HPOS="697" VPOS="1090" WIDTH="66" HEIGHT="22" CONTENT="while" WC="0.83" CC="00440"/>
					</TextLine>
					<TextLine ID="P37_TL00025" HPOS="192" VPOS="1127" WIDTH="685" HEIGHT="28">
						<String ID="P37_ST00170" HPOS="192" VPOS="1127" WIDTH="55" HEIGHT="22" CONTENT="Sees" WC="0.75" CC="3006"/>
						<SP ID="P37_SP00146" HPOS="247" VPOS="1149" WIDTH="13"/>
						<String ID="P37_ST00171" HPOS="260" VPOS="1127" WIDTH="53" HEIGHT="28" CONTENT="this," WC="0.74" CC="00750"/>
						<SP ID="P37_SP00147" HPOS="313" VPOS="1155" WIDTH="12"/>
						<String ID="P37_ST00172" HPOS="325" VPOS="1127" WIDTH="72" HEIGHT="22" CONTENT="which" WC="0.60" CC="03465"/>
						<SP ID="P37_SP00148" HPOS="397" VPOS="1155" WIDTH="12"/>
						<String ID="P37_ST00173" HPOS="409" VPOS="1135" WIDTH="62" HEIGHT="14" CONTENT="more" WC="0.90" CC="0030"/>
						<SP ID="P37_SP00149" HPOS="471" VPOS="1155" WIDTH="12"/>
						<String ID="P37_ST00174" HPOS="483" VPOS="1127" WIDTH="132" HEIGHT="22" CONTENT="damnation" WC="0.79" CC="500400106"/>
						<SP ID="P37_SP00150" HPOS="615" VPOS="1155" WIDTH="9"/>
						<String ID="P37_ST00175" HPOS="624" VPOS="1127" WIDTH="56" HEIGHT="22" CONTENT="doth" WC="0.77" CC="0306"/>
						<SP ID="P37_SP00151" HPOS="680" VPOS="1155" WIDTH="13"/>
						<String ID="P37_ST00176" HPOS="693" VPOS="1134" WIDTH="61" HEIGHT="21" CONTENT="upon" WC="0.72" CC="1036"/>
						<SP ID="P37_SP00152" HPOS="754" VPOS="1155" WIDTH="12"/>
						<String ID="P37_ST00177" HPOS="766" VPOS="1127" WIDTH="46" HEIGHT="22" CONTENT="him" WC="0.80" CC="600"/>
						<SP ID="P37_SP00153" HPOS="812" VPOS="1155" WIDTH="13"/>
						<String ID="P37_ST00178" HPOS="825" VPOS="1127" WIDTH="52" HEIGHT="28" CONTENT="pile." WC="0.88" CC="06000"/>
					</TextLine>
				</TextBlock>
				<TextBlock ID="P37_TB00012" HPOS="69" VPOS="1186" WIDTH="849" HEIGHT="80" STYLEREFS="TXT_1 PAR_LEFT">
					<TextLine ID="P37_TL00026" HPOS="105" VPOS="1186" WIDTH="813" HEIGHT="32">
						<String ID="P37_ST00179" HPOS="105" VPOS="1186" WIDTH="33" HEIGHT="24" CONTENT="So" WC="0.70" CC="05"/>
						<SP ID="P37_SP00154" HPOS="138" VPOS="1210" WIDTH="13"/>
						<String ID="P37_ST00180" HPOS="151" VPOS="1189" WIDTH="69" HEIGHT="28" CONTENT="poets" WC="0.78" CC="01035"/>
						<SP ID="P37_SP00155" HPOS="220" VPOS="1217" WIDTH="11"/>
						<String ID="P37_ST00181" HPOS="231" VPOS="1187" WIDTH="62" HEIGHT="23" CONTENT="have" WC="0.73" CC="4050"/>
						<SP ID="P37_SP00156" HPOS="293" VPOS="1217" WIDTH="10"/>
						<String ID="P37_ST00182" HPOS="303" VPOS="1188" WIDTH="61" HEIGHT="22" CONTENT="been" WC="0.82" CC="0007"/>
						<SP ID="P37_SP00157" HPOS="364" VPOS="1217" WIDTH="9"/>
						<String ID="P37_ST00183" HPOS="373" VPOS="1187" WIDTH="67" HEIGHT="23" CONTENT="often" WC="0.70" CC="43007"/>
						<SP ID="P37_SP00158" HPOS="440" VPOS="1217" WIDTH="12"/>
						<String ID="P37_ST00184" HPOS="452" VPOS="1187" WIDTH="199" HEIGHT="31" CONTENT="metaphorically" WC="0.86" CC="00000003400350"/>
						<SP ID="P37_SP00159" HPOS="651" VPOS="1218" WIDTH="9"/>
						<String ID="P37_ST00185" HPOS="660" VPOS="1188" WIDTH="129" HEIGHT="30" CONTENT="compared" WC="0.76" CC="00970100"/>
						<SP ID="P37_SP00160" HPOS="789" VPOS="1218" WIDTH="13"/>
						<String ID="P37_ST00186" HPOS="802" VPOS="1191" WIDTH="25" HEIGHT="19" CONTENT="to" WC="0.81" CC="03"/>
						<SP ID="P37_SP00161" HPOS="827" VPOS="1218" WIDTH="13"/>
						<String ID="P37_ST00187" HPOS="840" VPOS="1188" WIDTH="78" HEIGHT="22" CONTENT="Birds." WC="0.50" CC="650961"/>
					</TextLine>
					<TextLine ID="P37_TL00027" HPOS="70" VPOS="1236" WIDTH="385" HEIGHT="30">
						<String ID="P37_ST00188" HPOS="70" VPOS="1237" WIDTH="67" HEIGHT="23" CONTENT="Thus" WC="0.70" CC="2026"/>
						<SP ID="P37_SP00162" HPOS="137" VPOS="1260" WIDTH="18"/>
						<String ID="P37_ST00189" HPOS="155" VPOS="1236" WIDTH="27" HEIGHT="23" CONTENT="of" WC="1.00" CC="00"/>
						<SP ID="P37_SP00163" HPOS="182" VPOS="1260" WIDTH="10"/>
						<String ID="P37_ST00190" HPOS="192" VPOS="1237" WIDTH="97" HEIGHT="26" CONTENT="Pindar," WC="0.82" CC="4300040"/>
						<SP ID="P37_SP00164" HPOS="289" VPOS="1263" WIDTH="11"/>
						<String ID="P37_ST00191" HPOS="300" VPOS="1237" WIDTH="32" HEIGHT="29" CONTENT="by" WC="0.18" CC="69"/>
						<SP ID="P37_SP00165" HPOS="332" VPOS="1266" WIDTH="13"/>
						<String ID="P37_ST00192" HPOS="345" VPOS="1236" WIDTH="74" HEIGHT="30" CONTENT="Gray," WC="0.75" CC="45002"/>
						<String ID="P37_ST00193" HPOS="422" VPOS="1249" WIDTH="33" HEIGHT="4" CONTENT="—" WC="0.20" CC="8"/>
					</TextLine>
				</TextBlock>
				<TextBlock ID="P37_TB00013" HPOS="189" VPOS="1289" WIDTH="468" HEIGHT="216" STYLEREFS="TXT_1 PAR_LEFT">
					<TextLine ID="P37_TL00028" HPOS="192" VPOS="1289" WIDTH="434" HEIGHT="31">
						<String ID="P37_ST00194" HPOS="192" VPOS="1291" WIDTH="22" HEIGHT="22" CONTENT="O" WC="0.82" CC="1"/>
						<SP ID="P37_SP00166" HPOS="214" VPOS="1313" WIDTH="11"/>
						<String ID="P37_ST00195" HPOS="225" VPOS="1291" WIDTH="48" HEIGHT="29" CONTENT="lyre" WC="0.87" CC="1030"/>
						<SP ID="P37_SP00167" HPOS="273" VPOS="1320" WIDTH="12"/>
						<String ID="P37_ST00196" HPOS="285" VPOS="1290" WIDTH="75" HEIGHT="22" CONTENT="divine" WC="0.68" CC="065070"/>
						<SP ID="P37_SP00168" HPOS="360" VPOS="1320" WIDTH="12"/>
						<String ID="P37_ST00197" HPOS="372" VPOS="1291" WIDTH="6" HEIGHT="20" CONTENT="!" WC="0.32" CC="6"/>
						<SP ID="P37_SP00169" HPOS="378" VPOS="1320" WIDTH="19"/>
						<String ID="P37_ST00198" HPOS="397" VPOS="1290" WIDTH="60" HEIGHT="21" CONTENT="what" WC="0.92" CC="0030"/>
						<SP ID="P37_SP00170" HPOS="457" VPOS="1320" WIDTH="12"/>
						<String ID="P37_ST00199" HPOS="469" VPOS="1289" WIDTH="81" HEIGHT="29" CONTENT="daring" WC="0.85" CC="000620"/>
						<SP ID="P37_SP00171" HPOS="550" VPOS="1320" WIDTH="12"/>
						<String ID="P37_ST00200" HPOS="562" VPOS="1290" WIDTH="64" HEIGHT="28" CONTENT="spirit" WC="0.58" CC="506920"/>
					</TextLine>
					<TextLine ID="P37_TL00029" HPOS="192" VPOS="1327" WIDTH="465" HEIGHT="27">
						<String ID="P37_ST00201" HPOS="192" VPOS="1328" WIDTH="87" HEIGHT="21" CONTENT="Wakes" WC="0.96" CC="00001"/>
						<SP ID="P37_SP00172" HPOS="279" VPOS="1349" WIDTH="12"/>
						<String ID="P37_ST00202" HPOS="291" VPOS="1328" WIDTH="53" HEIGHT="21" CONTENT="thee" WC="1.00" CC="0000"/>
						<SP ID="P37_SP00173" HPOS="344" VPOS="1349" WIDTH="12"/>
						<String ID="P37_ST00203" HPOS="356" VPOS="1335" WIDTH="49" HEIGHT="14" CONTENT="now" WC="0.80" CC="500"/>
						<SP ID="P37_SP00174" HPOS="405" VPOS="1349" WIDTH="8"/>
						<String ID="P37_ST00204" HPOS="413" VPOS="1327" WIDTH="10" HEIGHT="22" CONTENT="?" WC="1.00" CC="0"/>
						<SP ID="P37_SP00175" HPOS="423" VPOS="1349" WIDTH="34"/>
						<String ID="P37_ST00205" HPOS="457" VPOS="1327" WIDTH="59" HEIGHT="21" CONTENT="Tho'" WC="0.75" CC="0027"/>
						<SP ID="P37_SP00176" HPOS="516" VPOS="1349" WIDTH="12"/>
						<String ID="P37_ST00206" HPOS="528" VPOS="1328" WIDTH="29" HEIGHT="21" CONTENT="he" WC="0.71" CC="50"/>
						<SP ID="P37_SP00177" HPOS="557" VPOS="1349" WIDTH="11"/>
						<String ID="P37_ST00207" HPOS="568" VPOS="1328" WIDTH="89" HEIGHT="26" CONTENT="inherit," WC="0.60" CC="18654104"/>
					</TextLine>
					<TextLine ID="P37_TL00030" HPOS="192" VPOS="1365" WIDTH="403" HEIGHT="28">
						<String ID="P37_ST00208" HPOS="192" VPOS="1365" WIDTH="48" HEIGHT="22" CONTENT="Nor" WC="0.88" CC="003"/>
						<SP ID="P37_SP00178" HPOS="240" VPOS="1387" WIDTH="11"/>
						<String ID="P37_ST00209" HPOS="251" VPOS="1365" WIDTH="40" HEIGHT="22" CONTENT="the" WC="0.79" CC="060"/>
						<SP ID="P37_SP00179" HPOS="291" VPOS="1387" WIDTH="12"/>
						<String ID="P37_ST00210" HPOS="303" VPOS="1365" WIDTH="63" HEIGHT="28" CONTENT="pride" WC="0.83" CC="03400"/>
						<SP ID="P37_SP00180" HPOS="366" VPOS="1393" WIDTH="12"/>
						<String ID="P37_ST00211" HPOS="378" VPOS="1372" WIDTH="41" HEIGHT="15" CONTENT="nor" WC="0.66" CC="720"/>
						<SP ID="P37_SP00181" HPOS="419" VPOS="1393" WIDTH="11"/>
						<String ID="P37_ST00212" HPOS="430" VPOS="1365" WIDTH="74" HEIGHT="28" CONTENT="ample" WC="0.90" CC="00040"/>
						<SP ID="P37_SP00182" HPOS="504" VPOS="1393" WIDTH="12"/>
						<String ID="P37_ST00213" HPOS="516" VPOS="1365" WIDTH="79" HEIGHT="28" CONTENT="pinion" WC="0.44" CC="967063"/>
					</TextLine>
					<TextLine ID="P37_TL00031" HPOS="190" VPOS="1402" WIDTH="384" HEIGHT="29">
						<String ID="P37_ST00214" HPOS="190" VPOS="1402" WIDTH="62" HEIGHT="22" CONTENT="That" WC="1.00" CC="0000"/>
						<SP ID="P37_SP00183" HPOS="252" VPOS="1424" WIDTH="12"/>
						<String ID="P37_ST00215" HPOS="264" VPOS="1402" WIDTH="39" HEIGHT="22" CONTENT="the" WC="0.91" CC="020"/>
						<SP ID="P37_SP00184" HPOS="303" VPOS="1424" WIDTH="16"/>
						<String ID="P37_ST00216" HPOS="319" VPOS="1403" WIDTH="95" HEIGHT="21" CONTENT="Theban" WC="0.67" CC="900045"/>
						<SP ID="P37_SP00185" HPOS="414" VPOS="1424" WIDTH="11"/>
						<String ID="P37_ST00217" HPOS="425" VPOS="1403" WIDTH="77" HEIGHT="28" CONTENT="Eagle" WC="0.91" CC="00040"/>
						<SP ID="P37_SP00186" HPOS="502" VPOS="1431" WIDTH="11"/>
						<String ID="P37_ST00218" HPOS="513" VPOS="1403" WIDTH="61" HEIGHT="27" CONTENT="bear," WC="0.78" CC="70020"/>
					</TextLine>
					<TextLine ID="P37_TL00032" HPOS="191" VPOS="1439" WIDTH="396" HEIGHT="29">
						<String ID="P37_ST00219" HPOS="191" VPOS="1439" WIDTH="86" HEIGHT="29" CONTENT="Sailing" WC="0.71" CC="0410760"/>
						<SP ID="P37_SP00187" HPOS="277" VPOS="1468" WIDTH="11"/>
						<String ID="P37_ST00220" HPOS="288" VPOS="1439" WIDTH="53" HEIGHT="22" CONTENT="with" WC="0.64" CC="0346"/>
						<SP ID="P37_SP00188" HPOS="341" VPOS="1468" WIDTH="14"/>
						<String ID="P37_ST00221" HPOS="355" VPOS="1447" WIDTH="103" HEIGHT="21" CONTENT="supreme" WC="0.71" CC="4602600"/>
						<SP ID="P37_SP00189" HPOS="458" VPOS="1468" WIDTH="13"/>
						<String ID="P37_ST00222" HPOS="471" VPOS="1440" WIDTH="116" HEIGHT="21" CONTENT="dominion" WC="0.78" CC="00041325"/>
					</TextLine>
					<TextLine ID="P37_TL00033" HPOS="191" VPOS="1476" WIDTH="418" HEIGHT="29">
						<String ID="P37_ST00223" HPOS="191" VPOS="1476" WIDTH="110" HEIGHT="29" CONTENT="Through" WC="0.52" CC="0415695"/>
						<SP ID="P37_SP00190" HPOS="301" VPOS="1505" WIDTH="12"/>
						<String ID="P37_ST00224" HPOS="313" VPOS="1476" WIDTH="39" HEIGHT="22" CONTENT="the" WC="1.00" CC="000"/>
						<SP ID="P37_SP00191" HPOS="352" VPOS="1505" WIDTH="11"/>
						<String ID="P37_ST00225" HPOS="363" VPOS="1485" WIDTH="68" HEIGHT="13" CONTENT="azure" WC="0.82" CC="02051"/>
						<SP ID="P37_SP00192" HPOS="431" VPOS="1505" WIDTH="13"/>
						<String ID="P37_ST00226" HPOS="444" VPOS="1477" WIDTH="58" HEIGHT="28" CONTENT="deep" WC="0.80" CC="0330"/>
						<SP ID="P37_SP00193" HPOS="502" VPOS="1505" WIDTH="11"/>
						<String ID="P37_ST00227" HPOS="513" VPOS="1477" WIDTH="27" HEIGHT="21" CONTENT="of" WC="1.00" CC="00"/>
						<SP ID="P37_SP00194" HPOS="540" VPOS="1505" WIDTH="6"/>
						<String ID="P37_ST00228" HPOS="546" VPOS="1477" WIDTH="33" HEIGHT="21" CONTENT="air" WC="0.88" CC="003"/>
						<String ID="P37_ST00229" HPOS="579" VPOS="1491" WIDTH="30" HEIGHT="3" CONTENT="—" WC="0.20" CC="8"/>
					</TextLine>
				</TextBlock>
				<TextBlock ID="P37_TB00014" HPOS="100" VPOS="1527" WIDTH="490" HEIGHT="33" STYLEREFS="TXT_1 PAR_LEFT">
					<TextLine ID="P37_TL00034" HPOS="102" VPOS="1527" WIDTH="488" HEIGHT="33">
						<String ID="P37_ST00230" HPOS="102" VPOS="1528" WIDTH="56" HEIGHT="23" CONTENT="And" WC="0.90" CC="030"/>
						<SP ID="P37_SP00195" HPOS="158" VPOS="1551" WIDTH="11"/>
						<String ID="P37_ST00231" HPOS="169" VPOS="1528" WIDTH="26" HEIGHT="23" CONTENT="of" WC="0.82" CC="12"/>
						<SP ID="P37_SP00196" HPOS="195" VPOS="1551" WIDTH="11"/>
						<String ID="P37_ST00232" HPOS="206" VPOS="1527" WIDTH="161" HEIGHT="32" CONTENT="Shakspeare," WC="0.81" CC="33006000600"/>
						<SP ID="P37_SP00197" HPOS="367" VPOS="1559" WIDTH="13"/>
						<String ID="P37_ST00233" HPOS="380" VPOS="1530" WIDTH="33" HEIGHT="30" CONTENT="by" WC="1.00" CC="00"/>
						<SP ID="P37_SP00198" HPOS="413" VPOS="1560" WIDTH="13"/>
						<String ID="P37_ST00234" HPOS="426" VPOS="1530" WIDTH="52" HEIGHT="23" CONTENT="Ben" WC="0.77" CC="006"/>
						<SP ID="P37_SP00199" HPOS="478" VPOS="1560" WIDTH="12"/>
						<String ID="P37_ST00235" HPOS="490" VPOS="1530" WIDTH="100" HEIGHT="24" CONTENT="Jonson." WC="0.76" CC="0014350"/>
					</TextLine>
				</TextBlock>
				<TextBlock ID="P37_TB00015" HPOS="187" VPOS="1581" WIDTH="658" HEIGHT="136" STYLEREFS="TXT_1 PAR_LEFT">
					<TextLine ID="P37_TL00035" HPOS="188" VPOS="1581" WIDTH="563" HEIGHT="33">
						<String ID="P37_ST00236" HPOS="188" VPOS="1581" WIDTH="74" HEIGHT="23" CONTENT="Sweet" WC="0.87" CC="40200"/>
						<SP ID="P37_SP00200" HPOS="262" VPOS="1604" WIDTH="13"/>
						<String ID="P37_ST00237" HPOS="275" VPOS="1582" WIDTH="69" HEIGHT="22" CONTENT="Swan" WC="0.57" CC="5029"/>
						<SP ID="P37_SP00201" HPOS="344" VPOS="1604" WIDTH="11"/>
						<String ID="P37_ST00238" HPOS="355" VPOS="1584" WIDTH="31" HEIGHT="28" CONTENT="of" WC="1.00" CC="00"/>
						<SP ID="P37_SP00202" HPOS="386" VPOS="1612" WIDTH="5"/>
						<String ID="P37_ST00239" HPOS="391" VPOS="1583" WIDTH="66" HEIGHT="23" CONTENT="Avon" WC="0.83" CC="5010"/>
						<SP ID="P37_SP00203" HPOS="457" VPOS="1612" WIDTH="12"/>
						<String ID="P37_ST00240" HPOS="469" VPOS="1585" WIDTH="10" HEIGHT="22" CONTENT="!" WC="0.97" CC="0"/>
						<SP ID="P37_SP00204" HPOS="479" VPOS="1612" WIDTH="16"/>
						<String ID="P37_ST00241" HPOS="495" VPOS="1585" WIDTH="61" HEIGHT="22" CONTENT="what" WC="0.82" CC="0700"/>
						<SP ID="P37_SP00205" HPOS="556" VPOS="1612" WIDTH="12"/>
						<String ID="P37_ST00242" HPOS="568" VPOS="1592" WIDTH="12" HEIGHT="15" CONTENT="a" WC="1.00" CC="0"/>
						<SP ID="P37_SP00206" HPOS="580" VPOS="1612" WIDTH="12"/>
						<String ID="P37_ST00243" HPOS="592" VPOS="1585" WIDTH="60" HEIGHT="29" CONTENT="sight" WC="0.71" CC="77000"/>
						<SP ID="P37_SP00207" HPOS="652" VPOS="1614" WIDTH="12"/>
						<String ID="P37_ST00244" HPOS="664" VPOS="1586" WIDTH="18" HEIGHT="22" CONTENT="it" WC="1.00" CC="00"/>
						<SP ID="P37_SP00208" HPOS="682" VPOS="1614" WIDTH="12"/>
						<String ID="P37_ST00245" HPOS="694" VPOS="1591" WIDTH="57" HEIGHT="17" CONTENT="were" WC="0.81" CC="0070"/>
					</TextLine>
					<TextLine ID="P37_TL00036" HPOS="189" VPOS="1618" WIDTH="475" HEIGHT="34">
						<String ID="P37_ST00246" HPOS="189" VPOS="1618" WIDTH="36" HEIGHT="22" CONTENT="To" WC="0.95" CC="00"/>
						<SP ID="P37_SP00209" HPOS="225" VPOS="1640" WIDTH="12"/>
						<String ID="P37_ST00247" HPOS="237" VPOS="1626" WIDTH="38" HEIGHT="14" CONTENT="see" WC="0.69" CC="450"/>
						<SP ID="P37_SP00210" HPOS="275" VPOS="1640" WIDTH="11"/>
						<String ID="P37_ST00248" HPOS="286" VPOS="1619" WIDTH="54" HEIGHT="22" CONTENT="thee" WC="0.82" CC="0700"/>
						<SP ID="P37_SP00211" HPOS="340" VPOS="1641" WIDTH="11"/>
						<String ID="P37_ST00249" HPOS="351" VPOS="1619" WIDTH="23" HEIGHT="22" CONTENT="in" WC="0.42" CC="65"/>
						<SP ID="P37_SP00212" HPOS="374" VPOS="1641" WIDTH="12"/>
						<String ID="P37_ST00250" HPOS="386" VPOS="1627" WIDTH="41" HEIGHT="15" CONTENT="our" WC="0.95" CC="001"/>
						<SP ID="P37_SP00213" HPOS="427" VPOS="1642" WIDTH="8"/>
						<String ID="P37_ST00251" HPOS="435" VPOS="1625" WIDTH="71" HEIGHT="18" CONTENT="water" WC="0.82" CC="80000"/>
						<SP ID="P37_SP00214" HPOS="506" VPOS="1643" WIDTH="11"/>
						<String ID="P37_ST00252" HPOS="517" VPOS="1622" WIDTH="46" HEIGHT="22" CONTENT="still" WC="0.60" CC="23552"/>
						<SP ID="P37_SP00215" HPOS="563" VPOS="1644" WIDTH="10"/>
						<String ID="P37_ST00253" HPOS="573" VPOS="1630" WIDTH="91" HEIGHT="22" CONTENT="appear," WC="0.87" CC="4000040"/>
					</TextLine>
					<TextLine ID="P37_TL00037" HPOS="189" VPOS="1657" WIDTH="656" HEIGHT="30">
						<String ID="P37_ST00254" HPOS="189" VPOS="1657" WIDTH="55" HEIGHT="21" CONTENT="And" WC="1.00" CC="000"/>
						<SP ID="P37_SP00216" HPOS="244" VPOS="1678" WIDTH="12"/>
						<String ID="P37_ST00255" HPOS="256" VPOS="1657" WIDTH="65" HEIGHT="21" CONTENT="make" WC="0.86" CC="0500"/>
						<SP ID="P37_SP00217" HPOS="321" VPOS="1678" WIDTH="9"/>
						<String ID="P37_ST00256" HPOS="330" VPOS="1657" WIDTH="65" HEIGHT="22" CONTENT="those" WC="0.74" CC="06050"/>
						<SP ID="P37_SP00218" HPOS="395" VPOS="1679" WIDTH="12"/>
						<String ID="P37_ST00257" HPOS="407" VPOS="1657" WIDTH="77" HEIGHT="29" CONTENT="flights" WC="0.73" CC="1150207"/>
						<SP ID="P37_SP00219" HPOS="484" VPOS="1686" WIDTH="12"/>
						<String ID="P37_ST00258" HPOS="496" VPOS="1666" WIDTH="61" HEIGHT="21" CONTENT="upon" WC="0.69" CC="2036"/>
						<SP ID="P37_SP00220" HPOS="557" VPOS="1687" WIDTH="11"/>
						<String ID="P37_ST00259" HPOS="568" VPOS="1659" WIDTH="39" HEIGHT="21" CONTENT="the" WC="0.88" CC="030"/>
						<SP ID="P37_SP00221" HPOS="607" VPOS="1687" WIDTH="13"/>
						<String ID="P37_ST00260" HPOS="620" VPOS="1661" WIDTH="71" HEIGHT="21" CONTENT="banks" WC="0.46" CC="59505"/>
						<SP ID="P37_SP00222" HPOS="691" VPOS="1687" WIDTH="12"/>
						<String ID="P37_ST00261" HPOS="703" VPOS="1661" WIDTH="27" HEIGHT="21" CONTENT="of" WC="0.88" CC="02"/>
						<SP ID="P37_SP00223" HPOS="730" VPOS="1687" WIDTH="9"/>
						<String ID="P37_ST00262" HPOS="739" VPOS="1661" WIDTH="106" HEIGHT="26" CONTENT="Thames," WC="0.73" CC="0005670"/>
					</TextLine>
					<TextLine ID="P37_TL00038" HPOS="192" VPOS="1694" WIDTH="498" HEIGHT="23">
						<String ID="P37_ST00263" HPOS="192" VPOS="1694" WIDTH="64" HEIGHT="22" CONTENT="That" WC="1.00" CC="0000"/>
						<SP ID="P37_SP00224" HPOS="256" VPOS="1716" WIDTH="12"/>
						<String ID="P37_ST00264" HPOS="268" VPOS="1701" WIDTH="24" HEIGHT="15" CONTENT="so" WC="0.34" CC="66"/>
						<SP ID="P37_SP00225" HPOS="292" VPOS="1716" WIDTH="13"/>
						<String ID="P37_ST00265" HPOS="305" VPOS="1695" WIDTH="39" HEIGHT="21" CONTENT="did" WC="0.80" CC="060"/>
						<SP ID="P37_SP00226" HPOS="344" VPOS="1716" WIDTH="12"/>
						<String ID="P37_ST00266" HPOS="356" VPOS="1696" WIDTH="52" HEIGHT="21" CONTENT="take" WC="0.82" CC="0007"/>
						<SP ID="P37_SP00227" HPOS="408" VPOS="1717" WIDTH="10"/>
						<String ID="P37_ST00267" HPOS="418" VPOS="1696" WIDTH="64" HEIGHT="21" CONTENT="Eliza" WC="0.63" CC="10555"/>
						<SP ID="P37_SP00228" HPOS="482" VPOS="1717" WIDTH="13"/>
						<String ID="P37_ST00268" HPOS="495" VPOS="1696" WIDTH="44" HEIGHT="21" CONTENT="and" WC="0.80" CC="140"/>
						<SP ID="P37_SP00229" HPOS="539" VPOS="1717" WIDTH="12"/>
						<String ID="P37_ST00269" HPOS="551" VPOS="1703" WIDTH="40" HEIGHT="14" CONTENT="our" WC="0.51" CC="373"/>
						<SP ID="P37_SP00230" HPOS="591" VPOS="1717" WIDTH="13"/>
						<String ID="P37_ST00270" HPOS="604" VPOS="1696" WIDTH="86" HEIGHT="21" CONTENT="James." WC="0.82" CC="040060"/>
					</TextLine>
				</TextBlock>
				<TextBlock ID="P37_TB00016" HPOS="272" VPOS="1743" WIDTH="48" HEIGHT="20" STYLEREFS="TXT_1 PAR_LEFT">
					<TextLine ID="P37_TL00039" HPOS="273" VPOS="1743" WIDTH="47" HEIGHT="20">
						<String ID="P37_ST00271" HPOS="273" VPOS="1750" WIDTH="14" HEIGHT="13" CONTENT="E" WC="0.26" CC="7"/>
						<SP ID="P37_SP00231" HPOS="287" VPOS="1763" WIDTH="21"/>
						<String ID="P37_ST00272" HPOS="308" VPOS="1743" WIDTH="12" HEIGHT="20" CONTENT="2" WC="0.55" CC="4"/>
					</TextLine>
				</TextBlock>
			</PrintSpace>
		</Page>
	</Layout>
</alto>
