1120 1962
169 181 2 2 8

461 169 120 15 POETICAL
601 169 104 15 AVIARY.

189 245 63 24 And,
275 245 64 25 here,
363 252 25 15 as
401 244 89 23 Milton
515 245 20 23 is
548 245 66 23 often
636 252 14 15 a
663 245 59 22 Poet
736 244 23 22 in
781 243 42 23 the
836 243 74 23 midst
923 243 25 23 of
969 243 37 22 his

156 301 77 22 prose,
248 294 10 22 I
272 294 46 22 will
338 294 90 23 adduce
449 301 13 15 a
475 295 75 22 simile
564 295 62 21 from
640 294 37 22 his
696 295 63 20 tract
770 300 31 14 on
813 291 40 23 the
868 291 101 31 Liberty
983 290 26 23 of

156 350 40 23 the
210 350 77 25 Press,
301 350 78 22 which
392 350 29 22 he
443 350 90 29 applies
557 353 25 19 to
595 349 41 22 the
649 347 104 31 English
772 346 83 23 nation
874 346 71 22 when
956 346 51 30 just

156 399 165 29 emancipated
345 398 62 23 from
431 399 41 23 the
485 403 104 27 tyranny
603 400 26 22 of
639 400 42 22 the
696 399 96 23 Stuarts
793 412 33 3 —
855 399 127 23 Methinks
995 399 11 23 I

156 454 38 14 see
213 446 25 22 in
255 454 41 22 my
310 445 66 23 mind
397 454 13 15 a
423 446 71 23 noble
509 447 46 21 and
568 447 108 29 puissant
689 446 91 26 nation,
796 445 100 31 rousing
918 445 91 23 herself

155 494 46 22 Hke
215 501 13 15 a
241 496 85 28 strong
338 501 55 15 man
407 494 61 22 after
479 494 64 31 sleep
554 495 48 22 and
615 495 104 32 shaking
732 496 43 22 her
788 495 128 24 invincible
929 496 74 23 locks.

156 541 125 23 Methinks
292 541 10 23 I
316 549 39 15 see
366 542 43 22 her
421 549 26 15 as
461 549 30 15 an
504 541 83 30 Eagle,
605 541 85 30 muing
701 541 44 23 her
753 541 96 30 mighty
862 541 83 30 youth,
958 542 46 22 and

155 589 109 30 kindling
276 589 43 23 her
330 590 130 23 undazzled
474 599 55 22 eyes
542 594 24 20 at
579 591 41 23 the
634 591 42 23 fuU
690 591 97 30 midday
796 592 70 22 beam
879 601 5 17 ;
898 592 106 30 purging

156 640 46 22 and
215 640 125 31 unsealing
352 640 44 23 her
415 640 164 31 long-abused
600 640 67 31 sight
685 643 24 19 at
729 639 41 23 the
784 639 110 23 fountain
907 639 66 24 itself
980 640 26 22 of

156 687 116 30 heavenly
293 688 111 23 radiance
416 698 4 16 ;
441 687 69 23 while
531 688 42 22 the
592 687 77 23 whole
690 687 67 22 noise
775 687 27 23 of
818 687 117 23 timorous
957 688 47 22 and

156 732 105 32 flocking
274 734 73 26 birds,
362 735 58 23 with
440 736 70 23 those
524 736 50 23 also
593 737 53 22 that
667 737 54 22 love
733 737 42 23 the
796 737 113 31 twilight,
923 738 80 23 flutter

156 781 73 23 about
244 783 100 22 amazed
356 787 25 19 at
393 784 64 23 what
471 784 43 23 she
527 792 91 19 means,
632 786 47 22 and
691 786 24 22 in
728 786 63 23 their
804 787 99 22 envious
916 787 87 31 gabble

156 831 78 22 would
247 833 179 30 prognosticate
440 842 13 15 a
465 842 56 21 year
534 835 27 23 of
572 835 69 24 Sects
654 836 47 23 and

291 901 51 23 Our
364 907 162 18 amusements
546 903 24 22 in
595 911 71 16 many
689 904 121 23 instances
835 904 80 23 derive
940 904 61 24 their

156 956 82 15 names
251 949 61 22 from
325 950 66 21 birds
393 964 31 4 —

304 1026 69 21 What
385 1027 87 28 figured
484 1027 69 21 slates
565 1035 37 13 are
614 1028 50 21 best
676 1032 24 18 to
711 1029 64 20 make

306 1063 36 22 On
355 1068 82 23 watery
450 1065 86 21 surface
544 1066 57 21 duck
613 1067 44 20 and
669 1068 71 20 drake
749 1069 12 19 ?

812 1104 126 22 Hudibras.

305 1148 22 22 It
338 1148 113 29 happen'd
462 1157 24 14 as
497 1158 12 14 a
519 1151 43 28 boy
571 1159 42 14 one
625 1152 63 29 night

305 1185 47 22 Did
363 1186 29 28 fly
404 1187 34 21 his
448 1188 69 21 tarsel
528 1189 26 21 of
562 1196 13 14 a
586 1190 54 24 kite,

305 1223 50 21 The
367 1227 113 25 strongest
492 1225 155 31 long-winged
658 1228 64 22 hawk
734 1229 50 22 that
796 1229 54 27 flies,

306 1261 61 22 That
379 1262 45 21 Hke
437 1270 12 13 a
460 1262 51 22 bird
522 1263 26 21 of
557 1264 114 26 Paradise,

306 1300 33 22 Or
351 1300 106 22 Herald's
470 1301 103 27 Martlet,
585 1302 40 22 has
638 1311 29 13 no
679 1304 56 28 legs,

306 1338 48 21 Nor
366 1339 94 21 hatches
471 1346 77 21 young
559 1346 61 19 ones,
632 1347 41 14 nor
683 1339 48 29 lays
743 1347 60 21 eggs.

305 1376 43 21 His
360 1376 57 21 train
428 1383 45 15 was
486 1377 35 21 six
533 1377 67 28 yards
611 1377 62 28 long,
683 1377 55 21 milk
751 1378 74 25 white,

304 1413 33 21 At
344 1413 32 21 th'
388 1414 44 20 end
443 1414 27 21 of
477 1414 73 21 which
562 1414 63 22 there
637 1415 61 29 hung
710 1422 13 14 a
734 1416 57 28 light

304 1448 98 22 Inclos'd
414 1449 22 21 in
448 1449 105 22 lanthorn
564 1451 66 20 made
638 1451 26 21 of
671 1459 76 21 paper,

303 1487 62 21 That
377 1487 32 20 far
418 1488 34 20 off
460 1487 44 21 like
515 1495 13 14 a
540 1492 46 17 star
598 1488 38 21 did
647 1496 90 20 appear.

305 1523 57 21 This
375 1523 119 28 Sidrophel
506 1525 29 27 by
547 1524 84 22 chance
645 1525 84 28 espy'd,

303 1560 53 22 And
369 1560 52 21 with
433 1565 142 17 amazement
587 1561 85 29 staring
684 1561 57 22 wide

325 1597 63 21 Bless
400 1597 41 25 us,'
461 1598 71 27 quoth
545 1598 36 26 he,
619 1598 60 23 what
691 1600 103 21 dreadful
803 1602 90 21 wonder

302 1633 22 21 Is
336 1632 49 22 that
398 1640 93 20 appears
504 1633 22 21 in
538 1633 106 22 Heavens

301 1669 57 21 This
368 1670 55 25 said,
435 1670 28 21 he
476 1674 23 18 to
511 1670 35 22 his
559 1672 80 28 engine
651 1672 49 21 flew

301 1704 83 22 Placed
398 1714 53 13 near
460 1711 22 17 at
496 1708 66 24 hand,
570 1708 22 21 in
606 1716 58 19 open
676 1709 55 22 view
741 1718 4 13 :
