1120 1962
391 151 121 15 POETICAL
531 151 104 15 AVIARY.

911 149 31 21 33

89 227 72 23 From
185 227 49 23 this
255 227 175 23 circumstance
455 227 18 23 it
495 227 21 23 is
530 228 139 31 commonly
683 229 144 31 designated
851 238 25 15 as
900 230 41 24 the

89 275 62 24 Leda
164 275 75 23 Bible.
278 275 22 23 It
313 275 110 23 contains
448 274 51 24 also
519 277 115 29 portraits
654 277 27 23 of
699 278 85 28 Queen
806 278 134 27 Elizabeth,

87 326 65 23 Lord
177 326 130 26 Leicester,
331 325 47 24 and
400 325 126 31 Burleigh.
575 326 57 23 This
652 328 63 23 bible
743 328 44 23 has
811 337 14 14 a
846 328 94 31 preface

87 375 31 30 by
131 375 98 26 Parker,
243 374 80 24 which
340 374 20 23 is
384 374 122 24 favorable
531 377 25 21 to
578 375 42 24 the
643 376 109 24 doctrine
777 377 26 23 of
822 377 119 23 universal

86 427 158 30 redemption.
280 427 78 22 There
372 433 39 16 are
422 428 50 21 two
484 426 104 23 editions
600 426 26 22 of
638 426 85 31 Henry
732 426 73 23 VIII.
809 427 19 22 's
841 426 63 23 bible
917 426 27 23 of

86 479 42 23 the
141 479 67 22 dates
224 479 72 25 1539,
322 477 47 23 and
395 477 72 22 1541.
505 476 51 23 The
569 476 53 23 first
644 475 109 23 contains
776 475 41 23 the
840 482 63 15 arms
916 475 28 24 of

87 527 113 23 Cardinal
212 527 100 31 Wolsey
334 527 24 22 in
378 527 41 22 the
440 526 130 30 title-page
584 535 4 17 ;
610 526 43 22 but
672 527 43 21 not
736 532 27 15 so
787 524 41 23 the
851 525 89 23 second

86 574 99 24 edition.
212 574 155 24 Coverdale's
380 573 64 25 bible
456 582 49 16 was
517 575 97 30 printed
626 575 25 23 in
668 576 72 22 1535.
777 575 53 23 Our
841 580 98 26 present

85 624 143 23 translation
238 624 27 23 of
274 624 41 23 the
327 623 136 31 Scriptures
476 631 48 16 was
538 624 69 23 made
621 624 23 24 in
655 624 41 23 the
706 624 70 30 reign
789 624 26 23 of
825 624 82 24 James
917 625 19 23 I.

85 672 31 30 by
129 671 150 32 forty-seven
293 672 100 23 divines.
436 672 161 31 Twenty-five
610 680 61 15 were
695 673 111 30 engaged
819 681 64 23 upon
896 674 41 23 the

85 721 47 26 old,
157 721 83 23 fifteen
261 729 65 23 upon
345 721 42 23 the
406 729 53 15 new
480 724 139 23 testament,
643 721 49 23 and
715 729 72 15 seven
809 730 64 22 upon
895 722 41 23 the

84 769 144 31 apocrypha.
263 769 52 23 The
328 769 127 30 language,
470 769 127 31 especially
621 769 54 23 that
692 769 26 23 of
735 770 41 23 the
800 770 40 23 old
861 775 74 19 testa-

85 821 72 23 ment,
172 818 92 23 follows
280 825 59 23 very
352 818 73 23 much
445 818 42 23 the
499 817 156 24 translations
669 817 26 23 of
707 818 83 30 Henry
803 818 72 23 VIII.
889 819 47 22 and

84 868 147 23 Elizabeth's
243 869 79 26 times,
337 869 47 22 and
406 869 27 26 is,
448 869 25 22 in
497 876 72 23 many
593 869 131 26 instances,
748 877 66 14 more
828 869 107 24 obsolete

84 919 58 23 than
154 919 53 23 that
218 919 27 23 of
257 919 41 23 the
310 919 54 22 best
374 918 92 23 writers
480 917 27 23 of
523 916 41 24 the
577 916 55 30 day.
671 915 22 23 It
714 923 49 15 was
779 916 157 23 commenced
953 934 2 8 ,

83 969 25 22 in
122 969 71 27 1607,
205 969 47 22 and
262 968 128 31 published
403 968 24 23 in
443 968 73 22 1611.
928 969 12 16 *

115 1017 23 22 A
149 1017 102 30 magical
276 1016 72 24 Swan
361 1017 121 30 dragging
496 1025 13 15 a
521 1017 57 23 boat
602 1017 59 23 with
685 1025 13 15 a
711 1016 70 24 silver
805 1017 70 23 chain
888 1018 20 23 is
921 1017 19 24 a'

82 1063 115 31 principal
210 1068 73 27 agent
296 1064 25 23 in
332 1064 130 32 Southey's
472 1065 80 23 ballad
564 1066 26 22 of
602 1066 132 31 Rhudiger.
760 1068 39 22 An
820 1068 114 23 Albatros
939 1071 2 4 '

81 1114 118 32 performs
211 1123 14 15 a
238 1115 144 31 mysterious
395 1118 53 28 part
461 1115 25 22 in
500 1114 151 32 Coleridge's
675 1115 67 24 Rime
753 1116 29 30 of
788 1117 36 22 the
837 1117 97 24 Ancient

82 1168 113 23 Mariner.
209 1168 51 22 The
273 1168 102 22 Vulture
387 1168 53 22 that
453 1167 149 30 continually
614 1167 91 30 preyed
718 1174 31 15 on
764 1167 167 26 Prometheus,

81 1216 94 23 besides
188 1223 14 15 a
221 1216 126 23 multitude
372 1215 27 23 of
415 1216 131 22 incidental
569 1215 115 24 allusions
698 1216 46 23 and
759 1217 172 30 comparisons,

80 1266 125 31 including
214 1274 60 15 even
287 1266 82 22 Wood
381 1265 41 23 the
439 1265 83 23 coiner
538 1265 27 23 of
575 1265 41 23 the
637 1265 62 23 Irish
722 1266 147 30 half-pence,
889 1266 43 23 has

80 1316 61 23 been
152 1316 135 23 celebrated
300 1316 31 30 by
343 1315 41 23 the
398 1317 63 20 most
483 1313 106 24 eminent
602 1314 96 23 ancient
710 1317 77 27 poets.
823 1315 51 23 The
886 1315 44 23 fol-

80 1364 89 31 lowing
187 1365 143 22 translation
354 1364 63 23 from
438 1363 41 24 the
492 1363 96 23 Ænead
601 1363 32 31 by
647 1364 107 31 Dryden,
765 1365 88 23 relates
874 1370 25 19 to
918 1375 13 14 a

80 1413 67 30 giant
168 1413 54 23 who
235 1421 49 15 was
306 1413 25 23 in
354 1421 14 15 a
387 1412 91 24 similar
494 1413 142 30 unpleasant
655 1415 173 30 predicament,
846 1418 58 22 with
918 1426 12 15 a

80 1465 76 30 slight
181 1464 159 32 aggravation
355 1463 26 24 of
392 1463 73 30 being
486 1462 24 23 in
524 1462 91 23 Pluto's
630 1463 145 27 dominions,
799 1465 94 22 instead
907 1465 25 23 of

79 1515 89 22 Mount
179 1515 129 26 Caucasus,
320 1515 79 22 where
411 1514 158 23 Prometheus
582 1515 87 31 might,
681 1517 47 22 and
743 1517 38 22 did
796 1517 134 31 ultimately

79 1564 80 23 obtain
173 1564 74 23 relief.

198 1613 75 21 There
287 1613 83 29 Tityus
383 1620 44 15 was
438 1618 24 18 to
472 1622 44 19 see,
529 1614 50 22 who
591 1614 54 22 took
656 1614 33 22 his
702 1614 60 22 birth

196 1651 70 21 From
277 1651 93 25 heaven,
383 1651 34 21 his
429 1651 94 28 nursing
534 1651 58 21 from
604 1650 38 21 the
651 1651 87 20 foodful
751 1651 64 22 earth
826 1659 2 13 :

199 1688 62 22 Here
273 1688 34 21 his
319 1688 98 29 gigantic
430 1688 75 26 limbs,
517 1687 54 21 with
583 1687 60 28 large
652 1687 104 21 embrace

198 1726 75 25 Infojd
284 1726 51 21 nine
348 1733 62 14 acres
422 1725 27 22 of
456 1725 95 22 infernal
564 1731 74 20 space.
