1120 1962
426 151 119 14 POETICAL
565 151 103 14 AVIARY.

938 151 23 14 77

117 226 170 31 Nightingale,
307 227 20 22 is
342 227 29 28 (if
389 226 64 23 from
465 230 64 19 want
548 227 27 22 of
592 235 66 14 more
673 230 70 20 exact
755 226 151 31 knowledge,
930 235 37 15 we

117 275 59 22 omit
188 275 42 23 the
251 275 133 24 wonderful
402 275 119 31 Mocking
534 275 59 23 Bird
614 275 27 23 of
660 276 123 29 America)
797 275 42 24 the
852 275 70 31 glory
944 274 25 23 of

117 323 41 23 the
175 323 147 22 tooth-billed
339 323 71 23 tribe.
445 323 11 22 I
477 323 61 23 shall
561 323 116 24 conclude
700 333 41 22 my
759 324 79 23 notice
860 324 26 23 of
901 323 66 24 birds

118 371 96 30 (before
224 372 151 30 proceeding
387 375 25 20 to
433 372 103 28 insects)
559 372 59 23 with
631 373 42 22 the
686 373 72 27 Lark,
773 373 139 30 deservedly
925 373 42 22 the

117 422 67 30 pride
198 422 27 23 of
235 422 42 23 the
292 422 140 23 conic-bills.

152 470 23 23 A
193 470 46 23 few
261 470 128 23 imitations
412 469 57 31 only
490 469 26 22 of
535 468 40 24 the
594 468 86 22 Lark's
699 472 58 19 note
776 476 42 15 can
832 467 30 23 be
884 467 82 25 found,

119 516 94 31 though
222 524 36 15 we
271 516 61 22 shall
346 524 48 18 see,
409 516 23 22 in
454 516 42 22 the
509 519 59 19 next
584 516 102 26 section,
697 516 53 22 that
763 516 41 22 the
816 515 150 31 descriptions

119 574 40 14 are
172 574 139 14 numerous.
351 566 29 22 In
392 566 41 22 the
446 566 215 29 Winter-Night's
680 566 58 23 Tale
749 574 36 15 we
797 566 62 22 have
862 578 33 4 —

239 624 51 20 The
303 624 60 20 Lark
376 624 50 20 that
438 624 133 20 tirra-lirra
584 623 87 21 chants.

155 681 28 22 In
195 681 41 23 the
249 688 72 22 song,
334 680 83 23 before
428 679 70 25 cited,
513 679 62 22 from
586 678 139 23 Alexander
736 678 47 22 and
794 677 125 30 Camaspe,
933 686 35 14 we

119 728 60 22 have-

241 781 72 21 Brave
321 781 140 28 prick-song
471 781 9 21 !
497 781 50 21 who
559 781 36 21 is't
605 788 49 14 now
672 788 32 15 we
716 781 55 21 hear
779 781 9 21 ?

240 818 48 22 'Tis
301 819 39 21 the
348 819 78 21 Lark's
438 819 66 21 silver
516 820 142 20 leer-a-leer.

155 871 50 23 The
219 875 62 19 term
290 871 138 32 prick-song
439 880 84 15 occurs
547 872 24 22 in
585 881 72 22 many
675 873 41 23 old
733 873 92 24 writers
836 883 5 17 ;
862 881 35 16 we
911 875 60 22 shall

122 919 58 26 find,
194 919 24 22 in
231 919 41 22 the
287 923 58 18 next
356 919 101 28 section,
471 919 54 24 that
535 920 18 23 it
566 920 20 23 is
601 922 140 23 contrasted
760 922 58 23 with
837 922 41 23 the
892 923 77 29 plain-

122 978 55 22 song
189 969 27 23 of
234 969 41 23 the
298 969 115 28 Cuckow,
434 971 25 28 (a
475 971 107 31 percher,
604 971 44 23 but
669 972 27 22 of
713 972 40 23 the
768 972 105 31 climbing
885 972 86 31 tribe.)

122 1022 122 24 Mercutio
256 1030 55 23 says
313 1036 32 3 —
376 1023 39 23 He
424 1024 75 30 fights
508 1031 25 15 as
542 1032 49 23 you
601 1024 56 31 sing
666 1024 136 31 prick-song
806 1043 4 8 ,
821 1024 74 31 keeps
905 1025 66 27 time,

123 1069 116 27 distance,
249 1069 45 23 and
305 1069 141 31 proportion
454 1079 5 17 ;
471 1074 62 19 rests
542 1079 39 14 me
589 1071 38 22 his
637 1072 92 25 minim,
741 1075 49 19 rest
798 1079 53 18 one,
862 1075 56 23 two,
925 1072 46 22 and

122 1120 42 23 the
174 1120 65 23 third
248 1120 24 22 in
282 1128 61 21 your
353 1119 95 23 bosom.
486 1118 33 24 So
529 1119 76 23 Juliet
614 1127 63 22 says,
689 1118 112 31 punning
810 1122 25 19 to
846 1118 91 23 Romeo
940 1132 31 3 —

245 1184 67 22 Some
325 1191 39 21 say
376 1184 39 22 the
426 1184 50 21 lark
487 1184 77 22 makes
578 1188 69 18 sweet
658 1184 101 22 division

247 1221 58 22 This
316 1221 18 21 is
346 1225 40 17 not
396 1229 25 13 so
431 1229 5 17 ;
452 1222 34 20 for
497 1221 28 21 he
536 1222 105 21 divideth
653 1229 34 14 us.

157 1282 51 23 The
220 1284 62 20 term
307 1280 104 27 division,
437 1280 47 24 like
502 1281 146 30 prick-song,
674 1282 44 22 has
739 1282 123 24 reference
883 1286 25 20 to
931 1284 42 22 the

122 1330 163 31 phraseology
299 1329 26 23 of
343 1329 96 23 ancient
460 1329 84 24 music.
581 1329 66 23 Thus
662 1329 72 28 Ford,
760 1330 25 24 in
807 1331 38 23 his
871 1331 102 25 Music's

124 1378 106 22 Duel.—

246 1435 36 22 He
294 1435 68 21 could
374 1439 40 18 not
426 1444 41 13 run
480 1438 101 22 division
592 1438 54 22 with
658 1447 62 14 more
733 1444 35 18 art

244 1473 66 29 Upon
323 1473 35 21 his
370 1474 99 29 quaking
480 1474 145 28 instrument,
637 1476 55 22 than
705 1477 47 26 she,

245 1511 51 23 The
306 1511 156 30 Nightingale,
475 1512 39 22 did
525 1513 54 22 with
592 1513 39 21 her
643 1514 89 21 various
745 1518 64 17 notes

244 1552 83 27 Reply.

159 1610 51 22 The
222 1609 146 31 prick-song
382 1609 109 31 Fencing
504 1609 27 23 of
541 1609 122 23 Mercutio
685 1613 56 26 puts
759 1617 45 15 one
824 1610 24 22 in
868 1610 66 24 mind
952 1612 25 22 of

124 1659 42 23 the
206 1658 164 23 small-sword
492 1659 23 22 in
529 1659 41 22 the
583 1658 82 26 Critic,
678 1659 79 22 where
768 1659 122 24 Tilburina
899 1665 76 19 wants

124 1711 26 20 to
174 1708 117 28 persuade
314 1708 43 23 her
378 1707 87 26 father,
484 1707 41 23 the
549 1706 128 25 Governor
699 1708 26 22 of
744 1708 99 23 Tilbury
865 1709 65 27 Fort,
950 1714 26 19 to
