1120 1962
937 143 30 22 95

427 148 119 16 POETICAL
566 149 103 15 AVIARY.

154 223 73 32 Nelly
240 223 42 24 left
295 225 114 25 £60,000
422 227 26 20 to
461 224 43 24 her
518 232 51 18 son,
583 224 41 24 the
637 224 70 23 Duke
720 224 26 23 of
757 223 37 24 St.
807 223 100 27 Albans,
922 224 47 23 and

119 278 61 23 poor
192 271 122 30 prisoners
327 271 48 22 still
387 272 100 30 partake
499 272 27 23 of
536 281 14 14 a
563 272 81 32 bounty
657 273 78 24 which
749 274 69 23 bears
832 274 44 23 her
888 282 78 15 name.

121 320 56 23 Five
189 320 115 31 portraits
318 320 26 23 of
355 320 43 23 her
410 329 41 15 are
464 321 139 23 mentioned
615 322 31 31 by
660 321 122 32 Grainger
792 331 3 17 ;
810 322 77 22 under
899 322 68 22 these

120 369 158 31 respectively
290 369 44 23 her
353 377 71 15 name
436 370 21 22 is
470 370 62 30 spelt
545 370 46 22 five
605 370 112 22 different
729 377 73 23 ways,
817 370 47 22 and
877 369 88 30 always

120 417 59 23 with
191 417 41 23 the
243 417 107 24 addition
361 418 26 23 of
397 418 101 23 Madam
512 426 27 15 or
552 419 63 23 Mrs.
651 419 51 23 The
713 422 62 20 term
786 418 63 23 Miss
857 425 48 16 was
915 418 54 23 first

120 467 58 23 used
199 468 25 22 in
237 475 14 15 a
263 467 111 31 play-bill
386 467 32 30 by
430 467 62 23 Miss
507 467 73 23 Cross
598 467 25 23 in
640 468 72 22 1702.
733 466 23 23 It
767 466 20 23 is
801 474 44 15 one
859 466 26 22 of
895 465 71 23 those

120 517 73 20 terms
203 514 26 23 of
234 515 80 22 which
323 515 41 23 the
377 515 89 31 import
474 516 44 23 has
528 517 83 23 varied
623 517 59 22 with
690 517 66 22 time.
776 517 35 22 As
821 520 25 19 to
855 516 111 31 spelling,

120 564 41 23 the
182 564 98 23 notions
298 564 27 23 of
341 573 44 14 our
397 569 124 18 ancestors
534 573 62 14 were
609 572 58 22 very
679 563 74 23 loose.
790 563 52 23 The
855 572 71 15 name
942 564 27 23 of

121 614 150 31 Shakspeare
290 614 19 23 is
329 614 62 31 spelt
404 616 130 21 seventeen
547 613 111 22 different
677 619 64 23 ways
754 611 24 23 in
790 611 42 23 the
845 611 77 23 books
942 611 27 23 of

120 662 41 23 the
175 661 161 31 Corporation
357 661 26 23 of
395 660 130 26 Stratford,
538 660 46 23 and
598 663 49 19 two
667 658 112 23 different
799 666 65 23 ways
886 658 25 22 in
929 658 38 23 his

120 718 53 15 own
186 710 56 23 will.
279 709 85 23 Prince
386 708 110 26 Charles,
517 708 41 23 the
569 715 83 24 young
671 707 141 26 Pretender,
832 709 76 20 wrote
931 706 37 23 his
981 727 2 4 .

119 759 99 23 father's
231 767 69 15 name
472 758 52 23 Our
537 758 96 23 ancient
646 758 72 23 Poets
729 758 136 31 frequently
877 757 105 25 altered^

119 807 65 23 their
203 807 103 31 spelling
319 807 47 23 and
379 806 63 24 their
456 810 96 19 accents
573 809 25 19 to
612 805 47 23 suit
672 806 63 23 their
745 806 84 30 rhyme
843 814 6 18 ;
867 812 27 16 so
906 805 62 23 little

120 861 48 16 was
189 857 110 20 accurate
314 854 104 30 spelling
431 855 143 23 considered
597 856 122 23 essential.
757 856 23 22 It
792 856 47 22 will
850 856 31 23 be
893 856 76 22 found

120 905 52 23 that
193 905 72 23 much
279 905 26 23 of
315 904 109 24 obsolete
438 904 104 31 spelling
563 905 25 22 in
598 905 98 23 ancient
706 907 85 28 poetry
804 912 48 16 was
865 908 43 20 not
928 905 41 23 the

121 956 103 32 spelling
246 956 25 23 of
282 956 41 23 the
337 956 54 31 day,
414 955 44 23 but
478 962 49 16 was
551 954 90 30 merely
662 953 199 24 accommodated
881 956 25 19 to
927 952 42 24 the

121 1003 93 30 rhyme,
228 1011 25 16 as
266 1003 24 23 in
304 1003 106 30 Spenser
411 1016 31 4 —

264 1074 55 21 And
330 1073 26 21 of
363 1073 39 22 her
414 1081 49 13 own
475 1072 48 22 foul
535 1072 93 22 entrails
640 1072 78 22 makes
730 1071 41 22 her
783 1076 66 22 meat,

240 1110 65 22 Meat
316 1110 26 22 fit
353 1110 33 22 for
397 1110 56 22 such
465 1118 13 14 a
489 1110 118 22 monster's
618 1114 130 18 monstrous

265 1148 34 21 As
311 1154 42 14 one
365 1147 54 22 with
431 1147 60 29 grief
497 1147 46 21 and
554 1146 96 29 anguish
662 1154 124 18 o\er-cum,

241 1183 56 23 And
308 1187 56 18 unto
375 1191 66 21 every
452 1184 65 28 thing
528 1184 40 21 did
579 1192 86 14 answer

154 1259 57 22 And
225 1259 23 22 in
259 1259 42 22 the
314 1259 47 22 fine
374 1258 138 29 Argument
524 1257 95 30 against
632 1257 102 30 Despair
747 1256 47 23 and
807 1256 96 25 Suicide
905 1270 32 4 —

242 1331 55 22 And
308 1331 28 22 he
347 1331 50 22 that
408 1331 77 28 points
496 1330 39 22 the
548 1330 103 22 Sentinel
661 1330 34 22 his
706 1337 85 20 roome,

241 1370 63 22 Doth
315 1370 85 22 license
412 1369 46 21 him
469 1369 80 27 depart
561 1372 23 17 at
596 1368 73 21 sound
679 1367 27 22 of
713 1367 103 29 morning
827 1368 97 22 droome.

156 1447 11 22 I
181 1447 48 22 will
250 1446 56 31 only
318 1446 94 23 further
424 1446 48 23 add
485 1454 63 23 upon
568 1447 41 22 the
629 1447 93 31 subject
743 1447 59 23 with
822 1447 80 24 which
923 1448 47 23 this

121 1497 137 30 digression
268 1496 164 26 commenced,
444 1496 53 23 that
510 1499 24 20 at
545 1496 77 23 Rome
632 1497 69 22 there
714 1497 20 22 is
745 1504 30 15 an
783 1497 97 30 antique
894 1499 76 20 statue

121 1546 27 22 of
158 1553 13 15 a
189 1553 56 15 man
266 1546 24 22 in
303 1553 14 15 a
328 1545 87 23 female
429 1546 77 26 dress,
527 1546 87 26 which,
636 1546 32 31 by
681 1553 14 15 a
704 1546 79 22 medal
796 1546 26 22 of
833 1553 45 15 one
894 1546 26 22 of
930 1546 40 22 the

121 1596 89 31 family,
232 1596 20 22 is
271 1596 125 22 identified
417 1602 25 16 as
463 1595 41 23 the
523 1597 78 21 statue
615 1594 26 23 of
651 1594 42 23 the
712 1593 138 24 celebrated
862 1593 107 25 Clodius,

120 1645 55 23 who
186 1645 121 26 obtained,
321 1645 32 30 by
365 1652 83 16 means
462 1645 25 23 of
505 1645 49 23 this
568 1645 75 25 dress,
658 1645 131 23 admission
803 1647 24 20 to
841 1644 41 24 the
904 1652 65 16 cere-

120 1695 92 22 monies
226 1695 27 22 of
264 1695 69 22 Bona
346 1694 59 23 Dea.
