1120 1962
152 172 30 21 64

459 175 119 15 POETICAL
598 173 103 16 AVIARY.

151 254 61 22 Ants
234 253 46 23 and
300 261 13 14 a
335 250 168 32 Nightingale,
526 249 78 23 which
626 256 48 15 was
688 246 92 23 broken
795 246 35 22 off
840 246 31 31 by
885 246 41 22 the
951 253 39 22 ap-

151 301 88 29 proach
253 301 26 22 of
289 300 55 30 day.

293 362 49 21 The
355 362 41 27 day
409 362 18 21 is
439 369 37 20 up,
488 362 44 21 and
543 362 30 21 all
585 362 39 22 the
637 362 67 25 birds,

270 400 54 21 And
335 400 53 28 they
399 400 84 21 abroad
493 400 45 21 wiU
548 400 52 21 blab
613 407 40 14 our

269 438 63 21 With
344 438 50 20 that
405 438 38 20 she
455 438 58 20 bade
524 437 39 21 the
576 437 59 21 Ants
647 437 105 26 farewell,

270 475 52 20 And
334 475 30 20 all
375 475 53 27 they
440 474 97 21 likewise
550 474 118 26 Philomel,

388 513 72 28 Away
471 513 39 21 she
522 512 47 21 flew

390 550 85 28 Crying
490 551 67 21 Teru.

271 589 51 21 And
333 588 30 22 all
375 588 38 22 the
425 588 139 22 industrious
576 588 60 22 Ants
648 588 22 21 in
681 588 94 28 throngs

270 627 48 22 Fell
330 631 23 17 to
366 627 58 21 their
435 627 67 25 work,
515 627 44 21 and
570 626 51 21 held
632 626 59 21 their
703 629 78 23 tonges

184 693 28 22 In
225 692 41 23 the
279 691 124 30 quotation
415 690 82 23 before
510 687 69 24 made
598 687 62 22 from
681 686 41 22 the
735 684 56 31 play
804 683 26 22 of
849 682 139 23 Alexander

151 737 47 22 and
211 737 126 29 Camaspe,
350 736 19 23 it
380 736 47 23 will
440 736 30 22 be
482 733 144 24 recollected
640 740 34 15 we
687 732 49 22 had
737 744 33 4 —

268 798 70 21 What
349 798 50 21 bird
410 804 25 15 so
447 798 67 27 sings,
526 800 38 25 yet
575 803 24 14 so
611 796 54 21 does
677 794 57 26 wail,

267 836 49 21 'Tis
328 835 111 22 Philomel
450 835 38 21 the
501 834 155 29 Nightingale,

270 873 68 29 Jugg,
350 873 67 29 Jugg,
429 873 69 28 Jugg,
513 873 73 21 Terue
598 873 39 21 she
649 873 65 25 cries,

271 912 60 25 And,
342 911 79 27 hating
432 911 70 25 earth,
515 914 22 17 to
549 910 85 21 heaven
647 910 39 21 she
697 909 48 21 flies

183 974 109 23 Another
310 976 56 20 note
381 973 79 25 Tweet,
475 972 79 25 Tweet,
570 971 81 26 Tweet,
665 971 20 22 is
698 971 71 31 given
780 974 26 19 to
818 970 40 23 the
874 970 114 30 Nightin-

150 1024 52 30 gale
217 1024 23 22 in
252 1032 14 14 a
279 1031 62 22 song
351 1023 25 23 in
387 1023 40 23 the
439 1022 54 30 play
507 1021 25 22 of
543 1020 84 23 Lionel
640 1019 46 23 and
699 1019 107 22 Clarissa
807 1031 32 3 —

271 1078 25 20 C.
309 1076 63 21 Hark
383 1079 24 17 to
420 1073 111 23 Philomel
539 1073 5 20 !
562 1072 50 21 how
624 1074 67 17 sweet

271 1113 30 21 D.
313 1113 67 21 From
391 1112 85 27 yonder
487 1111 51 25 elm,

271 1150 24 21 C.
311 1149 83 25 Tweet,
409 1148 82 25 Tweet,
506 1147 83 26 Tweet,
604 1147 83 26 Tweet,

268 1188 45 21 All.
345 1187 21 23 O
378 1187 60 21 what
450 1194 12 13 a
474 1186 63 28 night
548 1185 19 22 is
579 1185 52 21 here
642 1185 34 21 for
687 1184 50 22 love
748 1184 3 21 !

183 1250 82 26 Tasso,
291 1249 24 23 in
328 1249 113 30 imitating
453 1249 41 23 the
507 1248 171 31 Nightingale,
701 1248 45 23 has
762 1248 62 23 been
837 1247 84 23 bolder
934 1247 56 23 than

150 1298 96 26 Milton,
260 1298 54 23 who
326 1298 43 22 has
383 1297 55 23 onlv
451 1297 117 23 ventured
580 1300 25 20 to
615 1297 98 23 describe
724 1297 43 23 her

151 1355 96 20 song—

300 1405 47 22 Odi
358 1405 75 28 quello
445 1405 103 28 usignolo

300 1443 48 20 Che
360 1450 27 13 va
398 1443 23 20 di
432 1450 61 13 ramo
505 1443 22 20 in
539 1449 60 14 ramo

331 1480 126 24 Cantando,
496 1480 25 21 lo
532 1487 57 17 amo,
603 1479 25 21 lo
639 1486 49 15 amo

477 1571 50 13 THE
542 1571 126 13 SPARROW.

183 1612 50 22 The
256 1611 112 32 Sparrow
389 1611 43 23 has
455 1611 61 23 been
537 1611 120 31 supposed
678 1615 25 19 to
725 1613 68 22 make
815 1621 14 15 a
848 1614 76 23 sound
945 1614 45 23 like

179 1659 88 31 Phillip
312 1660 68 22 there
393 1660 19 22 is
426 1668 12 14 a
448 1659 157 31 composition
615 1659 30 31 by
660 1659 109 27 Skelton,
784 1661 57 22 Poet
852 1661 102 24 Laureat
967 1662 25 22 of

151 1711 80 22 Henry
245 1710 69 22 VIII.
328 1710 76 22 called
418 1719 13 13 a
470 1709 74 30 Dirge
559 1717 30 14 on
614 1708 84 30 Phillip
893 1709 56 22 And
967 1709 23 22 in
