1120 1962
139 171 30 21 88

442 177 120 15 POETICAL
581 177 94 15 AVIARY

171 253 55 22 And
239 252 71 29 again
312 266 32 2 —

287 307 55 21 And
353 307 39 21 she
405 307 44 21 had
461 308 102 20 watched

257 342 70 29 Many
339 350 13 14 a
364 343 145 29 Nightingale
521 344 98 28 perched
635 345 84 28 giddily

258 382 36 20 On
306 382 113 28 blossomy
431 382 53 28 twig
496 382 45 22 still
554 382 107 29 swinging
673 383 56 21 from
742 382 38 22 the
793 382 90 25 breeze,

258 420 52 22 And
322 425 24 17 to
355 420 48 22 that
415 421 85 21 motion
513 426 55 16 tune
580 421 34 21 his
624 425 90 17 wanton
728 427 63 21 song,

259 457 55 22 Like
326 458 59 27 tipsy
394 458 39 27 joy
445 459 48 21 that
506 459 57 21 reels
575 458 54 22 with
640 458 89 27 tossing
740 457 66 21 head.

171 524 170 23 WTordsworth
367 525 66 22 leans
456 528 25 19 to
502 525 41 22 the
565 525 49 22 side
636 524 28 23 of
681 523 38 23 his
741 520 133 31 Pie-fellow
898 520 26 23 of
940 520 39 23 the

138 574 77 22 Lakes
217 586 33 4 —

258 630 20 23 O
291 631 145 29 Nightingale
446 632 4 20 !
464 632 55 21 thou
531 633 74 29 surely
614 637 33 17 art

256 669 20 20 A
290 672 102 18 creature
404 669 26 20 of
437 676 13 14 a
461 669 53 27 fiery
525 669 65 22 heart
598 678 5 18 ;

256 706 75 21 These
343 710 65 17 notes
419 706 26 20 of
449 706 70 25 thine,
531 706 54 28 they
596 706 74 28 pierce
679 705 45 21 and
736 705 80 28 pierce.

256 743 154 21 Tumultuous
421 743 117 28 harmony,
550 745 44 20 and
605 744 67 21 fierce
681 744 4 21 !

257 779 68 22 Thou
337 779 77 29 sing'st
425 787 25 14 as
461 779 20 22 if
486 780 38 21 the
538 780 52 22 God
601 780 26 21 of
634 780 56 21 wine

256 818 56 22 Had
323 818 83 29 helped
417 818 52 22 thee
479 823 23 17 to
512 826 12 14 a
535 818 122 27 valentine,

257 857 20 21 A
291 864 54 21 song
356 857 23 21 in
391 857 106 27 mockery
507 857 45 21 and
563 856 88 28 despite

257 895 35 22 Of
298 895 81 22 shades
391 895 44 21 and
447 895 66 25 dews,
525 894 45 21 and
581 893 67 22 silent
660 891 70 29 night.

171 962 28 23 In
212 962 100 23 another
324 962 73 31 place,
418 963 167 23 Wordsworth
607 962 105 31 sensibly
733 961 107 23 remarks
853 961 53 23 that
927 960 39 23 the

138 1011 69 22 effect
221 1011 25 22 of
256 1011 41 22 the
309 1014 69 19 notes
392 1011 27 22 of
427 1019 13 14 a
461 1011 52 23 bird
534 1011 47 23 will
600 1020 58 22 very
676 1011 73 23 much
769 1011 94 30 depend
883 1018 31 15 on
934 1011 42 22 the

138 1066 61 19 state
213 1061 25 23 of
248 1061 65 22 mind
326 1061 26 22 of
370 1061 41 22 the
432 1061 108 22 listener.
576 1060 48 23 We
641 1059 60 23 have
715 1066 64 18 seen,
794 1057 24 22 in
831 1057 41 22 the
886 1056 90 23 section

138 1118 31 15 on
191 1110 143 26 Imitations,
362 1111 52 22 that
436 1110 41 23 the
499 1110 109 27 Tu-whit,
636 1110 117 26 Tu-whoo,
771 1109 26 23 of
805 1109 40 23 the
866 1108 52 23 Owl
933 1108 43 22 has

138 1157 60 24 been
210 1158 154 29 pronounced
377 1157 59 23 both
449 1158 120 26 dolorous,
584 1159 117 26 ominous,
716 1159 47 22 and
776 1166 88 19 merry.
895 1158 27 22 In
935 1158 41 23 the

138 1210 125 30 following
276 1212 94 20 extract
382 1209 62 22 from
457 1216 13 15 a
483 1215 70 23 poem
568 1215 30 14 on
612 1206 87 31 Fancy,
712 1204 170 24 Wordsworth
895 1204 80 22 makes

138 1265 41 15 use
193 1257 25 22 of
233 1265 66 15 some
312 1257 61 22 facts
386 1256 58 23 with
457 1256 88 31 regard
561 1259 24 20 to
604 1256 75 22 slaves
693 1254 138 24 mentioned
844 1254 23 23 in
881 1254 92 23 Water-

137 1308 64 23 ton's
213 1307 105 26 Travels,
332 1307 47 23 and
392 1306 116 23 Wilson's
520 1305 128 23 American
662 1304 171 29 Ornithology.

255 1375 75 21 Blithe
342 1375 87 21 Ravens
442 1375 66 21 croak
517 1375 25 21 cf
547 1376 76 25 death,
635 1376 44 21 and
690 1376 63 20 when
762 1376 39 21 the
815 1375 50 22 Owl

254 1413 66 21 Tries
331 1413 35 20 his
377 1416 43 17 two
432 1412 75 21 voices
517 1412 34 20 for
562 1420 12 12 a
585 1412 94 21 favorite
691 1411 77 25 strain,

256 1450 112 25 Tu-whit,
383 1450 130 21 Tu-whoo!
524 1449 39 21 the
574 1448 164 28 unsuspecting
749 1447 53 22 fowl

254 1488 114 21 Forbodes
380 1487 94 28 mishap,
486 1494 25 14 or
518 1494 72 14 seems
602 1487 39 21 but
654 1491 24 17 to
689 1486 120 28 complain.

254 1524 108 28 Through
375 1524 79 21 border
466 1524 62 21 wilds
540 1524 73 21 where
624 1525 74 20 naked
710 1524 92 22 Indians
815 1529 59 23 stray

255 1562 101 29 Myriads
368 1562 26 21 of
401 1565 64 17 notes
478 1565 69 17 attest
559 1560 40 29 thy
611 1561 74 20 subtle
700 1560 59 21 skill.

254 1601 21 20 A
287 1599 116 22 feathered
414 1599 147 21 task-master
572 1599 57 21 cries
662 1599 60 21 work

256 1638 61 25 And,
329 1637 22 21 in
361 1637 39 28 thy
412 1636 112 26 iteration,
560 1636 68 28 Whip
640 1644 55 20 poor

255 1675 69 21 What
337 1674 96 26 wonder,
445 1678 22 17 at
480 1674 40 27 thy
531 1673 100 28 bidding,
644 1672 89 21 ancient
745 1672 50 28 lays

255 1710 98 26 Steeped
365 1710 21 20 in
400 1710 46 20 dire
458 1709 61 27 grief
525 1709 38 21 the
576 1709 61 20 voice
650 1709 25 20 of
684 1708 116 21 Philomel.
