1120 1962
153 179 30 20 92

452 186 119 13 POETICAL
591 185 100 14 AVIARY.

155 258 63 31 aiery
232 259 25 22 of
269 259 116 26 children,
398 259 62 23 little
474 268 84 16 evases
581 261 54 22 that
649 268 41 23 cry
703 263 42 21 out
762 268 31 15 on
813 260 41 23 the
866 263 41 28 top
921 259 26 23 of
956 259 40 23 the

155 308 117 29 question,
287 308 46 22 and
346 314 40 16 are
409 311 62 20 most
492 308 140 31 tyranically
653 308 63 30 clapt
733 307 37 23 for
863 306 22 23 It
898 313 98 23 appears

154 356 62 23 from
228 357 41 23 the
282 357 123 30 following
418 361 102 19 account
532 357 32 30 by
579 357 52 22 Ben
644 356 102 25 Jonson,
760 354 26 23 of
797 362 29 15 an
845 353 151 22 unfortunate

155 405 102 24 mistake
271 406 68 23 made
352 406 58 23 with
423 407 86 29 regard
519 409 25 20 to
558 413 44 16 one
616 405 26 23 of
652 405 42 23 the
875 402 53 23 that
940 402 56 31 they

156 453 70 22 acted
238 452 39 24 old
287 461 55 15 men
355 461 25 15 as
393 453 154 29 successfully
561 461 25 14 as
597 460 83 22 young
693 459 93 15 women
787 463 34 4 —

276 522 71 23 Years
359 523 28 21 he
399 523 124 21 numbered
535 529 74 14 scarce
621 520 104 25 thirteen,

305 560 75 21 When
392 560 57 20 fates
460 558 82 22 turned
554 556 68 25 cruel,

275 595 45 22 Yet
331 595 63 22 three
406 595 63 22 fiUed
481 595 96 21 Zodiacs
589 594 45 21 had
646 594 55 21 been

306 634 51 22 The
369 634 81 27 stage's
459 633 82 28 jeweU.

275 671 54 23 And
341 672 39 21 did
392 676 35 17 act
441 671 71 29 (what
524 677 49 14 now
585 676 32 13 we
628 667 77 27 moan)

308 708 46 22 Old
365 716 51 13 men
429 716 24 13 so
465 707 60 27 duly,

276 746 41 26 As,
329 746 86 26 soothe,
427 745 39 21 the
479 744 75 22 Parcæ
567 742 96 29 thought
674 742 46 21 him
731 749 47 19 one,

307 783 36 21 He
354 782 82 27 played
447 789 25 14 so
484 781 67 28 truly.

190 848 70 23 After
271 848 41 23 the
326 847 160 26 Restoration,
509 845 93 32 though
615 845 18 22 it
652 844 18 22 is
690 847 44 19 not
746 842 89 24 certain
853 842 53 23 who
928 843 65 23 acted

156 897 159 26 Desdemona,
337 897 40 23 the
398 897 52 22 first
470 895 86 24 female
586 894 122 23 character
739 892 153 29 represented
913 892 31 30 by
965 899 28 15 an

156 943 104 32 English
271 943 85 23 female
367 952 31 14 on
411 952 42 14 our
463 947 75 27 stage,
547 947 40 27 yet
595 950 57 22 very
667 941 106 31 speedily
785 940 61 23 Mrs.
859 940 134 26 Betterton,

157 990 53 23 wife
229 991 26 22 of
265 991 40 23 the
319 991 134 23 celebrated
465 992 134 26 Betterton,
613 992 47 22 and
674 991 61 23 Mrs.
749 991 116 23 Marshall
886 992 107 29 acquired

159 1048 13 15 a
193 1040 60 31 high
273 1041 144 29 reputation.
461 1041 67 30 They
547 1048 62 15 were
632 1040 131 23 succeeded
783 1040 31 30 by
835 1039 62 24 Mrs.
911 1040 82 31 Barry,

160 1090 50 28 (the
223 1089 51 23 first
287 1090 131 30 performer
430 1088 53 23 who
496 1088 47 23 had
553 1096 14 14 a
579 1087 102 30 benefit)
692 1086 47 22 and
751 1086 62 22 Mrs.
828 1086 164 30 Bracegirdle;

158 1141 47 22 and
225 1140 138 23 afterwards
383 1139 31 30 by
439 1138 62 23 Mrs.
524 1136 107 31 Bellamy
645 1136 46 22 and
704 1135 62 23 Mrs.
780 1134 131 30 Baddeley.
946 1133 47 23 The

157 1187 47 23 last
222 1187 137 23 mentioned
371 1186 75 23 ladies
464 1193 24 15 as
500 1185 95 26 Juliets,
615 1184 59 23 with
692 1183 102 23 Garrick
813 1182 47 23 and
877 1182 75 31 Barry
969 1189 24 15 as

157 1234 63 23 their
233 1234 111 26 Romeos,
355 1233 136 30 performed
499 1233 95 30 against
608 1233 57 22 each
679 1233 68 23 other
758 1233 37 22 for
805 1232 84 23 twelve
900 1240 93 15 succes-

158 1280 48 24 sive
220 1281 82 30 nights
315 1285 24 19 at
352 1281 40 22 the
405 1281 59 22 rival
477 1281 96 23 houses.
596 1281 57 23 This
668 1282 173 23 circumstance
854 1282 139 23 occasioned

157 1329 42 23 the
210 1329 124 32 following
346 1329 115 31 epigram,
472 1330 24 22 in
507 1330 100 23 allusion
619 1335 25 18 to
658 1331 63 23 what
735 1331 21 23 is
767 1331 50 22 said
827 1331 30 31 by
871 1331 40 22 the
922 1330 71 32 dying

156 1381 120 21 Mercutio
277 1394 33 3 —

274 1443 69 21 What
354 1443 52 28 play
417 1446 24 17 to
453 1441 62 29 night
525 1441 10 21 ?
552 1448 50 21 says
613 1448 68 21 angry
694 1440 56 27 Ned,

274 1482 34 20 As
319 1481 56 21 from
387 1481 33 20 his
432 1481 43 20 bed
487 1480 28 21 he
525 1487 84 18 rouses,

275 1519 85 21 Romeo
371 1518 65 29 again
444 1518 4 21 !
467 1518 27 21 he
507 1518 80 21 shakes
599 1517 34 22 his
646 1517 64 27 head,

301 1556 21 22 A
334 1556 80 28 plague
425 1563 28 15 on
464 1556 53 22 both
529 1564 56 20 your
596 1556 82 22 houses

189 1619 23 23 It
225 1626 99 24 appears
345 1617 61 23 from
425 1616 67 31 Lady
514 1616 156 30 Montague's
691 1616 83 23 letters
798 1616 60 27 that,
881 1616 24 23 in
921 1616 70 25 1717,

155 1669 114 22 women's
293 1672 66 26 parts
378 1675 62 14 were
457 1666 87 31 always
565 1666 136 30 performed
721 1666 31 30 by
773 1674 55 14 men
846 1668 24 20 at
884 1666 93 22 Vienna
988 1674 3 17 ;

155 1715 55 26 and,
231 1715 23 22 in
275 1715 90 23 several
386 1714 128 30 prologues
538 1718 25 19 to
585 1714 102 30 English
700 1715 67 29 plays
780 1715 61 23 after
854 1716 41 23 the
908 1716 83 22 Resto-
