1120 1962
424 150 118 15 POETICAL
563 150 105 15 AVIARY.

941 146 30 21 69

122 227 48 23 had
190 227 33 31 by
236 230 85 28 patent
335 235 14 15 a
369 227 111 23 hundred
501 227 90 26 marks,
614 226 79 23 which
713 235 49 15 was
781 228 125 24 increased
922 233 25 20 to
961 239 13 14 a

121 278 111 22 hundred
251 278 96 30 pounds
366 277 49 23 and
433 285 13 15 a
466 277 74 23 tierce
554 276 26 23 of
592 275 104 32 Canary.
733 277 51 23 The
809 277 96 32 Canary
924 286 50 15 was

122 324 101 24 omitted
236 324 25 23 in
273 324 42 23 the
328 328 83 27 patent
425 324 26 23 of
461 323 38 24 his
512 332 126 15 successor
657 325 135 25 Davenant.
829 327 51 23 The
892 335 82 16 verses

122 372 73 22 about
214 372 42 22 the
280 372 86 22 Parrot
384 372 32 22 do
437 375 42 19 not
503 372 77 23 afford
599 380 14 15 a
636 374 122 30 specimen
779 376 26 22 of
815 376 41 23 the
869 377 105 30 peculiar

123 422 142 23 Skeltonian
278 425 85 23 metre,
378 421 80 23 which
470 422 44 22 has
526 422 62 22 been
602 430 27 15 so
642 423 67 24 often
721 424 119 25 imitated.
865 426 52 23 The
928 427 45 22 fol-

122 471 92 30 lowing
238 471 100 30 rhymes
364 477 31 16 on
409 469 115 24 Cardinal
548 470 110 28 Wolsey,
686 471 52 29 (the
764 480 70 16 sense
853 473 27 23 of
895 473 79 24 which

123 529 48 15 was
191 521 141 23 afterwards
352 521 172 30 incorporated
542 521 24 22 in
580 521 40 23 the
631 521 105 24 Articles
753 522 27 22 of
791 521 183 32 Impeachment

123 572 123 32 preferred
258 572 96 32 against
365 571 42 23 the
422 571 124 29 Cardinal)
561 579 41 14 are
615 579 88 23 proper
717 571 164 24 Skeltoniads.

246 632 66 22 Then
325 632 23 21 in
359 631 39 22 the
412 630 114 23 Chamber
539 629 27 21 of
574 628 64 22 Stars

244 669 38 22 All
293 672 96 18 matters
401 668 63 21 there
475 667 30 22 he
516 675 68 19 mars,

243 708 114 28 Clapping
368 707 35 21 his
415 706 40 22 rod
468 713 29 15 on
508 706 39 21 the
559 705 79 25 board,

243 744 39 22 No
293 751 52 15 man
357 744 53 22 dare
423 744 69 28 speak
504 750 13 14 a
529 743 68 21 word.

244 783 45 22 For
300 783 29 21 he
341 783 55 21 hath
409 783 30 20 all
451 782 38 21 the
502 781 85 27 saying,

244 821 108 23 Without
364 829 43 20 any
418 821 113 28 rcnaying.

245 858 37 21 He
293 858 56 21 hath
359 858 91 28 dispute
463 858 45 21 and
519 865 73 18 scorn,

243 896 65 22 With
321 896 62 21 them
395 896 50 21 that
458 896 27 20 be
497 895 50 21 weU
558 895 63 21 born.

246 935 37 21 He
294 934 97 21 rebukes
403 933 69 27 them,
486 932 44 22 and
541 932 61 27 rails,

244 972 35 21 Ye
291 971 123 27 whorsons,
426 978 28 21 ye
465 970 94 28 vassels,

245 1009 34 21 Ye
291 1008 91 26 knaves,
394 1015 28 22 ye
435 1008 83 21 churls'
531 1015 60 20 sons,

244 1048 35 22 Ye
291 1048 99 25 ribands,
403 1051 39 18 not
454 1046 73 22 worth
538 1049 45 19 two
595 1046 96 29 plumbs.

244 1086 34 21 Ye
290 1085 143 21 rain-beaten
445 1085 94 28 beggars
550 1084 124 30 re-jagged,

244 1122 35 22 Ye
290 1122 108 28 recrayed
409 1121 77 22 ruffins
498 1122 31 21 all
539 1123 91 27 ragged.

245 1159 69 22 Thou
326 1158 93 29 peevish
431 1158 37 30 pie
480 1159 89 28 pecked
579 1168 5 18 ;

247 1196 68 21 Thou
327 1196 58 21 losel
396 1196 162 29 long-necked.

246 1234 66 22 Thus
324 1234 61 29 daily
396 1234 54 29 they
461 1234 28 21 be
503 1234 93 21 decked.

247 1272 62 22 That
319 1272 54 28 they
385 1279 37 14 are
436 1279 25 13 so
473 1278 56 18 woe,

247 1313 67 27 They
325 1315 45 19 wot
381 1315 40 17 not
433 1309 97 23 whither
541 1313 23 18 to
576 1317 35 21 go.

160 1374 50 23 The
342 1379 50 16 was
413 1372 140 24 afterwards
577 1373 59 23 used
650 1373 31 31 by
695 1372 39 24 Sir
746 1374 104 23 Edward
864 1374 67 24 Coke
951 1379 26 19 to

127 1423 111 32 Raleigh,
264 1423 47 23 and
332 1422 21 23 is
372 1422 117 23 ridiculed
503 1422 31 30 by
547 1421 160 31 Shakspeare.
745 1423 50 22 The
817 1423 118 32 antiquity
955 1423 26 23 of

126 1472 41 23 the
180 1473 55 30 play
246 1472 26 23 of
283 1471 78 31 Ralph
376 1471 104 30 Royster
492 1471 105 30 Doyster
610 1471 20 23 is
643 1471 141 27 confirmed,
808 1472 31 30 by
854 1472 41 23 the
908 1479 68 16 men-

126 1520 51 23 tion
190 1519 26 23 of
226 1528 13 14 a
252 1527 88 23 person
353 1519 24 22 in
391 1519 53 23 that
457 1519 63 31 play,
536 1519 47 23 and
592 1519 32 31 by
645 1518 110 27 Skelton,
768 1520 44 22 but
827 1520 23 22 in
863 1528 32 14 no
908 1520 72 23 other

127 1573 83 21 extant
222 1570 72 27 book,
309 1570 45 23 viz.
368 1569 61 24 Jack
443 1569 87 25 Raker.
569 1569 101 24 Skelton
688 1569 44 23 has
746 1570 18 23 it
784 1570 24 23 in
820 1569 38 23 his
876 1569 103 24 favorite

126 1622 77 19 metre
214 1619 9 22 ?

248 1677 71 22 What
330 1677 54 22 hear
395 1685 27 20 ye
435 1677 26 22 of
468 1677 39 22 the
519 1677 89 22 Dakers
617 1677 10 21 ?

249 1714 37 21 He
298 1715 92 20 maketh
402 1722 26 13 us
440 1715 29 20 all
480 1715 61 20 Jack
553 1715 100 20 Rakers.
