1120 1962
417 150 119 15 POETICAL
551 150 104 15 AVIARY.

933 143 29 21 63

141 226 74 26 Thus,
229 226 24 23 in
266 225 41 24 the
321 226 162 23 Midsummer
497 224 100 30 Nights'
614 224 121 23 Dream-

229 289 119 26 Philomel,
360 290 54 20 with
426 290 90 27 melody

229 327 54 28 Sing
294 327 22 22 in
329 335 42 14 our
382 333 68 16 sweet
462 328 86 27 lullaby
550 342 28 2 —

230 366 72 26 Lulla,
315 366 61 27 lulla,
387 366 100 28 lullaby;
500 366 60 26 lulla,
574 366 61 26 lulla,
648 366 93 28 lullaby.

145 437 28 23 In
187 437 130 24 Chaucer's
327 445 70 22 poem
408 437 27 23 of
441 438 41 23 the
524 438 99 23 Cuckoo
634 439 46 22 and
690 439 41 23 the
931 452 34 3 —

144 509 96 22 Cuckoo.
243 523 28 3 —
273 509 54 22 And
338 517 66 21 every
416 509 69 29 wight
496 517 51 21 may
559 510 140 21 understand
710 517 43 19 me,

231 549 52 27 But,
297 549 155 29 Nightingale,
465 557 23 13 so
501 556 51 21 may
564 548 55 29 they
630 552 40 18 not
682 548 30 22 do
724 548 59 26 thee,

231 587 44 22 For
286 587 57 22 thou
354 587 51 22 hast
417 594 68 21 many
497 594 12 14 a
520 586 50 22 nice
582 586 80 28 quaint
676 592 46 22 cry,

233 625 11 21 I
256 625 55 22 have
323 625 70 22 heard
405 625 53 22 thee
470 625 78 28 saying
564 625 55 28 Ocy,
636 625 56 28 Ocy,

233 663 58 21 How
304 663 71 27 might
387 664 11 20 I
408 664 64 21 know
484 663 59 22 what
555 663 50 21 that
618 663 81 21 should
710 663 28 21 be
746 662 11 22 ?

142 700 160 29 Nightingale.
305 715 29 3 —
336 702 37 21 Ah
384 702 47 21 fool
443 702 82 28 (quoth
539 702 51 28 she)
606 702 50 21 wist
668 702 56 21 thou
736 706 39 18 not
789 703 60 21 what
862 703 16 21 it
890 703 17 21 ia

233 740 75 21 When
321 740 50 22 that
383 740 11 21 I
406 747 40 21 say
461 741 56 27 Ocy,
534 740 48 28 Ocy
591 739 9 21 !
617 738 61 29 gwis,

233 778 66 21 Then
311 785 65 14 mean
388 778 12 21 I
411 778 50 21 that
474 778 10 21 I
496 778 74 21 would
582 778 91 21 wonder
684 778 53 26 fain,

234 815 62 22 That
308 815 30 22 all
349 815 54 29 they
415 823 56 13 were
484 815 135 29 shamefully
630 816 20 28 y'
653 816 65 26 slain,

234 852 62 22 That
308 860 95 14 meanen
415 852 71 29 ought
498 853 78 28 againe
588 853 50 22 love
651 854 62 21 amis.

146 924 119 31 Probably
278 923 42 24 the
333 923 80 23 words
426 923 82 23 Ackee
522 923 21 22 O
554 923 5 22 !
581 923 81 23 Ackee
676 923 21 23 O
710 923 5 23 !
735 924 25 23 in
774 933 13 14 a
807 933 63 24 song
882 925 24 23 in
924 926 41 24 the

116 973 53 31 play
178 973 27 22 of
217 973 57 22 Paul
287 973 46 22 and
344 972 112 30 Virginia
467 980 53 23 may
532 973 74 22 relate
619 975 26 20 to
659 973 48 23 this
719 977 57 20 note
785 974 26 23 of
821 975 41 23 the
874 975 91 31 Night-

117 1020 86 30 ingale.
237 1020 51 23 The
301 1020 55 30 play
369 1020 68 30 gives
449 1028 32 15 no
494 1020 155 30 explanation
663 1022 27 22 of
700 1022 76 23 them.

235 1090 75 22 When
321 1090 39 22 the
371 1098 68 14 moon
451 1091 76 22 shines
539 1092 46 21 o'er
597 1092 38 22 the
647 1093 66 29 deep,

206 1130 78 21 Ackee
298 1129 20 22 O
329 1129 4 22 !
352 1129 80 22 Ackee
445 1128 20 23 O
476 1129 5 21 !

237 1169 53 21 And
302 1168 125 22 whiskered
438 1167 65 21 Dons
514 1174 38 14 are
564 1166 44 22 fast
619 1166 83 28 asleep,

268 1205 103 27 Snoring,
382 1205 44 21 fast
439 1204 83 28 asleep,

238 1244 67 21 From
316 1242 60 22 their
386 1242 54 21 huts
451 1242 39 21 the
502 1241 102 29 Negroes
615 1249 49 18 run,

268 1280 79 21 Ackee
360 1278 22 23 O
390 1278 4 22 !
413 1278 81 22 Ackee
507 1277 21 23 O
537 1278 5 21 !

268 1317 52 21 FuU
331 1316 27 22 of
364 1315 72 26 frolic,
448 1315 41 22 full
500 1315 27 22 of
533 1315 48 26 fun,

299 1354 100 26 Holiday
410 1356 25 18 to
447 1353 65 27 keep.

154 1426 57 23 Teru
224 1426 43 22 has
277 1425 61 23 been
352 1423 91 24 several
457 1423 71 24 times
543 1425 59 23 used
614 1425 37 23 for
663 1426 42 23 the
713 1430 57 19 note
785 1427 27 23 of
821 1427 41 24 the
876 1428 90 32 Night-

120 1475 90 30 ingale.
248 1474 34 22 As
294 1473 33 30 by
341 1471 130 24 Barnfield.

239 1541 48 26 Fie,
299 1540 35 26 fie,
346 1540 36 26 fie,
393 1547 50 14 now
454 1539 75 21 would
541 1539 39 21 she
592 1546 37 21 cry.

243 1580 68 25 Teru,
327 1579 67 25 Teru,
406 1578 29 27 by
446 1577 45 21 and
502 1577 35 28 by.

154 1645 39 22 An
205 1643 40 23 old
257 1641 64 24 book
335 1641 25 22 of
381 1641 78 25 Tales,
473 1639 126 31 published
618 1639 71 24 1604,
715 1638 24 22 in
752 1637 42 23 the
807 1637 126 24 collection
947 1638 25 23 of

121 1692 40 23 the
183 1691 112 30 Marquis
310 1689 26 24 of
344 1688 115 24 Stafford,
481 1686 111 24 contains
612 1694 13 14 a
640 1685 112 30 dialogue
773 1685 110 24 between
904 1693 66 15 some
