1120 1962
889 160 44 20 121

395 163 119 15 POETICAL
533 164 102 14 AVIARY.

85 237 95 23 various
194 237 95 29 shapes.
329 237 28 22 In
371 237 41 23 the
426 237 108 30 singular
548 237 127 22 collection
689 236 27 23 of
727 237 114 29 quizzical
854 244 81 16 verses

84 285 107 31 prefixed
199 288 25 20 to
235 284 111 31 Coryat's
357 285 129 25 Crudities,
497 292 45 15 one
550 284 24 22 in
586 284 41 23 the
636 284 73 30 shape
719 284 25 22 of
754 292 29 14 an
793 292 48 22 egg
848 284 47 22 will
905 284 29 22 be

85 334 82 23 found.
203 334 109 22 Addison
325 334 167 23 recommends
515 333 41 23 the
579 333 77 30 figure
676 332 26 23 of
718 341 31 14 an
771 340 44 15 axe
834 340 25 15 as
880 332 54 22 best

85 382 77 22 suited
175 384 25 20 to
213 389 14 15 a
246 382 120 29 lampoon,
387 382 42 22 the
452 385 65 19 most
539 382 105 22 satirical
663 386 66 26 parts
751 382 75 30 being
848 382 83 30 placed

86 432 72 22 about
170 432 41 22 the
224 432 70 30 edge.
326 432 38 22 He
376 432 100 26 notices,
490 440 27 14 as
528 440 14 14 a
553 432 89 22 similar
654 432 107 23 instance
771 433 27 22 of
809 432 58 23 false
881 432 55 26 wit,(

86 488 12 15 a
111 487 70 23 poem
194 480 24 21 in
235 479 158 30 twenty-four
413 479 86 25 books,
512 479 60 22 with
585 487 14 14 a
617 479 72 23 letter
710 480 27 22 of
752 480 41 22 the
815 480 111 29 alphabet

86 528 124 23 discarded
219 528 26 22 in
257 527 58 23 each
324 527 72 26 book,
409 527 36 23 till
454 528 41 22 the
506 527 77 23 whole
597 528 74 22 series
679 528 55 25 had,
744 528 25 22 in
780 528 63 22 their
853 531 77 22 turns,

85 578 61 22 been
159 576 128 31 dispensed
298 575 68 23 with.
397 576 23 22 A
431 576 102 30 portrait
552 576 27 22 of
591 576 66 30 King
671 575 100 23 Charles
790 580 24 18 at
828 575 102 26 Oxford,

86 623 108 24 contains
208 623 41 22 the
261 623 90 29 psalms
365 623 25 22 of
407 623 77 23 David
497 624 31 22 all
541 625 136 29 comprised
690 625 23 22 in
726 625 37 22 his
776 625 48 31 wig
839 635 4 16 ;
858 625 47 22 and
917 632 14 15 a

86 673 92 23 witch's
199 680 86 22 prayer
306 680 48 14 was
376 673 130 29 composed
527 674 31 29 by
581 681 14 15 a
613 674 104 22 kindred
739 674 93 30 genius,
853 674 77 22 which

85 721 91 23 blesses
188 720 63 22 from
263 719 42 23 left
315 723 26 19 to
351 720 74 31 right,
440 720 47 23 and
499 729 82 15 curses
594 721 41 23 the
647 726 112 26 contrary
773 730 59 22 way.
851 722 77 22 There

86 777 47 15 was
146 776 68 15 more
227 768 160 26 shrewdness,
400 768 47 23 and
461 768 105 31 scarcely
580 768 46 23 less
638 768 127 33 ingenuity
779 771 24 21 in
817 779 13 14 a
840 771 90 27 device,

85 816 78 23 which
173 823 55 23 may
241 816 30 22 be
284 823 57 16 seen
354 817 96 23 written
464 825 56 15 over
530 818 41 22 the
581 818 60 23 door
654 819 26 22 of
690 828 13 15 a
717 820 90 25 church
821 826 24 20 at
856 823 72 25 Cam-

85 864 93 31 bridge.
199 864 22 22 A
233 863 140 23 benefactor
385 865 112 30 required
509 865 24 23 in
547 866 36 23 his
594 867 47 22 will
650 868 53 22 that
713 868 37 23 his
763 878 70 15 name
848 872 81 31 (Cole)

85 912 86 23 should
181 912 29 23 be
223 912 97 22 written
333 920 57 15 over
403 913 40 22 the
457 914 74 30 porch
543 915 95 22 erected
647 919 24 19 at
685 916 36 23 his
731 924 113 23 expense.
881 922 50 23 The

84 963 142 31 inscription
246 971 54 14 now
313 966 25 19 to
359 962 30 23 be
403 970 55 15 seen
472 962 20 22 is
545 962 79 24 Deum
724 965 115 31 (worship
853 967 78 30 God.)

85 1013 98 31 Dryden
196 1013 24 22 in
238 1012 38 23 his
289 1012 158 22 M'cFleckno
468 1011 43 23 has
534 1012 61 23 done
609 1013 71 22 much
704 1017 25 22 to
750 1015 101 29 explode
873 1018 58 23 such

84 1061 148 21 exhibitions
245 1060 26 22 of
282 1060 99 22 vitiated
396 1062 62 20 taste
459 1072 33 3 —

204 1109 74 21 Leave
289 1109 89 29 writing
389 1110 71 28 plays,
473 1111 45 20 and
529 1111 83 22 choose
623 1111 34 22 for
663 1112 40 28 thy
714 1116 125 23 command.

204 1147 67 21 Some
282 1147 103 28 peaceful
397 1147 105 28 province
514 1147 22 20 in
548 1148 96 21 acrostic
656 1148 60 22 land.

204 1185 76 21 There
292 1185 56 20 thou
359 1184 80 28 may'st
452 1184 68 29 wings
532 1184 95 28 display,
640 1185 44 21 and
696 1186 68 21 altars
776 1188 63 27 raise,

202 1221 54 20 And
268 1224 86 17 torture
366 1227 43 14 one
421 1227 55 22 poor
488 1221 62 21 word
563 1225 39 17 ten
614 1221 115 22 thousand
745 1231 65 20 ways.

117 1271 54 23 One
184 1271 26 23 of
222 1271 39 23 Sir
278 1271 23 22 J.
316 1271 110 22 Davies's
446 1271 114 22 acrostics
574 1271 20 22 is
608 1271 130 22 addressed
756 1276 25 18 to
803 1275 41 23 the
858 1276 65 24 Lark

83 1320 46 22 and
143 1320 101 22 another
256 1322 26 20 to
293 1319 41 23 the
345 1319 172 30 Nightingale.
553 1319 51 23 The
615 1320 52 22 first
680 1323 61 26 part,
757 1320 75 28 Elisa,
842 1325 47 22 will
903 1326 27 23 be

84 1376 13 14 a
111 1368 118 22 sufficient
243 1367 122 31 specimen
380 1367 26 22 of
415 1367 42 23 the
476 1366 82 24 device
569 1376 5 17 ;
588 1367 42 23 the
642 1371 86 28 poetry
740 1370 47 22 will
801 1375 40 19 not
855 1376 75 26 tempt

83 1424 27 14 us
123 1420 24 19 to
160 1424 88 22 pursue
261 1416 42 23 the
315 1415 104 24 acrostic
432 1419 26 19 to
471 1416 32 22 its
515 1416 157 23 termination
673 1431 33 3 —

202 1464 19 22 E
254 1464 46 28 arly
314 1464 100 22 cheerful
426 1465 119 28 mounting
558 1464 66 25 Lark,

202 1502 18 21 L
252 1501 67 29 ight's
331 1502 75 28 gentle
419 1502 74 26 usher,
504 1503 122 27 morning's
638 1503 67 27 clerk,

206 1540 11 21 I
248 1547 13 14 n
274 1547 72 21 merry
359 1544 64 17 notes
436 1540 138 28 delighting;

206 1578 14 21 S
252 1578 44 21 tint
305 1585 13 13 a
330 1578 65 21 while
408 1579 39 28 thy
459 1586 62 21 song,
534 1579 45 21 and
591 1579 53 20 hark.

202 1617 21 22 A
255 1618 31 21 nd
297 1618 62 21 learn
370 1624 38 20 my
420 1624 48 13 new
487 1616 104 28 inditing.

114 1662 39 22 All
167 1661 39 24 Sir
218 1661 147 24 J.xDavies's
386 1661 116 23 acrostics
515 1668 32 14 on
560 1659 86 27 Queen
662 1659 133 26 Elizabeth,
810 1661 77 23 which
900 1662 29 23 he

80 1707 57 22 calls
315 1707 97 23 contain
427 1715 70 22 gross
510 1707 104 30 flattery,
627 1707 47 23 and
688 1707 52 23 that
754 1712 41 19 not
817 1709 40 23 the
871 1710 58 23 least
