1120 1962
1024 141 2 37 43

423 150 121 17 POETICAL
563 151 109 16 AVIARY.

155 226 67 23 Fond
234 226 97 23 Mamas
344 226 67 22 often
425 226 67 22 dress
506 229 42 19 out
560 226 63 22 their
636 226 132 23 children's
782 226 52 24 hair
855 227 25 22 in
894 236 13 14 a
920 228 62 31 style

117 276 81 22 which
221 276 96 31 Anstey
339 279 44 19 not
408 275 205 31 inappropriately
638 283 127 23 compares
787 279 26 20 to
835 285 14 14 a
874 276 108 32 Pigeon's

116 326 68 31 wing.

241 394 48 22 Not
301 402 33 19 so,
345 397 85 18 master
443 393 137 26 Marmozet,
594 397 68 18 sweet
674 393 60 23 little
746 394 52 29 boy,

242 432 56 21 Mrs.
311 431 155 30 Danglecub's
478 432 79 28 hopes,
569 431 40 22 her
621 431 96 29 delight,
725 432 45 21 and
782 431 40 22 her
828 431 47 30 joy.

242 469 43 22 His
298 469 189 30 Pigeon-winged
498 470 60 22 head
569 478 45 13 was
627 475 40 17 not
677 471 63 21 drest
751 471 65 28 quite
828 479 25 14 so
866 480 63 18 soon,

242 512 45 22 For
298 512 19 22 it
329 511 55 22 took
395 519 30 20 up
438 518 13 13 a
463 510 81 21 barber
553 509 39 22 the
605 509 73 21 whole
690 509 128 21 afternoon.

154 579 21 22 A
187 579 141 30 gentleman
342 578 27 23 of
379 578 79 23 Vertu
471 578 25 23 in
510 577 113 24 Calcutta
637 585 125 23 possesses
778 586 66 15 some
858 580 124 32 paintings

120 636 32 15 on
165 628 171 23 chicken-skin
349 629 119 22 executed
481 632 25 19 at
519 628 126 23 Florence.
690 629 80 24 These
784 630 61 24 little
859 635 123 21 creatures

120 676 67 26 used,
201 676 25 23 in
240 676 115 30 Anstey's
375 676 67 26 time,
458 679 25 20 to
502 675 83 31 resign
599 676 63 23 their
676 675 67 24 skins
761 676 38 23 for
812 677 42 24 the
867 678 115 23 worthier

121 734 105 22 purpose
239 726 26 23 of
276 725 171 31 embellishing
458 724 43 23 the
513 724 88 23 female
613 724 75 23 hand.

244 798 81 26 Come,
336 799 43 21 but
391 797 62 22 don't
457 798 84 28 forget
549 795 37 22 the
597 796 87 28 gloves,

244 835 93 26 Which,
347 834 54 22 with
411 834 31 21 all
453 834 38 21 the
505 833 91 29 smiling
607 833 62 22 loves

243 873 79 21 Venus
334 872 84 29 caught
429 879 76 21 young
518 871 77 29 Cupid
603 871 92 29 picking

245 911 69 21 From
327 909 37 23 the
373 911 80 20 tender
465 909 80 22 breast
556 909 31 28 of
592 907 101 23 chicken.

243 946 73 22 Little
327 945 103 27 chicken,
441 944 107 22 worthier
558 944 35 22 far

246 983 67 22 Than
325 983 39 21 the
372 982 63 22 birds
446 982 27 22 of
479 982 82 22 Juno's
573 989 44 20 car,

244 1023 49 22 Soft
302 1031 23 13 as
339 1021 134 29 Cytherea's
485 1021 72 26 Dove,

244 1061 43 21 Let
300 1060 42 29 thy
353 1060 50 22 skin
414 1066 38 21 my
464 1058 50 23 skin
526 1059 108 28 improve.

159 1137 99 31 Having
270 1136 94 23 viewed
383 1135 42 23 the
447 1134 96 31 subject
562 1132 26 23 of
607 1132 72 23 Birds
700 1132 25 23 in
746 1140 27 15 so
795 1140 75 24 many
889 1132 98 24 various

123 1188 84 31 lights,
232 1195 15 14 a
270 1186 113 31 question
408 1192 55 22 may
495 1182 62 25 arise
581 1182 111 24 whether
723 1182 149 27 Butterflies,
899 1182 87 27 Gnats,

124 1236 160 31 Musquetoes
303 1235 48 23 and
363 1235 42 22 the
416 1234 47 23 like
486 1242 40 14 are
541 1234 71 22 Birds
624 1233 9 24 ?
670 1233 233 31 Notwithstanding
922 1234 65 23 their

124 1286 88 30 wings,
226 1285 68 30 they,
309 1283 115 31 scarcely,
446 1290 60 15 even
519 1282 25 22 in
565 1282 102 31 popular
678 1282 185 31 apprehension,
883 1291 64 15 seem
960 1286 27 20 to

124 1336 91 30 belong
228 1338 25 20 to
267 1335 42 23 the
324 1341 66 16 same
413 1333 61 23 class
488 1332 27 23 of
526 1332 98 23 created
642 1332 86 31 beings
743 1341 25 14 as
781 1332 42 23 the
845 1332 77 31 Eagle
934 1332 54 23 that

126 1386 109 24 arrested
247 1385 41 23 the
303 1384 122 24 attention
438 1382 27 24 of
479 1381 124 27 Manfred,
618 1380 80 24 whilst
719 1380 171 32 soliloquizing
902 1388 32 15 on
947 1380 41 22 the

125 1442 74 16 ver«*-e
213 1434 26 23 of
249 1441 31 15 an
293 1432 88 31 Alpine
394 1430 128 32 precipice,
537 1438 28 14 or
577 1430 42 22 the
634 1430 152 30 slumbering
800 1430 77 31 Eagle
891 1430 27 22 of
927 1429 61 23 Jove

126 1490 28 14 so
166 1479 114 32 worthily
293 1478 112 24 imitated
419 1478 31 30 by
464 1477 66 31 Gray
542 1478 64 23 from
620 1478 98 23 Pindar.

249 1563 113 28 Perching
373 1570 30 14 on
414 1562 39 22 the
466 1562 107 28 sceptred
584 1562 61 21 hand

250 1602 37 23 Of
292 1601 67 26 Jove,
369 1601 41 28 thy
421 1600 74 28 magic
507 1599 53 22 lulls
572 1599 40 21 the
623 1597 113 22 feather'd
747 1597 62 28 king,

249 1639 65 22 With
326 1638 82 22 ruffled
419 1637 77 29 plume
508 1636 44 21 and
566 1634 98 29 flagging
676 1633 58 29 wing
743 1640 6 18 ;

252 1675 123 27 Quench'd
386 1674 23 22 in
422 1674 56 22 dark
490 1673 83 22 clouds
585 1672 27 21 of
620 1671 101 22 slumber
728 1669 31 22 he

251 1712 52 22 The
314 1715 74 18 terror
399 1710 27 22 of
433 1710 36 22 his
480 1709 66 27 beak,
559 1708 46 21 and
614 1706 115 30 lightning
741 1706 27 22 of
776 1706 35 22 his
821 1714 48 22 eye.

341 1761 15 16 g
377 1755 14 21 2
