1120 1962
947 154 29 22 73

429 161 120 15 POETICAL
569 161 102 15 AVIARY.

124 237 82 31 brays,
228 238 41 23 the
283 238 56 31 Dog
351 239 79 24 barks,
445 239 40 22 the
500 238 66 23 Cock
577 245 85 19 crows,
676 238 41 23 the
731 237 39 23 Pie
784 237 113 23 chatters.
925 236 50 25 The

126 286 56 24 Owl
194 287 30 23 he
237 287 105 23 imitates
355 288 56 22 thus
412 302 33 3 —

249 341 50 23 The
311 342 106 29 purblind
428 344 50 25 owl,
490 343 72 21 which
575 343 94 22 heareth
681 344 29 21 all
722 344 45 22 this
779 344 36 25 do,

247 379 120 29 T'express
379 380 40 21 her
429 381 110 27 gladness
551 381 57 22 cries
621 383 100 21 too-witt
733 382 114 22 too-whoo

247 416 37 22 No
295 417 65 21 beast
372 425 40 13 nor
423 417 51 22 bird
485 426 45 14 was
541 418 23 22 in
576 419 39 22 the
627 420 49 21 Ark
687 421 55 21 with
754 421 53 28 Noy

247 456 46 21 But
304 456 22 21 in
339 455 59 22 their
410 455 56 23 kind
478 457 121 28 expressed
610 465 62 14 some
684 458 49 27 sign
745 459 26 20 of
775 457 46 28 joy.

161 515 21 22 A
202 514 110 23 different
332 515 184 30 interpretation
535 515 20 22 is
567 515 72 30 given
652 517 25 20 to
691 515 41 22 the
745 514 75 23 Owl's
833 517 58 20 note
903 514 25 23 in
943 523 29 14 an

125 563 41 23 old
180 571 61 22 song
243 576 33 4 —

247 622 65 22 Once
325 622 11 22 I
347 631 44 14 was
404 631 13 13 a
428 624 127 21 monarch's
567 624 117 29 daughter,

277 660 52 21 And
342 664 35 18 sat
388 669 29 13 on
428 669 13 13 a
452 662 71 27 lady's
534 662 66 26 knee,

246 697 45 22 But
303 705 37 14 am
351 705 48 14 now
411 706 14 13 a
436 698 87 30 nightly
535 707 64 14 rover

277 736 114 22 Banished
403 741 24 17 to
439 736 39 22 the
491 736 39 28 Ivy
543 741 56 17 tree.

247 774 85 29 Crying
343 774 52 27 hoo,
406 774 52 27 hoo,
470 774 52 27 hoo,
533 774 52 27 hoo,
598 774 53 27 hoo,
664 774 50 27 hoo,

278 813 59 27 Hoo,
349 813 51 27 hoo,
411 813 52 26 hoo,
476 821 36 20 my
517 814 53 27 feet
582 820 40 15 are
634 813 53 21 cold
696 813 8 21 !

246 852 52 27 Pity
309 859 43 19 me,
364 852 34 21 for
409 852 52 21 here
473 858 44 21 you
530 859 37 14 see
580 858 42 19 me,

275 888 145 26 Persecuted,
433 896 61 20 poor,
506 889 44 21 and
561 889 45 21 old.

158 941 55 22 And
226 941 23 22 in
263 940 132 33 Fielding's
407 942 55 31 play
476 943 25 23 of
511 943 42 23 the
594 943 123 25 Pleasures
732 945 27 23 of
768 946 41 23 the
915 961 34 4 —

244 993 40 21 All
295 1001 52 13 men
359 1001 36 14 are
407 994 62 22 birds
482 995 28 27 by
522 999 90 23 nature,

276 1029 58 21 Tho'
346 1030 54 29 they
411 1031 56 22 have
478 1036 39 18 not
529 1033 70 29 wings
611 1039 23 17 to
646 1035 34 28 fly,

245 1068 37 23 On
294 1069 63 22 earth
370 1077 13 13 a
395 1070 100 23 soldier's
506 1078 14 15 a
531 1076 112 22 creature,

274 1108 74 22 Much
360 1109 136 30 resembling
507 1117 13 14 a
531 1111 47 22 kite
590 1111 23 22 in
625 1111 39 22 the
676 1113 41 28 sky.

274 1146 50 23 The
336 1147 116 29 physician
464 1148 19 22 is
494 1155 13 15 a
518 1149 58 26 fowl,

273 1184 83 22 Whom
367 1189 60 17 most
438 1193 51 13 men
502 1185 43 22 call
556 1193 28 14 an
598 1185 56 26 Owl,

432 1222 110 30 Hooting,
553 1223 101 30 hooting,

430 1260 110 29 Hooting,
552 1260 101 29 hooting,

243 1297 63 22 Tells
318 1304 26 15 us
356 1297 50 22 that
419 1298 70 22 death
500 1298 19 22 is
531 1299 59 27 nigh.

155 1349 29 24 In
196 1350 42 24 the
251 1360 61 22 song
326 1353 27 22 of
362 1352 74 27 Puck,
450 1354 25 22 in
488 1354 41 23 the
543 1354 161 26 Midsummer
715 1357 102 32 Night's
827 1360 97 28 Dream,
935 1371 33 16 we

120 1397 61 24 have
191 1406 13 15 a
217 1398 110 25 different
340 1404 58 21 note
412 1402 62 24 from
488 1411 29 15 an
531 1404 54 24 Owl
596 1415 4 13 :

242 1457 57 22 Now
312 1458 38 21 the
363 1458 88 30 hungry
463 1460 45 21 lion
520 1467 70 20 roars,

271 1496 55 22 And
337 1497 39 21 the
387 1498 56 21 wolf
452 1499 100 22 behowls
564 1499 38 22 the
614 1508 67 14 moon
691 1510 7 17 ;

241 1535 85 22 Whilst
338 1536 38 21 the
389 1536 72 29 heavy
472 1537 138 29 ploughman
623 1546 84 19 snores,

272 1573 40 22 All
323 1574 53 21 with
388 1581 73 22 weary
472 1575 51 22 task
534 1575 101 22 fordone.

241 1611 59 22 Now
312 1612 38 21 the
363 1614 84 21 wasted
459 1614 83 21 brands
554 1614 29 21 do
595 1614 62 26 glow,

272 1649 84 22 Whilst
368 1650 38 21 the
421 1650 144 22 Scritch-owl
576 1651 127 29 scritching
714 1652 59 26 loud,

242 1685 58 22 Puts
312 1686 38 21 the
362 1687 83 21 wretch
458 1687 50 22 that
520 1688 41 21 lies
572 1688 23 21 in
606 1696 55 17 woe,

279 1723 26 22 In
317 1724 169 22 remembrance
499 1725 26 21 of
530 1733 12 13 a
555 1725 89 22 shroud.
