1120 1962
167 164 44 20 112

460 171 119 16 POETICAL
599 173 103 14 AVIARY.

162 246 57 22 with
232 246 41 23 the
286 246 59 30 deep
367 246 73 24 shade
460 247 25 22 of
505 248 148 30 melancholy
674 249 77 22 which
770 249 19 22 is
803 250 156 30 conspicuous
976 251 23 23 in

161 294 41 22 the
212 294 66 30 plays
290 294 29 23 he
329 298 73 19 wrote
415 294 85 32 during
514 295 40 24 the
564 296 44 23 few
618 297 52 23 first
680 304 68 23 years
761 297 26 23 of
794 297 40 23 the
846 299 152 22 seventeenth

161 346 132 25 century—'

194 393 28 23 In
235 394 65 22 Lord
312 394 89 28 Byron,
416 402 30 14 on
459 393 41 23 the
514 393 58 23 Isles
586 393 25 22 of
623 392 98 26 Greece,
736 400 34 14 we
783 392 61 23 have
846 405 31 3 —
877 401 1 8 ■

279 454 66 21 Place
354 462 35 13 me
400 461 29 14 on
442 453 112 22 Sunium's
566 453 83 22 marble
661 456 71 25 steep,

278 491 83 21 Where
370 490 102 29 nothing,
483 497 51 15 save
544 491 38 21 the
594 497 78 20 waves,
684 491 44 20 and
741 490 10 21 I

279 527 55 29 May
345 527 53 21 hear
409 535 40 13 our
458 527 86 21 mutual
555 534 110 14 murmurs
673 534 61 20 weep
737 539 26 3 —

279 567 84 24 There,
376 566 125 25 swan-like,
511 566 31 21 let
553 573 35 13 me
598 565 49 26 sing
658 564 45 22 and
714 564 43 21 die.

489 654 50 13 THE
558 652 104 15 MAGPIE.

191 702 23 24 It
225 703 29 26 is,
267 702 111 31 perhaps,
390 704 43 20 not
446 701 120 30 generally
576 701 87 22 known
673 700 61 25 that,
748 699 130 30 according
887 701 25 21 to
925 698 66 27 Ovid,

156 751 42 22 the
220 750 112 30 Magpies
362 757 60 15 were
445 749 125 30 originaUy
589 757 13 15 a
624 749 81 30 family
727 749 27 23 of
777 757 79 23 young
881 750 72 23 ladies
969 751 23 22 in

157 798 152 21 Macedonia.
346 797 45 22 His
404 797 128 22 translator
544 798 43 21 has
599 798 18 21 it
618 811 33 3 —

215 859 54 21 And
280 858 46 22 still
337 858 59 22 their
406 862 95 25 tongues
512 862 59 19 went
583 867 35 19 on,
629 860 86 29 though
727 860 101 29 changed
841 865 23 17 to
875 861 65 26 birds,

216 897 27 21 In
254 897 88 21 endless
354 896 69 25 clack,
436 896 43 21 and
490 900 48 17 vast
550 896 72 21 desire
634 896 26 21 of
667 897 80 21 words.

188 952 51 23 The
274 955 53 19 vast
346 951 76 23 desire
434 951 27 22 of
588 951 84 31 hardly
685 959 103 23 conveys
809 951 42 23 the
864 951 41 22 full
924 959 67 14 sense

155 1001 26 23 of
198 1001 42 23 the
259 1000 101 31 original
395 1000 150 30 studiumque
566 1000 103 23 immane
859 1009 30 14 an
913 1009 75 22 ungo-

153 1051 111 24 vernable
277 1051 138 31 greediness
433 1050 36 23 for
623 1050 57 23 This
699 1059 104 14 sarcasm
816 1059 48 14 was
886 1051 103 30 scarcely

153 1105 26 20 to
200 1101 29 23 be
248 1100 116 31 expected
383 1100 61 23 from
456 1108 25 14 so
492 1102 72 20 sweet
576 1107 13 14 a
601 1099 80 22 writer
691 1106 31 15 on
740 1099 41 22 the
820 1102 37 19 art
870 1098 25 23 of

155 1148 71 23 From
240 1147 76 26 Swift,
335 1148 60 22 after
416 1148 36 22 his
475 1150 129 20 treatment
617 1147 26 23 of
662 1147 108 24 Vanessa
790 1148 46 23 and
858 1147 82 27 Stella,
954 1155 34 15 we

153 1205 39 15 are
204 1200 42 20 not
265 1197 138 23 astonished
415 1199 24 21 at
450 1196 38 23 his
506 1196 56 23 thus
575 1195 106 30 winding
694 1203 31 22 up
736 1194 40 23 the
796 1198 101 19 account
909 1194 26 22 of
951 1194 37 22 his

154 1243 118 27 deafness,
285 1243 77 23 which
376 1243 129 31 prevented
517 1244 50 22 him
578 1244 101 31 hearing
690 1244 110 26 thunder,
814 1253 27 14 or
858 1245 41 23 the
909 1244 46 24 bell
967 1244 24 23 of

152 1294 37 21 his
202 1302 54 13 own
269 1293 97 22 Church
367 1306 33 5 —

389 1346 58 29 Nay,
460 1346 78 21 what's
548 1346 129 25 incredible,
690 1346 63 20 alack
761 1346 4 20 !

391 1384 11 20 I
414 1383 78 26 hardly
500 1383 54 20 hear
565 1389 12 14 a
588 1381 105 22 woman's
704 1381 69 22 clack.

185 1441 149 31 Shakspeare
358 1448 66 15 more
450 1441 125 30 rationally
588 1441 72 24 limits
673 1443 41 22 the
727 1447 89 19 utmost
836 1447 82 20 extent
940 1444 25 23 of
975 1452 11 14 a

151 1491 104 23 Shrew's
268 1491 73 22 noise.
377 1490 51 23 The
439 1497 101 23 passage
554 1490 76 22 shews
644 1490 37 22 his
694 1491 97 22 musical
803 1498 45 20 ear,
862 1491 23 22 in
896 1499 89 14 accom-

152 1541 125 28 modating
292 1541 36 22 his
347 1539 89 23 sounds
449 1541 24 20 to
491 1537 37 23 his
542 1544 76 16 sense.

329 1601 76 22 Think
416 1607 44 22 you
472 1607 11 14 a
495 1599 59 21 little
566 1598 37 21 din
615 1605 40 14 can
669 1598 69 21 daunt
750 1605 37 20 my
798 1605 49 14 ears
856 1598 10 20 ?

269 1639 64 21 Have
345 1638 11 21 I
368 1641 46 21 not,
426 1637 22 20 in
460 1643 36 21 my
508 1635 60 25 time,
578 1634 69 21 heard
659 1634 56 20 lions
727 1640 50 14 roar
784 1633 10 21 ?

268 1677 63 21 Have
344 1676 11 21 I
366 1679 39 17 not
414 1674 69 21 heard
490 1673 38 22 the
540 1679 44 19 sea,
596 1671 73 29 puff'd
680 1678 29 21 up
721 1670 54 21 with
782 1670 70 21 winds

268 1713 69 27 Rage,
346 1712 45 22 like
403 1718 28 14 an
440 1717 69 22 angry
520 1710 60 24 boar,
593 1708 79 21 chafed
684 1707 53 22 with
747 1712 66 16 sweat
827 1709 5 6 J
