1019 1638
155 103 33 24 10

406 112 58 19 ALL
483 111 59 20 FOR
561 110 108 21 GREED.

233 197 156 41 Certainly
415 198 127 39 poultry
557 196 27 30 is
609 199 54 27 out
687 194 34 30 of
744 193 41 31 all

156 267 82 30 cried
249 267 128 41 bitterly
388 278 18 19 a
421 266 123 40 skinny,
556 264 232 32 black-browed
799 271 130 27 woman,

156 337 125 39 looking
297 337 162 39 enviously
474 339 32 26 at
520 336 144 29 Madame
680 333 87 38 Jean,
786 332 61 30 and
868 334 32 27 at
916 341 17 20 a

155 406 67 40 pair
242 406 34 30 of
294 407 83 39 huge
400 404 266 32 Cochin-Chinese
686 403 67 39 legs
774 403 69 29 that
863 412 68 30 pro-

156 476 110 29 truded
289 475 79 30 from
391 475 56 30 her
470 475 118 30 basket.
669 473 61 30 We
757 483 43 30 up
824 475 33 27 at
880 472 53 30 the

156 545 110 29 Mairie
288 545 126 29 haven't
434 555 79 29 gone
529 547 55 27 out
608 544 34 30 of
663 542 74 32 beef
758 542 61 31 and
841 552 92 30 vege-

156 613 99 30 tables
284 613 47 30 for
362 613 16 29 I
410 613 86 30 don't
526 613 92 30 know
642 613 72 30 how
734 613 75 39 long
822 622 7 29 ;
832 631 42 3 —
875 613 59 29 and

155 683 77 38 beef,
247 694 42 29 up
305 693 70 20 now
394 686 32 26 at
448 682 136 31 thirteen
608 693 79 28 sous,
703 693 58 19 one
777 683 85 29 franc
885 683 49 29 six

156 764 17 19 a
188 753 73 38 kilo,
273 763 33 20 as
326 753 75 40 they
416 752 66 32 will
498 752 58 31 call
576 752 27 32 it
615 762 7 30 ;
625 772 44 3 —
669 752 72 32 well
756 753 6 31 !
787 753 17 30 I
819 753 115 31 reckon

156 823 43 40 by
218 823 121 40 pounds
361 823 61 30 and
448 834 80 27 sous,
548 823 16 30 I
592 823 83 31 can't
697 823 73 30 take
796 826 33 28 to
855 823 80 30 their

156 903 68 20 new
255 903 94 30 ways,
374 893 121 40 though
534 893 16 29 I
589 894 38 29 do
664 894 115 39 belong
816 896 32 28 to
882 894 52 30 the

476 963 45 30 At
547 963 64 31 this
625 964 55 30 the
707 964 129 40 speaker
852 965 83 29 drew

157 1032 117 30 herself
294 1043 42 28 up
361 1032 78 31 with
465 1032 99 39 pride.

350 1102 65 30 said
427 1102 147 31 Madame
590 1104 89 39 Jean,
727 1104 75 30 beef
813 1104 28 30 is
857 1105 81 37 dear,

157 1171 60 30 and
232 1171 68 31 veal
324 1171 26 31 is
374 1171 69 40 bad,
446 1192 43 3 —
490 1173 41 31 all
556 1173 115 41 strings
684 1183 7 31 ;
693 1193 43 3 —
737 1175 62 29 and
814 1175 125 40 poultry

157 1241 26 29 is
200 1241 79 38 dear,
298 1242 60 28 and
373 1242 186 39 everything
574 1242 27 32 is

233 1311 65 30 But
315 1311 133 41 nothing
462 1311 27 31 is
514 1314 51 28 too
593 1314 73 29 dear
693 1314 48 30 for
765 1314 31 31 la
820 1315 120 32 maison

341 1380 194 41 interrupted
550 1383 53 30 the
619 1394 157 31 purveyor
792 1386 34 29 of
849 1386 90 30 Mon-

165 1449 83 32 sieur
271 1450 28 30 le
320 1450 108 30 Maire.
612 1452 116 32 Jubine
743 1454 71 31 well
835 1456 109 29 knows
