1019 1638
165 103 53 27 208

415 112 58 20 ALL
492 112 59 20 FOR
570 109 107 23 GREED.

166 199 79 31 Cure
298 217 43 4 —
343 210 31 20 so
389 197 185 42 proclaimed
596 195 142 31 Madame
758 192 87 40 Jean,
862 192 69 32 who

165 267 33 30 in
221 278 39 20 no
275 277 68 31 way
359 266 128 41 partook
509 265 34 31 of
565 265 55 29 her
645 263 127 30 defunct
795 261 137 30 master's

165 336 230 31 Voltairianism
407 345 7 30 ;
437 332 181 43 preferring,
635 332 152 37 however,
810 330 47 30 for
878 330 54 29 her

166 417 68 20 own
263 405 140 40 spiritual
431 404 102 38 needs,
561 403 54 30 the
644 401 77 30 mild
757 399 173 39 humdrum,

166 474 165 40 gossiping,
360 473 150 40 guidance
537 471 34 31 of
597 471 53 30 the
675 468 124 32 Vicaire
824 471 32 28 to
881 469 51 30 the

166 541 236 42 rough-handed
442 540 155 40 thorough
635 538 150 31 direction
815 538 34 30 of
886 538 46 30 his

168 611 145 39 superior.

210 681 55 30 All
287 680 110 31 Saints'
414 680 70 40 Day
499 679 61 30 had
583 689 84 20 come
689 679 61 29 and
771 688 63 21 was
856 681 76 37 past,

167 751 61 29 and
239 761 17 18 a
265 750 77 29 finer
357 750 67 29 first
440 749 33 30 of
484 749 177 30 November
674 748 62 30 had
746 748 101 40 rarely
858 748 75 30 been

168 819 171 31 witnessed.
386 818 65 30 The
474 828 58 20 sun
547 828 62 21 was
626 817 108 40 bright
756 817 61 29 and
831 827 102 29 warm,

170 889 59 28 and
249 888 53 29 the
318 887 58 40 sky
392 887 72 30 blue
480 898 32 19 as
527 887 34 30 in
580 887 84 40 May,
683 887 60 30 and
758 887 42 30 all
821 886 30 30 D

170 958 61 30 had
252 957 78 31 been
344 960 124 37 present
482 960 32 27 at
531 956 90 41 High
635 956 93 39 Mass,
746 956 61 30 and
822 955 41 31 all
884 955 51 31 the

170 1027 195 31 womankind
381 1027 34 30 of
427 1027 29 29 D
558 1027 61 30 had
634 1027 145 29 attended
793 1036 133 28 vespers.

214 1096 63 30 The
304 1096 115 30 church
441 1096 86 30 clock
551 1096 106 30 struck
680 1095 57 39 six,
762 1095 92 40 night
875 1105 63 21 was

171 1164 169 40 beginning
362 1167 32 28 to
409 1165 80 30 close
503 1165 42 39 in,
563 1165 61 30 and
641 1165 53 30 the
708 1165 93 40 vigils
817 1165 46 31 for
885 1165 54 30 the

171 1233 78 31 feast
264 1234 34 30 of
305 1234 53 30 the
374 1235 84 39 dead,
473 1235 53 29 the
542 1235 115 30 solemn
672 1235 63 30 fete
750 1235 34 30 of
795 1236 53 29 the
863 1238 77 27 next

173 1304 68 40 day,
259 1314 79 21 were
354 1305 107 30 ended.
495 1305 64 30 The
573 1304 80 32 Cure
670 1315 78 30 gave
763 1316 17 20 a
795 1306 60 30 last
869 1305 71 31 look

171 1374 100 28 round
299 1374 53 29 the
376 1373 127 41 sacristy
526 1377 32 27 to
581 1385 49 19 see
661 1375 68 30 that
751 1375 42 30 all
816 1386 62 21 was
909 1375 31 30 in

173 1442 88 30 order
272 1452 8 29 ;
304 1442 39 30 he
367 1442 62 31 had
453 1443 122 39 already
597 1444 128 32 allowed
751 1446 53 29 the
819 1446 121 30 Vicaire
