1019 1638
152 114 54 26 226

422 123 58 20 ALL
500 122 58 21 FOR
577 121 109 22 greed.

152 209 53 29 the
230 211 68 28 true
325 220 85 19 sense
438 210 33 28 of
496 209 157 29 whatever
678 206 102 40 might
804 206 38 31 be
869 207 52 30 the

152 280 165 38 particular
331 280 101 29 lesson
447 279 34 30 of
492 279 53 29 the
561 278 69 40 day.

195 348 59 29 His
284 348 118 40 subject
432 358 39 18 on
500 346 63 29 this
593 345 64 30 2nd
687 344 34 31 of
746 344 176 31 November

151 429 62 20 was
242 419 123 39 already
387 417 114 38 found;
504 435 42 3 —
546 415 26 31 it
597 425 63 21 was
689 415 101 30 death.
851 415 71 31 Few

152 498 110 29 among
284 498 36 19 us
342 487 69 31 who
433 486 79 30 have
534 486 109 39 passed
661 484 82 31 their
758 484 164 30 childhood

152 558 38 28 do
212 559 54 27 not
288 556 131 39 respond
440 558 32 27 to
494 555 54 30 the
577 554 194 40 melancholy
796 553 33 31 of
854 554 68 30 that

152 626 102 29 theme
268 625 6 30 !
320 624 74 29 And
423 634 33 19 so
482 624 53 29 the
562 623 219 39 congregation
811 623 33 30 of
869 624 53 29 the

153 694 115 30 church
298 693 33 30 of
356 693 30 30 D
503 693 131 30 listened
668 696 32 27 to
731 693 52 30 the
814 692 108 31 Cure's

152 762 123 41 homely
312 762 99 30 words
448 762 77 30 with
561 764 69 37 rapt
672 762 159 39 attention,
864 762 58 30 and

153 834 93 29 dwelt
273 843 86 19 anew
384 832 33 29 in
440 832 133 40 anguish
599 843 83 29 upon
711 833 54 29 the
793 832 129 30 beloved

152 902 70 31 who
238 911 79 21 were
332 901 46 31 for
394 911 72 21 ever
481 911 88 29 gone.

230 972 60 29 For
306 981 70 20 ever
388 972 7 29 !
470 972 98 28 There
583 982 63 19 was
668 972 53 29 the
743 973 138 39 mystery
882 991 42 3 —

153 1042 53 29 the
221 1044 97 26 terror
334 1050 33 19 or
382 1040 52 29 the
450 1040 78 39 hope
541 1049 6 29 ;
571 1040 61 30 and
646 1041 96 38 there,
761 1040 34 30 of
807 1051 114 28 course,

154 1110 52 30 the
221 1109 104 40 priest,
343 1109 58 29 full
422 1109 34 29 of
475 1109 86 39 faith,
581 1112 101 27 strove
698 1112 32 28 to
745 1110 92 39 bring
853 1121 72 19 over

155 1190 93 30 every
279 1178 171 31 individual
488 1178 126 31 Ustener
643 1182 32 27 to
705 1190 99 30 grasp,
838 1191 32 20 as
900 1181 25 30 it

154 1259 88 27 were,
261 1247 76 31 with
361 1248 48 29 his
433 1248 82 29 hand
541 1248 53 30 the
610 1259 122 21 reasons
748 1249 47 31 for
809 1249 116 32 believ-

154 1317 63 39 ing.
253 1316 107 30 Stifled
377 1316 68 31 sobs
461 1317 61 30 and
537 1317 59 31 low
611 1318 143 40 wailings
769 1320 156 30 answered

153 1386 49 29 his
218 1386 115 39 appeal,
351 1386 60 30 and
436 1397 41 19 no
500 1387 165 40 eloquence
681 1399 62 20 was
762 1390 117 30 needed
894 1393 31 27 to

154 1455 94 30 touch
263 1465 77 20 even
365 1456 52 29 the
439 1459 78 27 most
541 1458 120 38 rugged
682 1458 104 31 hearts
809 1470 39 20 on
864 1459 61 31 this
