1019 1638
325 85 126 27 RAOUL'S
470 92 144 20 DISTRESS.

800 87 51 25 261

87 175 91 31 when
193 186 78 30 your
286 178 120 29 mother
421 179 61 29 and
625 196 42 5 —
667 178 141 40 pointing
822 183 32 26 to

88 245 48 29 his
151 245 175 40 daughters,
330 265 44 4 —
407 257 80 22 were
508 247 77 31 both
606 247 88 32 alive.
740 247 16 30 I
778 248 76 30 shall

88 314 38 31 be
142 314 134 41 heartily
291 315 73 39 glad
380 318 33 27 to
432 316 74 29 hear
521 315 34 30 of
574 326 77 30 your
666 316 187 40 well-doing,

91 384 60 30 and
166 384 34 31 of
218 395 79 29 your

133 452 46 31 At
193 453 54 30 the
261 456 136 27 moment
410 454 91 30 when
515 453 158 30 Monsieur
689 454 36 29 de
740 454 116 30 Veran-

92 533 72 21 cour
177 523 62 30 had
253 522 177 31 mentioned
443 523 53 30 the
508 522 132 42 journey
656 523 34 30 of
707 523 53 31 the
782 526 76 27 next

92 594 59 40 day
180 595 32 28 to
242 593 53 29 the
325 592 139 31 Grandes
496 592 164 40 Bruyeres,
692 603 18 19 a
740 593 115 39 glance,

93 662 94 41 quick
201 673 32 20 as
256 662 168 40 Ughtning,
441 672 62 21 was
519 662 179 40 exchanged
721 662 138 31 between

93 732 100 30 Raoul
218 732 60 29 and
299 732 142 39 Vevette,
459 731 70 31 who
548 741 63 21 was
636 732 103 29 seated
764 742 93 19 some-

93 803 83 29 what
197 801 116 30 behind
331 801 56 30 her
407 801 108 30 father.
575 800 32 31 It
629 811 61 20 was
715 800 72 41 only
807 801 52 29 the

93 871 86 32 work
194 871 34 31 of
248 881 55 20 one
320 870 119 39 second,
457 870 47 31 for
518 870 52 30 the
586 870 60 39 girl
661 870 131 31 lowered
806 870 53 28 her

94 951 71 31 eyes
194 941 151 39 instantly
370 942 33 28 to
432 940 56 29 her
518 939 94 39 work,
642 939 60 29 and
731 938 128 30 blushed

95 1011 138 29 crimson.

138 1080 64 30 The
231 1078 220 40 leave-taking,
478 1077 91 30 when
594 1076 26 31 it
634 1085 92 29 came,
744 1085 61 22 was
823 1085 38 19 an

95 1149 192 31 affectionate
309 1157 66 29 one,
400 1146 61 31 and
482 1146 92 31 while
598 1145 53 30 the
673 1147 61 28 two
757 1154 105 31 young

94 1219 95 32 ladies
204 1218 97 31 shook
314 1217 98 30 hands
428 1215 146 41 cordially
589 1214 77 31 with
687 1213 80 31 their
781 1216 81 36 part-

95 1290 55 40 ing
165 1291 99 38 guest,
281 1288 54 30 the
360 1286 142 30 Vicomte
529 1283 159 31 embraced
706 1282 66 30 him
786 1281 75 31 with

96 1359 134 42 genuine
255 1357 187 37 tenderness,
468 1354 61 30 and
552 1351 146 42 specially
723 1349 140 42 enjoined

95 1440 85 29 upon
193 1428 66 31 him
274 1429 32 28 to
321 1424 89 33 write
425 1425 33 29 to
473 1422 84 31 them
573 1421 78 30 from
665 1419 96 31 Paris.
