1019 1638
802 81 34 27 13

270 88 20 20 A
309 88 83 21 VERY
413 88 98 21 SMALL
531 88 102 21 TOWN.

141 173 137 31 Because
320 174 16 30 I
381 174 100 30 didn't
705 177 134 28 retorted

65 243 144 30 Madame
240 243 80 30 Jean
351 244 133 39 sharply.

144 312 51 30 Oh
208 313 7 29 !
289 323 64 20 was
390 313 53 29 the
481 312 160 41 rejoinder.
735 313 103 30 Faites

66 392 122 20 excuse.
236 381 17 30 I
276 381 137 40 thought
432 381 26 31 it
478 381 101 40 might
598 382 38 30 be
658 382 130 31 because
808 382 34 31 of

68 451 174 40 something
413 452 60 28 and
508 452 52 29 the
582 462 119 20 woman
730 452 109 30 looked

67 520 137 32 warlike.
257 520 66 30 But
360 530 64 20 war
463 519 78 32 with
580 520 142 31 Madame
762 521 78 30 Jean

68 600 64 20 was
146 591 55 28 not
231 599 17 19 a
271 588 92 40 thing
388 591 32 27 to
450 589 38 29 be
519 589 116 29 dreamt
659 589 38 38 of,
724 600 33 18 as
787 589 52 29 she

71 658 127 40 quickly
229 658 132 30 showed.
407 657 139 40 Turning
578 658 123 40 sharply
730 659 107 37 round,

70 728 61 29 and
160 727 118 39 resting
307 727 53 29 the
390 726 99 31 whole
519 727 33 29 of
593 727 55 29 her
678 728 161 39 outspread

70 797 83 30 hand
177 806 85 29 upon
292 806 56 19 one
382 796 59 29 end
479 795 34 30 of
545 795 56 30 her
633 795 55 40 big
719 796 117 38 basket,

70 866 103 31 which
200 866 93 29 drove
320 865 54 30 the
404 865 87 30 other
519 866 59 29 end
602 866 33 29 of
666 865 68 30 that
755 866 84 30 well-

70 935 85 30 filled
170 933 149 40 recipient
335 944 32 19 so
377 933 47 30 far
438 944 42 29 up
497 933 115 31 behind
626 934 56 29 her
697 934 143 30 shoulder

70 1005 68 29 that
153 1005 53 29 the
223 1003 266 31 Cochin-Chinese
512 1003 66 41 legs
597 1005 120 28 seemed
732 1004 108 29 almost

71 1072 162 42 sprouting
256 1072 79 31 from
372 1072 56 30 her
471 1072 78 31 back
592 1072 63 31 like
700 1071 139 32 cherubs'

71 1143 99 39 wings
171 1161 43 3 —
457 1142 65 30 said
548 1143 62 38 she,
752 1153 88 19 mean

72 1213 132 40 Prosper
233 1212 109 30 Morel.
389 1212 16 30 I
436 1212 91 30 know
553 1212 85 40 quite
662 1212 70 30 well
757 1212 83 30 what

71 1292 64 30 you
160 1291 107 30 mean;
300 1281 58 30 but
381 1292 47 20 we
453 1281 93 31 know
571 1281 41 29 all
638 1281 93 30 about
756 1281 26 30 it
807 1291 33 19 as

71 1351 72 32 well
158 1360 33 20 as
206 1361 64 30 you
285 1351 46 39 do,
347 1351 60 29 and
421 1361 47 21 we
484 1351 85 29 don't
584 1353 83 28 want
681 1349 158 31 Monsieur

72 1421 30 31 le
127 1419 99 32 Maire
246 1430 33 21 or
303 1420 144 41 anybody
472 1420 61 31 else
559 1423 31 28 to
612 1419 112 31 inform
747 1429 37 20 us
811 1419 32 30 of
