1019 1638
147 69 34 25 64

397 76 59 20 ALL
475 76 58 20 FOR
553 74 108 21 GREED.

145 164 132 30 Vevette
290 164 6 30 !
331 174 82 19 mere
442 160 217 32 Marie-Claire
690 158 178 32 committed
898 169 17 18 a

146 236 119 38 greater
285 233 47 31 sin
358 233 75 30 than
452 231 17 31 I
490 231 91 30 could
603 231 80 29 have
707 229 136 40 thought
859 228 56 30 her

144 303 122 41 capable
292 303 38 39 of,
354 303 28 29 if
412 303 32 29 in
468 303 55 28 her
547 302 73 38 long
646 299 82 31 talks
751 298 78 32 with
852 308 63 31 you

144 374 53 29 she
212 375 57 38 put
285 373 74 29 such
377 372 154 39 improper
545 369 85 31 ideas
649 369 67 30 into
731 379 80 30 your
825 368 88 29 head.

144 443 16 30 I
177 443 77 39 hope
270 453 62 30 you
347 442 78 31 have
448 441 157 30 confessed
620 440 42 29 all
677 438 63 31 this
766 441 32 28 to
823 438 91 30 Mon-

144 513 81 28 sieur
239 513 29 28 le

218 582 17 30 I
370 580 153 41 promised
536 590 75 30 poor
625 579 144 39 Vevette,
786 577 130 41 turning

143 651 55 29 her
223 651 78 29 head
314 660 7 30 ;
378 651 58 29 but
456 650 17 30 I
495 651 85 29 don't
606 649 93 30 know
718 649 69 30 that
803 648 16 30 I
845 658 71 20 ever

143 720 133 39 thought
299 720 34 30 of
351 719 25 31 it
399 720 41 30 all
460 730 32 20 so
515 719 93 31 much
630 718 113 31 before.
790 717 17 30 I
831 717 85 30 don't

143 789 92 31 know
249 789 73 41 why
338 789 16 29 I
378 789 153 40 suddenly
551 789 121 29 seemed
694 791 31 26 to
746 787 170 30 remember

143 867 74 30 poor
240 868 82 19 mere
349 857 215 31 Marie-Claire
589 867 32 20 so
637 857 80 31 well.
775 856 32 30 It
834 859 82 27 must

143 927 78 29 have
238 927 78 29 been
331 927 53 29 the
399 927 150 39 Angelus.
596 927 49 30 Do
663 938 64 29 you
746 927 170 29 remember

143 996 53 29 the
213 996 98 29 sound
326 996 34 29 of
373 1006 55 19 our
442 996 64 29 bell
521 999 32 26 at
568 996 52 29 the
636 996 170 29 Visitation
818 996 15 29 ?

283 1065 119 39 indeed,
420 1076 53 30 my
622 1065 158 32 answered
802 1065 114 31 Felicie

144 1134 76 31 with
235 1145 17 19 a
269 1135 95 39 smile,
382 1136 60 29 and
462 1135 164 40 unfolding
641 1136 56 29 her
712 1146 204 29 newspapers.

176 1203 72 30 Just
382 1204 54 30 she
453 1203 83 32 cried
548 1214 7 30 ;
613 1205 73 30 here
707 1205 27 31 is
750 1206 53 30 the
818 1205 98 31 whole

144 1275 129 28 account
289 1274 33 29 of
333 1274 54 30 the
403 1275 91 29 Fetes
511 1275 33 30 of
556 1275 53 30 the
626 1275 78 31 15th

222 1343 65 30 But
323 1344 94 30 that's
455 1343 49 31 six
519 1344 102 32 weeks
781 1346 137 40 objected

145 1412 142 29 Vevette.
