1019 1638
215 100 77 21 POOR
310 100 159 22 MONSIEUR
487 94 158 28 RICHARD'S
665 102 115 20 RICHES.

837 95 52 26 113

121 186 82 41 deny
228 187 53 29 the
312 188 102 30 threat
444 188 86 29 made
559 188 42 40 by
628 189 130 39 Prosper
783 189 34 30 in
842 189 47 30 his

121 265 154 30 presence,
304 260 63 37 yet,
394 256 89 32 aided
511 257 42 41 by
575 258 141 30 Madame
741 258 86 39 Jean,
851 259 38 29 he

121 324 61 30 had
204 324 78 30 been
304 326 53 29 the
380 337 104 19 means
507 327 34 29 of
558 326 146 40 bringing
725 327 64 30 him
811 327 77 30 back

120 393 66 30 into
201 393 49 32 his
273 395 116 30 uncle's
412 395 122 39 service,
557 395 27 30 if
601 399 55 27 not
677 396 107 30 favour
796 406 7 30 ;
828 398 59 28 and

120 462 142 30 Madame
285 464 78 30 Jean
377 465 131 38 deposed
527 465 67 29 that
615 465 156 39 Prosper's
791 465 93 40 grati-

120 532 74 29 tude
217 535 32 28 to
272 533 49 38 all,
347 534 68 38 and,
440 534 95 30 above
561 533 50 39 all,
635 536 32 28 to
689 533 48 31 his
762 537 120 35 master,

119 601 47 29 for
193 601 108 40 giving
326 602 65 29 him
417 603 126 28 another
569 603 120 38 chance,
713 613 62 20 was
801 603 81 38 loud,

120 670 84 39 deep,
237 670 61 30 and
328 670 123 31 sincere.
508 671 38 30 So
576 670 65 31 said
670 671 157 30 Monsieur
856 672 27 29 le

120 738 89 39 Cure,
226 739 70 30 who
311 739 61 29 had
392 739 79 29 been
491 739 169 30 instructed
679 742 32 26 to
727 739 156 30 admonish

118 808 139 39 Prosper,
275 808 61 29 and
350 807 69 31 who
435 807 61 30 had
517 807 86 39 been,
620 807 39 29 he
683 807 72 39 said,
774 807 109 30 edified

117 877 43 39 by
175 877 52 29 the
242 877 97 29 man's
355 876 167 31 behaviour
538 886 39 20 on
591 876 67 30 that
674 875 144 31 occasion.

158 945 288 39 Notwithstanding
469 945 40 28 all
531 944 70 39 this,
627 945 129 39 Prosper
782 945 96 28 Morel

114 1024 62 21 was
191 1014 74 39 kept
280 1013 212 40 preventively
507 1012 34 30 in
554 1012 112 40 prison,
684 1013 60 29 and
765 1013 113 39 having

112 1094 40 20 no
168 1084 87 30 other
274 1083 192 40 presumable
486 1082 112 40 culprit
618 1083 97 28 under
737 1082 40 30 its
792 1082 83 39 claw,

112 1154 120 30 French
254 1154 59 30 law
336 1163 76 30 gave
434 1152 86 31 itself
539 1152 39 30 its
600 1151 137 31 habitual
760 1151 117 40 delight

111 1218 34 30 in
166 1217 165 39 torturing,
355 1227 32 20 as
409 1216 93 30 much
523 1227 32 19 as
580 1216 140 39 possible,
745 1216 52 29 the
820 1226 56 19 one

110 1288 27 29 it
155 1288 62 29 had
232 1287 121 39 caught.
399 1286 161 38 However,
579 1296 76 19 even
677 1285 118 30 French
817 1285 58 30 law

110 1358 55 29 has
192 1367 17 20 a
234 1355 81 31 Umit
340 1358 31 28 to
397 1355 40 30 its
466 1355 162 30 harshness
653 1354 60 30 and
741 1364 131 20 narrow-

109 1426 204 37 mindedness,
331 1425 60 29 and
405 1424 130 31 without
552 1434 55 19 one
630 1423 97 40 single
750 1423 122 30 shadow

153 1505 67 20 VOL.
238 1505 21 20 I.
497 1503 11 19 I
