1019 1638
108 87 52 26 102

359 96 57 20 ALL
437 97 57 19 FOR
514 95 107 21 GREED.

107 183 75 29 such
211 194 17 18 a
256 183 128 30 heinous
414 183 91 30 crime
521 183 6 30 !
573 182 91 29 Brrrr
679 181 6 30 !
741 181 61 29 and
838 180 39 30 he

109 252 171 30 shuddered
303 253 40 29 all
366 263 81 28 over,
498 252 68 30 that
587 253 84 28 must
693 250 38 30 be
753 250 121 30 fearful.

107 321 80 31 Poor
200 332 71 20 man
286 323 6 29 !
326 333 45 20 we
387 325 83 27 must
484 324 51 38 try
551 321 60 30 and
633 320 89 30 make
737 320 26 30 it
785 331 43 29 up
844 323 31 27 to

105 391 64 29 him

145 460 46 30 As
206 461 53 29 the
274 461 105 29 reader
393 459 66 32 will
481 460 78 30 have
575 459 139 40 guessed,
732 459 53 30 the
808 459 68 29 first

106 529 149 30 direction
276 529 93 30 taken
383 529 43 40 by
442 530 51 29 the
517 529 169 40 suspicions
710 529 34 30 of
763 528 113 41 justice

105 609 62 21 was
195 599 132 31 towards
356 598 131 40 Prosper
513 598 107 30 Morel.
682 598 65 30 The
777 598 98 30 man's

106 668 160 37 character,
285 667 52 29 the
353 667 217 29 circumstance
586 668 34 29 of
639 668 52 29 the
708 667 167 40 complaint

106 736 86 30 made
222 735 120 40 against
371 735 64 30 him
465 746 16 19 a
507 736 86 31 week
623 736 104 31 before
752 737 44 40 by
822 737 53 30 the

106 804 98 30 Maire
230 805 59 29 and
314 804 93 30 taken
432 816 42 29 up
500 815 32 20 so
556 806 179 41 vigorously
761 807 43 40 by
826 807 49 30 his

107 873 154 41 employer
304 873 67 31 that
414 873 47 31 his
506 874 150 31 dismissal
699 876 62 30 had
797 876 79 30 been

107 943 126 29 decided
255 954 83 28 upon
353 943 41 40 by
416 944 53 29 the
492 944 98 39 latter,
594 963 42 4 —
637 945 41 29 all
700 945 63 30 this
785 949 89 28 natu-

107 1012 78 40 rally
207 1012 151 30 militated
381 1013 119 40 against
522 1014 53 30 the
590 1015 199 40 woodcutter,
815 1016 60 30 and

106 1081 102 30 before
230 1082 53 29 the
305 1082 60 40 day
387 1082 34 30 of
439 1083 53 29 the
514 1084 124 29 murder
652 1094 62 21 was
738 1086 98 30 ended
859 1097 17 19 a

107 1150 124 30 mandat
254 1150 153 31 d'amener
429 1152 61 30 had
515 1152 79 30 been
616 1155 88 29 made
728 1158 62 36 out,
816 1157 61 30 and

107 1219 53 29 the
176 1220 178 39 gendarmes
376 1221 61 29 had
453 1223 134 29 arrested
603 1223 139 41 Prosper.
790 1226 87 41 They

108 1288 95 29 found
225 1287 64 31 him
311 1292 32 26 at
364 1288 48 31 his
427 1290 95 39 work,
541 1301 17 19 a
581 1293 79 38 good
675 1303 70 31 way
768 1298 55 28 out
845 1295 32 31 in

107 1358 54 29 the
183 1358 101 39 forest,
302 1359 60 29 and
383 1359 49 30 his
454 1359 169 33 behaviour
637 1365 32 27 at
692 1374 74 20 once
781 1364 95 33 intro-

109 1427 96 31 duced
227 1427 65 31 into
308 1429 158 30 Monsieur
481 1431 154 32 Frederi's
654 1433 87 31 mind
763 1436 114 29 certain
