1019 1638
138 94 52 26 178

388 102 57 20 ALL
464 101 58 21 FOR
542 100 108 22 GREED.

137 189 74 29 than
232 190 53 29 the
309 189 90 29 death
422 189 34 29 of
475 188 48 29 his
545 186 128 31 mother.
729 184 115 31 Felicie
867 184 38 30 de

137 258 178 31 Verancour
329 269 62 20 was
406 257 130 40 reputed
557 259 33 27 to
612 256 78 29 have
712 255 79 29 been
806 253 99 31 Marie

138 328 35 29 de
198 328 151 30 Morville'
353 338 14 19 s
390 327 112 29 chosen
524 325 110 38 friend,
660 324 122 39 though
806 323 99 30 Marie

138 397 116 30 herself
272 397 61 30 had
348 396 121 30 seemed
491 398 32 27 to
545 394 79 30 have
640 404 17 19 a
672 393 151 41 yearning
838 393 68 30 love

139 466 131 30 towards
286 465 80 30 little
381 465 143 37 Vevette,
542 464 71 29 who
629 473 62 20 was
707 463 58 30 but
780 473 18 20 a
813 462 100 37 child,.

140 534 60 29 and
215 533 96 30 called
332 533 53 30 the
408 532 83 30 elder
513 532 206 30 schoolfellow
734 531 173 41 invariably

140 604 56 28 her
242 602 95 38 petite

183 671 82 31 How
287 670 25 31 it
337 671 41 29 all
403 681 82 19 came
511 670 102 39 about,
631 670 70 31 who
726 670 77 30 shall
830 681 53 31 say
894 671 14 31 ?

142 740 81 38 And,
241 740 75 38 first,
334 740 83 30 what
431 751 62 20 was
508 740 26 30 it
544 741 14 29 ?
585 740 99 30 Raoul
700 741 61 29 and
775 741 134 30 Vevette

144 809 103 39 glided
262 809 64 30 into
342 819 17 20 a
374 809 115 40 perfect
504 809 92 41 unity
607 810 34 30 of
652 810 88 30 heart
756 811 60 29 and
832 811 74 38 soul,

143 879 65 29 into
231 890 39 18 an
292 879 133 40 identity
448 880 33 29 of
500 879 102 40 being,
628 890 32 19 as
683 891 17 18 a
722 880 72 30 boat
817 891 39 19 on
872 891 39 19 an

143 948 157 31 unknown
315 948 82 31 river
413 948 98 40 glides
524 950 89 29 down
628 949 65 30 into
709 961 18 18 a
737 950 171 40 whirlpool,

145 1017 131 30 without
304 1018 147 39 knowing
473 1018 33 30 it.
561 1019 87 40 They
670 1019 92 31 knew
784 1020 74 41 only
881 1021 33 29 of

144 1086 81 30 theu-
239 1087 162 39 happiness
413 1097 6 29 ;
443 1088 76 40 they
535 1088 53 29 did
602 1091 55 27 not
672 1089 92 31 know
780 1090 34 29 of
829 1090 83 29 their

145 1156 77 39 love,
250 1156 49 29 till
325 1156 52 30 the
403 1156 62 31 fact
491 1158 88 30 stood
602 1159 142 30 revealed
769 1162 31 27 to
827 1160 85 29 them

145 1225 67 30 that
226 1225 81 30 theh-
322 1226 68 30 love
405 1237 62 19 was
482 1227 122 40 misery.
641 1228 88 30 Then
743 1228 26 31 it
784 1240 63 21 was
861 1232 51 28 too

146 1294 69 28 late.

188 1363 49 30 No
259 1374 56 19 one
337 1363 33 30 in
391 1365 53 29 the
458 1365 181 32 Verancour
660 1367 171 32 household
853 1370 60 29 had

145 1427 117 30 heeded
278 1428 107 30 Raoul.
431 1429 50 31 He
497 1430 60 30 had
573 1434 54 28 not
643 1443 17 18 a
676 1443 56 20 sou
745 1433 6 31 !
753 1452 43 3 —
796 1434 40 30 he
851 1445 62 19 was
