1019 1638
786 98 51 26 125

353 102 61 20 THE
434 103 119 19 LOVERS.

116 185 94 31 With
245 189 111 39 regard
392 193 31 27 to
453 190 226 31 Mademoiselle
714 192 122 39 Felicie,

75 255 87 31 there
184 267 64 20 was
270 259 159 40 assuredly
450 270 18 18 a
490 261 121 38 strange
633 260 155 30 revulsion
810 261 32 30 of

74 325 116 40 feeling
212 326 34 30 in
267 337 107 30 young
396 328 154 31 Prevost's
569 329 86 30 heart
670 330 59 29 and
745 329 93 30 mind.

74 395 73 31 You
162 397 103 29 would
276 397 78 30 have
370 398 133 39 thought
517 398 66 30 that
598 398 53 30 she
666 398 174 40 frightened

74 465 74 39 him,
167 467 60 29 and
250 467 47 30 for
319 467 52 30 the
393 467 67 30 first
482 468 59 30 few
557 469 73 39 days
646 468 33 29 of
697 468 48 29 his
768 469 71 29 inti-

75 545 97 30 macy,
190 535 28 30 if
237 536 76 29 such
334 536 26 30 it
382 547 56 19 can
458 536 39 30 be
517 537 103 38 called,
639 540 31 27 at
691 537 53 30 the
761 537 77 31 Cha-

76 608 80 35 teau,
174 605 40 30 he
230 605 109 30 almost
361 606 119 29 seemed
502 608 31 27 to
550 606 106 29 shrink
677 607 78 29 from
776 607 62 29 her.

75 674 144 38 Vevette,
244 674 77 29 with
342 674 56 29 her
424 677 92 27 sweet
542 675 102 38 gentle
670 685 92 30 ways,
786 676 54 29 her

76 742 109 40 simple
200 743 94 40 piety,
313 743 61 30 and
387 743 55 29 her
458 742 125 31 instinct
601 744 33 29 of
646 744 192 39 consolation,

76 812 150 29 attracted
255 812 135 29 Richard
415 813 32 28 at
475 812 52 29 the
554 814 101 28 outset
683 812 46 30 far
758 823 81 20 more

75 882 76 29 than
165 881 53 30 the
233 879 183 40 fascinating
436 879 122 39 Felicie,
576 881 69 30 who
660 881 68 38 had,
746 891 33 20 as
793 892 46 20 we

74 950 100 38 know,
192 950 103 29 before
310 950 53 28 the
383 951 103 27 recent
508 950 138 39 tragedy,
663 950 87 29 made
765 950 74 29 such

73 1029 40 20 an
134 1018 181 40 impression
336 1029 83 29 upon
441 1018 73 30 him.
558 1018 65 30 But
642 1018 62 30 this
719 1018 53 30 did
786 1022 53 26 not

73 1088 59 30 last
139 1099 7 29 ;
170 1088 61 30 and
245 1088 53 30 the
314 1088 129 39 nephew
459 1088 33 29 of
505 1088 53 29 the
574 1088 144 29 deceased
732 1099 107 18 usurer

72 1159 61 29 and
155 1159 68 29 that
252 1158 78 30 born
360 1158 87 30 Sœur
474 1158 36 30 de
538 1157 132 40 Charite,
695 1158 141 38 Vevette,

71 1237 89 29 were,
179 1237 78 20 even
271 1227 91 30 when
387 1226 93 30 taken
502 1227 149 39 together,
675 1237 39 20 no
736 1227 103 30 match

72 1298 46 29 for
130 1296 159 30 Monsieur
304 1297 38 29 de
353 1296 186 30 Verancour'
543 1307 14 19 s
569 1297 96 29 eldest
678 1297 157 39 daughter.

71 1367 111 30 Before
211 1366 87 30 three
327 1365 102 31 weeks
458 1376 80 20 were
574 1368 76 37 past,
679 1365 159 30 Monsieur

72 1436 135 31 Richard
228 1446 63 20 was
316 1435 173 39 hopelessly
512 1436 133 37 secured,
670 1435 164 38 manacled,
