1019 1638
352 118 155 21 MONSIEUR
525 119 87 20 LEON.

809 112 51 26 197

267 215 53 30 my
340 204 71 30 dear
587 204 136 41 objected
744 205 39 29 he
806 215 56 20 one

104 273 68 40 day,
231 274 84 30 what
338 274 26 29 is
388 275 53 29 the
463 285 54 19 use
544 275 33 29 of
599 274 119 40 talking
743 274 33 29 in
800 274 62 30 this

103 353 69 29 way
196 342 33 30 of
252 343 110 39 shares,
388 344 60 29 and
471 343 91 31 silver
584 343 105 39 mines,
714 344 58 30 and
796 354 66 29 pre-

104 410 121 40 miums,
248 413 60 28 and
333 412 144 29 Mexican
500 412 169 40 companies
681 413 14 29 ?
737 413 123 38 Where,

104 480 34 29 in
153 480 52 30 the
223 491 88 20 name
332 481 33 30 of
383 481 136 39 Heaven,
538 482 89 30 could
646 492 62 30 you
730 484 52 37 get
803 484 61 29 two

105 545 153 30 thousand
284 545 99 30 francs
395 546 14 29 ?
452 545 172 40 Supposing
649 546 67 29 that
740 546 43 40 by
805 556 59 29 any

107 613 89 31 effort
222 614 16 29 I
264 614 88 30 could
379 617 51 37 get
453 624 63 30 you
539 614 51 30 the
614 616 117 38 twenty
753 614 109 37 shares,

108 683 90 29 could
241 693 62 30 you
338 683 43 40 by
418 693 61 30 any
513 683 171 30 witchcraft
727 685 51 38 get
813 683 51 29 the

108 762 112 29 money
231 752 14 30 ?

457 821 61 29 had
535 821 77 29 been
627 821 123 29 Raoul's
770 821 93 40 reply.

292 890 16 30 I
324 889 100 39 might
438 889 64 31 find

151 959 74 29 This
247 969 62 20 was
328 958 66 41 just
417 959 52 29 the
492 958 106 41 period
620 959 89 30 when
728 958 139 30 Admiral

108 1029 37 29 de
165 1027 144 31 Morville
330 1027 116 40 having
467 1027 149 40 proposed
638 1027 52 30 the
717 1026 150 39 clerkship

107 1098 34 29 in
154 1097 54 30 the
223 1096 119 30 Marine
358 1096 147 41 Ministry
520 1098 31 28 to
573 1095 50 31 his
644 1096 136 39 nephew,
799 1105 67 20 con-

109 1166 106 30 sented
236 1168 32 27 to
291 1164 70 41 give
384 1165 52 30 the
461 1164 90 30 latter
576 1164 74 30 time
674 1167 32 27 to
733 1164 134 30 consider

109 1236 138 30 whether
260 1235 39 29 he
314 1235 142 38 accepted
471 1244 33 20 or
518 1236 62 28 not.

153 1299 40 31 In
220 1299 54 30 the
298 1298 67 31 first
394 1299 75 40 days
499 1297 34 31 of
558 1297 131 31 October
712 1296 156 30 Monsieur

109 1369 131 41 Duprez'
244 1380 14 19 s
280 1368 184 40 importance
485 1378 66 19 rose
571 1366 179 40 immensely
766 1365 33 30 in
817 1365 51 29 the

108 1439 105 40 public
243 1439 85 30 mind
361 1438 33 30 of
426 1438 30 30 D
544 1461 7 15 ,
573 1436 47 31 for
652 1436 39 29 he
722 1445 61 21 was
818 1434 50 29 ob-
