1019 1638
129 103 52 25 152

379 110 57 20 ALL
456 110 57 20 FOR
533 108 107 22 GREED.

132 208 61 20 was
218 196 171 41 occupying
413 196 41 30 all
477 194 49 31 his
550 193 95 30 mind.
724 191 73 30 You
820 191 77 30 have

130 266 130 40 perhaps
288 268 54 28 not
368 267 54 39 yet
443 264 61 30 had
530 262 73 31 time
627 264 31 27 to
681 260 72 30 look
774 259 48 31 for
845 259 52 31 the

128 339 63 27 acts
215 336 17 29 I
262 335 109 30 hinted
397 337 32 27 at
454 333 53 30 the
534 331 87 31 other
757 329 66 30 said
848 329 49 39 he,

127 405 32 31 in
194 405 53 30 the
283 407 79 27 most
397 402 202 40 propitiatory
628 403 72 28 tone
729 399 39 30 he
806 398 91 31 could

128 483 126 19 assume.

171 541 133 31 Richard
319 541 130 30 Prevost
463 540 110 30 looked
595 550 33 19 as
650 538 121 40 though
785 538 39 30 he
839 538 60 30 had

129 610 134 39 dropped
297 610 78 30 from
403 610 53 30 the
488 609 114 30 clouds.
662 608 66 30 The
757 607 142 31 Vicomte

127 685 84 27 grew
225 684 82 20 more
323 673 191 39 insinuating
530 673 72 30 still.

206 743 16 30 I
252 753 89 20 mean
369 743 53 30 the
459 743 92 30 deeds
589 742 33 31 of
655 742 132 31 transfer
821 753 78 30 your

130 814 153 30 lamented
298 813 89 30 uncle
403 813 61 31 had
485 813 78 31 been
586 823 32 20 so
641 813 80 40 good
736 823 32 20 as
784 816 32 28 to
831 824 67 29 pre-

259 883 99 29 added
381 882 48 39 he,
447 881 77 32 with
540 893 17 18 a
573 882 87 30 smile
685 882 138 31 wherein
846 883 53 30 the

130 952 123 39 deepest
269 951 163 41 sympathy
448 962 63 20 was
526 955 103 26 meant
651 954 32 28 to
706 951 38 31 be
760 951 92 31 alhed
867 955 32 28 to

129 1020 53 29 the
207 1022 80 28 most
312 1020 140 40 gracious
472 1020 245 31 condescension.
798 1021 78 31 Alas
891 1022 6 30 !

130 1089 52 30 the
197 1099 107 29 papers
320 1100 79 20 were
415 1089 41 31 all
479 1093 31 28 to
525 1090 79 31 have
619 1090 80 31 been
726 1091 111 41 signed
861 1102 38 19 on

130 1158 52 30 the
208 1169 75 30 very
309 1159 61 40 day
395 1171 39 18 on
463 1159 101 31 which
727 1160 75 32 And
825 1162 73 30 here

131 1226 157 30 Monsieur
315 1227 37 30 de
377 1227 178 32 Verancour
585 1231 53 28 cut
668 1229 49 31 his
743 1231 156 31 narration

131 1295 84 30 short
229 1295 77 31 with
320 1307 40 19 an
375 1298 191 38 appropriate
583 1298 143 32 shudder.

207 1364 16 30 I
259 1365 168 31 remember
600 1369 118 39 replied
755 1369 144 32 Richard.

258 1429 101 31 aUude
384 1432 31 29 to
440 1431 52 31 the
514 1442 110 30 papers
647 1434 186 40 concerning
848 1436 51 30 the
