1019 1638
140 72 34 26 62

388 81 57 19 ALL
466 81 58 19 FOR
544 79 111 21 GREED.

214 167 132 31 Vevette
365 168 6 30 !
433 167 136 30 retorted
599 166 53 30 the
690 165 84 31 elder
811 165 98 39 sister,

137 236 76 31 with
250 237 40 30 all
326 238 53 29 the
418 239 154 28 sternness
617 246 33 21 so
690 236 167 31 handsome
895 246 16 19 a

306 307 89 31 could
425 306 178 39 command;
781 306 38 30 do
856 308 55 28 not

135 377 151 40 misapply
308 379 102 28 terms.
467 376 88 30 Mere
577 374 224 40 Marie-Claire,
830 374 79 39 who,

136 447 16 30 I
183 447 105 41 grieve
317 449 32 28 to
379 457 63 30 say,
460 455 63 22 was
554 444 151 41 distantly
728 444 120 31 related
878 447 32 28 to

136 527 137 27 mamma,
291 527 71 29 may
390 516 78 30 have
499 516 79 29 been
607 525 18 19 a
659 525 112 29 person
806 516 32 28 to
871 515 38 29 be

136 585 105 40 pitied,
267 586 60 29 and
350 596 46 20 we
420 584 65 31 will
509 585 80 40 hope
620 584 54 30 she
701 583 26 31 is
757 583 150 41 forgiven.

136 654 159 30 Monsieur
319 654 30 30 le
376 654 80 31 Cure
488 664 68 30 says
583 654 27 30 it
635 654 25 29 is
691 653 160 31 allowable
877 656 32 27 to

136 734 77 30 pray
236 723 46 30 for
311 723 63 30 her.
423 723 66 30 But
518 723 54 30 she
598 733 63 21 was
685 723 161 41 assuredly
870 734 39 19 no

137 792 98 39 angel,
253 792 60 29 and
334 803 17 18 a
368 802 83 20 more
472 792 165 30 rebellious
657 803 121 20 woman
798 797 111 26 cannot

136 862 38 29 be
189 861 162 40 imagined.
390 861 96 41 Why,
501 862 54 29 she
571 862 135 40 actually
722 862 72 30 died
810 862 34 30 of
862 862 25 30 it
900 863 7 30 !

136 930 97 31 What
255 931 87 30 made
366 931 55 30 her
440 931 71 30 take
532 931 53 31 the
605 931 72 40 veil,
695 942 86 31 pray,
804 932 28 30 if
854 935 55 28 not

136 1002 67 30 that
219 1002 52 30 she
287 1002 155 41 preferred
459 1002 95 41 being
569 1014 18 20 a
609 1014 66 20 nun
695 1006 33 29 to
749 1004 160 41 marrying

135 1071 52 30 the
210 1082 70 19 man
298 1072 55 29 her
373 1075 123 36 parents
518 1073 62 30 had
599 1073 112 30 chosen
727 1073 47 31 for
795 1073 57 31 her
864 1074 14 31 ?

211 1141 65 32 But
296 1142 53 30 she
370 1142 65 31 said
458 1142 53 31 she
533 1143 90 30 could
644 1146 54 27 not
720 1143 69 32 love

135 1211 116 39 argued
272 1211 129 40 humbly
417 1211 143 31 Vevette.

179 1279 112 32 Felicie
312 1281 105 30 curled
439 1281 56 30 her
516 1281 60 41 lips
590 1282 142 40 proudly.
810 1283 97 30 What

135 1349 54 30 has
209 1360 17 19 a
244 1349 170 40 well-born,
432 1349 123 42 piously
571 1350 136 41 brought
729 1363 42 30 up
793 1352 60 41 girl
876 1355 31 28 to

136 1420 37 29 do
188 1419 77 32 with
288 1420 74 31 such
383 1421 163 39 reasoning
568 1432 33 20 as
623 1421 69 32 that
705 1422 13 31 ?
776 1422 54 32 she
853 1433 52 21 ex-
