1019 1638
223 89 122 22 MARTIN
366 83 160 29 PREVOST'S
546 91 158 20 AMBITION.

811 83 34 26 85

81 185 95 20 never
204 176 79 31 have
313 177 114 31 known
455 178 84 30 them
567 177 27 30 if
628 177 16 30 I
682 177 60 30 had
771 177 77 30 been

83 244 135 41 thought
234 246 34 30 of
286 257 32 19 as
339 247 150 40 anything
506 258 69 19 save
593 248 7 16 '
610 247 28 29 le
653 247 60 29 bon
727 247 121 29 homme

83 314 150 30 Prevost.'
265 315 127 31 Wealth
405 316 6 30 !
434 327 102 29 power
554 326 76 21 even
644 316 6 31 !
674 316 75 40 they
764 316 84 30 don't

83 383 87 31 mind
189 385 77 39 that,
292 396 32 19 so
346 386 73 39 long
445 397 32 19 as
499 387 73 39 they
594 386 90 40 fancy
706 396 62 29 you
794 396 55 19 can

84 464 95 20 never
208 464 55 20 use
293 454 25 30 it
347 458 32 27 to
408 455 120 30 trouble
556 455 81 30 their
666 454 115 41 vanity.
832 455 16 29 I

84 523 166 30 ambitious
265 524 6 29 !
317 524 88 29 Bless
424 535 53 29 my
493 525 66 28 soul
571 524 6 29 !
622 524 17 29 I
660 534 61 20 was
744 524 72 39 only
832 534 16 18 a

84 591 250 41 money-getting
356 592 146 39 machine,
528 603 17 19 a
566 593 133 38 humble,
716 602 131 21 narrow-

84 662 126 29 minded
238 662 171 39 bourgeois,
441 662 69 30 who
539 662 90 29 knew
658 661 130 39 nothing
817 662 32 28 of

84 729 131 41 politics,
244 730 57 30 but
331 731 72 39 only
429 733 56 37 put
515 741 55 19 sou
594 740 83 29 upon
706 740 55 20 sou
790 730 59 29 and

84 799 113 40 helped
210 798 49 30 his
274 799 115 29 betters
405 801 52 27 out
473 799 33 29 of
518 798 174 30 difficulties
706 798 43 40 by
764 798 83 29 lend-

85 867 55 40 ing
162 868 84 30 them
272 868 52 30 the
347 878 82 19 sums
451 868 75 39 they
542 867 135 30 couldn't
700 870 53 36 get
775 867 73 29 else-

84 938 102 29 where
201 938 6 28 !
246 937 26 38 I,
293 939 6 15 '
313 937 27 29 le
356 937 61 29 bon
431 937 119 29 homme
567 937 129 29 Prevost
708 936 6 30 !
723 936 6 14 '
769 936 80 29 Lord

84 1006 81 30 bless
191 1016 71 30 you,
285 1006 17 29 I
329 1005 100 30 didn't
454 1005 81 30 exist
550 1005 6 31 !
601 1005 65 29 But
690 1015 78 28 now,
797 1015 51 29 my

83 1075 75 30 time
177 1075 26 29 is
224 1085 93 28 come,
335 1077 59 36 too,
417 1075 60 29 and
504 1074 16 30 I
542 1073 65 31 will
629 1074 78 30 have
729 1084 52 29 my
797 1083 51 19 en-

81 1145 148 40 joyment,
247 1143 47 31 for
310 1143 16 30 I
341 1143 79 31 have
435 1143 72 40 paid
522 1143 46 30 for

255 1224 38 18 no
318 1223 56 19 one
389 1213 64 30 will
473 1213 38 29 be
527 1223 31 19 so
573 1211 131 42 rejoiced
719 1215 30 27 at
773 1221 76 30 your

85 1293 119 21 success
228 1292 33 21 as
287 1282 16 30 I
329 1282 78 30 shall
515 1285 57 36 put
594 1281 33 30 in
650 1281 52 30 the
721 1281 128 39 nephew

85 1352 182 39 cautiously.

258 1420 72 40 only
556 1419 164 30 continued
735 1417 114 30 Martin
