1019 1638
137 81 34 27 90

386 90 58 19 ALL
465 89 57 20 FOR
542 88 108 21 GREED.

181 176 103 29 When
306 177 52 29 the
381 175 213 31 conversation
616 184 63 20 was
701 173 107 37 ended,
834 182 75 30 poor

138 245 158 31 Monsieur
310 245 134 31 Richard
459 244 121 41 begged
596 243 48 30 his
660 243 116 30 uncle's
791 243 117 39 pardon

138 314 46 30 for
210 315 115 40 having
351 315 117 30 dreamt
494 315 34 29 of
550 313 169 40 thwarting
745 312 73 38 him,
848 312 61 30 and

137 384 150 40 promised
309 385 38 29 he
367 385 102 30 would
493 385 37 29 do
552 383 47 31 Ms
622 383 68 30 best
712 386 33 27 to
766 384 53 38 get
835 392 73 20 over

136 453 48 30 his
210 453 257 40 disappointment
493 454 60 29 and
580 455 104 37 accept
714 452 50 29 his
789 452 119 29 uncle's

138 523 86 39 plans
254 524 46 29 for
328 523 65 30 him
422 523 76 31 with
528 523 106 39 fitting
663 521 155 31 readiness
849 521 61 30 and

138 592 163 40 gratitude.
347 593 78 30 Poor
452 603 105 30 young
583 602 71 20 man
668 592 5 30 !
720 591 65 30 The
811 593 99 28 traces

140 662 33 29 of
199 662 52 29 the
281 663 138 38 struggle
446 673 79 19 were
552 662 110 30 visible
690 672 39 18 on
758 660 49 30 his
834 660 74 38 face,

139 731 43 41 by
208 731 40 30 its
272 731 156 30 increased
453 731 104 40 pallor,
584 731 43 40 by
651 731 53 30 the
730 730 126 30 redness
881 731 32 28 of

140 800 48 30 his
215 800 124 41 eyelids,
368 801 60 29 and
453 801 43 40 by
519 812 17 18 a
563 801 89 29 circle
679 801 34 29 of
736 800 77 29 dark
839 800 72 29 blue

141 871 67 29 that
222 870 61 30 had
298 870 149 30 hollowed
462 870 86 30 itself
560 871 98 29 under
673 870 48 30 his
737 880 81 30 eyes.

184 939 55 29 All
254 949 61 21 was
339 949 79 19 over.
464 939 160 29 Monsieur
646 939 136 30 Richard
796 950 64 20 was
880 941 32 28 to

142 1009 84 29 leave
243 1008 46 30 for
310 1007 87 31 Paris
419 1007 34 31 in
474 1018 17 20 a
506 1008 96 39 week,
620 1009 60 29 and
702 1010 77 28 next
797 1008 115 30 Thurs-

145 1080 59 39 day
238 1078 229 30 Mademoiselle
503 1078 115 31 Felicie
647 1088 64 21 was
745 1081 32 27 to
807 1078 39 30 be
881 1077 33 31 in

145 1148 170 39 possession
337 1148 33 30 of
393 1159 17 18 a
433 1149 53 29 dot
507 1149 67 29 that
596 1149 105 30 would
726 1148 108 30 enable
860 1149 54 29 her

147 1221 31 27 to
194 1218 123 30 become
332 1218 143 30 Madame
491 1219 37 29 de
544 1218 226 39 Champmorin.

189 1287 65 31 But
282 1287 132 42 Destiny
445 1287 173 31 sometimes
646 1288 72 31 foils
752 1298 79 21 even
865 1288 53 31 the

148 1358 67 29 best
249 1358 187 29 calculators.
491 1358 105 30 When
631 1358 163 41 Thursday
824 1369 92 28 came,

150 1428 50 30 old
215 1427 116 31 Martin
353 1428 131 30 Prevost
498 1438 63 21 was
576 1427 90 41 lying
689 1430 30 28 at
742 1428 53 30 the
811 1428 64 30 foot
890 1429 32 29 of
