1019 1638
244 94 121 20 MARTIN
386 87 161 27 PREVOST'S
567 94 156 20 AMBITION.

826 86 35 27 75

96 179 75 40 they
201 181 96 29 won't
333 181 43 30 let
409 192 48 19 me
471 181 7 30 !
536 181 87 39 They
652 191 50 19 are
732 181 129 29 fanuliar

97 249 124 40 enough
235 249 78 31 with
339 261 57 27 me,
413 250 48 30 for
481 250 68 30 that
574 252 118 36 matter,
709 250 57 30 but
788 249 26 31 it
835 249 26 30 is

96 318 53 29 the
171 318 181 41 familiarity
367 319 68 30 that
457 319 26 30 is
504 319 76 30 used
600 319 132 30 towards
754 329 39 19 an
814 319 46 29 in-

174 458 88 40 They
285 458 85 30 don't
392 458 91 30 know
505 458 68 30 how
599 457 66 31 rich
689 468 63 30 you

96 526 195 39 interrupted
306 527 51 29 old
372 528 137 29 Prevost.

140 597 160 30 Monsieur
322 596 135 31 Richard
478 596 95 31 shook
595 596 48 30 his
664 597 79 29 head
761 596 98 40 again.

131 667 44 29 To
198 677 55 29 say
268 666 53 29 the
335 666 100 30 whole
591 666 39 29 he
652 667 106 37 added,
809 666 50 29 the

97 736 142 30 Vicomte
253 738 96 28 treats
364 746 48 20 me
428 735 62 30 like
506 746 17 19 a

318 805 95 30 broke
440 808 54 26 out
519 805 51 29 old
593 805 129 29 Prevost
744 804 76 30 with
843 814 16 19 a

95 875 91 29 fierce
212 874 165 30 bitterness
403 874 34 30 of
456 876 161 37 contempt,
669 874 74 39 they
758 873 101 30 would

93 954 104 30 marry
219 954 18 19 a
258 943 131 39 lacquey
411 943 28 29 if
460 943 39 29 he
522 943 72 39 only
617 943 133 38 brought
775 942 83 29 them

93 1023 111 30 money
230 1012 132 40 enough.
409 1012 16 29 I
451 1011 55 30 tell
532 1021 71 30 you,
631 1011 137 39 nephew,
797 1021 62 30 you

92 1081 78 31 shall
192 1081 38 31 be
252 1081 160 30 Monsieur
433 1081 29 29 le
482 1081 167 29 Vicomte's
672 1080 182 30 son-in-law.

90 1152 17 29 I
137 1162 49 19 am
216 1151 34 29 in
286 1153 101 38 treaty
416 1161 70 19 now
515 1150 47 30 for
594 1150 52 30 the
676 1149 121 31 domain
827 1150 32 29 of

90 1220 268 32 Chateaubreville
374 1220 90 31 down
486 1219 32 30 in
540 1219 53 30 the
616 1219 161 40 Mayenne,
796 1219 60 29 and

88 1291 104 30 before
207 1291 52 29 the
271 1301 74 29 year
366 1290 27 29 is
405 1292 53 27 out
473 1300 65 29 you
551 1288 77 30 shaU
644 1289 38 29 be
698 1288 157 30 Monsieur

87 1361 132 30 Prevost
235 1361 37 29 de
288 1358 276 39 Chateaubreville,
583 1359 60 29 and
665 1368 79 30 your
765 1357 89 30 noble

230 1448 43 3 —
273 1428 62 31 this
365 1439 63 20 was
465 1428 65 29 said
559 1427 78 30 with
666 1437 17 19 a
713 1436 95 28 sneer,
812 1445 42 3 —
