1019 1638
183 68 51 25 110

433 75 56 20 ALL
510 75 56 20 FOR
587 74 108 21 GREED.

180 163 120 30 wheels.
347 163 146 39 Through
519 162 68 29 that
613 160 141 39 window,
784 160 84 38 then,
897 158 52 31 the

180 233 130 30 assassin
334 233 61 30 had
421 232 133 38 entered,
580 231 60 30 and
665 230 126 40 passing
813 229 136 40 through

179 302 52 30 the
254 302 72 30 door
347 302 65 29 into
432 302 53 29 the
507 311 135 30 passage,
660 300 39 29 he
721 300 62 29 had
802 298 147 31 mounted

178 372 53 29 the
246 371 88 30 stairs
350 382 42 28 up
407 374 31 27 to
454 370 160 31 Monsieur
630 369 156 31 Prevost's
801 379 93 20 room.

221 440 63 29 The
314 450 107 19 reason
450 440 34 29 of
514 439 52 30 the
598 438 91 30 crime
719 449 62 20 was
812 440 31 27 at
874 447 72 20 once

179 508 140 40 evident;
346 508 26 31 it
393 509 50 40 lay
466 508 33 30 in
521 508 52 30 the
597 507 98 31 desire
718 511 31 26 to
772 507 63 30 rob.
882 506 64 30 But

178 578 51 29 the
252 577 62 30 safe
335 577 61 29 had
416 580 55 26 not
493 577 77 29 been
591 577 117 29 broken
730 576 74 39 into,
827 586 33 19 as
883 586 63 20 was

178 649 31 28 at
245 646 66 30 first
348 646 158 40 supposed.
567 646 64 29 The
670 645 61 30 safe
769 645 61 30 had
866 644 80 31 been

178 716 122 39 opened,
326 716 59 28 and
406 715 148 40 probably
576 715 43 40 by
639 715 51 29 old
712 715 130 29 Prevost
864 715 79 28 him-

178 784 64 29 self.

219 854 64 30 But
316 854 83 39 then,
430 854 52 30 the
511 854 119 39 ingress
660 854 34 30 of
724 854 53 30 the
812 854 131 30 assassin

175 923 166 30 accounted
382 923 54 39 for,
480 923 69 31 how
591 923 93 30 about
725 923 50 30 his
813 934 103 30 egress
929 924 14 29 ?

174 992 104 40 Every
297 992 62 30 fact
381 992 201 40 successively
605 992 186 39 discovered,
815 992 127 41 pointed

173 1063 33 28 to
234 1061 53 30 the
321 1061 115 40 precise
470 1064 134 28 moment
634 1062 34 30 of
697 1062 54 30 the
786 1062 94 31 crime
909 1074 33 19 as

173 1130 165 30 somewhat
372 1130 102 30 before
510 1141 101 28 seven,
643 1130 47 31 for
725 1131 126 31 Nicolas
880 1133 62 30 had

172 1199 78 30 been
272 1200 133 39 ordered,
430 1201 52 29 the
504 1200 92 40 night
620 1201 113 39 before,
758 1202 43 40 by
823 1202 118 31 Martin

173 1268 129 31 Prevost
335 1269 130 39 himself,
498 1273 31 27 to
558 1270 39 30 be
627 1273 32 28 at
687 1270 54 31 the
769 1272 171 40 post-office

173 1338 41 40 by
230 1349 100 28 seven,
348 1339 189 40 punctually,
556 1342 31 27 to
604 1343 68 36 post
695 1351 82 20 some
799 1341 142 31 business

172 1407 114 40 letters,
318 1408 59 30 and
411 1409 73 30 thus
520 1409 72 40 gain
623 1411 117 29 several
773 1411 95 30 hours
897 1411 43 39 by
