1019 1638
191 81 34 26 16

444 92 58 19 ALL
525 90 58 21 FOR
604 89 109 21 GREED.

190 176 86 31 don't
289 180 58 36 put
361 177 54 31 the
427 188 57 20 one
499 177 86 29 franc
600 175 72 40 fifty
687 173 67 30 into
770 172 57 30 her
845 169 122 41 pocket,

189 248 55 28 not
259 246 17 30 I
289 247 6 29 !

267 315 159 31 Monsieur
440 315 30 29 le
482 313 109 31 Cure's
607 311 72 31 Lise
819 309 151 30 observed

190 385 52 29 the
258 384 258 30 mdd-mannered
531 392 129 21 woman.

267 453 50 31 Oh
328 454 7 30 !
353 453 160 31 Monsieur
527 453 29 29 le
573 452 109 30 Cure's
698 450 73 30 Lise
786 450 8 30 !
845 449 122 31 snarled

190 523 145 29 Madelon
361 523 33 29 in
425 523 56 29 her
510 525 80 27 most
617 522 238 38 contemptuous
885 521 80 37 tone,

190 592 61 29 and
267 602 33 19 as
316 592 121 39 though
451 602 40 19 no
511 590 187 41 proceeding
714 590 93 30 could
826 589 139 40 possibly

189 662 39 29 be
248 664 50 27 too
315 661 222 40 objectionable
553 661 47 29 for
622 659 163 31 Monsieur
804 659 30 31 le
860 659 107 31 Cure's

192 731 81 30 Lise.

266 801 85 31 Well
364 802 7 30 !
396 801 162 31 Monsieur
580 801 29 30 le
634 801 108 30 Cure's
768 800 72 30 Lise
851 800 13 30 ?
921 811 46 19 re-

191 872 103 30 torted
303 872 144 29 Madame
459 872 87 29 Jean.
604 871 88 30 She's
709 882 17 18 a
742 870 74 31 wise
827 881 121 20 woman
962 880 5 30 ;

191 941 54 30 she
268 944 68 37 gets
355 941 47 30 for
422 944 62 28 two
503 941 101 30 francs
629 951 18 20 a
670 941 75 30 hare
768 940 101 32 worth
887 940 78 39 four,

190 1012 55 27 not
262 1012 33 27 to
311 1020 55 29 say
381 1010 70 39 five,
469 1009 29 30 if
517 1020 48 21 we
580 1021 82 20 were
677 1010 35 30 in
727 1010 138 31 carnival
882 1010 83 39 time,

191 1079 60 29 and
268 1088 39 20 no
323 1078 88 30 harm
427 1079 86 30 done.
560 1079 162 31 Monsieur
742 1080 29 30 le
796 1079 81 32 Cure
897 1091 70 30 may

191 1149 38 28 do
245 1148 83 29 what
344 1148 39 29 he

267 1218 100 30 There
391 1218 53 30 she
471 1229 74 30 goes
569 1230 101 20 across
697 1220 54 30 the
921 1231 45 20 re-

191 1287 126 30 marked
333 1287 155 30 Madelon.

267 1357 74 29 And
357 1357 120 30 Celeste
494 1358 78 30 from
593 1360 91 31 down
700 1364 32 27 at
747 1361 218 41 Verancour's,

190 1426 77 32 with
385 1426 98 31 added
498 1427 56 30 her
570 1428 59 31 soft
642 1430 117 39 spoken
775 1431 190 40 companion.
