1059 1673
227 45 117 27 Samuel
363 45 119 32 Tinsley
497 44 58 27 and
576 42 70 29 Co.'s
670 40 207 28 Publications.

121 53 33 23 30

129 113 176 27 SUMMER
317 113 142 27 SHADE
470 113 89 26 AND
570 110 170 28 WINTER
752 105 218 31 SUNSHINE
981 115 6 16 :

158 151 93 21 Poems.
294 151 35 27 By
349 151 72 21 Rosa
445 151 164 21 Mackenzie
629 148 116 26 Kettle,
765 146 86 22 author
868 143 27 22 of

160 180 110 22 Mistress
283 179 25 23 of
319 180 122 27 Langdale
565 179 60 22 New
637 177 106 22 Edition.
777 182 33 15 2s.
819 174 46 27 6d.,
877 173 73 22 cloth.

125 221 208 26 THROUGH
363 221 145 25 DEATH
537 220 53 26 TO
625 218 102 27 LIFE.
768 217 131 27 Sonnets.
944 214 44 35 By

157 258 111 21 George
281 258 124 21 Barlow.
439 257 85 22 Crown
536 257 54 21 8vo.
602 262 32 19 4s.
647 256 38 22 6d.

128 300 140 26 WITCH
294 300 53 27 OF
367 300 115 30 NEMI,
502 300 79 30 The,
601 299 56 25 and
678 297 82 26 other
780 296 110 26 Poems.
943 294 43 34 By

159 337 121 21 Edward
294 337 142 21 Brennan.
470 336 85 22 Crown
567 336 59 25 8vo.,
641 341 45 15 10s.
695 333 38 23 6d.

401 390 240 31 PAMPHLETS,
661 390 55 26 &c.

130 424 221 47 JTOJLFRED
381 430 85 25 THE
498 430 157 26 GREAT:
680 437 35 17 an
741 428 95 33 Opera
860 427 28 25 in
913 425 76 27 Four

131 455 74 44 flggjj
245 468 66 20 Acts.
344 468 35 27 By
393 467 78 21 Isaac
483 467 166 21 Hearnden.
683 466 29 20 In
723 471 114 21 wrapper,
847 463 65 28 price
927 469 29 15 is.

134 508 222 28 ALPERTON
385 507 147 31 GHOST,
554 508 89 24 The:
670 515 16 17 a
714 506 93 33 Story.
847 504 44 34 By
918 504 71 26 Miss

165 547 26 21 F.
206 547 29 21 H.
249 546 111 21 Waldy.
394 544 66 22 Price
472 544 46 27 6d,
530 548 53 24 post
594 544 55 21 free.

134 590 207 29 ANOTHER
374 590 95 26 ROW
517 589 56 26 AT
620 588 122 27 DAME
790 585 200 28 EUROPA'S

163 628 143 23 SCHOOL.
340 627 113 27 Showing
462 626 53 21 how
523 626 81 28 John's
615 625 68 22 Cook
692 625 71 22 made
774 632 31 14 an
819 624 76 22 Irish
908 624 83 27 Stew,

163 659 49 21 and
223 658 62 21 what
297 664 69 15 came
377 657 26 21 of
412 657 23 21 it.
468 656 46 27 6d.,
526 657 83 21 sewed.

264 697 161 27 WOMAN
445 696 107 27 WILL
578 696 57 27 DO
656 695 82 28 FOR
764 695 29 26 A
974 703 17 17 a

165 735 118 28 Warning
292 740 24 16 to
328 734 69 22 those
406 734 72 22 about
490 738 24 18 to
526 734 89 28 Marry.
650 734 28 21 In
689 740 114 22 wrapper,
815 732 46 28 6d,
870 735 55 26 post
936 731 55 23 free.

166 767 73 27 (Now
250 765 80 28 ready,
344 765 60 20 New
416 764 106 27 Edition,
534 764 64 28 price
611 762 48 30 3d.)

136 800 144 28 BALAK
301 800 87 25 AND
411 800 174 25 BALAAM
603 800 42 24 IN
661 798 227 27 EUROPEAN
905 797 88 26 COS-

167 838 107 22 TUME.
308 837 36 27 By
360 836 40 22 the
417 836 59 22 Rev.
493 836 87 28 James
598 836 85 28 Kean,
701 836 33 22 M.
737 836 38 28 A.,
788 836 121 21 Assistant
918 839 24 18 to
953 835 39 21 the

165 869 142 21 Incumbent
319 867 26 22 of
352 867 135 26 Markinch,
500 866 58 22 Fife.
591 866 45 27 6d.,
648 866 85 22 sewed.

138 903 162 27 BATTLE
332 902 51 27 OF
404 902 86 26 THE
513 902 132 32 TITLE,
669 902 85 25 The:
782 902 128 32 showing
930 900 64 26 how

167 941 58 21 Will
238 939 126 29 Happirok
376 939 48 21 and
436 940 104 27 Tommy
550 939 87 28 Hyghe
649 939 60 21 tried
721 942 25 18 to
758 942 38 25 get
808 938 49 21 into
868 937 67 22 office
947 936 47 23 and

164 970 79 22 failed.
278 970 27 21 In
318 976 114 20 wrapper,
444 975 38 21 is.,
494 974 54 22 post
559 969 55 22 free.

139 1006 282 29 CONFESSIONS
446 1006 52 26 OF
524 1006 30 26 A
581 1006 215 27 WEST-END
818 1005 177 27 USURER.

171 1045 28 21 In
209 1043 132 23 illustrated
353 1050 76 20 cover,
441 1043 64 27 price
520 1049 38 21 is.,
570 1047 54 23 post
635 1042 55 23 free.

141 1080 291 27 DIFFICULTIES
465 1080 52 27 OF
541 1079 222 28 POLITICAL
787 1079 209 27 ECONOMY.

167 1119 36 26 By
214 1125 14 15 a
239 1118 99 22 Young
355 1118 149 21 Beginner.
539 1118 85 21 Crown
636 1118 60 27 8vo.,
708 1123 32 15 2s.
749 1117 37 21 6d.

140 1160 198 27 ETERNAL
354 1159 282 26 PUNISHMENT.
675 1160 63 24 The
754 1159 136 26 Doctrine
905 1158 33 26 of
947 1158 48 26 the

170 1197 150 27 Everlasting
332 1196 115 21 Torment
460 1196 25 21 of
494 1196 40 22 the
545 1196 102 21 Wicked
656 1196 82 22 shown
747 1200 24 17 to
781 1196 29 21 be
819 1195 176 29 Unscriptural.

170 1228 28 20 In
207 1234 113 19 wrapper,
335 1232 38 21 is.,
385 1230 53 23 post
449 1226 56 22 free.

139 1264 109 26 FALL
269 1263 53 26 OF
337 1263 98 31 MAN,
450 1263 71 26 The
534 1272 5 17 :
561 1272 36 17 an
611 1263 121 26 Answer
746 1267 29 22 to
791 1263 52 26 Mr.
859 1262 138 27 Darwin's

191 1301 106 21 Descent
305 1300 26 21 of
337 1300 57 21 Man
444 1300 71 27 being
524 1307 14 14 a
548 1300 124 27 Complete
681 1300 146 27 Refutation,
835 1300 32 27 by
874 1307 124 15 common-

169 1337 69 14 sense
245 1333 144 24 arguments,
397 1330 26 21 of
427 1330 40 21 the
476 1330 96 27 Theory
580 1330 25 22 of
613 1331 101 21 Natural
723 1331 127 21 Selection.
866 1337 7 14 1
879 1338 25 19 s.,
912 1330 85 22 sewed.

141 1365 171 26 GOLDEN
336 1365 120 31 PATH,
483 1365 72 26 The
569 1374 5 18 :
602 1375 17 17 a
642 1366 95 26 Poem.
779 1366 43 34 By
845 1366 154 26 Isabella

170 1401 113 22 Stuart.
316 1401 47 25 6d.,
375 1402 85 21 sewed.

141 1438 142 27 GREAT
304 1438 136 33 FIGHT,
460 1439 80 32 The,
561 1439 202 26 BETWEEN
785 1440 86 25 THE
888 1440 111 26 BEAR

167 1476 73 20 AND
259 1476 70 20 THE
349 1476 149 22 TURKEY.
539 1476 35 22 Its
594 1476 84 28 Origin
692 1476 49 22 and
759 1476 118 23 Probable
896 1476 103 23 Results.

171 1505 36 28 By
218 1512 15 14 a
244 1505 99 21 Young
360 1505 75 22 Lion.
471 1506 27 21 In
511 1513 116 21 wrapper,
637 1513 66 21 price
714 1506 45 28 6d.,
772 1512 53 22 post
837 1508 55 22 free.

139 1561 120 28 Samuel
272 1561 117 34 Tinsley
402 1562 25 26 &
441 1562 55 31 Co.,
511 1563 44 32 10,
570 1562 216 33 Southampton
806 1564 52 31 St.,
873 1565 116 27 Strand.
