1059 1673
143 111 243 39 SAMUEL
417 117 249 35 TINSLEY
684 121 39 35 &
750 120 117 36 CO.'S

268 193 467 43 PUBLICATIONS.

65 312 48 33 THE
146 312 115 33 POPULAR
291 314 102 39 NOVELS,
426 315 35 32 AT
485 316 46 32 ALL
556 317 132 34 LIBRARIES
707 318 63 34 'IN,1,
779 319 72 33 TOWN
879 320 51 33 AND

435 372 127 32 COUNTRY.

75 447 231 36 fflGAINST
323 450 87 26 HER
422 451 114 26 WILL.
553 452 42 33 By
608 451 111 27 Annie
732 453 29 26 L.
775 454 152 32 Walker,

69 483 78 35 Cfia
187 486 116 27 Author
323 487 32 26 of
399 488 29 26 A
455 489 148 26 Canadian
799 490 3 4 '
814 498 15 26 3
850 493 77 31 vols.,

69 529 55 26 31s.
140 523 45 26 6d.

91 571 45 18 The
144 571 118 23 Spectator
270 577 47 18 says
380 572 121 23 Altogether
513 572 91 24 'Against
615 573 35 19 her
660 573 49 19 Will
717 574 3 5 '
731 574 16 18 is
756 580 13 13 a
778 574 70 23 clever,
857 576 72 18 whole-

65 601 58 14 some
133 597 63 19 novel,
208 597 68 18 which
286 603 30 12 we
325 603 37 12 can
373 598 131 18 recommend
514 599 85 17 without

91 621 44 19 The
146 621 111 19 Standard
266 627 46 18 says
323 628 4 12 :
328 632 25 3 —
380 624 4 7 '
391 623 86 23 Against
489 623 35 18 her
532 623 49 18 Will
588 623 2 6 '
601 624 16 18 is
627 630 13 12 a
649 630 46 18 very
709 625 96 23 powerful
813 625 64 23 novel,
888 626 40 18 and

65 653 40 12 one
114 648 66 17 which
190 653 29 12 we
229 653 39 12 can
277 653 27 12 on
312 653 59 18 every
380 651 87 14 account
475 649 130 17 recommend
616 652 21 15 to
647 655 37 12 our

91 672 46 19 The
146 672 97 23 Graphic
252 678 46 18 says
308 678 4 13 :
313 683 26 3 —
418 673 55 18 book
487 674 16 18 is
512 673 37 19 full
563 674 23 19 of
599 675 55 23 good
668 676 41 17 and
723 676 75 17 careful
812 676 55 18 work
876 676 52 19 from

66 699 40 17 end
116 701 20 15 to
146 699 46 20 end,
201 698 42 17 and
253 704 46 17 very
311 699 60 17 much
381 699 65 17 above
456 699 35 17 the
500 704 86 18 average
594 699 49 19 level
654 699 23 19 of

91 723 46 19 The
147 723 116 19 Scotsman
272 729 46 18 says
326 728 4 13 :
334 734 25 2 —
386 724 91 23 'Against
488 724 35 18 her
532 724 50 19 Will
591 724 3 6 '
604 725 17 18 is
630 731 13 12 a
652 726 57 17 novel
716 726 23 17 of
746 726 83 23 sterling

68 759 144 27 ALDEN
254 759 53 28 OF
352 759 305 28 ALDENHOLME.
713 762 45 34 By
796 762 132 27 George

107 797 113 27 Smith.
262 804 13 24 3
291 797 76 31 vols.,
384 804 55 24 31s.
454 798 45 26 6d.

68 844 126 27 ALICE
205 844 246 27 GODOLPHIN
461 845 56 26 and
533 844 29 27 A
577 845 150 27 LITTLE
741 846 184 28 HEIRESS.

105 882 44 33 By
163 882 98 26 Mary
275 882 153 26 Neville.
468 882 34 26 In
517 889 16 19 2
548 882 76 32 vols.,
638 890 59 18 21s.

67 930 84 27 ALL
178 930 147 27 ROUND
353 930 88 26 THE
467 930 170 33 WORLD;
671 940 38 23 or,
733 931 111 27 What's
875 932 49 26 the

104 968 104 34 Object
219 968 10 25 ?
268 968 45 33 By
328 968 116 25 Frank
460 967 132 32 Foster,
606 968 102 26 author
726 969 31 25 of
798 969 128 27 Number

104 1005 64 27 One
181 1014 5 23 ;
208 1013 38 24 or,
261 1004 63 26 The
339 1005 76 33 Way
429 1004 32 26 of
471 1005 48 25 the
671 1010 59 27 etc.,
742 1010 50 22 etc.
820 1013 15 26 3
849 1007 76 31 vols.,

104 1049 56 25 31s.
174 1042 45 26 6d.

66 1091 51 27 AS
144 1091 87 26 THE
265 1090 208 28 SHADOWS
507 1091 124 26 FALL:
665 1099 17 18 a
700 1091 99 26 Novel.
840 1091 43 33 By
901 1091 23 34 J.

104 1128 145 26 Edward
290 1128 175 32 Muddock,
498 1128 102 25 author
632 1128 33 26 of
720 1128 30 25 A
783 1128 141 34 Wingless

243 1169 51 22 etc.
335 1172 14 26 3
365 1165 75 31 vols.,
456 1173 56 25 31s.
527 1166 44 25 6d.

65 1212 170 28 ANNALS
250 1212 33 28 of
296 1213 49 26 the
360 1212 327 27 TWENTY-NINTH
709 1212 198 28 CENTURY
921 1223 4 17 :

101 1260 38 23 or,
153 1251 48 26 the
212 1251 244 33 Autobiography
470 1250 30 26 of
512 1250 48 26 the
572 1250 94 26 Tenth
679 1250 146 26 President
835 1250 29 26 of
876 1250 49 26 the

99 1288 113 26 World-
217 1288 149 34 Republic.
407 1295 14 26 3
436 1288 76 31 vols.,
529 1295 55 26 31s.
599 1288 45 26 6d.

111 1336 55 19 Here
176 1336 16 19 is
202 1342 13 13 a
223 1336 56 19 work
290 1336 21 18 in
321 1336 75 18 certain
407 1339 87 20 respects
509 1341 38 13 one
557 1335 23 19 of
591 1335 35 19 the
639 1339 54 15 most
705 1335 90 24 singular
804 1335 21 18 in
838 1335 86 19 modern

58 1361 109 22 literature,
179 1361 66 19 which
255 1367 105 18 surpasses
369 1361 27 18 all
406 1361 22 18 of
436 1361 25 18 its
470 1361 52 18 class
532 1361 19 18 in
561 1361 49 18 bold
619 1361 41 17 and
671 1361 99 18 luxuriant
781 1361 139 23 imagination,

58 1388 21 18 in
89 1388 53 17 vivid
156 1387 120 24 descriptive
290 1393 74 18 power,
377 1387 20 18 in
411 1387 94 23 startling
506 1397 24 3 —
532 1390 34 15 not
577 1389 20 16 to
606 1392 36 18 say
652 1389 132 21 extravagant
793 1386 130 23 suggestions

58 1423 25 3 —
84 1413 20 18 in
118 1412 50 24 lofty
182 1413 42 17 and
238 1412 86 18 delicate
338 1412 65 18 moral
417 1412 125 23 sympathies
650 1411 38 19 We
702 1411 51 19 have
767 1411 48 19 read
825 1411 31 18 his
866 1411 56 18 work

58 1438 49 19 with
124 1438 75 18 almost
218 1438 61 23 equal
297 1438 87 23 feelings
402 1438 22 17 of
443 1438 98 23 pleasure,
561 1437 146 21 wonderment,
726 1437 41 18 and
785 1439 134 19 amusement,

58 1464 42 19 and
115 1464 47 20 this,
179 1469 30 12 we
224 1463 64 21 think,
306 1463 39 18 will
362 1464 26 17 be
404 1463 34 18 the
455 1462 83 24 feelings
554 1462 23 19 of
590 1465 53 15 most
659 1462 23 18 of
694 1462 25 18 its
728 1462 86 18 readers.
844 1461 33 19 On
887 1461 34 19 the

59 1489 72 21 whole,
144 1489 15 18 it
172 1489 17 17 is
202 1494 13 12 a
229 1488 55 19 book
299 1488 24 19 of
334 1488 127 21 remarkable
475 1488 87 24 novelty,
574 1488 42 18 and
626 1488 169 23 unquestionable
898 1497 26 3 —

58 1514 176 23 Nonconformist.

57 1575 119 28 Samuel
192 1574 119 33 Tinsley
323 1573 25 27 &
362 1573 40 27 Co
413 1593 5 11 ,
439 1573 44 32 10,
504 1572 215 34 Southampton
732 1572 50 33 St.,
798 1571 119 28 Strand.
