1116 1935
43 59 37 28 48

438 68 110 20 GEORGE
571 67 177 21 BURROUGHS.

49 185 6 14 ;
66 184 11 15 6
85 184 30 15 90

146 155 81 38 May,
243 155 28 28 in
298 155 50 29 the
373 155 97 28 fourth
496 165 72 28 year
592 155 153 37 aforesaid,
770 155 57 29 and
854 155 97 29 divers
977 154 83 28 other

146 209 74 38 days
235 209 58 29 and
305 208 96 34 times,
419 218 32 20 as
466 209 67 29 well
548 209 98 29 before
663 218 32 20 as
711 208 84 34 after,
810 216 59 22 was
894 209 56 29 and
966 208 25 29 is
1006 210 54 27 tor-

145 261 94 37 tured,
254 261 136 37 afflicted,
404 261 98 38 pined,
517 262 168 36 consumed,
700 262 120 36 wasted,
842 262 58 29 and
923 264 137 26 torment-

145 315 45 36 ed,
205 315 117 38 against
336 315 51 29 the
403 325 90 28 peace
510 315 33 28 of
561 325 53 18 our
637 315 156 38 sovereign
817 315 63 28 lord
903 315 57 28 and
983 315 77 38 lady,

143 368 50 29 the
209 368 76 39 king
300 369 58 28 and
374 377 106 29 queen,
495 368 57 29 and
568 367 117 39 against
710 367 51 29 the
778 367 72 29 form
875 367 34 29 of
926 367 50 29 the
992 369 67 27 stat-

143 423 50 28 ute
209 422 85 29 made
310 421 59 29 and
384 421 149 37 provided.

186 475 163 29 Witnesses
362 485 6 18 :
415 474 88 40 Mary
528 475 138 35 Wolcott,
692 474 92 29 Sarah
809 474 118 36 Bibber,
956 473 102 40 Mercy

143 527 104 36 Lewis,
261 527 70 30 Ann
347 527 138 36 Putman,
500 527 154 29 Elizabeth
670 527 154 29 Hubbard.

186 591 93 29 There
295 601 59 20 was
381 602 17 18 a
421 591 109 29 second
553 591 185 36 indictment,
753 591 44 28 for
812 590 143 40 afflicting
970 591 88 28 Eliza-

143 644 71 29 beth
240 645 152 29 Hubbard.
436 644 61 30 The
522 644 153 29 witnesses
699 653 76 20 were
803 643 155 30 Elizabeth
979 643 79 29 Hub-

142 697 82 37 bard,
239 697 88 39 Mary
342 697 138 37 Wolcott,
502 697 60 29 and
587 696 71 30 Ann
684 696 137 30 Putman.
865 696 29 29 A
920 696 79 29 tMrd
1020 696 38 29 in-

143 750 143 29 dictment
300 760 60 19 was
372 751 44 28 for
430 751 144 39 afflicting
589 750 106 40 Mercy
706 751 104 29 Lewis.
855 751 61 28 The
932 751 126 28 witness-

143 812 31 21 es
188 813 77 20 were
292 803 105 40 Mercy
411 803 105 36 Lewis,
537 803 88 39 Mary
640 803 139 36 Wolcott,
801 803 155 30 Elizabeth
979 803 78 29 Hub-

142 856 73 30 bard
240 857 58 29 and
321 856 72 30 Ann
418 856 137 30 Putman.
600 857 62 30 The
682 857 100 29 fourth
804 857 176 29 indictment
1000 867 57 19 was

142 910 44 29 for
200 911 63 28 acts
278 910 34 29 of
328 911 166 28 witchcraft
516 921 38 18 on
579 910 71 29 Ann
665 911 135 28 Putman.
846 910 62 29 The
932 910 125 29 witness-

143 972 31 20 es
197 973 76 20 were
289 963 71 30 Ann
385 964 138 33 Putman,
538 964 89 39 Mary
642 964 139 36 Wolcott,
803 963 154 30 Elizabeth
979 963 78 29 Hub-

142 1016 82 37 bard,
238 1017 60 29 and
317 1016 88 38 Mary
421 1017 131 29 Warren.

185 1069 37 30 In
237 1070 191 39 prosecuting
442 1070 51 29 the
520 1070 123 39 charges
668 1070 119 39 against
808 1070 55 29 Mr.
879 1069 176 39 Burroughs,

141 1123 36 29 he
193 1133 60 20 was
268 1124 126 29 accused
408 1124 42 38 by
465 1123 59 30 five
539 1133 32 20 or
585 1123 49 29 six
648 1123 33 29 of
698 1123 51 30 the
765 1123 167 29 bewitched
955 1132 31 20 as
1007 1122 47 29 the

142 1176 106 29 author
273 1176 33 29 of
324 1176 77 29 their
426 1176 142 37 miseries,
583 1176 59 29 and
657 1176 42 39 by
714 1176 84 39 eight
813 1176 33 29 of
862 1176 51 29 the
937 1176 118 30 confess-

141 1230 53 39 ing
208 1229 131 37 witches,
353 1239 32 20 as
411 1230 91 39 bemg
527 1240 18 19 a
568 1230 78 29 head
670 1230 101 29 leader
792 1231 32 28 at
839 1240 78 19 some
934 1230 33 29 of
983 1229 72 30 their

141 1283 107 29 hellish
262 1284 117 29 resorts.
424 1283 48 29 He
497 1283 60 29 had
581 1283 51 29 the
654 1283 127 38 promise
797 1283 33 29 of
848 1283 90 39 being
953 1292 17 20 a
983 1282 72 38 king

141 1336 31 28 in
196 1335 115 30 Satan's
332 1336 153 39 Iringdom.
529 1336 48 30 He
602 1347 60 18 was
689 1336 61 29 also
776 1336 126 30 accused
927 1336 42 39 by
989 1336 65 28 nine

142 1399 122 28 persons
292 1389 44 30 for
366 1390 225 40 extraordinary
621 1390 75 29 feats
726 1390 34 29 of
791 1390 145 39 strength,
965 1388 90 30 wMch

142 1443 86 29 could
243 1444 53 28 not
309 1443 76 30 have
400 1443 78 29 been
492 1443 219 38 accomplished
725 1444 42 38 by
778 1453 78 27 man,
870 1443 124 29 without
1007 1441 48 29 the

142 1496 161 30 assistance
318 1496 35 29 of
369 1496 51 30 the
436 1496 87 30 devil.
568 1496 36 29 In
622 1497 48 36 all,
685 1497 90 28 about
796 1496 97 39 thirty
907 1496 148 29 witnesses

141 1560 76 19 were
234 1550 94 29 called
342 1549 33 30 in
389 1552 30 27 to
434 1550 107 39 testify
557 1550 117 39 against
699 1550 62 29 Mm
784 1550 59 29 and
869 1559 96 20 scores
980 1558 75 20 more

140 1603 97 39 might
251 1604 74 29 have
341 1604 77 29 been
444 1604 158 37 produced,
617 1604 55 29 but
694 1603 84 30 these
806 1613 77 20 were
910 1601 145 41 adjudged

140 1657 148 29 sufficient
302 1658 30 28 to
348 1657 44 28 fix
405 1666 81 27 upon
500 1657 62 29 him
576 1657 51 29 the
644 1657 151 29 character
809 1657 35 29 of
861 1668 17 19 a
893 1657 95 29 witch.

183 1709 65 30 One
264 1710 34 29 of
314 1710 51 29 the
381 1709 123 30 females
527 1710 174 37 bewitched,
717 1710 133 30 testified
875 1711 66 29 that
955 1711 30 28 in
1007 1709 50 30 her

140 1762 130 38 distress,
285 1773 18 20 a
316 1763 78 30 little
409 1762 89 30 black
513 1762 103 31 haired
630 1773 69 19 man
714 1765 149 37 appeared
878 1766 30 28 to
924 1764 53 29 her
996 1772 61 29 say-

140 1816 53 39 ing
218 1816 46 29 Ms
289 1826 86 20 name
401 1826 59 19 was
487 1816 180 39 Burroughs.
712 1817 49 29 He
787 1817 51 30 bid
864 1818 52 30 her
938 1820 56 35 put
1007 1817 50 29 her
