1116 1935
1022 95 38 31 47

352 108 111 20 GEORGE
487 108 176 20 BURROUGHS.

36 196 67 37 part
126 195 34 29 of
178 195 64 29 said
271 196 184 39 Burrough's
471 196 78 36 land,
564 196 139 40 formerly
722 196 88 39 given
836 196 61 28 him
919 196 42 38 by
979 201 74 38 \^\y^

37 247 50 30 the
104 248 107 38 people
228 249 34 29 of
280 249 167 36 Falmouth,
462 249 44 30 for
529 249 51 30 the
608 250 58 29 end
690 249 99 30 before
816 249 145 38 express

37 301 72 29 This
123 301 80 38 land,
219 303 176 39 amounting
410 303 30 30 to
456 303 91 29 about
562 312 55 20 one
633 302 136 29 hundred
789 302 59 29 and
863 312 101 19 seven-

37 357 37 38 ty
89 365 91 27 acres,
195 355 57 29 Mr.
268 356 175 39 Burroughs
458 356 97 39 freely
569 356 212 38 relinquished,
796 356 32 28 at
849 355 50 29 the
922 365 42 19 re-

38 410 88 37 quest
141 408 34 29 of
192 408 53 30 the
261 410 90 36 town,
364 409 98 30 which
477 409 95 29 shows
595 409 51 29 the
670 408 105 30 liberal
797 408 57 29 and
878 408 87 29 disin-

39 461 132 30 terested
187 462 87 38 spirit
290 462 33 29 of
341 462 50 29 the
415 472 76 19 man.
535 462 49 29 He
610 472 76 19 even
710 462 109 29 offered
842 463 30 27 to
897 461 67 39 give

42 516 81 28 them
138 516 119 39 twenty
272 525 83 19 acres
369 525 90 27 more,
474 515 27 29 if
518 515 76 39 they
608 515 113 29 wished
736 514 32 37 it,
782 514 127 30 without
923 523 44 20 ac-

43 568 122 39 cepting
191 568 32 29 in
248 570 114 35 return,
385 569 77 29 then
489 568 72 29 offer
585 568 33 29 of
636 577 54 20 one
716 567 137 30 hundred
877 577 91 27 acres,

44 632 79 19 some
140 621 134 30 distance
291 622 45 29 off.

86 676 55 30 Mr.
157 676 175 39 Burroughs
348 676 161 30 continued
523 677 31 28 to
569 676 109 39 preach
694 677 30 27 to
744 675 51 29 the
818 675 105 38 people
940 674 33 29 of

44 730 166 36 Falmouth,
225 730 80 29 until
318 730 52 29 the
386 739 74 30 year
484 728 90 38 1690,
622 729 88 29 when
734 728 51 29 the
808 730 79 27 town
909 737 61 20 was

44 782 112 30 sacked
180 783 44 39 by
246 782 52 30 the
495 782 59 29 and
577 782 38 29 he
639 782 149 29 retreated
810 783 32 27 to
868 781 102 29 Wells.

46 837 61 28 But
121 846 18 19 a
153 845 105 20 severe
273 836 69 29 trial
365 836 126 29 awaited
514 836 69 28 Mm.
628 835 49 29 He
702 845 61 19 was
786 845 55 19 one
868 834 33 30 of
919 835 51 29 the

46 892 145 39 unhappy
205 892 128 29 number
347 891 65 29 who
429 891 53 29 fell
496 890 119 30 victims
640 892 31 27 to
694 889 66 29 that
776 887 196 32 extraordina-

47 955 36 30 ry
109 944 136 30 delusion
271 944 34 30 of
332 944 53 30 the
411 943 199 30 seventeenth
639 943 135 38 century,
799 941 171 30 witchcraft.

49 998 60 29 The
125 998 180 29 indictment
319 997 120 38 against
452 997 63 28 Mm
529 1006 60 19 was
606 1005 32 20 as
653 995 113 29 follows
777 1005 6 18 :

91 1115 61 30 The
164 1116 99 39 jurors
277 1116 45 29 for
338 1125 53 20 our
407 1114 157 39 sovereign
578 1114 65 29 lord
658 1113 58 30 and
736 1113 80 38 lady,
830 1112 51 29 the
896 1112 77 39 king

49 1169 60 31 and
134 1179 107 29 queen,
267 1170 130 37 present,
422 1168 67 29 that
515 1168 117 39 George
653 1166 182 39 Burroughs,
856 1166 60 29 late
944 1164 33 29 of

51 1223 165 37 Falmouth,
239 1223 32 28 in
296 1222 51 29 the
374 1221 145 30 Province
546 1221 34 29 of
597 1219 235 30 Massachusetts
846 1218 75 38 Bay,
942 1218 32 28 in

51 1276 73 30 New
139 1276 149 39 England,
303 1274 93 38 clerk,
409 1274 52 30 the
479 1273 55 30 9th
548 1274 60 38 day
623 1273 33 29 of
666 1273 83 38 May,
763 1272 31 29 in
808 1271 51 29 the
875 1270 99 30 fourth

50 1340 73 29 year
138 1330 34 30 of
189 1330 52 29 the
257 1329 87 39 reign
359 1328 34 29 of
411 1338 53 18 our
479 1327 158 38 sovereign
651 1326 64 29 lord
730 1325 58 29 and
803 1324 80 38 lady,
904 1323 72 29 Wil-

51 1383 69 30 liam
136 1384 58 29 and
209 1383 98 39 Mary,
321 1383 43 38 by
379 1381 51 30 the
447 1390 87 30 grace
550 1379 34 30 of
603 1378 74 37 God,
691 1378 34 29 of
734 1377 146 39 England,
897 1375 79 30 Scot-

52 1437 79 37 land,
145 1437 124 35 France,
284 1436 58 29 and
367 1434 129 37 Ireland,
511 1433 77 39 king
612 1432 60 29 and
698 1440 106 29 queen,
819 1429 157 30 defenders

53 1490 34 29 of
102 1490 51 30 the
169 1489 84 37 faith,
269 1488 55 30 &c.
341 1488 58 29 and
415 1487 98 29 divers
536 1485 84 30 other
644 1484 74 39 days
744 1483 59 29 and
827 1483 95 35 times,
943 1492 33 18 as

53 1544 67 29 well
149 1543 102 30 before
281 1552 32 19 as
344 1541 77 29 after
451 1538 112 31 certain
593 1537 165 30 detestable
785 1538 71 34 acts,
882 1535 94 30 called

53 1597 166 30 witchcraft
234 1596 59 30 and
309 1593 150 37 sorceries,
473 1592 151 39 wickedly
639 1591 59 29 and
712 1588 179 39 felomously
904 1587 73 30 hath

53 1651 83 37 used,
151 1649 158 41 practised,
324 1648 60 30 and
400 1645 163 37 exercised,
578 1646 31 28 at
623 1644 59 29 and
696 1643 105 30 within
822 1642 52 29 the
889 1642 89 28 town-

53 1704 67 40 sMp
146 1704 34 30 of
198 1704 109 36 Salem,
321 1702 33 29 in
379 1702 52 29 the
459 1698 120 39 County
594 1698 34 29 of
644 1697 98 29 Essex
765 1693 153 38 aforesaid,
938 1693 40 38 in,

53 1769 89 29 upon,
157 1758 59 29 and
231 1756 120 40 against
366 1764 54 21 one
436 1753 90 39 Mary
540 1752 139 35 Wolcott,
694 1750 34 29 of
747 1748 99 31 Salem
860 1748 118 39 village,

53 1813 32 29 in
103 1813 53 29 the
181 1810 122 40 County
318 1809 34 30 of
369 1809 106 35 Essex,
490 1805 97 39 smgle
611 1813 122 27 woman,
747 1803 43 39 by
804 1801 96 30 wMch
915 1801 65 30 said

54 1865 119 32 wicked
188 1865 70 35 arts,
273 1863 51 29 the
341 1863 64 29 said
420 1860 91 39 Mary
525 1858 139 36 Wolcott,
678 1867 38 19 on
731 1856 51 30 the
809 1855 52 30 9th
876 1855 59 40 day
951 1854 31 30 of
