1116 1935
148 106 176 22 CHRONICLES
348 109 33 19 OF
405 109 139 21 EIGHTEEN
566 109 132 21 HUNDRED
722 109 56 21 AND
803 110 93 20 SEVEN.

1038 100 41 30 55

49 192 63 30 tion
127 193 67 29 that
210 195 130 37 adopted
355 196 51 30 the
423 197 111 30 federal
550 198 201 34 constitution,
767 200 29 27 to
819 197 95 31 which
937 197 35 29 he
998 207 11 4 ~
1009 207 36 10 —
1045 208 23 9 -

273 248 7 7 •
996 228 76 20 1807.

51 248 58 27 and
125 248 46 28 his
187 249 199 30 constituents
407 261 77 19 were
508 253 31 27 at
553 251 66 29 first
641 251 130 38 opposed
784 262 6 25 ;
813 251 55 29 but
889 250 86 30 when
1011 272 43 20 Jan

50 300 37 29 he
111 300 92 30 heard
227 301 51 31 the
305 304 66 29 able
398 305 174 38 arguments
602 304 30 29 in
663 305 38 28 its
731 304 90 37 favor,
850 304 36 29 he
917 313 59 20 was

51 354 164 30 convinced
231 355 34 30 of
282 355 47 31 Ms
346 366 80 20 error
449 358 59 28 and
534 358 135 30 resolved
693 359 53 28 not
767 359 30 27 to
813 367 109 28 oppose
945 357 31 29 it.

51 407 48 30 He
115 409 143 29 returned
273 410 31 28 to
320 409 45 29 Ms
382 410 198 30 constituents
595 410 58 29 and
674 410 141 39 repeated
837 410 51 29 the
911 410 66 29 able

51 463 173 36 arguments
239 462 97 30 which
351 463 59 29 had
425 463 163 30 convinced
612 463 62 29 him
698 463 32 29 of
747 463 47 29 his
810 472 86 28 error,
918 463 59 29 and

52 515 62 28 told
138 515 84 29 them
246 515 67 30 that
337 515 38 30 he
400 516 87 30 could
510 518 60 35 not,
594 516 257 39 conscientiously,
867 526 109 28 oppose

51 568 50 29 the
117 568 203 30 constitution.
365 569 71 29 TMs
450 569 159 29 honorable
633 579 102 19 course
758 569 120 29 excited
900 568 78 30 their

52 621 202 38 approbation,
270 623 59 28 and
344 622 78 30 after
437 632 18 20 a
470 622 123 39 general
608 621 199 31 consultation
829 621 75 30 with
925 621 52 30 the

53 675 103 39 people
173 675 33 29 of
224 675 152 39 Andover,
390 676 75 39 they
481 676 118 30 desired
613 676 63 29 him
699 677 30 29 to
752 677 104 28 return
871 676 32 28 to
925 675 52 29 the

53 729 178 29 convention
246 730 59 28 and
320 730 69 28 vote
413 729 159 40 according
596 730 32 28 to
652 729 50 29 the
729 729 127 29 dictates
882 728 33 30 of
932 728 46 29 his

53 792 63 20 own
132 782 182 37 conscience,
330 783 59 29 and
414 783 76 39 they
503 782 99 30 would
625 782 155 39 acquiesce
806 782 32 29 in
862 782 51 29 the
936 791 42 20 re-

53 836 66 30 sult.
163 835 49 30 He
240 835 52 30 did
317 846 42 27 so,
384 836 58 29 and
469 835 149 30 defended
643 835 124 29 himself
794 835 32 29 in
850 845 39 19 an
909 835 66 29 able

53 890 107 39 speech
182 890 31 28 to
239 890 68 29 that
330 890 122 29 learned
467 890 89 39 body,
571 889 59 29 and
645 889 90 29 voted
750 888 44 30 for
816 888 51 30 the
892 888 86 38 adop-

53 943 62 28 tion
130 943 33 28 of
173 943 52 28 the
242 943 203 28 constitution.

94 995 45 31 As
155 1006 17 20 a
186 997 121 39 lawyer,
322 996 56 29 Mr.
403 995 138 40 Symmes
563 995 116 30 ranked
704 995 74 39 high
803 1005 108 29 among
933 994 44 29 his

55 1050 233 39 cotemporaries.
334 1050 49 29 He
405 1060 62 19 was
491 1060 39 19 an
555 1050 66 28 able
645 1049 58 29 and
729 1049 142 38 eloquent
893 1048 84 29 advo-

54 1105 72 28 cate.
171 1104 48 29 He
235 1104 62 29 also
320 1103 156 39 possessed
503 1113 17 19 a
545 1102 107 40 Mghly
668 1101 164 31 cultivated
854 1101 123 39 literary

53 1159 84 28 taste.
181 1157 30 30 A
227 1157 91 30 series
334 1156 34 30 of
385 1156 46 30 Ms
458 1156 128 37 articles,
602 1155 126 30 entitled
779 1154 198 29 Communica-

177 1211 121 29 written
313 1211 91 28 about
418 1210 51 28 the
493 1219 75 30 year
592 1207 91 37 1795,
697 1208 32 28 in
745 1207 122 30 defence
884 1206 33 30 of
927 1206 50 29 the

54 1274 132 20 common
201 1265 57 29 law
273 1264 120 40 against
407 1263 51 29 the
483 1261 133 39 political
630 1260 126 30 fanatics
780 1260 33 29 of
830 1260 66 28 that
911 1260 66 38 day,

53 1328 75 20 were
144 1318 146 39 masterly
304 1316 193 40 productions
513 1316 59 28 and
582 1324 78 19 were
675 1313 192 40 republished
882 1312 30 29 in
927 1312 50 29 the

53 1371 144 39 principal
222 1381 108 28 papers
357 1370 34 28 of
419 1369 51 29 the
494 1368 108 29 UMon.
656 1366 55 29 Mr.
737 1365 146 40 Symmes,
906 1365 71 29 with

54 1425 114 29 several
183 1424 85 30 other
294 1421 224 41 distinguished
542 1421 181 39 gentlemen,
739 1418 187 30 contributed
948 1419 29 28 to

54 1478 87 30 make
166 1477 52 30 the
243 1476 177 40 periodicals
447 1475 34 29 of
504 1474 60 29 this
588 1472 103 40 period
717 1471 178 38 interesting
920 1470 57 30 and

54 1531 144 29 valuable.

94 1585 55 29 Mr.
167 1585 139 40 Symmes
321 1583 60 30 had
396 1592 37 20 no
449 1581 106 39 family
571 1580 33 29 of
621 1580 47 28 his
693 1588 74 27 own,
781 1578 55 30 but
859 1577 37 30 he
919 1586 58 21 was

52 1639 152 38 zealously
220 1637 167 31 interested
403 1636 32 29 in
449 1636 52 29 the
518 1635 157 29 education
690 1634 34 29 of
741 1632 104 40 youth.

94 1692 139 30 January
259 1691 47 29 12.
353 1691 61 29 The
442 1689 101 30 Maine
569 1687 90 30 Bank
685 1697 60 19 was
773 1685 115 30 broken
917 1685 61 29 into

52 1746 152 39 Saturday
221 1745 131 39 evening
367 1743 59 30 and
450 1741 113 30 robbed
586 1741 33 28 of
637 1741 91 28 about
751 1740 58 28 two
833 1738 145 30 thousand

50 1802 116 28 dollars.
211 1799 51 30 An
288 1798 148 30 Irishman
460 1806 61 19 was
548 1794 213 40 apprehended
790 1793 59 30 and
873 1803 17 20 a
912 1795 66 37 part

49 1855 34 29 of
100 1854 50 30 the
182 1862 111 28 money
308 1849 174 31 discovered
506 1848 96 30 under
624 1857 18 20 a
663 1848 83 36 barn,
762 1846 157 31 concealed
948 1847 30 29 in

102 1908 47 25 old
167 1905 65 28 oair
248 1905 33 28 of
299 1904 180 29 Dantaloons.
