1116 1935
13 61 35 28 50

411 69 110 19 GEORGE
544 68 175 20 BURROUGHS.

17 191 7 16 1
35 190 47 17 690

114 157 172 39 Burroughs
311 167 35 18 on
372 167 79 19 some
477 157 145 30 business,
637 156 85 28 when
743 156 36 28 he
795 154 81 30 fixed
892 154 45 28 his
961 162 70 30 eyes

113 212 130 38 intently
258 221 79 28 upon
353 211 67 29 him.
476 210 62 30 The
554 219 79 20 same
650 208 136 39 evening,
801 208 87 29 while
911 207 120 39 Keysar

112 274 60 20 was
187 264 31 29 in
232 264 46 29 his
294 274 64 19 own
374 264 101 36 house,
490 263 31 29 in
536 273 17 19 a
574 272 81 19 room
680 262 97 28 where
804 261 83 28 there
911 269 60 20 was
993 269 38 20 no

112 317 85 39 light,
220 317 37 29 he
282 327 59 18 saw
367 318 119 37 strange
513 324 199 30 appearances
742 314 31 29 in
801 313 52 30 the
884 313 147 39 chimney,

112 370 96 30 which
224 371 117 29 seemed
357 372 29 27 to
402 370 61 29 him
486 371 30 27 to
540 369 37 29 be
604 367 167 39 something
796 367 63 29 like
875 367 77 38 jelly
966 367 65 28 that

112 424 74 29 used
201 425 30 27 to
247 424 36 29 be
299 423 31 29 in
345 423 50 29 the
411 424 99 28 water.
554 422 48 29 He
619 422 148 38 supposed
782 421 37 28 he
836 430 59 19 saw
910 430 17 19 a
939 420 92 29 dozen

113 477 33 29 of
163 477 90 37 them,
267 477 96 29 which
378 477 155 39 strangely
547 475 143 40 quivered
705 475 58 29 and
778 474 73 30 then
867 474 164 37 disappear-

114 531 44 28 ed.
201 529 119 40 During
335 530 50 29 the
402 529 130 39 evening
545 529 39 29 he
600 538 60 19 saw
676 538 17 19 a
706 527 80 39 light
799 538 41 27 up
866 527 52 29 the
945 527 86 28 chim-

112 593 69 29 ney,
196 583 90 29 about
300 583 51 29 the
366 582 122 39 bigness
503 582 33 29 of
553 592 18 18 a
585 582 88 36 hand,
687 580 96 29 which
807 580 119 29 seemed
948 581 31 28 to
993 580 37 29 be

112 636 31 29 in
158 636 117 29 motion.
320 635 56 30 His
392 636 79 29 maid
485 645 60 20 saw
560 635 51 29 the
627 643 89 27 same,
730 634 55 29 but
799 633 46 29 Ms
860 632 68 30 wife
952 632 79 30 look-

114 689 36 29 ed
165 689 59 28 and
240 689 84 29 could
340 690 52 28 not
407 698 49 20 see
479 688 30 29 it
561 687 50 29 He
633 687 163 29 concluded
820 686 25 28 it
866 695 61 19 was
951 695 79 19 some

113 742 154 28 diabolical
282 742 158 36 operation.

156 794 63 30 One
247 794 33 29 of
297 794 51 30 the
373 794 155 30 witnesses
550 803 61 20 was
637 793 114 30 tMown
777 792 61 29 into
863 803 18 18 a
902 793 77 29 state
1001 792 32 29 of

113 847 108 37 horror,
246 857 79 29 upon
352 847 104 39 seeing
479 847 50 29 the
557 847 104 39 ghosts
687 846 33 29 of
748 846 56 29 Mr.
833 846 196 39 Burroughs's

112 901 77 36 wife,
203 901 96 29 which
314 901 73 29 then
402 901 148 38 appeared
573 900 99 30 before
698 900 62 29 him
783 899 108 40 crying
904 899 45 30 for
964 909 67 21 ven-

113 963 119 29 geance.
277 953 93 30 Other
385 953 154 30 witnesses
554 953 91 39 being
661 953 95 29 called
771 952 41 38 in,
823 952 132 30 affirmed
966 952 64 30 that

112 1007 74 37 they
202 1017 59 18 saw
275 1007 51 29 the
343 1016 80 20 same
440 1007 99 37 spirits
554 1006 101 29 before
671 1006 89 29 them.

156 1059 61 30 The
232 1059 163 40 testimony
410 1059 33 30 of
461 1060 114 30 several
600 1059 181 30 individuals
804 1069 61 20 was
887 1059 144 36 received,

113 1112 64 30 who
192 1112 132 30 testified
338 1112 65 30 that
424 1112 74 40 they
513 1112 59 29 had
596 1112 77 29 been
697 1112 123 30 witches
844 1112 187 35 themselves,

113 1166 58 29 and
186 1166 66 29 that
274 1165 116 40 George
406 1166 173 39 Burroughs
604 1164 59 31 had
686 1166 76 29 been
788 1168 31 27 to
844 1166 187 29 witch-meet-

112 1218 68 39 ings
194 1218 74 30 with
282 1218 82 30 them
364 1236 43 4 —
408 1218 65 30 that
495 1218 38 30 he
556 1218 60 30 had
631 1218 66 30 first
720 1219 130 29 seduced
873 1219 82 29 them
970 1219 61 29 into

111 1272 51 29 the
182 1281 102 20 snares
307 1272 34 28 of
357 1272 144 39 witchery
502 1289 43 5 —
545 1272 66 29 that
633 1272 38 29 he
695 1272 58 29 had
780 1272 148 39 promised
950 1272 81 29 them

111 1325 59 30 fine
187 1325 132 39 clothing
319 1343 43 4 —
362 1325 67 30 that
442 1325 37 30 he
495 1325 59 30 had
568 1325 132 39 brought
714 1325 102 30 thorns
832 1327 30 27 to
882 1326 91 36 them,
987 1325 44 30 for

110 1377 51 30 the
177 1377 144 40 afflicting
336 1378 34 29 of
387 1379 115 38 people,
518 1378 59 30 and
591 1378 66 30 that
672 1378 37 30 he
726 1378 145 30 exhorted
893 1379 83 30 them
1003 1381 28 27 to

109 1431 128 29 bewitch
263 1432 39 28 all
329 1431 100 30 Salem
451 1432 117 39 village.
612 1431 30 29 It
665 1441 61 19 was
751 1432 142 36 testified,
907 1432 66 29 that
994 1432 37 29 al-

109 1484 116 39 though
239 1483 55 30 Mr.
310 1484 174 39 Burroughs
498 1494 60 20 was
573 1494 18 20 a
606 1484 85 30 small
706 1495 77 26 man,
798 1485 38 29 he
858 1485 60 29 had
939 1485 92 30 taken

109 1548 40 28 up
165 1548 18 18 a
198 1548 71 28 gun,
279 1537 51 30 the
346 1537 97 30 barrel
458 1537 33 29 of
501 1537 98 30 wMch
613 1548 60 19 was
688 1548 93 20 seven
795 1537 64 30 feet
872 1538 32 29 in
918 1537 114 40 length,

109 1591 58 29 and
181 1591 71 29 held
267 1591 25 29 it
307 1592 52 28 out
374 1592 31 28 at
419 1592 86 28 arm's
519 1591 107 40 length
627 1609 42 4 —
669 1591 66 29 that
749 1591 39 29 he
803 1592 87 29 made
905 1592 126 39 notMng

109 1643 33 29 of
158 1643 111 40 takmg
284 1654 40 28 up
340 1644 111 29 barrels
467 1643 34 30 of
518 1644 81 30 cider
624 1644 58 29 and
705 1644 143 30 molasses
864 1645 58 30 and
938 1654 94 31 carry-

107 1696 53 40 ing
175 1697 83 29 them
280 1697 47 37 off,
349 1697 130 39 through
503 1699 79 27 most
607 1697 126 30 difficult
758 1698 108 38 places.
911 1699 69 30 Two
1003 1697 31 31 of

108 1750 50 29 the
175 1750 155 30 witnesses
346 1751 132 29 testified
501 1751 66 29 that
590 1750 55 31 Mr.
661 1751 183 40 Burroughs,
859 1753 43 40 by
916 1752 115 39 merely

107 1802 122 40 putting
258 1804 51 29 the
335 1804 61 30 fore
423 1804 97 38 finger
544 1804 34 30 of
608 1803 47 31 Ms
680 1803 81 40 right
787 1805 80 30 hand
893 1806 62 30 into
980 1806 51 29 the
