1116 1935
1030 79 37 28 23

200 90 109 20 ATTACK
332 90 34 20 OF
388 91 54 19 THE
465 91 113 19 INDIANS
603 90 35 20 ON
663 90 155 20 FALMOUTH.

988 209 65 17 1676

39 177 60 29 and
115 176 133 30 children
264 177 62 29 into
343 188 17 19 a
376 187 100 26 canoe,
490 180 31 27 to
537 188 49 19 see
603 178 79 30 what
697 178 50 29 the
769 180 106 27 matter
890 186 60 21 was
960 188 7 25 ;

41 231 55 28 but
111 230 88 29 when
214 230 37 30 he
268 241 82 19 came
367 241 72 20 near
454 242 17 19 a
487 231 84 39 point
586 232 34 28 of
636 232 79 37 land,
730 233 52 27 not
796 232 44 28 far
863 232 46 36 off,
930 230 37 29 he

44 284 91 29 found
161 284 116 29 several
304 285 34 28 of
366 285 45 28 his
437 285 168 39 neighbor's
631 285 100 39 goods,
762 285 95 29 which
883 285 85 29 made

44 337 61 29 Mm
121 337 144 29 conclude
281 337 67 29 that
361 338 79 29 their
455 347 114 20 owners
584 347 76 20 were
676 338 104 36 killed,
794 338 58 29 and
874 338 95 29 which

45 400 59 19 was
120 400 17 18 a
153 390 151 29 sufficient
318 390 136 39 warning
469 392 29 27 to
517 390 61 29 him
600 390 134 30 likewise
758 392 29 27 to
802 391 42 39 fly
859 391 44 29 for
924 391 47 28 his

45 443 60 37 life,
119 443 99 30 wMch
233 443 37 30 he
287 444 51 29 did
353 445 30 28 to
399 444 51 29 the
466 453 80 20 same
562 444 102 29 island.
709 444 88 29 After
808 454 18 19 a
847 445 125 28 number

47 497 33 30 of
97 497 83 29 them
195 497 60 29 had
266 498 128 37 escaped
409 497 122 37 thither,
546 497 74 39 they
631 498 177 29 recollected
819 497 66 30 that
898 497 74 40 they

46 550 58 30 had
118 550 56 29 left
189 550 120 39 powder
333 550 112 30 beMnd
468 550 83 30 them
575 550 31 29 in
631 561 55 19 one
713 561 33 19 or
769 551 59 29 two
853 551 99 38 places
965 562 8 25 ;

49 605 179 38 Avhereupon
243 604 75 40 they
331 604 186 29 determined
532 605 30 28 to
574 605 126 28 venture
716 614 18 19 a
747 605 90 38 party
849 604 32 29 of
891 604 82 29 them

50 658 30 29 in
94 658 51 29 the
161 657 95 39 night,
271 659 31 27 to
328 658 128 38 prevent
480 657 51 29 the
557 656 123 30 Indians
694 657 75 30 from
793 657 112 39 having
927 657 47 30 ad-

50 713 127 36 vantage
193 710 136 40 thereby,
344 710 59 29 and
418 710 45 29 for
477 710 78 29 then
570 720 66 19 own
651 710 132 37 defence,
796 710 28 29 if
841 710 133 30 occasion

50 765 105 28 should
180 764 118 39 require
311 775 8 25 ;
350 764 193 39 accordingly
558 763 78 30 their
661 765 128 36 attempt
811 763 163 30 succeeded

51 818 74 36 well,
140 817 45 30 for
206 817 77 40 they
296 817 132 39 brought
451 826 86 29 away
552 826 18 19 a
590 816 98 30 barrel
711 815 34 30 of
761 816 119 38 powder
901 816 75 29 from

52 871 49 30 the
128 871 92 29 house
247 870 35 30 of
299 880 56 20 one
371 870 103 37 Wells,
489 870 59 29 and
570 869 135 29 likewise
732 880 18 18 a
775 869 200 29 considerable

53 925 138 39 quantity
207 926 53 27 out
275 924 34 29 of
327 934 17 19 a
360 924 84 29 chest
459 923 32 29 in
507 933 18 20 a
547 923 190 36 store-house,
752 922 97 30 where
864 922 51 30 the
930 921 47 30 In-

52 979 84 29 dians
150 978 59 30 had
224 979 78 29 been
324 977 190 38 ransacking,
528 976 59 30 and
601 976 59 29 had
683 975 94 30 taken
798 975 102 39 firings
926 977 51 27 out

53 1032 33 30 of
117 1032 51 29 the
194 1031 86 30 other
306 1031 58 29 end
391 1031 34 29 of
450 1031 52 28 the
529 1030 96 36 chest,
639 1031 54 37 yet
718 1029 179 30 overlooked
924 1028 52 30 the

55 1086 124 37 powder.

95 1138 89 30 After
209 1137 86 30 these
322 1136 212 39 depredations
556 1145 78 20 were
661 1135 171 30 committed
857 1135 43 39 by
924 1135 52 29 the

56 1191 129 38 Indians,
200 1191 116 29 several
338 1190 128 29 families
492 1189 140 29 removed
647 1190 30 28 to
692 1188 120 30 Jewel's
834 1187 101 30 Island
936 1205 43 4 —

56 1245 110 39 hoping
180 1244 86 30 there
288 1245 32 27 to
345 1243 38 29 be
408 1252 80 20 more
515 1251 103 20 secure
629 1252 7 27 ;
658 1242 55 28 but
727 1251 31 18 m
774 1251 17 19 a
806 1240 57 30 few
877 1240 102 30 weeks

56 1298 50 30 the
130 1297 131 37 Indians,
276 1298 31 28 to
323 1307 18 18 a
357 1295 202 30 considerable
583 1295 133 35 number,
737 1294 117 38 finding
879 1303 37 19 no
938 1303 42 19 re-

56 1351 127 30 sistance
200 1351 96 33 made,
310 1350 82 28 went
406 1350 31 27 to
452 1348 51 29 the
519 1347 101 29 Island
635 1346 73 29 with
722 1346 52 29 the
789 1345 148 29 intention
951 1345 34 29 of

59 1404 174 40 destroying
247 1403 32 29 it.
324 1401 37 29 In
376 1401 51 29 the
443 1410 88 19 mean
554 1400 72 28 time
642 1399 51 29 the
708 1399 127 38 English
858 1399 60 29 had
939 1408 42 20 re-

58 1458 102 38 paired
174 1459 31 28 to
222 1467 17 19 a
254 1455 132 30 fortified
403 1454 102 36 house,
519 1452 98 30 where
632 1451 76 39 they
723 1451 146 38 expected
890 1452 31 28 to
943 1451 37 29 be

59 1521 111 20 secure.
214 1510 63 29 But
292 1509 88 30 when
395 1507 51 29 the
472 1505 123 30 Indians
620 1505 87 29 made
723 1515 37 18 an
775 1505 113 28 assault
902 1514 80 28 upon

58 1564 51 30 the
126 1563 144 40 garrison,
287 1562 79 30 most
381 1561 34 29 of
432 1560 51 29 the
499 1559 107 39 people
632 1567 77 21 were
736 1558 113 36 absent,
864 1559 119 36 except-

58 1618 54 29 ing
125 1627 116 20 women
256 1616 60 29 and
332 1615 142 29 children.
519 1611 131 30 Richard
671 1610 94 38 Potts,
780 1610 72 29 with
873 1611 58 28 two
954 1610 32 29 of

59 1671 46 29 Ms
121 1670 200 40 companions,
347 1677 78 21 were
448 1666 31 29 in
494 1676 18 19 a
526 1666 78 36 boat,
626 1664 159 40 employed
809 1663 32 30 in
865 1663 118 40 fishing,

61 1725 86 29 while
162 1724 48 30 Ms
225 1723 69 30 wife
309 1732 62 20 was
385 1720 136 38 washing
537 1718 112 30 clothes
664 1727 72 20 near
747 1717 50 29 the
810 1716 92 38 shore,
911 1716 72 29 with

62 1777 52 31 her
129 1777 135 31 children
278 1776 43 39 by
335 1776 54 28 her
405 1774 72 30 side.
521 1771 71 30 Mrs.
608 1771 87 29 Potts
710 1770 59 30 and
784 1770 51 29 the
852 1770 131 29 children

62 1842 75 20 were
153 1831 95 30 taken
263 1830 42 37 by
320 1829 51 30 the
387 1827 122 31 Indians
525 1825 31 29 in
570 1825 51 29 the
637 1833 141 30 presence
795 1822 32 30 of
852 1822 53 31 her
918 1823 66 29 hus-
