1116 1935
1040 74 36 29 39

157 88 176 22 CHRONICLES
358 91 33 19 OF
413 92 138 18 EIGHTEEN
573 92 132 18 HUNDRED
730 91 55 19 AND
809 90 71 20 FOUR.

998 200 63 16 1804

101 174 95 38 Dean,
218 176 104 30 James
345 179 58 28 and
424 179 82 29 Eliza
531 179 99 29 Wood.

102 227 79 40 Day,
204 229 106 30 Calvin
332 231 58 29 and
413 231 88 39 Mary
523 232 131 29 Farnam.

102 280 164 40 Dennison,
290 282 138 31 Solomon
451 286 59 28 and
532 285 88 39 Mary
642 286 131 28 Warren.

102 335 99 38 Drew,
223 336 132 32 Andrew
378 339 57 29 and
458 339 97 39 Lydia
575 339 131 29 Warren.

102 389 148 38 DeCosta,
271 391 81 29 John
374 392 59 29 and
455 392 89 29 Anna
565 392 120 29 Adams.

102 442 152 37 Emerson,
276 444 103 29 James
402 446 58 27 and
482 444 115 30 Almira
619 445 125 28 Bowers.

102 495 100 39 Ervin,
224 496 82 29 John
328 498 58 29 and
408 497 119 30 Martha
548 497 198 29 Drinkwater.

103 549 171 40 Emberley,
298 550 135 39 Stephen
455 551 58 28 and
535 551 163 28 Mehitable
722 549 105 30 Sweet.

102 603 101 35 Flood,
225 603 103 30 James
350 604 59 29 and
431 604 83 29 Eliza
536 603 134 30 Parsons.

105 656 112 37 Foster,
240 656 122 30 Charles
385 657 59 29 and
466 657 106 39 Nancy
593 657 122 30 Poland.

104 710 97 36 Flinn,
223 710 126 29 Thomas
371 711 59 28 and
453 710 88 39 Mary
563 711 100 29 Jones.

104 763 130 38 Farmer,
255 764 103 30 James
381 765 58 29 and
461 764 116 40 Betsey
599 765 104 29 Webb.

106 816 112 38 Griffin,
240 816 132 31 William
394 817 34 30 P.
451 818 59 29 and
532 817 115 30 Rachel
668 817 140 30 Wiswall.

107 870 105 37 Green,
235 871 132 29 Richard
389 871 59 29 and
472 871 83 39 Sally
578 870 239 29 Crowninshield.

106 925 148 38 Hopkins,
276 925 102 29 James
401 924 37 29 D.
461 926 58 28 and
543 924 111 30 Dorcas
677 924 124 30 Tucker.

106 978 85 37 Hart,
213 978 121 30 Francis
357 979 59 29 and
440 977 84 39 Sally
549 977 106 30 Baker.

107 1031 141 38 Harinan,
270 1031 81 30 John
373 1031 59 29 and
454 1031 114 39 Betsey
590 1031 106 39 Riggs.

107 1085 78 36 Hall,
209 1084 121 30 Simeon
353 1085 58 29 and
434 1084 122 30 Harriet
579 1084 152 29 Thrasher.

107 1137 130 30 Herbert
258 1138 81 29 John
361 1137 59 30 and
442 1137 90 39 Mary
553 1137 89 29 Voax
665 1136 125 29 Clinton.

107 1191 127 37 Huston,
256 1191 132 29 William
411 1191 58 28 and
491 1190 155 29 Elizabeth
668 1189 127 30 Eusties.

105 1245 171 39 Ingraham,
298 1244 102 29 James
422 1242 80 30 Milk
524 1243 58 29 and
604 1242 82 29 Eliza
708 1242 153 28 Thurston.

107 1298 101 37 Jones,
230 1296 109 39 Henry
361 1296 58 29 and
442 1296 89 39 Mary
553 1295 166 38 Windship.

105 1351 108 37 Jenks,
235 1351 115 28 Robert
372 1349 59 30 and
453 1348 95 30 Sarah
569 1348 115 29 Rivers.

106 1405 123 35 Jordan,
249 1402 126 31 Ezekiel
397 1402 58 29 and
477 1401 110 39 Nabby
609 1401 113 39 Bailey.

106 1458 122 36 Jordan,
250 1456 153 30 Jeremiah
426 1455 58 29 and
506 1454 138 30 Rebecca
665 1453 81 30 Rice.

107 1511 90 37 Kain,
220 1510 125 29 Thomas
367 1509 60 29 and
449 1507 96 40 Lydia
566 1506 154 39 Ingersoll.

106 1565 129 35 Keaton,
257 1563 115 30 Walter
395 1562 59 29 and
477 1561 94 29 Sarah
593 1560 138 29 Wiswall.

105 1617 193 40 Longfellow,
322 1616 134 38 Stephen
479 1615 59 29 and
560 1613 104 39 Zilpah
686 1611 192 31 Wadsworth.

105 1671 97 35 Lovis,
225 1669 105 30 Josiah
352 1668 59 30 and
435 1666 119 30 Martha
575 1666 115 39 Bailey.

105 1723 157 36 Lombard,
284 1721 144 39 Ephraim
450 1721 59 28 and
531 1719 76 30 Jane
631 1718 152 30 Larrabee.

107 1778 93 35 Lake,
222 1776 81 29 John
325 1776 58 28 and
407 1772 126 31 Zeruiah
555 1772 99 39 Ruby.

106 1831 173 38 Mayberry,
305 1828 120 29 Samuel
449 1826 57 29 and
530 1825 84 39 Sally
636 1823 170 39 Pettengill.
