1116 1935
29 42 36 27 30

213 52 173 19 CHRONICLES
410 53 34 18 OF
467 52 138 19 EIGHTEEN
627 51 134 20 HUNDRED
785 51 56 20 AND
865 50 77 21 FOUR.

32 168 67 17 1804

32 214 67 17 March

33 1435 60 26 April.

174 138 109 30 March
300 138 46 30 26.
390 138 44 30 At
449 139 49 29 the
515 141 79 27 town
609 138 133 39 meeting
757 138 50 30 the
824 138 153 38 following
992 138 56 28 offi-

132 202 62 18 cers
210 202 76 18 were
302 193 107 27 chosen
423 204 4 16 :

175 246 82 30 Town
285 245 91 31 Clerk.
423 245 132 37 Stephen
571 245 115 30 Patten.

174 299 83 28 Town
283 299 158 28 Treasurer.
486 298 123 29 Lemuel
624 298 119 29 Weeks.

178 352 128 31 Collector
321 353 34 36 of
375 353 97 28 Taxes.
518 352 117 37 George
651 352 132 29 Warren.

170 406 155 30 Selectmen.
370 404 120 31 Samuel
506 405 152 36 Freeman,
672 404 82 30 John
776 403 134 40 Mussey,
934 403 110 39 Joseph

129 458 141 38 Titcomb,
285 458 112 38 Joseph
413 458 37 29 H.
467 458 168 38 Ingraham,
649 458 116 29 Joshua
779 458 124 38 Rogers.

169 512 72 29 Fire
263 512 108 29 Wards.
415 512 152 29 Ebenezer
578 512 100 39 Mayo,
693 511 95 39 Hugh
799 511 156 36 M'Lellan,
970 510 78 30 Dan-

128 566 39 29 iel
183 565 124 37 Tucker,
322 565 159 30 Nathamel
496 564 115 38 Fosdic,
626 565 175 39 Woodbury
814 564 108 37 Storer,
937 564 111 30 Robert

129 618 95 39 Boyd,
249 618 124 29 Lemuel
395 618 122 36 Weeks,
539 618 115 29 Joshua
668 618 125 39 Rogers,
820 618 127 29 Thomas
962 618 85 29 Web-

129 673 69 35 ster,
220 671 81 30 John
318 671 132 37 Mussey,
473 671 103 29 James
592 671 84 36 Neal,
702 671 130 29 Richard
859 671 185 29 Hunnewell.

169 724 105 30 Health
302 723 160 30 Committee.
506 723 115 30 Joshua
646 723 126 40 Rogers,
795 724 105 29 Josiah
925 723 123 39 Tucker,

128 777 63 29 Asa
218 777 101 38 Clapp,
348 777 174 39 Woodbury
549 776 109 38 Storer,
682 777 115 38 Joseph
820 777 38 29 H.
882 777 165 40 Ingraham,

130 829 119 31 Samuel
264 830 31 29 F.
311 830 131 40 Hussey,
467 830 79 30 John
561 829 134 40 Mussey,
717 830 145 30 Matthew
879 829 89 38 Cobb,
990 830 55 30 Da-

130 883 50 28 vid
196 883 105 28 Green.

172 937 57 29 For
252 938 50 28 the
329 938 83 28 office
437 937 33 29 of
488 937 141 39 Register
654 937 33 29 of
704 936 102 30 Deeds
832 937 52 29 the
900 938 148 39 following

131 991 171 39 gentlemen
325 1000 77 20 were
433 990 172 30 candidates
616 1001 6 17 :
652 989 81 30 Elias
764 989 123 38 Merrill,
917 989 130 31 Gardner

131 1043 107 38 Gould,
252 1043 83 30 Isaac
352 1043 94 39 Gage,
470 1043 134 39 Stephen
619 1043 108 37 Waite,
752 1043 126 29 Thomas
893 1043 34 29 B.
943 1043 106 37 Waite,

130 1097 74 30 Levi
228 1096 112 38 Cutter,
365 1096 84 30 Isaac
471 1096 123 37 Adams,
617 1096 154 30 Ebenezer
793 1096 101 40 Mayo,
920 1096 130 39 Stephen

130 1150 118 37 Patten,
271 1150 113 38 Joseph
400 1150 141 37 Titcomb,
555 1149 133 30 Andrew
702 1149 36 29 R.
755 1148 157 41 Giddings,
936 1149 114 40 George

130 1203 32 29 E.
188 1203 158 39 Vaughan,
371 1203 162 29 Nathamel
557 1203 121 39 Moody,
705 1202 121 30 Samuel
857 1202 194 43 Stephenson,

129 1256 114 39 Joseph
259 1256 30 29 C.
305 1257 96 39 Boyd,
424 1257 59 29 and
506 1256 80 30 John
601 1256 221 40 Frothingham.
867 1256 55 30 Mr.
938 1256 112 30 Merrill

129 1320 61 21 was
204 1311 106 39 finally
325 1311 116 29 elected
456 1311 58 29 and
528 1310 71 30 held
613 1310 51 30 the
681 1310 82 30 office
786 1310 78 30 until
887 1310 46 30 his
956 1311 95 36 death,

129 1362 253 31 whicMoccurred
397 1363 31 29 in
445 1364 90 37 1824,
550 1364 87 29 when
651 1363 37 30 he
704 1374 61 19 was
782 1364 38 29 63
836 1374 88 28 years
940 1364 34 29 of
985 1374 64 28 age.

169 1417 96 29 April
281 1417 26 29 2.
351 1418 44 29 At
410 1429 18 18 a
442 1418 134 39 meeting
591 1419 33 28 of
641 1419 52 28 the
716 1419 183 28 inhabitants
921 1419 34 29 of
972 1419 80 29 Port-

130 1472 78 37 land,
223 1473 31 28 at
268 1472 51 29 the
337 1471 91 30 Court
443 1472 112 36 House,
570 1471 45 30 for
639 1471 51 30 the
716 1472 99 29 choice
839 1472 34 29 of
892 1471 160 37 Governor,

129 1525 181 30 Lieutenant
334 1524 160 38 Governor,
518 1524 150 38 Senators,
692 1525 58 29 and
778 1524 196 38 Counsellors,
997 1524 50 30 the

128 1579 95 28 result
237 1589 60 18 was
320 1589 31 18 as
367 1579 111 28 follows
492 1590 5 16 :

173 1632 145 30 Governor.
366 1631 90 31 Caleb
473 1631 110 41 Strong
594 1633 59 29 had
666 1632 59 30 406
743 1634 83 28 votes
839 1645 8 24 ;
870 1632 103 30 James
989 1632 61 30 Sul-

125 1685 89 37 livan,
231 1685 59 31 159
305 1697 8 26 ;
484 1684 170 38 Chadwick,
671 1684 16 31 1
699 1697 7 25 ;
728 1684 133 32 William
877 1686 81 37 Hall,
975 1685 23 31 1.

175 1739 163 30 Lieidenant
371 1739 145 30 Governor.
574 1739 126 29 Edward
731 1738 37 29 H.
802 1739 143 39 Robbins,
975 1739 60 30 406
1047 1750 5 25 ;

126 1792 129 30 William
273 1793 110 37 Heath,
400 1792 58 32 156
473 1805 6 25 ;
503 1794 152 29 Barnabas
671 1792 135 33 Bidwell,
824 1794 24 29 1.
