1116 1935
1031 72 39 29 25

202 85 108 20 ATTACK
335 85 33 20 OF
391 86 54 19 THE
467 85 114 20 INDIANS
606 86 35 19 ON
666 85 154 20 FALMOUTH.

989 197 65 18 1676

47 169 57 29 had
120 169 54 31 but
188 181 18 20 a
221 176 120 26 servant
357 184 32 18 or
404 175 58 28 two
484 173 65 39 left,
570 172 54 30 Mr.
639 173 143 40 Josselyn
798 183 59 20 was
878 172 80 39 oblig-

49 223 37 28 ed
100 224 31 28 to
147 226 166 29 surrender.
358 227 61 29 The
436 229 134 27 servants
594 237 77 19 were
694 227 93 29 taken
802 227 41 39 by
858 226 51 29 the
925 225 33 29 In-

48 276 93 38 dians,
156 278 55 29 but
225 289 77 20 were
318 280 117 29 treated
451 280 109 38 kindly
574 280 43 38 by
632 280 90 29 them.

92 330 127 31 Thomas
242 332 123 38 Cobbet,
379 333 65 29 who
460 333 116 29 resided
593 343 37 18 on
650 333 189 28 Richmond's
861 332 112 35 Island,

51 394 58 19 was
139 384 94 30 taken
263 386 116 38 captive
410 387 41 38 by
480 386 51 30 the
561 395 133 30 savages.
749 385 49 29 He
825 394 58 20 was
906 385 65 28 first

51 438 145 28 wounded
212 438 41 39 by
269 449 17 19 a
302 439 66 29 shot
390 439 59 30 and
471 439 72 30 then
567 439 45 28 his
639 439 94 28 hands
758 448 76 19 were
861 438 111 39 closely

52 490 69 30 tied.
166 491 36 29 In
217 491 52 30 the
292 492 126 29 division
434 492 33 29 of
484 492 51 29 the
552 492 140 38 captives,
708 491 135 30 Cobbet's
865 492 43 28 lot
921 491 49 29 fell

52 545 30 28 to
97 554 38 19 an
150 543 107 31 Indian
273 545 33 29 of
326 545 52 30 the
393 547 90 27 worst
498 545 157 29 character.
699 544 57 29 His
778 544 76 39 duty
869 554 60 19 wTas
943 545 31 28 to

53 607 124 30 manage
193 609 18 18 a
226 598 144 39 captured
385 598 100 37 ketch,
501 598 30 28 in
547 598 108 39 sailing
680 600 30 27 to
738 597 163 39 Sheepscot
916 598 58 28 and

54 651 73 30 from
142 652 107 29 thence
265 654 30 27 to
312 652 107 38 paddle
435 662 18 19 a
468 661 90 20 canoe
582 651 73 29 with
677 651 122 30 himself
820 651 57 29 and
904 660 71 20 mas-

56 706 45 27 ter
114 706 31 27 to
161 704 176 38 Penobscot,
352 705 59 29 and
426 704 171 30 afterwards
612 706 31 27 to
659 703 107 30 Mount
780 703 116 30 Desert.
927 703 49 30 He

55 759 128 29 suffered
195 758 138 39 severely
345 758 74 29 from
434 757 119 37 famine,
565 758 74 36 cold,
650 758 59 28 and
721 757 122 39 fatigue,
854 758 58 28 and
924 757 53 29 fre-

56 812 126 39 quently
197 812 52 29 the
266 821 110 29 savage
391 811 99 30 would
506 811 79 29 draw
608 810 46 29 Ms
677 809 93 38 knife,
788 809 190 39 threatening

57 865 60 29 him
131 864 71 30 with
219 864 113 29 instant
354 864 98 37 death,
467 864 127 29 because
620 863 38 30 he
684 863 87 30 could
796 864 53 28 not
873 863 105 29 under-

59 919 85 28 stand
169 918 46 29 his
241 918 117 29 dialect.
409 917 64 29 One
501 918 69 38 day,
594 916 88 30 while
707 916 136 39 hunting,
868 916 111 38 havmg

59 972 76 29 been
150 972 132 38 exposed
304 973 31 28 to
352 980 103 21 severe
478 971 74 36 cold,
567 970 37 30 he
627 969 52 30 fell
705 970 146 29 senseless
876 971 30 27 to
928 969 52 31 the

60 1025 92 37 earth,
166 1025 59 29 and
239 1024 98 30 would
352 1024 76 30 have
444 1024 139 38 perished
605 1024 55 28 but
674 1023 44 29 for
744 1023 49 29 the
820 1023 160 29 assistance

61 1079 32 29 of
110 1088 80 20 some
205 1079 130 28 humane
360 1078 132 28 hunters.
537 1076 57 30 His
619 1077 119 36 master,
762 1078 32 27 at
819 1085 55 21 one
899 1076 82 36 time,

61 1141 59 21 was
145 1131 100 30 drunk
260 1131 44 29 for
318 1131 59 30 five
404 1129 166 31 successive
596 1129 84 40 days,
694 1128 87 31 when
806 1128 37 31 he
869 1128 112 31 abused

60 1185 60 29 Mm
135 1184 218 39 unmercifully.
397 1184 115 29 Cobbet
536 1192 61 21 was
622 1182 119 40 obliged
766 1184 31 27 to
823 1193 106 28 escape
951 1184 30 27 to

63 1239 48 29 the
127 1238 98 29 woods
241 1239 31 28 to
288 1246 69 21 save
373 1237 47 29 his
435 1236 59 30 life.
538 1235 44 30 At
606 1235 52 30 the
681 1234 166 39 expiration
862 1235 34 29 of
913 1244 68 21 mne

63 1291 100 31 weeks
178 1291 37 30 he
231 1292 78 28 most
324 1289 184 40 fortunately
523 1289 127 38 escaped
665 1289 57 29 and
738 1289 140 29 returned
893 1289 30 28 to
938 1288 44 29 his

64 1345 115 29 friends.

289 1433 6 24 I
