1116 1935
1056 81 36 29 19

220 92 109 20 ATTACK
353 93 34 19 OF
409 94 54 19 THE
486 94 115 19 INDIANS
624 94 35 19 ON
684 94 155 19 FALMOUTH.

1015 207 64 17 1676

70 177 155 38 Brackets,
240 188 38 20 on
293 180 142 40 resisting
450 181 51 29 the
525 191 133 29 savages,
683 191 59 19 was
767 181 94 29 killed
885 191 36 19 on
943 181 50 29 the

70 232 74 38 spot.
189 232 62 29 The
267 232 152 41 following
434 234 98 37 letter,
547 235 120 29 written
684 245 36 19 on
736 234 52 30 the
806 234 73 29 16th
892 234 33 29 of
935 233 59 30 Au-

71 286 78 38 gust,
163 284 90 38 1676,
268 285 25 30 is
308 287 43 38 by
366 297 37 18 an
420 287 190 38 eye-witness
626 287 33 29 of
670 287 50 29 the
736 287 111 38 bloody
858 287 136 38 tragedy.

71 360 165 31 Honoured
262 361 135 36 Mother,

122 414 89 30 After
225 425 53 29 my
291 415 77 40 duty
380 416 58 29 and
454 426 53 29 my
518 416 92 29 wife's
625 415 161 39 presented
797 417 30 27 to
838 415 160 39 yourselfe,

71 468 83 29 these
178 478 71 30 may
271 469 107 28 inform
393 479 61 29 you
470 469 33 28 of
522 468 11 41 [
543 469 51 29 the
605 468 10 41 ]
639 469 122 38 present
775 468 102 29 health
894 468 33 29 of
945 477 53 20 our

72 523 121 36 present
215 521 102 39 being,
331 521 88 30 when
443 522 84 29 other
551 522 33 29 of
606 531 53 20 our
681 521 112 30 friends
816 530 50 20 are
889 521 42 39 by
946 520 50 29 the

72 574 159 30 barbarous
246 574 130 30 heathen
393 576 51 28 cut
459 575 44 29 off
520 574 75 29 from
611 574 112 39 having
746 584 18 19 a
786 574 91 39 being
892 574 32 28 in
938 574 60 28 this

74 628 99 29 world.
226 628 62 29 The
313 628 87 37 Lord,
424 627 9 41 [
445 627 49 41 of]
517 628 69 37 late,
609 628 74 29 hath
706 627 138 30 renewed
867 627 46 29 his
937 627 62 29 wit-

74 690 101 20 nesses
191 681 119 39 against
325 690 43 28 vs,
383 681 59 29 and
457 680 73 30 hath
546 681 82 29 dealt
643 690 74 29 very
728 680 127 39 bitterly
870 679 72 29 with
956 690 43 26 vs,

75 734 31 29 in
120 734 66 28 that
200 744 45 19 we
261 744 50 19 are
328 734 144 38 deprived
488 734 33 28 of
539 734 51 28 the
606 733 122 29 sociatie
753 733 34 29 of
805 743 52 19 our
881 734 119 28 nearest

76 787 111 30 friends
202 788 42 39 by
259 787 51 30 the
335 787 149 39 breaking
507 787 32 29 in
562 787 33 29 of
613 786 51 30 the
689 786 167 30 adversarie
881 785 119 39 against

76 851 40 20 vs.
161 840 48 30 On
234 840 113 40 Friday
362 840 67 37 last,
454 839 32 30 in
512 840 50 29 the
589 839 146 39 morning,
757 849 76 29 your
856 848 65 19 own
947 848 52 19 son

76 895 72 28 with
162 904 77 29 your
253 895 59 28 two
329 903 68 19 sons
413 894 32 28 in
459 893 79 37 Law,
550 893 146 39 Anthony
709 892 29 29 &
750 892 126 29 Thomas
891 891 110 30 Brack-

77 949 38 35 et,
138 946 29 30 &
192 946 80 31 their
286 946 96 30 whole
399 946 127 29 families
549 955 78 21 were
651 945 95 29 killed
770 944 58 30 and
843 944 94 29 taken
958 944 42 39 by

76 1000 50 30 the
149 1000 132 37 Indians,
303 1010 44 19 we
372 999 90 29 know
485 1000 53 28 not
561 999 66 29 how
637 1010 8 26 ;
667 999 39 28 tis
730 997 146 39 certainly
890 997 110 29 known

76 1055 41 38 by
132 1064 34 18 us
181 1054 67 28 that
264 1054 127 28 Thomas
407 1052 24 30 is
446 1052 78 30 slain
540 1050 29 32 &
592 1051 47 29 Ms
653 1051 68 30 wife
738 1050 29 30 &
783 1050 134 30 children
942 1059 61 20 car-

76 1106 64 30 ried
162 1116 86 29 away
272 1106 118 38 captive
401 1117 7 26 ;
432 1104 30 30 &
485 1105 34 30 of
536 1104 147 40 Anthony
707 1104 30 29 &
760 1104 45 28 Ms
828 1104 106 39 family
954 1112 47 20 we

77 1160 75 29 haue
168 1170 36 18 no
220 1160 114 38 tidings
350 1159 30 29 &
395 1159 148 29 therefore
558 1158 90 29 tMnk
670 1157 66 30 that,
756 1157 75 39 they
845 1156 98 39 might
963 1156 39 29 be

78 1213 169 39 captivated
262 1213 52 29 the
330 1212 88 39 night
433 1212 111 36 before,
558 1212 127 28 because
702 1210 33 29 of
753 1209 50 29 the
819 1210 184 28 remoteness

77 1267 33 29 of
135 1266 79 30 their
236 1265 167 30 habitation
427 1265 75 29 from
525 1263 95 42 [our]
644 1262 230 40 neighborhood.
927 1259 74 31 Gin.1

78 1320 114 29 Corban
208 1319 29 29 &
253 1320 40 28 all
308 1319 47 28 Ms
370 1318 115 40 family,
502 1317 64 30 Gm.
581 1316 97 30 Lewis
702 1314 30 30 &
747 1314 45 29 Ms
806 1314 78 37 wife,
899 1314 104 29 James

77 1373 76 30 Ross
176 1373 60 30 and
259 1372 41 30 all
323 1371 46 30 his
385 1371 113 39 family,
522 1369 65 30 Gm.
602 1369 145 35 Durham,
771 1366 80 31 John
873 1365 130 39 Munjoy

77 1426 30 29 &
132 1426 111 30 Daniel
269 1424 152 40 Wakely,2
444 1423 159 40 Benjamin
629 1419 154 32 Hadwell3
807 1419 58 30 and
891 1419 40 29 all
955 1418 48 29 Ms

78 1480 111 39 family,
200 1489 50 20 are
265 1480 68 36 lost,
348 1479 41 28 all
404 1477 76 30 slain
503 1477 43 39 by
561 1485 56 20 sun
641 1485 39 18 an
703 1474 75 28 hour
800 1472 74 40 Mgh
896 1472 32 29 in
949 1471 52 30 the

78 1533 140 39 Morning
234 1532 30 30 &
286 1532 77 30 after
373 1542 7 27 ;
405 1530 65 31 Gm.
486 1529 115 36 Wallis,
623 1528 46 29 his
694 1525 141 39 dwelling
858 1525 91 29 house
972 1524 30 29 &

78 1596 76 20 none
168 1585 119 31 besides
303 1585 54 37 his,
372 1584 25 29 is
413 1584 99 29 burnt.
557 1581 94 29 There
667 1589 50 20 are
733 1579 34 29 of
777 1588 68 19 men
860 1577 75 30 slain
945 1576 37 30 11
994 1588 8 26 ;

79 1640 33 29 of
122 1649 116 21 women
251 1638 30 30 &
293 1638 143 35 children,
452 1636 39 29 23
509 1634 95 30 killed
620 1633 30 31 &
664 1632 94 30 taken
768 1629 23 39 ;4
814 1640 43 20 we
873 1629 65 30 that
953 1639 47 20 are

104 1766 6 12 i
127 1758 49 21 Gm.
194 1758 18 20 is
236 1763 13 13 a
267 1756 130 20 contraction
416 1754 24 21 of
458 1753 69 22 Good-

77 1792 55 14 man.
169 1783 101 23 Corban's
290 1784 101 19 christian
409 1788 62 14 name
485 1787 43 13 was

80 1813 85 20 T{0bert.

104 1846 8 12 2
126 1840 27 21 In
172 1845 41 15 one
231 1840 90 18 account
344 1836 24 21 of
388 1837 41 19 this
452 1835 77 20 Indian

77 1874 49 18 war,
136 1873 31 14 we
177 1867 54 20 have
242 1871 50 14 seen
307 1865 34 19 the
357 1871 62 13 name
435 1863 24 20 of
472 1861 57 22 Tsaac

78 1894 92 26 Wakely
181 1894 69 26 given,
260 1892 82 21 instead
353 1891 25 21 of
388 1889 79 22 Daniel.

583 1758 8 12 3
606 1750 52 21 This
681 1756 63 14 name
766 1749 17 20 is
807 1747 120 21 sometimes
949 1747 54 26 spelt

557 1778 83 21 Atwell.
838 1800 103 8 .,-.,,
978 1801 17 7 ,.

584 1812 7 13 4
606 1805 53 20 This
687 1803 104 21 coincides
816 1802 50 20 with
885 1801 118 21 Hubbard's

558 1834 117 22 statement,
704 1831 45 20 that
778 1828 120 27 thirty-four
917 1834 86 21 persons

558 1866 53 15 were
621 1859 65 21 killed
696 1858 41 20 and
748 1857 78 21 carried
835 1859 44 18 into
898 1859 99 23 captivity
