1117 1922
132 172 31 21 86

373 178 56 16 THE
451 179 88 15 UPPER
559 178 177 16 GREENSAND.

132 250 142 24 embraces
293 258 16 16 a
328 250 126 32 splendid
473 249 70 26 view
564 249 30 25 of
617 250 139 25 Sandown
779 249 70 31 Bay,
870 247 54 25 and
947 246 47 25 the

132 294 83 25 white
234 294 69 25 cliffs
324 294 29 24 of
372 294 110 28 Culver,
502 294 109 33 beyond
636 294 91 25 which
746 294 48 24 the
814 291 139 26 Foreland
971 290 23 26 is

132 348 64 16 seen
215 339 152 33 stretching
389 338 40 25 far
454 344 28 20 to
505 348 55 19 sea,
584 338 187 33 terminating'
783 338 66 25 with
872 346 15 16 a
913 336 80 33 light-

132 384 62 33 ship
208 384 87 25 called
342 384 59 25 The
546 384 60 24 The
619 383 59 26 cliff
693 392 66 16 runs
776 382 115 33 parallel
905 385 28 20 to
947 381 47 24 the

132 429 99 33 village
244 429 29 25 of
285 429 175 29 Bonchurch,
475 433 28 21 at
523 429 47 25 the
589 428 56 26 foot
660 428 30 26 of
706 428 91 26 which
817 436 76 16 some
907 427 86 24 hand-

132 483 76 16 some
233 474 81 25 villas
339 474 71 25 have
435 475 69 24 been
529 474 120 28 erected,
675 474 93 24 whose
795 472 120 33 gardens
941 472 53 25 and

132 519 177 25 shrubberies
331 519 100 24 extend
458 528 36 22 up
519 523 28 20 to
573 519 29 27 it,
629 518 124 32 clothing
775 518 36 25 its
836 518 67 25 base
927 517 67 25 with

132 563 167 33 vegetation,
314 564 54 23 and
387 563 65 24 thus
472 563 127 33 securing
618 563 20 24 it
660 568 41 28 (as
721 564 123 23 between
860 562 134 33 Steephill

132 609 55 24 and
201 609 40 24 St.
257 609 161 32 Lawrence)
433 608 107 33 against
561 609 47 24 the
627 609 111 24 attacks
755 608 29 25 of
800 609 48 24 the
861 609 133 24 elements

132 663 34 16 on
188 654 48 25 the
259 653 54 26 soft
336 653 67 26 beds
424 658 27 20 at
471 653 36 25 its
526 654 75 25 base.
640 654 41 25 Its
701 653 156 34 continuity
871 654 23 25 is
914 653 80 33 again

132 699 102 25 broken
248 703 27 20 at
297 698 168 25 Bonchurch
485 698 96 29 Shute,
596 699 55 24 and
670 699 47 24 the
735 699 67 25 road
816 703 28 20 to
860 698 134 26 Shanklin

132 752 95 23 passes
240 752 65 17 over
320 743 28 29 it,
364 743 110 32 leaving
487 753 35 15 on
541 744 48 25 the
602 743 73 32 right
690 744 47 25 the
750 744 60 25 cliff
826 748 27 21 at
870 745 124 24 Eastend

165 789 48 24 -the
226 797 81 16 scene
320 788 29 25 of
365 789 48 24 the
432 789 143 31 Landslip.

263 916 157 23 Chloritic
441 924 55 15 and
517 916 228 23 Fossiliferous
768 916 90 23 Marl.

167 1002 90 26 These
270 1003 77 28 beds,
363 1003 146 25 combined
528 1004 54 24 and
600 1004 145 25 measured
764 1004 69 25 from
848 1005 46 24 the
909 1013 85 24 upper

131 1056 67 17 zone
211 1047 30 26 of
256 1048 47 25 the
318 1049 84 24 Chert
417 1049 67 24 beds
503 1053 27 20 at
551 1049 47 25 the
618 1050 247 25 undermentioned
892 1051 102 31 places,

134 1093 10 24 I
166 1092 83 25 found
269 1098 28 19 to
316 1093 86 28 differ,
424 1102 29 16 as
474 1095 85 23 under
573 1104 4 14 :

133 1183 94 29 Niton,
243 1183 118 25 beneath
375 1184 46 24 the
436 1184 173 32 Lighthouse
682 1205 29 6 ...
751 1186 107 32 (about)
879 1186 47 32 5ft.
940 1195 53 23 4m.

132 1229 132 28 Ventnor,
277 1237 66 16 near
356 1229 47 24 the
418 1229 125 33 Railway
558 1230 109 25 Station
684 1251 27 4 ...
792 1251 15 9 ,,
880 1231 47 25 8ft.
941 1232 53 26 oin.

133 1273 177 30 Bonchurch,
322 1283 15 16 a
350 1275 75 32 large
439 1284 75 16 mass
527 1284 35 16 on
575 1276 48 25 the
637 1277 81 24 shore

205 1320 143 24 measured
793 1342 15 9 ,,
880 1323 48 32 gft.
942 1323 52 25 oin.

134 1364 74 25 Near
223 1364 100 25 Culver
338 1365 66 24 Cliff
474 1385 27 4 ...
790 1387 15 9 ,,
878 1367 48 32 5ft.
940 1368 54 26 oin.

180 1465 68 25 This
270 1470 116 20 stratum
413 1465 54 26 will
491 1467 33 26 be
546 1466 83 26 found
653 1472 28 21 to
706 1468 78 25 differ
802 1468 27 25 in
853 1470 36 24 its
915 1470 80 26 litho-

134 1510 99 32 logical
244 1510 185 33 composition
442 1511 27 25 in
480 1512 77 25 short
568 1512 140 25 distances
710 1529 34 2 —
745 1522 31 16 as
787 1518 28 21 at
827 1515 168 26 Bonchurch

133 1555 21 26 it
167 1555 24 26 is
209 1556 69 25 hard
292 1556 54 25 and
359 1560 138 28 compact,
512 1557 67 25 with
597 1558 50 24 but
667 1558 50 25 few
731 1558 101 30 fossils,
847 1561 54 25 and
920 1570 75 16 some

132 1600 31 25 of
176 1601 22 24 it
211 1609 125 17 assumes
349 1610 15 16 a
378 1602 91 24 bluish
489 1602 74 33 tinge
574 1612 5 19 ;
601 1608 27 20 at
643 1604 102 25 Culver
764 1604 20 26 it
803 1605 23 25 is
844 1608 151 32 extremely

133 1646 79 29 hard,
232 1646 30 25 of
281 1655 34 16 an
336 1647 100 25 almost
455 1647 61 26 buff
533 1649 102 28 colour,
656 1650 54 24 and
733 1650 122 26 exhibits
875 1653 48 24 but
944 1653 51 25 few

134 1690 90 26 fossils
237 1691 27 25 in
278 1691 78 25 relief
365 1701 4 21 ;
391 1697 27 20 at
432 1693 124 25 Ventnor
575 1693 21 26 it
616 1702 23 17 is
657 1694 70 33 light
740 1703 75 25 grey,
831 1697 54 25 and
904 1697 91 27 fossils
