1117 1922
161 187 46 24 130

453 189 138 16 tertiary
612 188 105 17 series.

159 260 158 33 publishing
337 261 41 24 his
398 266 107 27 reports
524 261 55 24 and
604 260 119 32 figuring
747 258 44 25 his
814 255 157 34 specimens
994 253 27 25 in

159 304 46 26 the
224 306 124 25 volumes
367 305 30 26 of
413 306 46 25 the
480 304 288 32 Palæontographical
784 301 120 33 Society.

378 373 117 23 Middle
523 373 136 23 Bagshot
686 371 113 25 Series.

237 429 60 24 The
326 433 87 20 strata
445 429 156 32 comprised
626 430 124 23 between
777 426 47 25 the
849 425 174 25 well-known

159 474 162 31 glasshouse
335 474 84 24 sands
437 478 28 20 at
485 474 47 24 the
552 474 66 24 base
637 472 30 25 of
684 472 119 25 Headon
825 469 69 30 Hill,
910 469 54 25 and
977 469 47 24 the

160 518 265 33 pipe-clay-bearing
440 519 83 23 sands
537 518 54 24 and
605 518 76 32 clays
695 515 143 34 overlying
846 515 48 25 the
906 514 118 25 London

161 563 77 33 Clay,
259 563 54 24 and
334 563 124 32 grouped
483 563 126 32 together
629 563 38 33 by
689 563 53 23 Mr.
762 561 106 34 Joshua
888 559 136 25 Trimmer

160 617 31 15 as
204 608 47 25 the
266 608 105 25 Middle
392 608 124 33 Bagshot
537 607 92 29 series,
646 616 71 16 were
736 606 166 25 subdivided
918 606 37 33 by
967 604 56 26 him

160 652 59 25 into
233 654 105 24 Barton
359 653 70 33 Clay
446 653 54 24 and
521 652 201 25 Bracklesham
744 652 82 24 Beds.
864 651 60 24 The
944 652 80 23 latter

160 707 47 16 are
227 698 178 32 represented
429 698 26 25 in
478 699 80 24 Alum
582 699 61 31 Bay
662 698 36 32 by
718 697 77 33 clays
817 696 55 26 and
891 696 85 25 marls
997 696 27 24 in

160 744 47 24 the
232 744 82 24 lower
340 748 72 28 part,
438 744 54 24 and
518 744 35 32 by
579 742 92 30 white,
697 743 106 33 yellow,
828 742 54 25 and
904 742 119 25 crimson

161 789 83 23 sands
258 790 96 23 above.
393 789 59 23 The
472 789 82 24 lower
574 788 67 24 beds
662 796 45 16 are
727 788 173 24 remarkable
919 787 40 25 for
977 788 47 24 the

162 834 127 33 quantity
307 834 29 24 of
352 834 145 32 vegetable
517 837 101 21 matter
637 833 148 25 contained
805 833 27 24 in
851 833 76 25 them
942 842 5 20 ;
967 838 56 24 not,

161 879 136 28 however,
312 878 26 25 in
353 879 47 24 the
419 878 87 33 shape
519 878 29 25 of
564 879 102 28 leaves,
681 887 31 16 as
730 878 23 24 is
771 878 46 25 the
832 887 63 16 case
909 878 28 25 in
950 887 75 16 some

160 924 30 25 of
211 924 48 25 the
274 925 99 24 Lower
388 924 125 32 Bagshot
527 923 77 30 beds,
619 924 49 25 but
683 923 27 25 in
731 924 47 25 the
792 923 69 25 form
875 923 30 26 of
921 923 103 33 lignite,

160 969 184 32 constituting
367 969 69 25 solid
463 969 67 25 beds
556 968 68 26 from
651 977 68 24 15m.
742 973 30 21 to
795 969 45 25 2ft.
860 978 53 24 3m.
939 969 85 25 thick.

161 1015 75 24 Four
258 1014 29 25 of
309 1014 77 25 these
408 1015 77 28 beds,
508 1015 79 24 when
610 1014 67 33 fully
698 1015 153 33 displayed,
875 1014 151 26 constitute

161 1059 185 33 conspicuous
360 1060 107 32 objects
480 1059 27 24 in
522 1059 46 24 the
583 1059 58 24 cliff
641 1075 29 2 —
674 1059 91 25 where
778 1059 67 34 they
856 1060 106 32 project
977 1064 47 20 out

160 1104 30 24 of
200 1104 48 24 the
359 1108 88 20 strata
449 1120 34 2 —
485 1104 54 24 and
553 1113 35 15 on
607 1104 48 24 the
673 1104 89 29 shore,
777 1104 69 25 from
860 1104 72 25 their
944 1105 81 25 black

162 1149 54 25 and
241 1149 129 25 coal-like
396 1158 183 24 appearance.
618 1149 90 25 These
731 1149 68 25 beds
822 1149 29 25 of
873 1150 61 25 coal
955 1159 71 17 were

161 1195 123 32 recently
306 1204 75 15 more
402 1195 67 24 than
492 1195 109 32 usually
622 1195 60 25 well
705 1194 154 34 displayed,
882 1195 28 25 in
932 1204 92 16 conse-

163 1248 105 23 quence
281 1239 30 25 of
322 1240 47 24 the
382 1240 164 31 prevalence
560 1239 31 25 of
601 1240 63 32 long
678 1240 150 25 continued
839 1245 52 20 wet
905 1242 121 24 weather

162 1285 103 32 having
279 1293 74 16 worn
368 1293 78 25 away
459 1286 48 24 the
526 1285 53 25 soft
599 1286 174 33 intervening
792 1291 89 21 strata
894 1287 28 25 in
935 1287 90 25 which

162 1330 66 34 they
253 1339 45 16 are
324 1330 156 25 imbedded.
530 1331 44 25 On
602 1331 159 33 examining
785 1332 77 25 them
887 1333 99 33 during
1011 1342 16 16 a

164 1375 71 25 brief
257 1375 64 25 visit
354 1376 81 25 made
467 1381 28 20 to
528 1376 46 25 the
608 1377 104 29 Island,
739 1377 27 25 in
798 1387 138 25 company
960 1379 67 25 with

164 1420 73 25 Prof.
254 1421 130 33 Ramsay,
398 1421 100 33 during
517 1422 47 25 the
579 1422 123 25 Autumn
717 1423 29 24 of
760 1425 73 27 1860,
848 1424 20 25 it
889 1425 138 32 appeared

163 1465 110 26 evident
292 1466 61 25 that
373 1466 47 25 the
440 1467 68 24 beds
527 1467 27 24 in
577 1468 129 32 question
724 1477 85 17 occur
832 1478 75 17 more
933 1469 26 25 in
980 1470 47 25 the

163 1519 113 16 manner
297 1511 29 24 of
342 1512 130 34 ordinary
491 1513 61 24 coal
572 1513 67 24 than
659 1513 30 25 of
709 1523 75 16 mere
807 1514 105 33 lignite.
957 1515 70 26 Like

164 1560 59 19 true
244 1557 69 27 coal,
328 1556 69 24 each
411 1557 53 24 bed
477 1566 57 16 was
553 1558 87 25 based
660 1568 74 22 upon
748 1568 15 16 a
778 1564 118 21 stratum
911 1561 29 24 of
957 1562 69 32 clay,

162 1600 169 33 containing,
346 1603 173 32 apparently,
533 1602 47 25 the
599 1604 115 25 rootlets
732 1604 30 25 of
778 1606 102 31 plants,
895 1615 31 16 as
939 1606 27 25 in
980 1607 47 24 the

162 1646 149 32 underclay
325 1646 28 24 of
364 1646 48 25 the
425 1651 61 20 true

305 1706 8 11 •
323 1707 57 16 Mem.
386 1707 51 16 Geol.
447 1708 61 19 Surv.,
516 1709 86 19 Bristow,
613 1710 38 16 Isle
659 1711 20 16 of
687 1712 74 20 Wight.
772 1713 48 18 1862,
829 1717 19 16 p.
857 1715 26 14 4.1.
