1117 1922
1024 166 2 4 187

481 146 136 16 PITLANDS
638 146 79 16 FARM.

217 216 60 25 The
290 216 171 25 destruction
475 216 29 25 of
520 217 78 24 these
617 225 87 24 upper
723 221 87 20 strata
823 217 23 24 is
860 217 168 33 continually

170 261 83 33 going
272 270 44 21 on,
336 262 55 25 and
413 262 20 25 it
457 262 22 24 is
501 263 65 33 only
587 263 79 24 when
690 263 37 33 by
749 271 75 16 some
849 271 83 16 cause
952 271 74 16 more

170 306 103 25 violent
299 307 67 25 than
392 308 88 28 usual,
503 313 77 27 great
606 317 105 16 masses
736 307 55 29 fall,
814 308 60 24 that
899 307 21 25 it
942 307 86 25 forces

172 351 75 25 itself
264 361 73 24 upon
363 352 47 25 the
435 352 91 25 notice
552 352 54 25 and
631 353 128 24 becomes
785 352 139 25 recorded.
970 352 58 25 The

172 396 61 25 The
247 406 87 23 upper
357 401 88 21 strata
467 407 46 16 are
534 398 58 24 also
612 398 82 24 much
711 397 114 33 jointed,
839 398 65 25 thus
917 397 111 32 offering

172 451 15 15 a
206 442 85 33 ready
304 446 131 22 entrance
457 442 39 26 for
512 447 85 21 water
617 444 55 24 and
690 443 47 25 the
756 444 168 31 subsequent
938 443 90 25 action

171 486 30 24 of
218 486 76 24 frost.

219 533 60 24 One
302 533 52 32 slip
377 533 104 24 formed
502 542 16 15 a
537 542 107 16 narrow
662 541 91 24 gorge,
774 534 98 23 almost
898 533 130 33 exposing

172 577 47 24 the
233 577 163 34 underlying
407 578 99 24 Lower
517 578 171 25 Greensand.
727 578 109 24 Similar
850 578 66 32 slips
927 586 101 24 appear

174 622 159 28 inevitable,
359 622 54 25 and
439 623 46 24 the
511 623 67 24 road
610 623 87 24 above
728 623 46 24 the
799 622 59 25 cliff
888 622 49 25 has
962 622 66 25 been

172 666 147 34 destroyed
346 676 74 16 more
440 667 67 24 than
529 676 77 15 once.
645 667 67 24 This
738 666 86 34 might
849 666 123 34 possibly
997 667 31 25 be

172 712 151 32 prevented
337 712 37 33 by
386 721 16 15 a
416 721 74 16 more
507 711 102 26 careful
627 716 101 28 system
742 711 30 25 of
788 711 138 33 drainage,
940 711 88 26 which

173 757 91 25 would
276 766 81 24 carry
369 757 40 25 off
426 758 47 24 the
492 757 107 25 surface
612 761 84 21 water
716 761 27 21 to
762 766 75 16 some
856 757 106 31 degree,
976 757 52 24 and

174 806 115 27 prevent
303 802 47 24 the
364 801 158 32 separation
535 801 30 25 of
576 802 46 24 the
637 810 85 23 upper
736 802 75 24 beds.

221 846 142 32 Referring
377 850 29 21 to
424 846 48 25 the
491 846 119 32 landslip
623 846 29 25 of
672 854 72 23 1799,
758 846 91 25 which
867 846 65 25 took
951 847 78 30 place

175 891 69 24 after
266 900 16 15 a
302 892 160 31 protracted
483 891 75 28 frost,
583 900 14 15 a
620 890 78 29 farm,
721 891 98 24 known
843 899 29 16 as
895 890 134 28 Pitlands,

174 936 44 24 fell
232 936 69 24 from
315 936 48 24 the
375 936 60 24 cliff
450 935 57 24 into
526 936 47 23 the
593 943 54 21 sea,
661 935 126 32 together
802 934 66 25 with
882 935 46 24 the
941 935 88 27 rocks,

173 985 73 21 trees
259 981 55 24 and
329 981 79 24 other
422 980 158 33 vegetation
599 980 27 24 in
647 980 35 24 its
700 980 233 32 neighbourhood.
971 980 58 23 The

173 1026 139 32 following
324 1025 23 26 is
367 1035 35 16 an
421 1030 118 20 account
559 1025 29 25 of
607 1025 47 25 the
673 1025 176 32 catastrophe
869 1025 27 24 in
915 1034 16 15 a
949 1025 80 23 letter

173 1072 93 29 dated,
297 1071 95 29 Niton,
420 1072 142 31 February
590 1071 57 32 9th,
675 1078 72 24 1799,
772 1070 138 33 appeared
935 1069 26 25 in
984 1069 45 25 the

203 1118 55 23 Isle
270 1116 30 25 of
317 1116 98 32 Wight
431 1116 147 32 Magazine
623 1115 29 25 of
667 1116 48 24 the
727 1124 75 16 same
815 1124 63 23 year
890 1125 4 14 :
898 1130 33 3 —

235 1163 74 23 Dear
324 1161 89 28 Sir,—
415 1161 153 32 Yesterday
581 1161 10 24 I
607 1169 56 16 was
677 1159 106 25 desired
798 1161 34 31 by
845 1168 67 24 your
926 1163 104 24 tenant,

173 1207 101 24 farmer
290 1207 123 32 Harvey,
427 1210 28 20 to
469 1213 34 24 go
523 1205 80 25 down
623 1209 27 20 to
666 1204 134 27 Pitlands,
815 1208 28 20 to
856 1204 64 24 take
933 1213 15 15 a
961 1202 70 26 view

173 1252 30 25 of
213 1260 67 25 your
295 1255 111 28 cottage
421 1250 80 28 their,
516 1249 27 25 in
562 1249 79 25 order
661 1254 28 20 to
709 1248 202 25 communicate
930 1252 28 21 to
976 1257 54 24 you

173 1296 74 26 what
267 1296 113 25 follows.
418 1296 93 23 About
531 1294 130 32 Tuesday
681 1294 63 28 last,
761 1293 48 25 the
827 1293 88 25 whole
936 1292 29 25 of
984 1293 46 25 the

174 1342 107 32 ground
295 1341 68 25 from
379 1341 47 25 the
440 1340 58 25 cliff
514 1341 87 24 above
621 1348 56 16 was
696 1348 63 15 seen
773 1339 26 23 in
813 1338 113 29 motion,
941 1338 90 25 which

174 1387 105 25 motion
301 1395 57 17 was
384 1386 123 25 directed
529 1390 28 20 to
583 1385 46 25 the
651 1394 55 18 sea,
727 1385 93 32 nearly
833 1384 27 23 in
879 1392 15 15 a
914 1384 116 32 straight

173 1433 63 24 line.
275 1433 115 32 Harvey
412 1430 146 34 perceived
580 1430 47 25 the
649 1430 85 24 house
756 1434 29 20 to
807 1430 33 24 be
862 1428 94 33 falling
977 1428 54 25 and

174 1478 65 26 took
253 1483 48 20 out
315 1478 47 24 the
373 1477 112 24 curious
499 1476 113 32 antique
623 1475 99 25 chairs.
760 1475 58 24 The
828 1474 106 32 ground
945 1474 86 25 above

174 1523 150 33 beginning
337 1522 66 25 with
418 1531 15 15 a
452 1526 77 28 great
549 1521 114 24 founder
683 1525 26 19 at
724 1520 47 24 the
784 1520 65 24 base
862 1518 30 26 of
908 1519 46 25 the
967 1518 64 29 cliff,

174 1568 189 32 immediately
379 1567 85 24 under
485 1566 39 25 St.
540 1565 173 25 Catherine's
733 1566 98 27 Down,
844 1564 66 32 kept
928 1563 103 32 gliding

174 1614 127 28 forward,
324 1613 55 25 and
404 1616 28 21 at
451 1613 53 24 last
524 1611 102 25 rushed
645 1619 34 15 on
699 1610 66 25 with
785 1609 130 28 violence,
936 1609 95 32 totally

174 1659 139 31 changing
334 1658 47 25 the
402 1657 106 25 surface
534 1656 28 25 of
585 1656 35 24 all
646 1655 46 25 the
713 1655 106 33 ground
841 1658 28 21 to
893 1654 47 25 the
965 1658 66 20 west
