1117 1922
108 190 30 29 58

341 196 56 15 THE
424 195 97 16 LOWER
546 193 177 18 GREENSAND.

156 268 60 24 The
237 267 88 25 whole
347 266 101 32 ending
474 265 67 25 with
563 265 48 24 the
635 263 84 26 white
745 261 83 25 chalk
850 258 71 26 cliffs
945 256 29 26 of

110 312 183 28 Freshwater,
313 312 99 28 which,
433 319 34 16 on
489 319 15 15 a
527 310 73 24 clear
618 309 63 32 day,
695 307 81 26 when
795 306 48 25 the
863 304 110 25 colours

110 357 29 25 of
148 357 48 25 the
209 366 47 16 sea
270 356 54 25 and
338 356 50 34 sky
402 365 45 15 are
464 355 119 25 blended
602 362 35 17 on
656 354 48 25 the
723 352 105 26 distant
848 348 124 27 horizon,

111 403 54 25 and
177 403 49 25 the
238 402 49 25 red
301 402 53 25 and
368 401 83 26 white
470 401 69 25 cliffs
556 409 45 16 are
615 399 105 33 lighted
739 406 38 24 up
797 398 36 31 by
846 396 48 25 the
912 403 60 19 sun,

110 448 23 24 is
147 456 15 16 a
176 456 81 16 scene
270 446 91 26 which
375 446 98 33 deeply
486 445 148 33 impresses
650 445 47 24 the
711 450 125 25 memory
849 440 29 26 of
894 440 80 25 those

111 493 61 24 who
193 492 104 25 admire
317 495 77 22 coast
414 491 55 25 and
487 490 94 26 inland
601 498 115 22 scenery
735 486 157 26 combined.

143 661 168 23 Indication
338 668 33 16 of
397 660 181 23 Conditions
605 666 98 16 under
731 664 97 16 which
855 663 91 16 these

355 711 80 23 Beds
458 717 82 16 were
566 709 175 24 Deposited.

191 804 24 24 It
230 812 118 24 appears
361 803 62 24 that
438 807 5 10 '
453 806 28 21 at
495 802 47 25 the
556 802 74 24 close
643 801 30 25 of
688 801 48 25 the
750 801 137 25 Wealden
900 801 77 25 there

115 859 56 17 was
185 859 16 15 a
215 849 106 25 sudden
341 848 161 33 depression
515 848 30 24 of
560 848 47 24 the
627 848 53 24 bed
694 847 29 25 of
739 848 48 24 the
800 851 77 29 great
892 846 85 25 fresh-

115 900 85 21 water
223 899 120 29 estuary,
369 894 54 25 and
444 903 34 16 an
499 893 87 26 influx
607 893 28 26 of
660 893 48 26 the
730 902 56 17 sea.
835 893 61 25 The
917 893 60 25 first

115 942 80 24 effect
209 941 29 24 of
255 941 69 24 such
337 949 36 15 an
386 940 87 24 influx
485 940 93 24 would
591 940 34 24 be
638 939 47 25 the
699 938 173 26 destruction
885 938 30 26 of
931 939 47 25 the

115 986 117 26 animals
255 986 27 25 in
304 986 48 25 the
371 990 114 29 estuary
502 989 49 21 not
571 985 122 32 adapted
712 984 40 25 for
771 985 87 32 living
877 984 28 24 in
924 985 53 24 salt

115 1037 85 21 water
209 1041 4 21 ;
228 1033 87 24 hence
325 1041 41 17 we
375 1031 57 25 find
446 1041 15 15 a
474 1031 71 25 total
558 1030 172 26 destruction
740 1030 29 25 of
780 1031 47 24 the
841 1030 137 25 Wealden

116 1079 126 28 animals,
257 1078 47 24 the
317 1077 120 25 remains
452 1076 29 26 of
496 1076 92 26 which
608 1077 175 25 accumulate
797 1077 121 25 towards
932 1077 47 25 the

116 1124 77 33 point
208 1124 29 25 of
253 1124 47 25 the
310 1123 126 33 junction
451 1123 29 25 of
496 1123 61 24 that
573 1123 149 24 formation
735 1123 68 25 with
816 1123 48 24 the
880 1124 99 24 Lower

117 1169 164 27 Greensand
282 1185 33 2 —
318 1178 15 16 a
353 1168 56 26 fact
430 1168 92 26 which
542 1168 137 25 indicates
701 1168 48 25 the
769 1173 99 21 nature
887 1168 29 26 of
933 1169 47 25 the

117 1216 114 31 change.
270 1216 79 24 Even
369 1215 46 25 the
430 1214 144 29 Cerithium,
594 1214 134 33 although
749 1214 147 33 belonging
916 1218 29 22 to
965 1223 15 17 a

117 1270 95 24 genus,
227 1269 83 25 many
324 1260 106 33 species
449 1260 30 25 of
494 1260 91 26 which
606 1269 46 16 are
672 1262 117 31 capable
802 1261 31 24 of
848 1261 86 33 living
953 1261 28 24 in

118 1306 47 25 the
178 1306 100 32 depths
298 1306 29 24 of
342 1306 48 24 the
409 1314 55 20 sea,
485 1314 56 17 was
561 1306 156 33 destroyed,
732 1306 250 33 notwithstanding

118 1352 61 25 that
198 1351 36 25 its
253 1360 174 24 appearance
449 1351 65 33 only
532 1351 28 24 in
573 1351 48 25 the
634 1356 162 28 uppermost
807 1353 68 24 beds
889 1352 29 25 of
933 1352 49 25 the

119 1398 137 24 Wealden
269 1397 136 25 indicates
425 1397 60 25 that
506 1396 35 26 its
560 1406 134 23 presence
712 1398 78 24 there
810 1407 57 16 was
886 1399 53 24 due
953 1402 29 21 to

118 1443 48 24 the
186 1446 237 20 commencement
444 1442 30 24 of
489 1442 48 24 the
554 1451 67 25 very
634 1447 72 20 state
727 1443 29 25 of
776 1444 94 33 things
890 1444 92 26 which

119 1488 158 32 eventually
291 1487 146 33 destroyed
459 1487 29 25 it.
534 1488 74 24 That
629 1488 48 24 the
697 1488 162 33 depression
879 1499 57 16 was
956 1490 29 25 of

121 1541 75 16 some
204 1536 104 25 extent,
322 1533 106 32 though
441 1537 58 24 not,
510 1533 130 32 perhaps,
652 1533 30 24 of
692 1542 68 17 verv
769 1543 84 25 many
861 1535 122 25 fathoms

120 1577 23 26 is
156 1577 141 25 indicated
319 1578 36 32 by
368 1577 47 25 the
434 1582 98 20 nature
551 1577 29 25 of
596 1578 48 25 the
663 1578 118 26 animals
800 1580 93 25 which
909 1582 74 25 lived

121 1623 27 25 in
173 1623 47 24 the
250 1622 180 25 first-formed
455 1623 123 29 sea-bed,
605 1623 55 25 and
684 1624 101 30 which,
811 1626 81 25 when
918 1627 67 34 they

121 1667 72 29 died,
215 1676 70 17 were
307 1667 73 25 often
403 1667 154 25 embedded
579 1667 27 25 in
627 1668 47 25 the
695 1669 55 24 fine
772 1671 55 24 and
847 1673 138 34 probably

121 1712 223 33 fast-depositing
366 1713 66 24 mud
452 1712 26 25 in
501 1713 46 24 the
563 1713 116 25 vertical
700 1715 121 30 position
844 1717 28 25 in
892 1719 91 26 which
