1117 1922
121 189 29 27 98

411 190 90 15 chalk
520 189 168 16 formation.

166 264 59 23 The
238 262 207 25 characteristic
459 260 90 25 fossils
564 260 27 25 of
602 260 55 25 this
671 260 53 25 bed
738 267 46 17 are
796 268 5 16 :
805 274 32 3 —

121 343 161 25 Ammonites
295 340 217 30 Rhotomagensis

583 339 131 24 Baculites
729 339 116 32 Faujasii

583 374 143 24 Tnrrelites
746 375 116 22 costatus
886 372 91 30 (com.)

298 384 100 14 varians

122 412 136 31 Scaphites
271 411 108 23 striatus

564 408 1 29 I
585 408 117 24 Hamites
714 410 152 21 attenuatns

458 789 78 14 Unmitps
547 791 100 12 attetniatus.

169 893 91 25 About
284 893 76 25 three
381 902 30 15 or
434 892 59 25 four
514 892 52 25 feet
588 893 97 28 above,
706 897 54 21 two
783 893 89 24 bands
891 902 92 19 occur,

122 938 151 32 consisting
287 938 28 25 of
333 946 34 16 an
383 946 87 24 upper
492 938 54 25 and
564 939 91 28 lower,
670 938 54 24 and
743 946 46 16 are
802 937 182 26 intercalated

122 985 122 23 between
259 984 45 24 the
319 983 52 25 soft
386 984 181 32 argillaceous
580 983 127 24 material
724 983 93 24 before
831 984 153 24 described.

122 1029 78 33 They
214 1038 45 15 are
274 1029 84 25 about
372 1037 51 16 one
440 1029 56 24 foot
510 1033 28 20 to
553 1029 126 32 eighteen
693 1028 95 25 inches
802 1033 89 28 apart.
927 1029 58 25 The

123 1074 153 25 lowermost
291 1073 22 25 is
325 1074 148 32 composed
487 1073 29 25 of
527 1083 15 15 a
556 1073 69 25 hard
636 1073 202 25 buff-coloured
851 1074 124 25 material

124 1119 53 24 and
203 1118 125 25 contains
351 1120 47 23 but
425 1118 50 26 few
500 1118 98 25 fossils.
655 1119 59 24 The
744 1129 87 22 upper
862 1119 24 26 is
912 1129 73 16 more

125 1164 157 28 laminated,
304 1164 53 25 and
376 1164 127 25 contains
505 1180 33 3 —

127 1215 134 32 Scaphites
275 1216 107 23 striatus
403 1215 91 31 (com.)
569 1217 163 23 Ammonites
750 1217 217 33 Rhotomagensis

127 1250 162 22 Ammonites
304 1250 102 22 varians
568 1250 124 24 Holaster
704 1251 94 30 planus

173 1300 95 24 Above
295 1300 77 24 these
401 1300 178 25 fossiliferous
609 1310 92 19 zones,
727 1302 91 25 which
848 1311 46 16 are
919 1302 67 25 from

127 1344 58 33 fifty
205 1349 28 20 to
254 1344 72 33 sixty
346 1344 52 25 feet
421 1344 69 25 from
513 1346 47 24 the
581 1347 143 24 basement
746 1348 61 28 bed,
831 1348 47 24 the
898 1348 90 24 fossils

127 1390 112 24 become
259 1394 104 28 scanty,
384 1390 54 25 and
461 1399 83 24 many
569 1390 30 26 of
619 1391 47 25 the
686 1392 107 32 species
815 1394 101 24 named
935 1394 53 24 dis-

127 1443 111 23 appear.
287 1435 38 24 As
348 1435 46 24 the
416 1439 87 21 strata
527 1437 173 31 approaches
723 1438 46 24 the
792 1438 75 33 Grey
890 1438 98 30 Chalk,

127 1478 35 25 its
185 1478 168 33 lithological
376 1480 143 24 character
543 1482 128 24 becomes
692 1482 126 33 changed
839 1484 55 25 and
914 1493 75 16 more

127 1523 158 25 laminated.
323 1525 59 23 The
402 1524 137 34 following
558 1526 91 25 fossils
668 1536 46 16 are
740 1533 72 21 most
835 1528 154 34 frequently

130 1572 53 20 met
205 1569 65 23 with
282 1579 5 13 :
290 1585 32 2 —

131 1637 161 23 Ammonites
304 1638 100 22 catinus

569 1639 137 33 Scaphites
719 1644 118 22 costatus

568 1674 124 25 Nautilus
708 1676 117 24 radiatus

302 1672 156 23 navicularis

303 1706 165 23 Sussexensis

569 1708 96 25 Pecten
679 1709 117 25 Beaverii
