1117 1922
433 149 56 16 THE
509 149 92 16 CHALK
620 149 81 16 MARL.

948 149 43 16 101

138 218 116 25 nodular
268 219 90 29 chalk,
373 219 66 25 with
453 220 77 24 veins
547 221 28 24 of
591 230 15 14 a
625 221 96 33 yellow
734 221 54 24 and
805 221 156 24 sometimes
980 230 15 15 a

137 270 83 24 green
234 264 103 24 colour.
373 265 96 24 Above
482 265 56 25 this
552 266 52 25 bed
618 275 45 15 are
676 266 47 24 the
735 266 82 25 lower
830 266 67 24 beds
910 265 29 25 of
949 266 46 24 the

138 308 97 31 Upper
248 308 97 29 Chalk,
357 309 66 24 with
435 310 78 24 small
522 309 83 29 flints,
616 310 102 32 resting
727 319 73 23 upon
811 310 45 25 the
865 315 53 20 two
929 310 66 25 beds

138 352 29 24 of
184 352 70 25 hard
274 361 65 25 grey
361 354 91 29 chalk,
467 354 90 26 which
576 355 23 25 is
622 356 82 24 much
727 355 67 25 used
815 355 39 25 for
873 355 123 32 building

138 405 134 24 purposes
286 397 27 25 in
326 398 48 24 the
386 398 236 33 neighbourhood,
641 408 29 17 as
688 408 34 17 an
740 400 152 32 inspection
906 400 28 25 of
950 400 46 25 the

138 442 101 25 houses
262 443 55 25 and
337 443 78 25 other
442 444 138 33 buildings
603 445 54 24 will
679 446 83 24 show.
801 446 127 24 Between
950 446 46 23 the

140 487 97 32 Upper
248 488 55 25 and
314 489 99 24 Lower
425 490 88 23 Chalk
526 489 27 24 in
567 490 55 24 this
632 490 40 32 pit
686 491 22 23 is
719 499 15 15 a
746 499 74 16 seam
833 491 29 24 of
873 490 123 25 blackish

138 531 98 26 friable
254 533 66 25 rock
331 541 6 22 ;
358 533 20 25 it
398 533 90 25 varies
508 534 68 24 from
599 544 34 15 an
656 535 63 24 inch
737 539 29 21 to
784 539 55 21 two
856 535 94 25 inches
969 535 27 24 in

138 577 151 30 thickness,
304 579 54 24 and
378 588 117 23 appears
514 584 28 20 to
562 580 102 25 consist
683 580 29 25 of
728 581 142 32 vegetable
888 584 107 21 matter.

140 623 69 24 This
222 624 136 33 probably
371 624 135 25 indicates
520 634 16 15 a
549 625 84 24 break
651 624 26 25 in
695 625 46 25 the
754 624 130 33 deposits.
922 626 74 24 Most

140 668 30 25 of
186 668 47 25 the
252 668 56 33 pits
321 672 28 22 at
369 669 46 25 the
429 669 66 25 base
512 669 29 25 of
557 670 47 24 the
618 670 129 25 southern
766 669 62 26 hills
846 670 71 25 have
929 670 69 25 been

139 714 154 25 excavated
311 713 28 25 in
358 714 47 25 the
425 715 89 24 Chalk
529 715 80 28 Marl,
624 715 54 25 and
697 723 82 25 many
795 715 30 25 of
840 715 75 25 them
934 723 63 17 con-

139 758 59 25 tain
221 758 91 26 fossils
334 758 30 26 of
383 759 47 25 the
449 760 80 24 usual
551 759 151 25 character.
740 760 60 24 The
819 760 88 24 Chalk
927 760 71 24 Marl

141 803 55 25 and
218 804 76 32 Grey
308 804 89 24 Chalk
417 804 23 24 is
460 805 58 23 also
536 809 55 20 met
608 805 67 24 with
696 805 81 31 along
795 805 46 24 the
861 805 93 24 shores
972 804 29 25 of

141 848 48 25 the
208 849 157 25 Undercliff
381 850 123 24 between
525 850 165 24 Bonchurch
711 850 53 23 and
784 850 175 28 Rockenend,
972 849 28 24 in

142 893 82 24 fallen
245 894 105 28 blocks,
374 898 127 28 amongst
523 895 47 23 the
591 894 76 24 ruins
689 894 29 24 of
734 895 47 23 the
801 898 88 21 strata
910 894 90 25 which

139 939 72 24 have
225 939 82 24 fallen
320 939 71 24 from
404 939 47 24 the
465 939 77 28 cliffs,
557 948 30 15 or
598 939 22 24 is
634 939 83 25 noted
729 939 90 25 where
838 939 20 25 it
872 939 128 33 occupies

140 992 16 16 a
179 983 122 33 position
324 988 28 20 at
373 983 47 25 the
440 983 82 33 edges
544 983 30 25 of
592 983 47 25 the
660 984 130 24 southern
811 983 62 25 hills
895 983 40 25 for
954 984 46 24 the

139 1028 93 31 heavy
250 1037 81 22 crops
352 1028 29 25 of
397 1037 66 16 corn
482 1028 92 25 raised
592 1037 74 22 upon
685 1033 35 20 its
740 1028 58 25 soil.

186 1074 59 24 The
265 1073 139 31 following
427 1082 46 16 are
495 1074 47 25 the
566 1073 207 25 characteristic
795 1073 89 26 fossils
906 1073 30 26 of
954 1074 45 25 the

139 1119 90 24 Chalk
249 1119 73 24 Marl
342 1118 29 25 of
387 1119 48 24 the
455 1119 54 24 Isle
528 1118 29 25 of

574 1118 98 30 Wight
684 1127 40 21 ;—

138 1176 126 24 Nautilus
277 1176 106 33 elegans

196 1229 14 11 „
270 1219 130 23 expansus

141 1244 144 23 Turrelites
297 1244 181 23 tubercula'-us

593 1176 164 22 Ammonites
773 1175 165 23 Sussexensis

675 1229 15 8 „
769 1210 119 23 Mantelli

595 1243 168 23 Terebratula
777 1252 92 14 carnea

209 1298 14 10 ,,
294 1278 118 32 Bergerii

208 1331 14 9 „
293 1315 117 22 costatus

674 1297 15 8 ,,
773 1278 113 24 billicata

675 1331 14 10 „
770 1312 106 31 globosa

595 1346 178 32 Pholodomya
787 1346 136 24 decussata

593 1380 95 23 Natica
702 1380 157 23 Rostellaria

595 1414 109 23 Palatial
717 1414 72 23 teeth
802 1414 27 23 of
842 1414 128 32 Hybodus

595 1447 81 25 Teeth
690 1447 28 24 of
738 1448 99 24 several
858 1447 97 33 species
973 1448 26 23 of

663 1482 86 22 Shark

140 1347 136 32 Scaphites
289 1347 106 32 œqualis

138 1381 122 22 Hamites
273 1382 152 21 attenuatus

196 1434 16 8 ,,
272 1417 115 21 armatus

140 1449 133 25 Baculites
282 1457 94 23 anceps

138 1483 166 25 Ammonites
329 1482 217 32 Rhotomagensis

138 1518 166 23 Ammonites
336 1517 101 24 varians
475 1517 71 29 (four

207 1551 135 29 varieties)

138 1618 61 25 The
217 1618 59 24 first
297 1617 119 25 thirteen
436 1616 28 25 of
480 1616 78 25 these
575 1624 46 16 are
640 1615 105 25 termed
762 1615 46 25 the
826 1615 171 32 Cephalopoda,

138 1663 55 26 and
208 1663 63 33 (like
285 1661 190 27 the.Nautilus
486 1660 28 25 of
525 1661 47 24 the
582 1664 109 29 present
702 1660 63 34 day)
778 1668 45 17 are
833 1660 164 25 chambered
