1117 1922
143 186 47 16 110

435 188 89 15 CHALK
546 188 167 15 FORMATION.

143 260 22 23 A
193 260 74 25 short
299 259 125 26 distance
455 260 68 24 from
549 260 30 27 it,
606 260 115 23 another
751 256 138 34 imposing
921 255 80 26 block

143 313 106 20 occurs,
270 305 87 25 called
376 305 48 24 the
472 305 68 30 Stag

188 349 174 26 Freshwater
382 350 84 28 Cave,
486 349 27 25 in
535 349 48 25 the
606 353 67 21 west
693 348 58 25 side
773 348 30 24 of
822 348 48 24 the
890 348 70 32 Bay,
980 346 22 25 is

141 394 104 26 formed
259 395 115 33 entirely
386 395 30 25 of
433 403 104 17 masses
551 394 29 25 of
596 394 139 25 fractured
747 393 75 27 rock,
838 392 54 25 and
906 400 96 16 access

141 448 52 16 can
217 440 64 33 only
306 441 34 23 be
364 440 116 24 effected
505 443 28 21 at
558 441 53 23 low
635 444 86 20 water
734 447 4 21 ;
765 438 35 25 its
826 442 132 20 entrance
980 436 22 25 is

142 493 34 16 an
190 486 128 33 archway
331 486 84 24 about
435 486 77 24 three
531 486 83 33 yards
630 485 26 24 in
675 485 134 24 diameter
823 488 28 20 at
866 483 47 25 the
926 483 76 28 base,

141 530 53 25 and
215 539 75 16 some
309 535 103 27 twenty
430 530 53 25 feet
503 530 26 25 in
550 530 103 32 height.

188 576 32 24 In
233 576 77 24 these
324 575 122 29 outliers,
461 585 30 15 as
505 575 26 25 in
546 576 46 24 the
606 575 69 25 cliffs
689 575 148 32 generally,
852 574 47 24 the
913 574 88 33 layers

140 620 30 25 of
192 620 58 26 flint
277 630 63 24 may
364 621 34 25 be
424 630 72 19 seen,
519 619 126 33 marking
666 620 47 25 the
735 619 85 26 white
842 619 81 25 chalk
949 619 52 24 like

141 665 80 25 black
242 666 69 24 lines
334 666 77 24 ruled
434 666 156 33 diagonally
613 674 93 16 across
733 674 14 16 a
768 665 76 25 sheet
867 664 30 25 of
919 664 82 26 white

141 719 94 23 paper.

187 756 41 25 To
247 757 47 24 the
313 760 58 21 east
391 756 29 25 of
439 757 46 24 the
506 757 60 33 Bay
583 756 23 24 is
627 756 94 24 Nodes
741 757 121 27 Beacon,
882 755 53 25 and
955 756 46 24 the

140 801 69 25 cliffs
229 802 63 25 take
314 811 14 15 a
350 802 115 32 gradual
485 801 53 25 rise
560 801 30 25 of
612 803 50 30 617
681 801 62 29 feet,
763 801 140 33 equalling
922 801 79 24 those

140 847 29 25 of
190 847 76 32 High
289 848 97 25 Down.
424 848 60 24 The
506 852 117 21 western
649 847 58 25 side
729 846 30 25 of
774 846 57 26 this
850 847 105 24 beacon
978 846 23 26 is

139 893 88 24 called
248 893 59 24 The
327 893 76 24 Main
423 894 104 28 Bench,
545 894 47 23 the
612 897 108 20 eastern
739 892 67 29 side,
822 892 60 25 The
896 893 103 24 Nodes.

140 937 59 24 The
213 937 59 25 face
285 937 29 25 of
330 938 47 24 the
391 938 69 24 cliffs
473 938 23 24 is
509 938 141 24 tunnelled
664 939 36 32 by
712 945 149 17 numerous
875 937 124 29 cavities,

139 983 119 32 through
284 992 52 15 one
360 983 30 24 of
412 983 90 25 which
529 992 14 15 a
563 983 62 24 cold
651 983 95 32 spring
767 982 30 25 of
819 982 74 25 fresh
915 987 85 20 water

138 1028 158 33 constantly
314 1027 85 27 flows.
437 1028 68 26 Two
524 1028 29 25 of
573 1028 78 25 these
670 1028 110 25 tunnels
782 1044 34 2 —
817 1027 183 34 respectively

138 1081 50 16 200
201 1072 52 26 feet
268 1073 54 24 and
336 1082 32 22 90
381 1072 53 26 feet
448 1073 64 32 long
513 1089 33 3 —
548 1082 46 16 are
613 1073 89 25 called
721 1073 156 32 Neptune's
891 1074 90 25 Caves
993 1082 5 21 ;

137 1118 80 25 those
235 1118 100 25 known
355 1127 31 16 as
433 1118 75 25 Lord
529 1119 110 24 Holm's
660 1119 124 28 Parlour,
800 1118 130 30 Kitchen,
945 1120 54 23 and

298 1171 46 16 are
363 1162 171 33 interesting,
554 1163 41 24 for
617 1163 43 24 his
682 1163 124 33 lordship
833 1163 23 25 is
883 1164 60 24 said
970 1169 29 20 to

136 1208 71 24 have
231 1208 172 25 entertained
428 1208 43 25 his
496 1213 94 28 guests
615 1209 27 23 in
668 1209 85 28 them,
779 1209 81 25 when
885 1209 34 25 he
942 1219 57 16 was

137 1253 143 24 Governor
299 1252 31 25 of
346 1253 46 24 the
408 1254 102 27 Island,
525 1262 15 15 a
560 1257 117 30 century
695 1254 55 24 and
768 1263 15 15 a
805 1259 111 28 quarter
936 1264 60 24 ago.

137 1298 55 23 Bar
206 1298 75 24 Cave
295 1298 53 24 and
364 1298 199 24 Frenchman's
579 1298 73 25 Hole
667 1307 45 16 are
728 1299 68 25 each
811 1308 33 23 90
856 1299 54 26 feet
924 1301 72 32 long.

137 1342 82 33 Rye's
233 1343 79 29 Nest,
326 1344 88 24 above
434 1344 46 24 the
496 1344 98 29 beach,
608 1343 23 26 is
645 1343 60 26 said
718 1348 28 21 to
761 1345 33 24 be
810 1346 123 24 between
948 1354 50 24 500

134 1388 53 25 feet
204 1388 54 25 and
275 1390 50 23 600
343 1388 53 25 feet
416 1388 26 25 in
464 1390 93 31 length
569 1398 5 20 ;
595 1390 66 24 then
681 1398 79 16 come
778 1392 105 23 several
903 1392 94 24 others

133 1433 30 25 of
192 1433 89 25 which
309 1435 141 23 Preston's
477 1435 97 24 Bower
603 1436 80 24 alone
710 1436 129 25 deserves
864 1437 131 25 mention.

134 1480 114 32 Beyond
271 1480 47 24 the
339 1480 64 24 bold
424 1480 100 32 abrupt
546 1480 138 26 headland
706 1480 28 25 of
759 1481 58 25 Sun
844 1483 105 25 Corner
973 1483 23 25 is

134 1524 177 25 Scratchell's
323 1525 68 32 Bay,
410 1526 158 24 celebrated
585 1525 40 25 for
644 1525 35 26 its
697 1527 103 25 arched
817 1535 111 20 cavern,
944 1529 52 24 due

133 1569 81 32 again
226 1574 29 21 to
269 1570 46 25 the
329 1570 92 25 action
435 1570 29 25 of
480 1571 47 25 the
541 1579 46 17 sea
598 1579 5 22 ;
624 1571 56 25 this
697 1571 69 25 rises
783 1576 29 21 to
830 1582 34 15 an
879 1574 117 25 altitude

132 1613 29 26 of
171 1623 50 23 400
236 1614 61 29 feet,
308 1614 118 33 forming
440 1624 14 16 a
469 1615 59 25 half
538 1617 90 28 dome,
640 1617 120 25 beneath
774 1618 101 29 which,
885 1619 111 33 looking

132 1660 132 28 seaward,
287 1659 116 33 nothing
429 1664 86 21 meets
537 1661 48 24 the
608 1663 165 31 spectator's
799 1672 49 24 eye
873 1665 49 25 but
949 1665 47 25 the

131 1713 95 21 ocean,
240 1705 35 25 its
289 1706 110 24 restless
413 1715 91 16 waves
518 1706 98 33 rolling
630 1707 53 25 and
696 1707 107 33 tossing
817 1708 27 26 in
858 1715 135 25 apparent
