1117 1922
379 142 87 18 LATER
486 143 137 18 TERTIARY
643 145 78 16 DATE.

933 141 43 23 161

118 219 97 17 occurs
237 215 28 22 at
286 213 84 25 levels
391 223 30 16 as
441 214 66 33 high
527 216 84 25 about
631 217 60 24 that
706 218 51 23 end
772 217 29 25 of
816 219 46 23 the
883 219 93 25 Island

118 265 30 15 as
171 257 46 24 the
238 261 48 29 top
307 258 29 25 of
354 259 47 24 the
422 259 69 25 cliffs
513 264 26 21 at
563 261 146 29 Sandown,
727 262 89 24 where
835 263 76 24 there
931 273 45 15 are

116 301 78 25 three
212 311 30 16 or
262 302 59 25 four
342 303 51 25 feet
415 304 29 24 of
460 304 29 29 it,
504 313 75 16 more
598 306 66 24 than
685 314 47 16 ioo
749 306 52 25 feet
820 307 87 25 above
928 308 46 24 the

121 355 45 16 sea
178 356 4 20 ;
204 347 54 25 and
280 348 140 26 Skinner's
442 349 67 29 Hill,
533 358 64 16 near
618 351 183 28 Newchurch,
822 351 23 24 is
870 352 106 32 capped

119 392 36 32 by
180 392 73 25 what
280 401 117 24 appears
423 398 28 20 to
477 395 32 23 be
535 403 15 15 a
580 394 133 25 fluviatile
737 396 93 31 gravel
856 400 27 20 at
908 397 68 24 least

121 446 47 16 no
193 437 53 25 feet
272 439 87 24 above
385 440 46 23 the
457 448 54 15 sea.
561 440 90 24 These
676 440 90 25 would
791 450 72 15 seem
889 445 28 21 to
943 441 33 25 be

118 482 123 32 deposits
265 483 30 24 of
318 493 14 15 a
358 484 71 24 river
454 493 60 16 now
535 484 176 33 represented
734 485 36 32 by
789 484 47 25 the
857 486 118 24 Eastern

119 527 63 29 Yar,
209 527 108 33 flowing
347 537 74 16 more
452 528 66 25 than
544 538 15 15 a
585 528 124 25 hundred
740 529 52 25 feet
823 530 88 25 above
941 529 35 25 its

118 577 110 27 present
254 573 78 30 level,
359 573 127 33 draining
509 573 65 25 land
599 578 28 20 to
652 574 47 24 the
724 574 124 25 seaward
877 574 29 25 of
929 574 47 25 the

117 622 109 28 present
241 618 68 25 cliffs
329 618 29 25 of
375 618 147 29 Sandown,
536 618 55 25 and
610 618 142 33 emptying
765 618 75 25 itself
856 618 57 26 into
928 619 46 25 the

117 671 54 21 sea,
192 672 29 16 or
241 666 118 30 estuary,
379 667 27 21 at
425 664 48 24 the
493 664 78 31 place
593 663 140 25 indicated
755 664 35 32 by
803 664 47 24 the
869 664 106 32 shingle

117 712 27 21 at
171 709 45 24 the
238 709 144 25 Foreland.
420 709 60 24 The
502 709 180 24 Mammalian
705 709 102 25 Gravel
827 713 27 20 at
875 709 97 24 Fresh-

118 757 84 21 water
215 762 47 16 are
276 758 27 21 at
323 763 15 16 a
358 754 215 33 corresponding
591 754 94 33 height
700 758 27 20 to
747 755 46 24 the
806 755 81 24 chalk
905 754 70 25 cliffs

117 799 121 33 flanking
260 799 47 25 the
330 808 95 16 source
448 799 29 25 of
496 799 46 25 the
565 800 130 24 Western
716 800 54 24 Yar
791 804 27 20 at
840 799 48 25 the
907 803 67 22 west

119 844 52 24 end
190 844 29 24 of
235 844 46 24 the

164 889 31 24 In
209 889 46 25 the
269 889 140 26 extensive
424 890 67 25 beds
511 889 29 25 of
555 890 93 32 gravel
668 889 27 25 in
709 890 47 25 the
770 891 102 24 Downs
887 890 88 24 above

116 934 132 29 Ventnor,
263 943 35 16 on
317 934 47 25 the
383 935 163 24 south-west
566 934 29 25 of
612 936 125 23 Wroxall
757 936 98 27 Down,
870 935 54 24 and
939 942 35 17 on

116 979 66 24 both
194 979 72 24 sides
277 979 29 24 of
314 980 46 24 the
371 980 66 24 road
450 979 108 33 leading
569 988 65 16 over
643 980 46 23 the
701 980 103 24 Downs
813 982 27 21 to
849 979 125 24 Wroxall

116 1032 46 16 are
172 1024 65 32 pits,
246 1025 114 32 varying
370 1025 27 23 in
407 1025 85 32 depth
502 1025 67 24 from
580 1026 15 23 6
605 1029 27 20 to
642 1026 15 23 8
668 1024 61 29 feet,
741 1025 54 23 and
805 1024 90 24 which
905 1024 71 24 have

116 1069 68 25 been
204 1069 111 26 worked
337 1069 39 25 for
399 1079 82 24 many
500 1078 88 25 years.
627 1069 58 24 The
711 1069 80 24 lower
817 1068 108 32 portion
949 1068 28 24 of

116 1114 77 25 these
216 1115 67 24 beds
306 1114 119 25 consists
447 1114 100 33 chiefly
569 1114 29 25 of
620 1114 81 25 black
724 1114 54 24 and
800 1122 66 24 grey
889 1114 85 28 flints,

116 1159 153 25 embedded
292 1159 26 24 in
342 1169 15 15 a
380 1159 111 25 reddish
513 1160 61 31 clay
600 1158 215 33 corresponding
839 1158 66 24 with
928 1158 48 24 the

116 1204 169 25 brick-earth
308 1204 29 25 of
353 1204 78 25 other
457 1208 85 28 parts.
580 1204 60 24 The
664 1203 96 32 higher
781 1202 108 33 portion
912 1211 62 15 con-

116 1249 72 25 tains
202 1258 113 21 masses,
331 1249 42 25 six
386 1253 28 21 to
435 1249 73 32 eight
523 1249 52 25 feet
594 1248 85 29 thick,
694 1248 29 25 of
739 1247 74 25 flints
832 1248 26 24 in
872 1257 16 14 a
900 1256 76 16 more

116 1294 172 34 crystallised
302 1294 68 25 form
391 1295 67 23 than
478 1294 79 24 those
578 1293 83 25 found
681 1293 26 24 in
727 1293 47 25 the
793 1293 81 25 lower
892 1292 67 24 beds
971 1301 4 20 ;

116 1340 65 33 they
206 1348 46 16 are
277 1340 29 24 of
329 1348 15 16 a
369 1339 108 33 greyish
504 1340 93 23 colour
624 1339 54 23 and
702 1338 82 24 much
811 1337 163 32 pulverised.

116 1385 60 25 The
189 1385 65 32 only
266 1384 90 25 fossils
370 1384 61 25 that
447 1385 10 23 I
472 1384 71 25 have
562 1384 85 24 heard
667 1383 29 24 of
712 1391 30 16 as
756 1382 81 32 being
850 1382 83 24 found
948 1381 26 24 in

116 1430 77 25 these
218 1429 75 25 flints
315 1439 46 15 are
386 1429 118 25 Galerites
525 1429 165 32 albo-galerus,
711 1428 153 30 Ananchytes
885 1428 89 26 ovatus,

116 1476 130 24 Micraster
270 1475 188 32 cor-anguinum,
480 1482 127 24 sponges,
628 1473 67 24 such
718 1481 29 15 as
773 1472 127 24 Choanites
922 1471 53 24 and

121 1521 173 27 Ventriculites,
310 1520 54 24 and
378 1519 105 25 several
503 1517 141 26 branched
662 1516 115 33 species.
816 1517 82 22 From
911 1515 65 24 here

116 1566 47 24 the
177 1565 81 25 chalk
271 1565 51 24 has
336 1565 68 24 been
419 1563 116 33 entirely
547 1562 138 27 removed,
701 1562 49 23 but
767 1561 61 23 how
841 1560 47 23 the
901 1559 75 24 flints

116 1611 72 24 have
210 1611 114 23 become
345 1609 103 24 broken
471 1607 53 25 and
548 1605 149 33 splintered
718 1605 20 24 it
759 1604 22 24 is
807 1604 113 23 difficult
948 1607 28 20 to

116 1665 55 22 say.
210 1655 83 24 Their
315 1661 173 25 appearance
510 1652 91 25 would
620 1650 97 32 justify
735 1649 47 25 the
803 1648 173 32 supposition

190 1704 14 17 I
