1117 1922
131 202 45 17 100

415 202 90 16 chalk
526 201 168 17 formation.

127 275 143 25 Ammonites
298 274 95 25 varians
423 274 70 24 have
523 274 68 24 been
621 272 142 25 collected.
813 270 60 25 The
899 268 90 26 Chalk

128 321 72 24 Marl
213 321 58 24 also
284 329 97 16 occurs
400 319 27 25 in
442 329 14 15 a
470 318 39 33 pit
524 323 28 21 to
565 319 47 25 the
629 318 47 25 left
690 318 29 24 of
735 318 48 24 the
796 316 68 33 path
879 314 110 32 leading

128 374 64 17 over
205 366 47 24 the
266 366 88 24 Down
371 365 69 25 from
454 365 124 25 Ventnor
595 368 29 21 to
638 363 136 28 Wroxall,
794 364 128 31 opposite
941 360 48 25 the

128 412 61 24 lane
211 411 110 32 leading
340 414 29 20 to
392 411 46 23 the
459 409 109 33 village.
606 408 158 26 Westward
786 407 70 25 from
879 406 109 28 thence,

129 456 104 25 around
252 456 47 25 the
317 456 67 25 base
402 455 30 25 of
450 455 47 24 the
518 456 97 27 Down,
630 454 22 24 is
672 453 115 25 another
807 451 112 26 disused
938 450 51 33 pit,

128 501 27 25 in
174 501 91 26 which
284 502 36 24 all
339 501 47 25 the
407 500 89 25 Chalk
518 500 72 24 Marl
608 499 91 25 fossils
719 498 92 25 before
830 496 159 26 mentioned

128 555 92 17 occur.
257 547 36 25 At
309 547 119 27 Morton,
443 550 27 20 at
490 545 46 25 the
556 544 55 25 foot
628 544 29 25 of
674 544 123 32 Brading
812 544 98 28 Down,
924 550 66 16 near

128 592 48 24 the
189 592 108 24 Roman
310 591 83 29 Villa,
407 599 34 17 an
460 589 142 26 extensive
621 589 81 25 chalk
723 597 101 24 quarry
837 588 23 24 is
879 587 111 25 worked

128 636 40 25 for
189 636 63 24 lime
272 635 126 32 burning,
422 635 54 25 and
497 634 89 25 fossils
608 633 70 26 from
699 633 47 25 the
768 641 88 25 upper
875 632 69 25 beds
964 632 29 24 of

128 682 47 24 the
197 681 88 25 Chalk
308 682 70 22 Marl
404 689 63 24 may
492 679 160 25 sometimes
674 679 34 24 be
735 677 132 26 obtained
892 677 30 25 of
944 677 46 24 the

128 726 147 25 workmen.
313 726 24 24 A
349 726 71 32 good
435 724 105 25 section
553 724 29 24 of
598 724 78 24 these
695 722 123 33 deposits
832 722 23 26 is
869 721 121 33 exposed

128 771 73 29 here,
215 776 28 20 at
262 771 47 25 the
327 771 96 25 mouth
442 771 28 24 of
487 771 46 24 the
553 770 50 32 pit,
617 770 124 31 showing
757 769 49 24 the
824 768 67 33 high
911 768 79 32 angle

128 820 28 20 to
170 816 90 24 which
279 816 47 24 the
345 820 88 20 strata
452 815 70 25 have
542 815 68 25 been
630 815 134 24 elevated.

174 861 119 24 Further
312 860 90 27 north,
416 864 27 21 at
465 860 113 32 Messly,
592 869 16 15 a
625 860 62 24 lane
702 859 77 25 leads
798 868 37 24 up
855 859 68 24 from
945 859 45 24 the

128 906 99 32 village
246 910 28 20 to
288 914 14 16 a
315 906 73 31 large
402 905 81 25 chalk
498 904 49 33 pit,
562 904 27 25 in
603 903 90 27 which
712 904 47 25 the
774 904 99 25 Lower
886 904 103 25 Green-

128 951 77 29 sand,
230 951 94 28 Gault,
352 951 95 31 Upper
473 950 163 25 Greensand
658 949 55 25 and
739 949 90 26 Chalk
852 949 73 25 Marl
945 958 46 16 are

128 996 99 32 passed
249 1004 66 16 over
337 995 27 24 in
389 995 158 25 succession
570 994 27 25 in
622 995 47 24 the
691 995 77 24 road.
815 994 128 25 Sections
964 993 29 26 of

128 1041 69 24 each
222 1049 46 16 are
293 1041 58 24 also
376 1040 122 33 exposed
522 1040 27 24 in
575 1048 16 16 a
616 1040 73 24 bank
714 1048 36 16 on
772 1040 47 24 the
838 1039 83 33 right,
944 1040 47 24 the

128 1089 87 21 strata
233 1085 103 33 having
354 1086 69 24 been
446 1089 46 21 cut
514 1085 121 32 through
654 1085 27 23 in
704 1085 118 32 forming
844 1085 47 24 the
913 1085 77 24 road.

129 1130 37 25 At
185 1130 48 25 the
254 1129 49 34 pit,
316 1130 48 25 the
380 1129 125 33 junction
524 1129 30 25 of
575 1129 47 25 the
644 1130 76 33 Grey
741 1129 67 26 with
827 1129 48 25 the
895 1130 96 32 Upper

129 1175 97 26 White
244 1176 89 25 Chalk
352 1175 23 25 is
394 1175 130 32 exposed,
545 1174 123 33 showing
690 1175 47 24 the
756 1174 121 33 position
896 1175 30 25 of
945 1175 47 25 the

131 1221 87 23 Chalk
238 1220 86 24 Rock.

176 1266 112 24 Several
310 1265 55 33 pits
385 1266 58 24 also
465 1273 82 17 occur
569 1266 81 31 along
673 1266 46 24 the
745 1265 56 25 foot
824 1265 29 25 of
873 1266 119 24 Arreton

131 1312 96 27 Down,
249 1312 34 23 all
306 1311 81 32 being
409 1311 111 24 worked
540 1310 58 25 into
620 1311 47 24 the
691 1311 89 24 Chalk
803 1312 73 23 Marl
896 1311 38 34 (in
956 1311 37 26 its

131 1364 85 24 upper
235 1356 72 33 part)
327 1356 55 24 and
403 1356 47 24 the
472 1356 75 33 Grey
570 1356 98 24 Chalk.
706 1356 90 33 Along
814 1356 48 25 the
881 1356 67 25 base
967 1356 28 25 of

129 1400 48 25 the
199 1401 104 24 central
325 1400 84 33 ridge,
433 1401 153 29 westward,
608 1400 28 25 in
660 1401 48 25 the
728 1401 68 25 road
820 1401 111 33 leading
956 1411 37 24 up

129 1445 70 26 from
225 1446 163 25 Mottistone
414 1451 28 21 to
468 1447 159 29 Shalcomb,
653 1447 49 25 the
727 1455 75 17 same
832 1447 162 35 uniformity

129 1499 98 17 occurs
252 1491 27 25 in
304 1491 46 25 the
376 1495 88 21 strata
489 1500 31 16 as
545 1496 27 20 at
599 1493 114 32 Messly,
739 1493 36 23 all
800 1492 47 25 the
869 1493 125 33 deposits

130 1536 262 25 before-mentioned
413 1537 131 33 occuring
564 1537 28 25 in
612 1538 47 24 the
680 1547 77 15 same
778 1538 80 25 order
880 1538 31 25 of
933 1548 60 16 suc-

130 1582 116 29 cession,
269 1582 54 24 and
349 1582 121 25 sections
494 1582 29 25 of
546 1583 68 25 each
638 1592 52 16 can
715 1584 35 25 be
774 1593 65 16 seen
864 1593 35 16 on
925 1585 68 25 both

130 1626 73 26 sides
227 1626 30 26 of
277 1627 48 25 the
346 1628 76 24 road.
471 1628 60 25 The
548 1628 127 32 junction
696 1628 29 26 of
746 1629 49 25 the
819 1630 82 24 chalk
926 1630 68 26 with

129 1671 76 27 flints
216 1672 67 26 with
296 1673 47 25 the
358 1673 88 25 Chalk
461 1674 77 24 Rock
551 1673 24 25 is
588 1675 60 24 well
668 1675 142 25 exhibited
829 1676 27 24 in
876 1685 15 16 a
911 1676 40 33 pit
966 1681 28 21 at

130 1717 47 25 the
195 1718 52 24 end
265 1717 29 25 of
310 1718 150 26 Shalcomb
481 1720 97 25 Down,
616 1720 69 24 This
704 1720 23 25 is
750 1729 15 17 a
785 1721 73 26 band
878 1721 29 26 of
923 1721 70 27 hard
