1117 1922
461 128 106 17 BARTON
589 128 73 17 CLAY.

944 132 46 23 135

205 197 60 25 The
280 198 106 33 variety
399 199 29 24 of
444 200 48 24 the
505 200 114 25 vertical
638 201 89 33 layers
746 211 45 16 are
805 203 117 29 endless,
936 204 53 24 and

132 250 66 25 may
211 243 34 24 be
260 243 108 25 likened
381 248 29 20 to
430 244 46 25 the
496 244 75 26 vivid
585 246 99 32 stripes
697 246 29 25 of
743 256 14 15 a
777 248 212 31 parti-coloured

180 332 91 25 These
285 333 83 25 sands
382 343 71 16 were
470 334 127 34 formerly
612 345 14 15 a
646 345 96 17 source
761 338 29 24 of
806 338 183 33 employment

133 376 55 25 and
210 377 81 32 profit
304 387 5 19 ;
329 378 75 31 glass
425 379 101 25 bottles
549 389 70 15 were
644 381 73 25 filled
739 382 65 24 with
830 382 83 27 them,
937 383 53 24 and

134 422 36 32 by
192 431 34 15 an
249 421 143 33 ingenious
414 430 192 26 arrangement
626 426 29 24 of
674 426 46 24 the
741 426 124 26 different
884 428 106 24 colours

134 466 84 26 views
243 466 29 25 of
293 467 48 25 the
375 468 234 32 neighbourhood,
635 470 54 25 and
719 471 71 24 local
819 472 120 31 subjects
964 471 29 25 of

134 511 123 30 interest,
277 513 68 23 such
359 521 30 16 as
403 513 46 24 the
464 514 162 25 Headstone
640 514 28 25 of
685 515 86 25 Little
784 516 91 33 Jane's
889 517 100 27 Grave,

137 557 173 24 Freshwater
325 558 100 28 Rocks,
441 559 53 23 and
508 559 46 24 the
574 559 117 33 Cottage
707 559 30 25 of
756 560 45 25 the
816 560 174 33 Dairyman's

137 602 144 32 Daughter
315 610 70 16 were
420 603 182 32 represented,
638 604 53 24 and
725 604 157 25 sometimes
911 605 78 25 sand-

135 647 122 32 pictures
271 656 34 15 on
326 647 154 25 cardboard
493 657 71 16 were
582 649 133 25 executed
734 649 27 24 in
779 658 36 16 no
829 658 78 16 mean
921 658 68 25 way.

136 692 60 25 The
215 692 120 25 demand
356 691 40 26 for
415 692 77 25 these
509 697 167 26 ornaments,
691 694 133 29 however,
839 695 50 24 has
908 696 81 23 much

136 737 148 24 decreased
304 736 27 24 in
351 741 91 20 recent
463 746 86 22 years.

453 846 116 23 Barton
597 847 80 22 Clay.

183 912 37 24 So
234 912 99 24 named
347 912 68 24 from
430 912 45 24 the
489 912 69 25 cliffs
577 917 27 20 at
625 913 104 24 Barton
748 921 35 16 on
803 912 47 25 the
867 912 125 33 opposite

137 961 78 21 coast
240 956 29 25 of
293 956 179 33 Hampshire,
493 956 89 26 which
605 957 110 24 contain
738 966 15 15 a
772 958 73 31 large
865 956 82 26 series
966 956 28 25 of

138 1001 99 30 fossils,
250 1001 30 25 of
290 1001 91 26 which
395 1011 75 15 some
485 1011 45 16 are
546 1002 83 25 found
642 1002 26 24 in
683 1003 46 24 the
743 1002 66 25 beds
829 1002 119 32 exposed
966 1001 25 25 in

138 1048 82 24 Alum
240 1047 53 25 and
314 1047 156 24 Whitecliff
486 1048 83 31 Bays.
607 1047 67 24 This
694 1047 82 24 series
795 1047 50 24 has
864 1055 15 16 a
897 1047 94 25 world-

138 1092 69 25 wide
230 1091 141 33 celebrity,
387 1092 66 24 both
473 1091 40 25 for
532 1092 47 24 the
598 1093 115 23 number
731 1091 30 25 of
776 1091 36 25 its
830 1090 90 26 fossils
939 1091 54 25 and

138 1137 71 25 their
228 1137 54 24 fine
300 1136 198 32 preservation.

212 1182 90 24 These
321 1182 68 24 beds
409 1190 45 16 are
474 1182 63 23 here
560 1182 175 31 represented
754 1182 36 31 by
808 1181 75 32 clays
901 1180 27 25 in
947 1180 47 25 the

138 1227 82 25 lower
243 1231 61 29 part
326 1226 140 33 overlying
488 1227 47 24 the
560 1226 166 32 pebble-bed
748 1225 111 33 already
878 1225 116 24 referred

138 1276 28 21 to
188 1281 29 16 as
240 1271 81 33 being
344 1280 64 16 seen
427 1271 27 24 in
474 1271 82 24 Alum
576 1271 54 24 and
644 1270 156 24 Whitecliff
816 1271 81 31 Bays.
935 1270 59 23 The

138 1321 98 21 nature
249 1316 29 25 of
289 1316 77 25 these
386 1315 122 33 deposits
523 1315 100 33 (which
637 1324 46 15 are
702 1315 148 32 composed
863 1314 29 24 of
908 1315 87 32 sandy

138 1364 85 31 clays,
250 1362 54 25 and
332 1361 83 25 sands
441 1360 66 26 with
538 1360 88 32 layers
657 1359 29 25 of
714 1359 124 33 Septaria)
871 1359 22 24 is
923 1359 71 24 suffi-

139 1408 102 33 ciently
254 1408 94 24 shown
369 1406 27 25 in
414 1406 48 25 the
481 1405 143 25 measured
645 1404 118 25 sections
783 1403 29 26 of
829 1404 80 24 Alum
925 1404 68 32 Bay,

138 1453 28 25 in
187 1453 90 26 which
303 1452 112 33 locality
433 1452 65 32 they
518 1450 87 25 attain
624 1459 16 16 a
659 1449 141 26 thickness
818 1448 29 26 of
865 1457 49 24 300
933 1448 61 25 feet.

139 1500 99 27 There,
253 1498 67 28 also,
334 1497 66 33 they
413 1505 46 16 are
478 1496 58 24 rich
556 1495 26 25 in
603 1495 76 24 fossil
697 1494 128 29 remains,
844 1494 46 25 the
909 1494 86 25 whole

139 1545 30 25 of
185 1544 91 25 which
290 1552 47 17 are
349 1542 30 26 of
395 1541 104 26 marine

270 1640 8 12 *
288 1642 58 17 Mem.
356 1641 51 17 Geol.
417 1641 76 20 Survey,
505 1640 86 19 Bristow,
600 1638 37 18 Isle
646 1638 20 17 of
674 1637 72 21 Wight,
757 1638 47 19 1862,
812 1641 19 17 p.
840 1638 26 15 46.
