1117 1922
432 333 261 24 ADDENDUM.

132 526 108 33 5>^vSgh
258 530 94 24 INCE
377 530 48 23 the
456 530 129 29 chapters
617 538 34 16 on
676 530 47 24 the
749 530 134 24 Wealden
909 538 71 17 were

133 574 111 38 jQ-Sja^V
290 575 118 32 printed,
436 584 15 15 a
476 575 87 24 friend
588 579 29 21 to
639 575 90 25 whom
751 576 11 23 I
784 584 44 15 am
850 575 130 25 indebted

142 614 70 29 '&==—
212 622 26 27 iy
290 620 40 25 for
355 621 128 25 valuable
508 620 153 25 assistance
683 620 26 25 in
732 621 46 24 the
801 620 178 29 compilation

163 643 61 30 -V--V
224 651 24 23 ,f)

145 664 84 38 '»£~f\£
291 666 53 24 an<^
359 665 118 25 revision
491 665 30 25 of
536 666 48 24 the
601 669 109 28 present
725 666 82 28 work,
823 666 49 24 has
885 665 95 33 kindly

174 704 57 25 (*^>
290 714 59 21 sent
370 719 43 16 me
432 711 46 24 the
498 710 137 33 following
651 711 59 24 well
723 710 109 25 written
850 719 86 24 paper
950 719 30 16 as

121 763 35 16 an
177 756 156 24 addendum
351 759 28 21 to
400 756 47 24 the
464 757 115 31 chapter
598 765 35 15 on
652 757 48 24 the
720 757 144 24 Wealden.
902 757 38 23 As
960 756 20 24 it

121 800 127 25 contains
267 801 77 25 ideas
364 801 54 25 and
436 801 71 24 facts
527 801 113 33 bearing
659 810 73 24 upon
751 801 47 25 the
817 801 107 33 subject
944 801 37 33 by

121 854 61 15 men
197 845 62 26 who
272 846 72 25 have
364 846 131 33 carefully
508 846 110 25 studied
636 846 48 25 the
701 846 173 32 phenomena
888 846 29 25 of
933 846 47 25 the

121 890 156 30 formation,
293 892 55 25 and
362 892 60 25 who
434 900 63 25 may
510 893 33 24 be
558 892 161 25 considered
732 891 112 26 reliable
858 891 120 26 authori-

120 936 60 29 ties,
197 937 10 24 I
220 937 74 24 have
307 936 121 25 inserted
442 937 19 24 it
476 946 30 15 as
520 945 34 16 an
569 936 146 33 appendix.

173 982 113 32 Having
310 983 116 32 glanced
452 991 64 16 over
541 983 47 23 the
613 983 136 23 Wealden
775 982 147 25 formation
948 991 30 16 as

120 1027 121 32 exposed
255 1027 27 24 in
303 1027 47 25 the
371 1027 102 29 Island,
490 1028 10 24 I
515 1027 54 26 will
588 1037 61 16 now
662 1027 61 33 give
743 1037 15 15 a
778 1028 96 24 sketch
888 1027 29 25 of
933 1028 47 25 the

121 1077 116 28 country
250 1072 30 25 of
298 1073 46 25 the
365 1073 170 32 Iguanodon,
552 1082 29 16 as
603 1074 116 24 Mantell
740 1074 88 24 called
846 1073 30 30 it,
890 1073 27 25 in
937 1073 43 25 his

149 1118 196 25 Petrifactions
359 1119 54 24 and
426 1119 71 24 their
717 1119 53 24 and
784 1119 46 24 the
844 1123 97 20 nature
954 1119 29 24 of

119 1162 35 26 its
168 1163 68 25 flora
247 1164 54 24 and
311 1163 92 25 fauna.
442 1165 58 23 The
512 1164 135 24 Wealden
658 1168 87 20 strata
756 1172 70 16 were
837 1164 144 32 deposited

119 1209 27 24 in
160 1210 47 24 the
220 1209 67 24 form
303 1209 29 25 of
343 1219 16 15 a
372 1210 74 24 delta
460 1210 36 33 by
507 1219 15 15 a
535 1213 77 29 great
626 1209 80 29 river,
721 1209 99 29 which,
832 1209 148 33 according

119 1258 28 21 to
167 1255 53 24 Mr.
235 1255 118 28 Wood,*
368 1255 135 32 probably
517 1264 78 16 came
614 1254 69 25 from
702 1254 49 25 the
768 1255 94 28 west,!
877 1254 103 33 having

119 1300 35 25 its
166 1309 110 16 sources
285 1309 35 16 on
331 1301 73 28 land,
416 1302 64 31 long
489 1300 74 25 since
572 1300 155 33 destroyed,
737 1301 123 24 between
872 1300 109 25 Ireland

119 1346 55 24 and
188 1345 95 33 Spain,
298 1346 54 24 and
371 1345 36 25 its
426 1354 97 16 course
542 1345 157 25 coincident
718 1344 67 26 with
804 1345 47 24 the
870 1348 109 28 present

120 1391 117 33 English
259 1391 134 25 Channel.
431 1390 69 25 This
519 1391 75 24 delta
616 1390 145 29 extended,
783 1389 148 33 according
951 1393 28 21 to

119 1436 47 24 the
175 1440 110 29 present
295 1436 140 28 evidence,
444 1435 68 25 from
522 1435 47 24 the
581 1436 54 23 Isle
643 1435 30 24 of
681 1435 126 24 Purbeck
817 1439 28 19 to
855 1435 124 32 Belgium

119 1482 54 25 and
188 1482 140 32 Germany
343 1481 165 34 (Hanover),
522 1480 54 25 and
595 1484 90 21 traces
705 1480 29 24 of
750 1480 20 24 it
790 1488 45 15 are
854 1479 84 25 found
951 1480 29 24 in

120 1528 105 24 central
240 1528 116 24 France.

161 1590 9 8 *
179 1588 49 17 Phil.
237 1588 60 20 Mag.,
307 1589 49 15 1863.
366 1592 35 11 ser.
412 1588 16 18 4,
438 1587 36 16 vol.
484 1592 53 14 xxv.,
546 1586 26 21 pi.
581 1587 17 16 5.

161 1614 10 12 t
179 1610 71 19 Geikie,
260 1610 19 15 in
295 1609 29 16 his
359 1609 49 16 Text
503 1609 47 19 1882,
562 1613 19 15 p.
593 1608 38 18 817,
648 1612 49 15 says,
728 1607 40 16 The
779 1607 50 16 river
839 1606 92 21 probably
939 1606 40 17 des-

117 1632 71 17 cended
196 1632 50 16 from
256 1631 32 16 the
297 1630 119 18 north-west,
425 1630 88 20 draining
521 1635 12 10 a
541 1630 43 15 vast
591 1634 51 13 area,
650 1629 20 16 of
681 1628 61 17 which
750 1630 33 15 the
791 1628 83 21 existing
880 1630 99 15 mountain

118 1659 72 17 groups
198 1653 20 17 of
229 1653 77 17 Britain
313 1657 33 12 are
354 1652 83 22 perhaps
444 1652 71 21 merely
