1117 1922
307 364 89 26 LIST
427 365 49 25 OF
508 365 158 25 PLATES.

834 479 29 19 To
869 478 44 27 face

849 508 51 26 page

58 532 105 25 Fossils
176 532 30 25 of
215 533 48 24 the
276 533 135 24 Wealden

866 542 31 24 24

57 578 106 24 Fossils
175 578 29 24 of
215 579 46 24 the
276 579 89 24 Perna
381 578 107 25 Mulleti
502 578 67 25 beds
640 593 7 4 -
752 593 8 4 -
865 580 32 23 26

58 622 105 25 Fossils
176 622 30 25 of
216 623 47 24 the
278 624 89 23 Perna
381 623 109 25 Mulleti
502 624 68 24 beds
691 636 8 5 -
804 638 7 3 -
866 625 32 23 28

58 667 105 25 Fossils
176 667 29 25 of
215 668 47 24 the
276 669 70 32 Clay
359 668 54 24 and
427 669 134 24 Crackers
575 669 93 24 Rocks
755 683 7 4 -
867 678 33 24 34

60 713 105 25 Fossils
178 713 30 24 of
218 713 47 25 the
279 713 86 26 Gault
466 728 8 4 -
580 728 8 4 -
693 728 8 4 -
867 721 32 25 72

60 757 105 25 Fossils
178 757 30 25 of
217 757 48 26 the
279 758 96 32 Upper
389 758 162 25 Greensand
641 773 8 4 -
754 774 8 3 -
867 766 33 25 74

60 802 107 26 Fossils
181 802 28 25 of
220 802 47 25 the
281 803 96 32 Upper
392 803 161 26 Greensand
579 818 7 4 -
692 818 8 4 -
868 805 32 30 76

61 847 105 26 Fossils
180 847 29 26 of
219 848 47 25 the
281 848 133 25 Chloritic
430 849 70 24 Marl
868 850 32 23 86

61 893 105 24 Fossils
180 893 29 24 of
219 894 47 23 the
281 893 89 25 Chalk
384 894 72 24 Marl
467 909 7 3 -
580 897 18 15 -'
695 909 6 3 -
807 909 8 3 -
867 895 34 32 96

62 939 104 25 Fossils
180 939 29 25 of
220 939 47 25 the
281 939 89 25 Chalk
384 939 72 25 Marl
530 954 8 3 -
644 954 8 4 -
758 954 8 4 -
869 941 33 31 98

62 984 103 25 Fossils
179 983 30 26 of
219 984 46 25 the
280 984 89 25 Chalk
384 985 70 24 Marl
579 1000 8 3 -
693 999 8 3 -
806 999 8 3 -
854 992 47 17 100

62 1028 104 26 Fossils
180 1028 29 26 of
220 1029 47 25 the
281 1030 96 31 Upper
392 1029 88 25 Chalk
529 1044 7 3 -
643 1044 8 3 -
756 1044 8 3 -
855 1030 46 24 116

61 1074 104 25 Fossils
179 1074 30 25 of
219 1075 46 24 the
280 1075 117 24 London
413 1075 67 32 Clay
566 1088 24 5 --
695 1089 7 3 -
808 1088 8 4 -
855 1082 46 24 132

64 1120 105 25 Fossils
182 1120 68 25 from
266 1121 119 23 Headon
400 1120 58 24 Hill
530 1135 8 3 -
646 1135 6 3 -
758 1134 8 4 -
856 1127 48 25 140

61 1165 105 25 Fossils
180 1165 69 24 from
265 1166 118 23 Headon
398 1165 60 24 Hill
696 1179 7 3 -
809 1179 8 3 -
856 1171 48 25 150

61 1210 113 27 Section
187 1210 29 25 of
228 1210 98 26 Lower
341 1210 171 29 Greensand,
527 1210 152 25 Atherfield
758 1225 8 2 -
871 1216 30 25 25

62 1256 111 26 Section
187 1256 29 25 of
228 1257 96 31 Upper
338 1256 163 26 Greensand
583 1271 7 3 -
696 1271 8 2 -
810 1271 7 2 -
872 1262 30 25 73

62 1301 112 25 Section
188 1309 93 17 across
295 1301 47 25 the
361 1305 58 21 east
433 1301 53 25 end
502 1300 30 25 of
547 1301 47 24 the
609 1301 53 24 Isle
675 1299 29 25 of
720 1299 97 32 Wight
857 1308 45 16 102

64 1347 112 25 Section
189 1350 28 21 at
231 1346 158 25 Whitecliff
399 1347 60 32 Bay
531 1361 8 3 -
645 1360 7 4 -
758 1360 8 3 -
857 1353 48 24 124

62 1392 78 26 View
153 1392 29 25 of
193 1392 47 25 the
254 1392 120 25 Needles
469 1407 8 3 -
856 1397 47 25 107

61 1437 77 26 View
151 1436 30 26 of
192 1437 73 26 Gore
281 1437 66 25 Cliff
356 1436 118 26 beneath
489 1436 40 26 St.
545 1436 172 25 Catherine's
731 1436 88 24 Down
874 1436 31 23 82

62 1482 77 26 View
152 1481 30 26 of
193 1482 161 32 Blackgang
369 1481 89 26 Chine
470 1497 8 3 -
585 1497 6 2 -
698 1496 7 3 -
811 1496 7 2 -
873 1481 32 32 64

63 1527 162 33 Geological
240 1528 68 31 Map
320 1527 30 25 of
361 1527 47 25 the
423 1527 93 25 Island
535 1542 6 3 -
649 1541 7 4 -
728 1526 177 34 (frontispiece)
