1117 1922
392 148 121 16 ORGANIC
540 149 122 15 REMAINS

951 149 11 22 7

105 216 86 34 gritty
210 218 159 30 sandstone,
394 218 121 26 situated
541 228 65 16 near
626 220 47 24 the
702 224 48 29 top
776 220 30 25 of
828 221 47 25 the
900 221 64 30 cliff,

106 262 54 25 will
185 263 34 24 be
241 263 84 25 found
350 264 47 24 the
429 265 75 32 large
535 265 102 24 mussel
662 265 30 25 of
718 265 47 25 the
789 265 103 33 period,
918 266 47 26 the

108 308 65 25 Unio
203 309 124 24 Valdensis
338 318 10 19 ;
377 309 66 33 they
468 318 47 16 are
543 310 58 24 also
625 314 29 20 to
679 310 34 25 be
737 309 84 26 found
852 319 35 16 on
918 311 47 25 the

106 353 89 29 shore,
218 353 50 25 but
294 353 74 26 often
392 358 183 26 water-worn,
598 355 55 25 and
678 355 157 26 sometimes
860 356 105 33 thickly

105 398 195 33 incorporated
326 400 67 25 with
418 401 47 24 the
490 401 111 24 matrix.
647 402 85 33 Many
757 401 29 25 of
808 402 48 24 the
879 403 85 24 bones

105 453 47 16 are
171 448 183 27 water-worn,
374 446 119 32 through
514 446 103 32 having
638 447 69 24 been
729 447 120 32 exposed
868 450 28 22 to
918 447 47 25 the

106 489 135 33 abrading
266 490 92 24 action
382 490 30 24 of
433 491 48 24 the
505 495 126 21 currents
655 491 30 24 of
706 491 47 25 the
780 495 77 29 great
883 491 80 30 river,

105 534 93 25 before
217 535 145 32 becoming
387 535 145 33 deposited
556 535 27 24 in
609 535 35 25 its
665 535 54 25 bed
729 544 5 21 ;
754 535 56 26 this
835 536 85 25 result
941 535 23 26 is

105 579 54 25 due
178 580 59 24 also
255 583 29 22 to
304 580 48 24 the
371 580 76 25 wash
470 580 29 25 of
515 580 47 25 the
587 589 57 17 sea.
682 580 79 33 They
780 590 46 16 are
850 581 115 33 thereby

105 624 134 26 rendered
252 625 140 25 valueless
411 624 41 26 for
471 624 129 33 teaching
617 635 143 23 purposes.
797 626 60 25 The
870 627 94 29 bones,

105 669 80 25 when
199 669 84 26 found
297 669 27 25 in
338 669 64 30 situ,
416 679 47 15 are
482 670 139 33 generally
638 670 130 29 abraded,
781 670 103 33 having
896 672 69 24 been

105 715 178 32 transported
305 715 70 25 from
397 716 135 32 probably
551 715 63 33 long
636 715 138 25 distances
795 715 28 25 in
842 716 48 24 the
913 716 52 25 bed

106 759 29 25 of
145 760 48 24 the
206 760 81 29 river,
301 760 30 24 of
341 760 91 25 which
445 760 48 24 the
506 761 136 23 Wealden
656 760 23 25 is
692 761 47 24 the
752 761 83 24 delta.
873 761 92 25 Those

106 806 84 24 found
203 806 28 24 in
250 806 48 24 the
316 806 76 33 clays
413 814 46 16 are
477 806 157 33 commonly
647 806 53 24 less
719 806 115 32 injured,
849 806 54 25 and
917 815 46 16 are

105 850 148 33 preserved
273 851 37 32 by
322 850 47 25 the
388 850 99 33 plastic
509 850 125 25 material
647 850 67 26 with
728 850 91 26 which
838 851 65 33 they
917 860 45 16 are

106 895 160 32 enveloped.
305 895 60 25 The
383 896 86 24 bones
488 904 47 16 are
554 894 99 34 chiefly
665 894 31 26 of
714 904 16 16 a
747 895 40 32 jet
807 896 89 29 black,
911 896 54 25 and

106 941 124 32 strongly
255 939 192 33 impregnated
471 939 67 26 with
566 939 68 30 iron,
661 940 148 34 especially
833 940 80 26 those
937 940 27 26 in

106 986 93 24 Brook
213 986 69 32 Bay,
292 985 90 25 which
397 994 46 16 are
455 985 160 32 permeated
627 984 65 26 with
703 985 112 33 pyrites.
853 986 111 32 Groups

103 1030 31 25 of
156 1031 122 24 brilliant
300 1031 118 33 crystals
443 1030 29 25 of
494 1030 56 25 this
572 1030 115 25 mineral
708 1030 74 25 often
802 1031 89 25 invest
917 1031 46 24 the

103 1080 81 19 outer
203 1076 117 23 surface.

150 1121 60 25 The
234 1121 56 25 late
317 1121 49 25 Dr.
386 1120 130 30 Wilkins,
537 1121 30 24 of
591 1121 141 32 Newport,
758 1121 155 33 purchased
935 1121 26 24 in

106 1169 73 31 1854,
200 1176 16 16 a
234 1175 97 24 wagon
350 1166 64 25 load
433 1166 30 25 of
482 1167 94 28 bones,
595 1165 30 26 of
640 1165 121 33 gigantic
780 1165 64 30 size,
858 1165 40 26 for
915 1166 46 25 the

102 1221 126 16 museum
249 1215 29 22 at
300 1212 143 32 Newport,
466 1215 72 22 most
564 1210 29 26 of
614 1211 76 25 them
713 1211 81 32 being
815 1211 56 32 dug
891 1210 70 26 from

101 1259 48 24 the
162 1258 105 25 strand.
305 1258 55 24 For
374 1266 16 15 a
403 1257 78 24 fuller
492 1256 168 33 description
674 1256 29 25 of
714 1256 77 25 these
804 1256 54 25 and
868 1256 93 25 others

101 1303 48 26 the
162 1303 97 25 reader
272 1302 23 25 is
308 1302 119 25 referred
444 1305 29 21 to
494 1309 71 24 page
584 1310 14 23 9
616 1301 29 24 of
661 1300 56 25 this
736 1301 123 32 chapter.

142 1347 169 35 Journeying
326 1348 80 32 along
420 1347 47 24 the
481 1347 80 24 shore
574 1346 69 24 from
658 1346 169 32 Blackgang,
841 1346 118 24 beneath

101 1395 48 24 the
178 1393 70 26 cliffs
278 1393 30 26 of
335 1393 48 25 the
409 1393 99 25 Lower
534 1391 163 27 Greensand
727 1391 130 33 deposits,
890 1391 69 25 until

101 1441 48 24 the
180 1439 83 25 Point
294 1442 28 21 at
354 1438 153 25 Atherfield
539 1437 24 26 is
594 1436 127 30 reached,
756 1436 144 26 westward
933 1436 28 25 of

101 1485 91 26 which
212 1493 16 16 a
246 1484 173 25 remarkable
438 1483 107 33 change
569 1482 28 25 in
618 1482 47 25 the
684 1481 103 26 earth's
805 1481 107 33 history
935 1480 23 26 is

101 1530 127 26 revealed
239 1538 5 22 ;
271 1529 54 25 and
349 1528 71 25 from
439 1529 48 24 the
509 1527 83 25 series
614 1527 30 25 of
663 1526 104 25 marine
791 1529 88 22 strata
900 1525 58 33 just

100 1576 111 33 passed,
224 1584 42 17 we
278 1583 47 17 are
338 1578 28 21 at
380 1582 69 17 once
459 1573 162 25 introduced
631 1576 29 22 to
674 1580 15 17 a
703 1571 83 25 series
797 1571 28 25 of
835 1570 122 33 deposits

101 1620 153 33 consisting
272 1619 30 26 of
319 1620 85 32 clays,
417 1618 74 30 lime,
505 1618 57 26 and
584 1618 163 26 sandstones
768 1616 29 26 of
815 1616 142 29 fluviatile,

100 1676 30 18 or
144 1667 72 26 river
231 1666 97 32 origin.
366 1665 61 25 The
443 1665 48 24 red
510 1664 55 25 and
583 1664 97 33 yellow
693 1662 70 26 cliffs
776 1662 89 26 which
885 1670 72 18 com-
