1117 1922
127 179 46 22 190

330 179 182 17 DENUDATION
534 179 55 17 AND
610 178 159 18 LANDSLIPS.

126 259 15 16 a
161 251 141 25 continual
324 260 95 16 source
444 251 30 25 of
496 251 170 25 destruction
688 255 29 20 to
736 250 47 25 the
805 248 65 25 land
882 257 5 21 ;
913 247 66 33 they

127 296 94 32 slowly
233 296 48 25 but
297 296 89 33 surely
399 302 132 20 excavate
545 296 29 29 it,
589 296 118 32 running
725 295 120 25 towards
866 294 46 25 the
932 302 46 16 sea

127 341 54 25 and
193 341 117 32 forming
332 342 69 31 deep
421 342 119 29 chasms,
556 350 38 21 or,
609 350 30 17 as
657 342 66 32 they
737 349 46 17 are
802 339 88 26 called
905 339 73 28 here,

321 386 68 25 This
403 386 22 25 is
439 386 146 33 especially
599 387 46 24 the
664 394 65 17 case
742 386 81 31 along
836 385 47 25 the
897 384 81 25 south

127 435 85 20 coast.
250 432 59 23 The
328 440 120 23 process,
463 432 54 24 still
540 432 26 23 in
586 432 123 32 activity,
729 440 64 24 may
812 431 33 24 be
865 438 63 17 seen
950 433 29 22 to

127 479 72 21 most
221 476 154 32 advantage
397 477 122 24 between
543 477 112 23 Rocken
675 477 63 23 End
763 476 54 24 and
841 476 137 31 Compton

128 521 72 33 Bay;
225 521 169 32 Blackgang,
418 521 128 32 Walpen,
566 521 109 28 Whale,
696 521 120 28 Ladder,
837 521 142 24 Cowleaze

128 565 54 24 and
197 565 91 24 Brook
303 565 100 24 Chines
423 565 112 31 offering
553 565 48 24 the
618 566 61 24 best
698 565 148 31 examples.

176 610 10 23 I
201 610 70 24 have
285 610 80 24 dwelt
386 614 27 20 at
433 618 75 15 some
527 610 92 31 length
644 618 72 24 upon
734 610 203 24 surface-water
951 618 30 15 as

129 663 15 15 a
164 654 236 33 land-destroying
419 658 90 28 agent,
524 654 39 24 for
583 654 35 24 its
637 654 171 32 importance
828 658 100 20 cannot
948 654 34 24 be

128 698 233 26 over-estimated.
399 699 59 24 The
486 698 157 26 Undercliff
664 698 91 25 shows
779 707 33 16 us
834 708 15 14 a
871 698 111 25 disinte-

128 743 109 32 gration
261 743 29 25 of
309 747 88 21 strata
418 742 40 26 for
480 752 16 16 a
518 743 124 25 distance
664 743 29 25 of
710 752 82 16 seven
812 743 77 25 miles
907 743 28 24 in
949 752 34 16 an

129 789 99 25 almost
242 788 86 25 direct
342 788 62 29 line,
419 788 53 25 and
486 797 50 16 one
555 797 52 16 can
626 788 56 25 find
696 788 27 25 in
736 788 55 26 this
805 792 71 22 tract
890 797 15 17 a
919 797 65 25 very

129 833 103 32 perfect
255 833 83 25 series
364 833 28 25 of
414 834 140 31 examples
574 833 29 25 of
621 833 176 25 denudation.
835 833 69 25 This
922 838 61 28 spot

130 887 30 15 so
173 879 106 32 greatly
292 878 156 24 celebrated
463 878 39 24 for
515 878 47 24 the
582 878 74 32 quiet
670 879 95 24 charm
779 879 30 24 of
825 878 35 25 its
874 880 109 33 beauty,

129 923 23 25 is
174 923 144 25 described
340 924 35 32 by
397 923 42 25 Sir
458 924 94 33 James
574 924 108 28 Clarke,
703 924 27 24 in
752 924 43 24 his
815 924 74 25 work
911 933 74 24 upon

326 977 30 15 as
443 968 68 34 lofty
532 969 108 24 natural
659 973 115 24 terrace,
789 969 105 25 backed
913 969 37 33 by
970 978 15 16 a

131 1013 195 26 mountainous
339 1014 62 25 wall
420 1023 35 16 on
474 1014 47 25 the
538 1014 91 29 north,
645 1014 53 25 and
712 1023 70 23 open
795 1023 35 16 on
844 1015 46 24 the
905 1014 81 26 south

130 1063 28 21 to
171 1059 47 25 the
232 1059 47 25 full
299 1058 137 26 influence
455 1059 29 25 of
502 1059 47 25 the
569 1068 60 20 sun,
644 1059 67 25 from
731 1059 43 25 his
793 1059 85 33 rising
896 1064 28 20 to
944 1060 42 24 his

129 1105 82 32 going
225 1105 89 28 down,
328 1104 99 33 during
447 1105 61 24 that
529 1113 97 16 season
647 1105 78 25 when
745 1105 43 24 his
808 1105 136 25 influence
963 1105 23 25 is

130 1154 71 21 most
221 1150 110 25 wanted
355 1149 27 24 in
403 1158 16 16 a
439 1151 131 23 northern
590 1154 123 24 country.
751 1151 61 24 The
831 1151 111 25 climate
963 1151 23 25 is

130 1195 174 33 remarkably
317 1195 125 32 equable,
458 1203 29 16 as
502 1195 58 25 well
581 1204 30 16 as
625 1195 66 25 mild
702 1195 54 25 and
769 1196 59 33 dry,
843 1196 53 25 and
910 1196 77 25 there

129 1249 47 16 are
194 1239 51 26 few
260 1240 68 32 days
348 1239 99 33 during
465 1240 48 25 the
531 1239 97 26 winter
646 1241 111 24 months
777 1250 35 15 on
830 1240 91 26 which
939 1241 48 25 the

129 1284 102 26 invalid
257 1289 100 21 cannot
382 1285 65 25 take
471 1294 76 16 some
572 1284 121 26 exercise
718 1285 27 25 in
769 1285 48 26 the
841 1294 70 24 open
937 1285 49 26 air.

129 1330 60 24 The
208 1329 131 25 mildness
360 1330 54 25 and
436 1330 114 33 dryness
572 1330 30 25 of
621 1330 47 25 the
690 1330 110 25 climate
823 1330 98 33 during
940 1331 47 25 the

128 1374 96 25 winter
247 1374 111 25 months
380 1383 63 24 may
463 1374 27 25 in
513 1383 76 16 some
611 1375 98 32 degree
731 1376 34 24 be
785 1376 146 24 estimated
951 1377 37 33 by

127 1420 48 24 the
195 1419 202 25 circumstance
419 1419 30 25 of
468 1421 121 32 myrtles,
610 1421 168 32 geraniums,
800 1421 55 25 and
877 1421 110 25 various

127 1465 95 24 tender
252 1465 170 32 greenhouse
453 1465 101 31 plants,
581 1466 109 33 usually
718 1465 198 34 withstanding
941 1467 47 24 the

128 1509 95 24 winter
237 1509 27 24 in
278 1510 47 23 the
343 1518 71 23 open
433 1509 92 25 flower
544 1510 126 32 gardens.
709 1510 59 25 The
787 1511 161 32 absorption
961 1512 29 25 of

127 1554 47 24 the
199 1554 64 24 heat
288 1554 37 33 by
349 1554 47 24 the
425 1554 99 24 almost
554 1555 212 32 perpendicular
792 1556 69 25 cliffs
887 1557 29 24 of
940 1557 48 24 the

128 1598 160 28 Undercliff,
304 1598 121 32 exposed
445 1607 30 15 as
494 1598 65 33 they
572 1607 46 16 are
637 1603 28 20 to
685 1600 47 24 the
751 1609 63 24 rays
833 1601 30 25 of
875 1602 47 24 the
936 1610 51 16 sun

127 1642 98 33 during
245 1643 47 24 the
311 1642 88 26 whole
418 1642 62 33 day,
502 1648 73 20 must
596 1644 34 24 be
651 1644 199 31 considerable,
870 1654 69 17 even
960 1647 27 24 in

126 1687 105 29 winter,
245 1687 54 24 and
313 1687 46 26 the
378 1686 135 27 radiation
531 1686 30 25 of
580 1687 55 27 this
656 1688 63 26 heat
734 1689 100 33 during
847 1690 47 25 the
908 1691 78 31 night
