1117 1922
1014 174 28 22 61

481 179 144 17 SANDR0CK
644 180 109 16 spring.

193 251 176 29 sea-bottom,
384 250 69 25 until
467 255 29 21 at
515 252 52 24 last
587 252 47 25 the
651 252 117 33 Exogyra
784 252 75 25 itself
876 252 168 33 disappears,

191 296 48 24 the
258 296 88 25 bands
365 296 105 25 exhibit
490 301 90 21 traces
599 297 29 25 of
646 298 47 24 the
715 297 134 26 influence
867 297 30 26 of
912 302 133 25 currents,

192 340 55 25 and
258 341 113 25 become
382 350 74 16 more
467 343 122 32 gravelly
599 352 5 20 ;
618 342 118 33 lignites,
745 342 151 33 indicating
907 352 14 16 a
932 343 113 25 shallow

192 395 55 21 sea,
259 387 115 25 become
386 396 137 21 common,
533 388 67 24 form
615 389 70 24 belts
696 388 26 24 in
733 389 47 24 the
789 388 170 33 ferruginous
968 388 76 30 sand,

193 432 54 24 and
260 431 27 25 in
301 440 51 16 one
365 433 80 31 place
458 441 15 16 a
487 433 52 24 bed
552 432 28 25 in
593 433 47 24 the
653 442 79 24 wavy
744 434 64 24 blue
821 434 77 28 sand,
909 437 28 21 at
951 442 15 15 a
981 433 64 25 time

192 477 80 24 when
285 477 83 24 much
382 477 58 25 iron
454 486 57 16 was
525 478 152 32 deposited.
714 478 60 24 The
787 478 154 32 deposition
954 478 29 24 of
998 479 47 24 the

192 522 132 32 peroxide
337 522 30 24 of
383 522 58 25 iron
462 531 117 24 appears
597 526 29 22 to
644 523 72 25 have
731 523 68 25 been
815 523 150 25 connected
979 523 66 25 with

192 567 48 24 the
253 567 218 33 disappearance
488 567 29 25 of
533 567 47 25 the
597 567 128 33 majority
740 567 29 26 of
785 568 141 28 mollusca,
940 567 105 33 though

195 612 125 32 Trigonia,
341 612 91 30 Thetis,
452 613 54 25 and
528 614 76 24 Venus
625 612 185 34 occasionally
831 622 82 16 occur
933 612 27 26 in
981 622 63 16 con-

194 657 136 26 siderable
346 659 138 24 numbers.
524 659 32 24 In
574 658 48 25 the
640 661 159 29 uppermost
820 661 85 22 strata
925 659 120 32 scarcely

195 710 54 25 any
262 702 101 25 animal
377 702 119 25 remains
516 711 45 16 are
578 702 93 30 found,
685 703 53 24 and
755 702 161 33 everything
929 710 116 25 appears

195 751 29 21 to
237 747 120 25 indicate
372 756 15 16 a
401 748 98 24 barren
513 748 54 24 and
581 748 113 24 shallow
708 756 54 21 sea,
777 747 127 32 previous
916 751 29 21 to
959 755 15 16 a
986 755 59 17 new

195 797 72 21 state
280 793 29 24 of
318 793 102 32 things,
431 793 79 25 when
524 801 15 16 a
553 793 72 24 fresh
639 792 82 25 series
735 792 29 25 of
774 793 74 32 clays
863 792 126 34 (forming
999 792 46 25 the

195 838 96 33 Gault)
302 837 82 33 being
394 837 151 33 deposited,
556 837 47 25 the
617 837 127 33 majority
754 837 28 24 of
792 837 47 25 the
849 837 101 24 animal
963 837 82 24 forms

194 882 91 26 which
302 882 185 26 characterise
503 882 47 25 the
567 882 76 33 clays
661 882 30 25 of
706 882 47 25 the
771 882 97 25 Lower
885 882 160 25 Greensand

194 927 157 32 disappear,
365 927 54 24 and
439 935 45 16 are
503 926 128 33 replaced
648 927 35 32 by
696 926 113 25 distinct
829 926 113 33 species,
956 935 89 24 repre-

194 972 136 24 sentative
349 971 27 25 in
395 971 84 25 time.'

459 1224 76 24 Sand
561 1224 79 24 Rock
666 1224 113 24 Spring.

243 1327 45 24 On
318 1326 48 25 the
396 1325 67 25 road
493 1324 69 26 from
593 1324 123 25 Ventnor
749 1327 28 21 to
809 1323 160 33 Blackgang
996 1323 47 25 the

189 1372 96 26 visitor
317 1379 96 25 passes
445 1379 66 16 near
542 1370 47 25 the
620 1369 52 26 site
701 1368 30 26 of
759 1369 47 25 the
837 1378 67 16 once
936 1368 106 25 famous

218 1417 75 27 Sand
317 1417 78 25 Rock
567 1415 91 26 which
678 1423 56 17 was
756 1414 160 25 discovered
938 1414 37 32 by
995 1413 47 26 the

187 1465 56 24 late
265 1464 50 25 Dr.
340 1461 198 29 Waterworth,
563 1461 30 25 of
615 1461 141 32 Newport,
779 1460 28 24 in
828 1460 47 24 the
899 1459 93 33 spring
1015 1458 28 26 of

191 1511 72 31 1809,
279 1508 54 25 and
355 1516 57 17 was
433 1507 66 25 then
519 1506 169 33 extensively
710 1506 67 24 used
797 1513 29 16 as
848 1513 16 16 a
885 1505 112 32 remedy
1014 1504 27 24 in

187 1555 48 25 the
248 1554 115 33 debility
376 1552 116 33 ensuing
505 1561 35 16 on
558 1551 48 26 the
619 1550 168 25 Walcheren
799 1550 83 28 fever,
896 1550 54 24 and
963 1550 78 24 other

187 1600 131 26 diseases.
363 1599 60 24 The
442 1601 85 22 water
551 1605 57 17 was
633 1595 131 33 analysed
788 1596 37 32 by
849 1595 49 25 Dr.
925 1595 116 29 Marcet,

230 1685 9 9 *
248 1684 30 17 On
292 1683 33 17 the
345 1682 75 17 Section
440 1682 85 17 between
541 1680 111 21 Blackgang
672 1680 59 17 Chine
746 1679 38 17 and
799 1678 105 18 Atherfield
923 1678 62 17 Point.
1013 1678 27 21 By

185 1706 82 21 Captain
274 1705 101 17 Ibbettson
387 1704 39 17 and
437 1703 53 18 Prof.
501 1703 22 17 E.
536 1702 98 18 Forbes.—
635 1702 34 17 See
681 1702 53 17 Jour.
744 1701 51 17 Geol.
804 1701 48 20 Soc,
859 1700 44 17 Vol.
910 1700 24 21 I.,
942 1701 49 16 1845.
