1117 1922
449 201 110 17 SECOND
580 202 132 18 DIVISION.

971 204 30 26 75

152 269 97 27 Chine.
296 271 25 24 It
345 279 57 17 was
427 271 68 25 from
521 281 51 17 one
596 274 30 24 of
647 274 78 25 these
747 275 61 25 that
834 276 51 25 Mr.
912 277 92 32 Saxby

151 314 131 26 obtained
294 314 44 26 his
350 315 141 33 specimen
504 317 29 24 of
548 318 162 33 Hopoloparia
723 319 93 32 Saxbyi
831 320 27 33 (a
877 320 127 34 Lobster)

151 368 36 16 on
206 360 47 25 the
272 360 80 25 shore
372 364 27 21 at
413 362 132 24 Ventnor.

198 404 69 25 This
287 404 75 25 fossil
382 405 23 25 is
424 406 36 33 by
479 415 35 16 no
533 416 94 16 means
647 408 124 25 confined
790 412 28 22 to
831 409 77 25 these
924 410 80 24 lower

151 449 77 29 beds,
250 450 49 24 but
321 458 99 25 ranges
442 450 119 33 through
583 451 55 26 this
661 452 53 26 and
737 453 47 25 the
803 458 64 20 next
890 454 114 25 division

152 494 67 24 also.

198 539 69 25 This
286 539 119 26 division
424 540 126 26 contains
569 541 47 25 the
635 541 136 33 following
790 542 90 26 fossils
891 553 5 15 :
898 559 33 2 —

151 611 165 24 Ammonites
329 614 128 22 rostratus

221 664 15 11 ,,
333 646 106 24 inflatus

222 698 14 10 ,,
333 680 123 31 (species)

153 713 129 31 Panopæa
294 714 98 31 plicata

153 747 125 32 Trigonia
289 748 142 23 alæformis

153 781 97 23 Pecten
263 782 153 22 orbicularis

609 613 122 24 Cardium
747 614 156 25 Gentianum

608 646 93 24 Ostrea
716 648 89 22 conica

609 681 190 23 Vermicularia

608 715 110 31 Serpula
730 715 137 32 antiquata

607 748 124 24 Holaster
742 748 124 25 fossarius

608 782 124 31 Siphonia
747 782 128 24 Websteri

607 815 174 32 Hopoloparia
796 816 96 32 Saxbyi

607 849 143 24 Chelonian
763 850 111 24 remains

606 883 146 22 Inocerami

206 834 14 10 ,,
264 815 233 32 quinquecostatus

152 848 134 25 Cucullæa
298 849 91 32 glabra

152 882 113 33 Mytilus
278 883 160 24 lanceolatus

152 914 198 34 Rhynchonella
362 917 143 24 latissimus

674 936 14 10 ,,
758 917 63 23 with
835 917 128 31 Panopæa

471 1047 89 24 Second
578 1047 120 24 Division.

199 1126 68 25 This
287 1125 118 26 division
421 1126 11 24 I
453 1135 117 22 propose
584 1129 28 21 to
628 1135 81 15 name
724 1126 46 24 the
788 1126 153 25 Sandstone
955 1126 52 25 and

153 1171 150 32 Rag-Beds
314 1180 5 16 :
339 1170 21 26 it
379 1179 99 23 ranges
498 1170 68 25 from
586 1170 46 25 the
652 1170 260 25 before-mentioned
926 1170 81 25 series

152 1224 37 23 up
208 1220 29 20 to
256 1216 48 24 the
323 1215 153 25 Firestone.

199 1262 60 24 The
272 1261 60 24 first
353 1261 23 24 is
395 1269 34 15 an
449 1260 132 32 irregular
599 1259 134 25 stratified
749 1260 52 24 bed
819 1259 30 25 of
863 1259 69 25 hard
946 1260 61 24 blue

152 1306 87 28 chert,
253 1306 67 25 with
333 1306 116 23 nodules
462 1305 30 24 of
502 1305 46 24 the
560 1313 83 15 same.
682 1305 81 24 Some
775 1304 30 24 of
815 1304 46 24 the
874 1304 133 24 detached

151 1351 116 25 nodules
281 1359 47 16 are
341 1350 47 25 full
406 1350 30 24 of
454 1350 102 32 Serpula
574 1349 133 32 antiquata,
721 1348 65 25 with
806 1348 77 24 other
902 1347 88 25 fossils
1001 1356 4 21 ;

150 1396 149 25 Ammonites
311 1398 123 25 rostratus,
449 1395 54 24 and
517 1403 15 15 a
545 1395 75 31 large
631 1393 135 24 Ammonite
779 1392 65 25 with
858 1401 15 16 a
886 1392 121 25 rounded

151 1442 72 24 back
235 1450 5 22 ;
260 1442 87 24 Pecten
367 1440 148 28 orbicularis,
538 1444 52 20 etc.
629 1438 114 32 Resting
764 1446 73 24 upon
858 1437 55 25 this
935 1438 72 24 band

151 1487 22 25 is
195 1496 16 15 a
224 1487 54 25 bed
291 1486 30 25 of
340 1490 128 28 compact
488 1484 217 26 reddish-brown
725 1483 156 28 sandstone,
896 1486 44 20 ten
954 1482 52 25 feet

151 1533 86 29 thick,
251 1532 129 25 streaked
399 1530 67 25 with
482 1530 80 25 black
581 1528 77 29 lines,
672 1527 90 26 which
780 1527 127 25 contains
926 1536 82 24 many

151 1578 91 26 fossils
252 1577 27 25 in
294 1577 47 25 the
355 1577 82 24 lower
448 1576 76 24 three
535 1582 30 17 or
578 1573 59 26 four
648 1572 51 25 feet
712 1581 5 21 ;
731 1572 21 24 A
758 1571 117 25 mmonites
885 1574 121 26 rostratus,

150 1624 67 25 with
237 1623 79 26 other
335 1621 139 26 unnamed
492 1620 155 25 Ammonites.
684 1619 118 31 Panopæa
818 1616 23 25 is
860 1617 57 24 also
934 1626 71 15 com-

151 1678 73 16 mon.
262 1668 69 25 This
356 1667 23 25 is
402 1665 153 26 succeeded
578 1665 36 32 by
636 1662 114 25 another
775 1661 52 25 bed
849 1660 29 25 of
897 1661 60 32 Rag
981 1661 28 25 of

150 1724 52 17 one
215 1715 57 25 foot
285 1723 4 20 ;
311 1714 54 25 and
384 1719 46 19 ten
449 1712 53 25 feet
521 1710 30 27 of
566 1709 149 26 sandstone
732 1707 29 25 of
777 1707 46 24 the
840 1715 74 16 same
927 1706 78 25 litho-
