1117 1922
162 179 44 30 146

457 182 138 16 TERTIARY
615 181 106 17 SERIES.

159 256 197 33 recompensed
375 264 46 25 my
433 254 50 26 toil
501 254 26 25 in
550 253 108 32 rearing
677 252 85 29 them,
777 260 30 17 as
821 252 61 25 well
900 251 36 34 by
949 250 70 25 their

160 302 103 31 beauty
282 310 31 16 as
332 301 71 25 their

207 345 168 33 Continuing
389 355 46 24 my
448 345 71 25 walk
534 343 101 25 amidst
649 343 47 25 the
710 342 96 26 blocks
820 341 30 26 of
861 341 161 25 Limestone

160 391 55 25 and
241 390 164 28 Sandstone,
434 390 10 24 I
471 389 85 25 found
580 389 62 24 that
674 388 49 24 the
747 387 81 25 shore
853 386 166 26 terminated

162 436 130 32 abruptly
310 435 27 24 in
359 445 15 14 a
396 434 76 33 point
493 434 92 25 which
605 433 105 25 formed
730 441 52 16 one
800 432 30 25 of
849 432 47 25 the
910 440 73 16 arms
995 431 29 25 of

161 481 97 33 Priory
280 481 68 32 Bay,
370 484 27 21 at
420 479 48 25 the
490 478 131 25 northern
641 478 148 33 extremity
808 477 29 25 of
856 476 90 26 which
966 485 55 16 was

162 535 15 15 a
196 525 113 32 landing
328 526 87 31 place.

237 572 23 23 A
292 571 67 24 fault
393 574 27 20 at
451 571 46 23 the
528 569 90 29 Point,
646 569 117 32 running
793 568 27 25 in
848 577 15 16 a
889 567 132 26 direction

164 619 44 30 300
233 616 33 25 E.
292 616 30 24 of
352 616 37 29 S.,
415 615 83 25 skirts
527 615 47 24 the
606 615 80 24 shore
712 615 54 23 and
791 614 94 32 brings
910 622 37 24 up
976 613 45 25 the

165 662 174 24 Nettlestone
353 660 118 25 division
491 660 29 24 of
536 660 49 24 the
604 660 126 24 Osborne
749 659 77 29 beds,
839 659 28 24 in
881 667 15 16 a
910 666 111 16 manner

160 706 61 26 that
236 710 27 21 at
277 705 59 25 first
350 705 72 31 sight
443 713 118 23 appears
574 709 28 20 to
617 705 33 24 be
663 713 67 23 very

209 751 90 25 These
331 751 67 25 beds
431 760 63 23 may
525 750 132 32 possibly,
690 749 21 25 if
740 749 147 33 belonging
917 754 28 20 to
976 749 45 25 the

164 797 126 24 Osborne
303 795 93 29 series,
410 795 71 25 have
503 794 82 25 fallen
606 794 68 25 from
694 793 71 26 their
784 803 100 23 proper
903 793 118 33 position

163 850 35 15 on
221 845 27 20 to
270 841 48 24 the
338 840 81 25 shore
437 840 96 25 below.
571 840 60 24 The
651 840 75 32 clays
745 838 118 33 forming
881 839 47 25 the
947 839 75 31 slope

163 887 119 24 beneath
308 887 46 23 the
386 886 78 24 wood
491 894 15 15 a
541 889 110 29 quarter
683 885 29 24 of
743 893 15 16 a
792 884 64 25 mile
885 884 81 25 south
996 884 28 25 of

165 932 174 25 Nettlestone
353 931 83 25 Point
456 940 46 15 are
524 931 100 24 almost
644 931 90 28 black,
750 931 53 24 and
823 930 111 25 contain
948 938 74 16 some

163 977 179 26 fossiliferous
361 976 97 29 bands,
473 975 152 33 consisting
644 975 100 33 chiefly
762 975 30 25 of
807 975 60 25 half
883 975 94 25 valves
995 975 29 24 of

165 1025 93 31 Cyrena
276 1022 165 29 semi-striata,
460 1023 93 31 Cyrena
573 1025 140 25 iransversa,
730 1021 155 32 Melanopsis,
905 1020 116 29 Melania,

162 1068 121 25 Paludina
307 1068 72 28 lenta,
405 1071 52 20 etc.
497 1067 90 31 Large
613 1065 150 33 quantities
789 1065 47 25 fall
857 1069 48 21 out
924 1065 29 25 of
976 1065 46 25 the

240 1112 54 24 and
308 1116 81 20 strew
403 1112 46 24 the
468 1111 106 33 ground
594 1110 129 25 beneath.
762 1111 23 23 A
800 1110 74 25 band
893 1109 29 26 of
938 1110 84 32 sandy

162 1158 61 32 clay
245 1165 65 16 near
332 1157 48 24 the
398 1160 49 28 top
469 1156 30 24 of
518 1156 47 24 the
587 1156 59 23 cliff
666 1155 126 25 contains
820 1155 130 26 Cerithium
970 1155 52 24 and

162 1202 79 25 other
266 1201 92 25 shells.
403 1201 79 33 They
502 1209 46 16 are
574 1200 28 25 of
625 1209 15 15 a
666 1200 112 24 reddish
801 1201 95 24 brown
922 1200 99 28 colour,

163 1247 53 25 and
242 1246 79 26 when
346 1246 59 25 first
431 1255 64 15 seen
526 1246 65 33 they
617 1254 103 24 appear
745 1250 29 20 to
804 1246 35 24 be
863 1245 28 24 in
921 1244 100 34 perfect

163 1291 150 29 condition,
327 1292 49 24 but
391 1291 89 32 owing
494 1295 28 21 to
541 1291 47 25 the
608 1291 61 33 clay
682 1290 83 33 being
778 1291 83 25 much
875 1290 147 25 laminated

163 1338 53 23 and
239 1337 159 32 permeated
419 1337 35 32 by
474 1340 93 25 water,
586 1336 20 25 it
629 1336 22 25 is
673 1336 116 25 difficult
811 1340 29 21 to
862 1337 69 32 keep
949 1336 73 25 them

162 1392 30 15 so
203 1384 78 23 when
292 1383 152 23 extracted.
471 1383 91 23 These
573 1383 68 23 beds
652 1383 54 24 and
721 1382 71 25 their
806 1382 99 29 fossils,
920 1382 104 32 though

162 1428 78 24 small
266 1428 27 23 in
319 1431 103 24 extent,
449 1436 46 15 are
519 1428 86 33 really
629 1427 30 25 of
681 1432 77 28 great
784 1428 116 24 interest
927 1431 28 21 to
978 1427 46 24 the

162 1473 138 23 collector.

208 1516 124 33 Nothing
346 1525 75 16 more
435 1516 22 25 is
471 1526 64 16 seen
555 1517 29 25 of
601 1517 46 25 the
662 1518 127 25 Osborne
803 1518 85 25 series
902 1518 122 25 between

163 1561 192 25 Watchhouse
375 1561 82 25 Point
477 1562 54 25 and
551 1562 159 26 Whitecliff
729 1564 70 32 Bay,
819 1563 100 29 where,
933 1562 27 26 in
979 1563 46 25 the

162 1615 119 16 summer
303 1606 29 25 of
360 1608 73 29 1856,
459 1608 85 24 about
571 1609 32 23 80
629 1608 52 24 feet
706 1608 31 25 of
759 1609 78 24 these
863 1609 68 24 beds
955 1616 70 18 were

319 1704 56 16 Mem.
386 1704 50 16 Geol.
447 1704 61 19 Surv.,
518 1704 86 20 Bristow,
613 1705 38 16 Isle
659 1705 20 16 of
686 1706 75 20 Wight,
771 1708 48 18 1862,
829 1712 19 15 p.
859 1709 26 15 69.
