<?xml version="1.0" encoding="UTF-8"?>
<alto xmlns:xsi="http://www.w3.org/2001/XMLSchema-instance" xsi:noNamespaceSchemaLocation="http://www.bl.uk/schemas/alto/alto-1-4.xsd" xmlns:xlink="http://www.w3.org/1999/xlink">
	<Description>
		<MeasurementUnit>mm10</MeasurementUnit>
		<sourceImageInformation>
			<fileName>//head1/IN/2008-16/A0011467890/006511.jp2</fileName>
		</sourceImageInformation>
		<OCRProcessing ID="OCRPROCESSING_1">
			<preProcessingStep>
				<processingSoftware>
					<softwareCreator>CCS Content Conversion Specialists GmbH, Germany</softwareCreator>
					<softwareName>CCS docWORKS</softwareName>
					<softwareVersion>6.1-0.67</softwareVersion>
				</processingSoftware>
			</preProcessingStep>
			<ocrProcessingStep>
				<processingSoftware>
					<softwareCreator>ABBYY (BIT Software), Russia</softwareCreator>
					<softwareName>Finereader</softwareName>
				</processingSoftware>
			</ocrProcessingStep>
		</OCRProcessing>
	</Description>
	<Styles>
		<TextStyle ID="TXT_0" FONTSIZE="9" FONTFAMILY="Courier New"/>
		<TextStyle ID="TXT_1" FONTSIZE="10" FONTFAMILY="Courier New"/>
		<ParagraphStyle ID="PAR_CENTER" ALIGN="Center"/>
		<ParagraphStyle ID="PAR_RIGHT" ALIGN="Right"/>
		<ParagraphStyle ID="PAR_LEFT" ALIGN="Left"/>
	</Styles>
	<Layout>
		<Page ID="P27" PHYSICAL_IMG_NR="27" HEIGHT="1922" WIDTH="1117" PRINTED_IMG_NR="13" POSITION="Right" ACCURACY="89.39">
			<TopMargin ID="P27_TM00001" HPOS="0" VPOS="0" WIDTH="1116" HEIGHT="198">
				<TextBlock ID="P27_TB00001" HPOS="435" VPOS="171" WIDTH="220" HEIGHT="17" STYLEREFS="TXT_0 PAR_CENTER">
					<TextLine ID="P27_TL00001" HPOS="435" VPOS="172" WIDTH="220" HEIGHT="16">
						<String ID="P27_ST00001" HPOS="435" VPOS="172" WIDTH="136" HEIGHT="16" CONTENT="SANDOWN" WC="0.91" CC="0004000"/>
						<SP ID="P27_SP00001" HPOS="571" VPOS="188" WIDTH="26"/>
						<String ID="P27_ST00002" HPOS="597" VPOS="173" WIDTH="58" HEIGHT="15" CONTENT="BAY." WC="0.71" CC="5050"/>
					</TextLine>
				</TextBlock>
				<TextBlock ID="P27_TB00002" HPOS="942" VPOS="173" WIDTH="29" HEIGHT="24" STYLEREFS="TXT_1 PAR_RIGHT">
					<TextLine ID="P27_TL00002" HPOS="943" VPOS="174" WIDTH="28" HEIGHT="23">
						<String ID="P27_ST00003" HPOS="943" VPOS="174" WIDTH="28" HEIGHT="23" CONTENT="13" WC="0.53" CC="81"/>
					</TextLine>
				</TextBlock>
			</TopMargin>
			<LeftMargin ID="P27_LM00001" HPOS="0" VPOS="198" WIDTH="115" HEIGHT="1524"/>
			<RightMargin ID="P27_RM00001" HPOS="977" VPOS="198" WIDTH="139" HEIGHT="1524"/>
			<BottomMargin ID="P27_BM00001" HPOS="0" VPOS="1722" WIDTH="1116" HEIGHT="199"/>
			<PrintSpace ID="P27_PS00001" HPOS="115" VPOS="198" WIDTH="862" HEIGHT="1524">
				<TextBlock ID="P27_TB00003" HPOS="115" VPOS="241" WIDTH="857" HEIGHT="78" STYLEREFS="TXT_0 PAR_LEFT">
					<TextLine ID="P27_TL00003" HPOS="116" VPOS="241" WIDTH="856" HEIGHT="37">
						<String ID="P27_ST00004" HPOS="116" VPOS="241" WIDTH="30" HEIGHT="26" CONTENT="of" WC="1.00" CC="00"/>
						<SP ID="P27_SP00002" HPOS="146" VPOS="267" WIDTH="18"/>
						<String ID="P27_ST00005" HPOS="164" VPOS="242" WIDTH="47" HEIGHT="25" CONTENT="the" WC="1.00" CC="000"/>
						<SP ID="P27_SP00003" HPOS="211" VPOS="267" WIDTH="22"/>
						<String ID="P27_ST00006" HPOS="233" VPOS="243" WIDTH="84" HEIGHT="29" CONTENT="slabs," WC="0.85" CC="350000"/>
						<SP ID="P27_SP00004" HPOS="317" VPOS="272" WIDTH="22"/>
						<String ID="P27_ST00007" HPOS="339" VPOS="243" WIDTH="92" HEIGHT="25" CONTENT="which" WC="0.64" CC="90502"/>
						<SP ID="P27_SP00005" HPOS="431" VPOS="272" WIDTH="22"/>
						<String ID="P27_ST00008" HPOS="453" VPOS="243" WIDTH="65" HEIGHT="33" CONTENT="split" WC="0.91" CC="00040"/>
						<SP ID="P27_SP00006" HPOS="518" VPOS="276" WIDTH="21"/>
						<String ID="P27_ST00009" HPOS="539" VPOS="244" WIDTH="113" HEIGHT="34" CONTENT="readily," WC="0.92" CC="00005000"/>
						<SP ID="P27_SP00007" HPOS="652" VPOS="278" WIDTH="23"/>
						<String ID="P27_ST00010" HPOS="675" VPOS="244" WIDTH="54" HEIGHT="25" CONTENT="and" WC="1.00" CC="000"/>
						<SP ID="P27_SP00008" HPOS="729" VPOS="278" WIDTH="22"/>
						<String ID="P27_ST00011" HPOS="751" VPOS="245" WIDTH="47" HEIGHT="24" CONTENT="the" WC="1.00" CC="000"/>
						<SP ID="P27_SP00009" HPOS="798" VPOS="278" WIDTH="21"/>
						<String ID="P27_ST00012" HPOS="819" VPOS="245" WIDTH="83" HEIGHT="25" CONTENT="shells" WC="0.87" CC="000330"/>
						<SP ID="P27_SP00010" HPOS="902" VPOS="278" WIDTH="26"/>
						<String ID="P27_ST00013" HPOS="928" VPOS="253" WIDTH="44" HEIGHT="17" CONTENT="are" WC="0.83" CC="130"/>
					</TextLine>
					<TextLine ID="P27_TL00004" HPOS="116" VPOS="288" WIDTH="557" HEIGHT="31">
						<String ID="P27_ST00014" HPOS="116" VPOS="289" WIDTH="122" HEIGHT="30" CONTENT="exposed" WC="0.90" CC="0700000"/>
						<SP ID="P27_SP00011" HPOS="238" VPOS="319" WIDTH="20"/>
						<String ID="P27_ST00015" HPOS="258" VPOS="288" WIDTH="27" HEIGHT="24" CONTENT="in" WC="1.00" CC="00"/>
						<SP ID="P27_SP00012" HPOS="285" VPOS="319" WIDTH="19"/>
						<String ID="P27_ST00016" HPOS="304" VPOS="288" WIDTH="79" HEIGHT="25" CONTENT="relief" WC="0.81" CC="500500"/>
						<SP ID="P27_SP00013" HPOS="383" VPOS="319" WIDTH="15"/>
						<String ID="P27_ST00017" HPOS="398" VPOS="298" WIDTH="36" HEIGHT="15" CONTENT="on" WC="1.00" CC="00"/>
						<SP ID="P27_SP00014" HPOS="434" VPOS="319" WIDTH="19"/>
						<String ID="P27_ST00018" HPOS="453" VPOS="289" WIDTH="71" HEIGHT="25" CONTENT="their" WC="0.74" CC="04026"/>
						<SP ID="P27_SP00015" HPOS="524" VPOS="319" WIDTH="19"/>
						<String ID="P27_ST00019" HPOS="543" VPOS="289" WIDTH="130" HEIGHT="25" CONTENT="surfaces." WC="0.97" CC="011000000"/>
					</TextLine>
				</TextBlock>
				<TextBlock ID="P27_TB00004" HPOS="116" VPOS="333" WIDTH="861" HEIGHT="529" STYLEREFS="TXT_0 PAR_LEFT">
					<TextLine ID="P27_TL00005" HPOS="151" VPOS="333" WIDTH="821" HEIGHT="35">
						<String ID="P27_ST00020" HPOS="151" VPOS="333" WIDTH="61" HEIGHT="25" CONTENT="The" WC="0.76" CC="070"/>
						<SP ID="P27_SP00016" HPOS="212" VPOS="358" WIDTH="19"/>
						<String ID="P27_ST00021" HPOS="231" VPOS="338" WIDTH="73" HEIGHT="21" CONTENT="most" WC="0.90" CC="0400"/>
						<SP ID="P27_SP00017" HPOS="304" VPOS="359" WIDTH="18"/>
						<String ID="P27_ST00022" HPOS="322" VPOS="333" WIDTH="161" HEIGHT="26" CONTENT="favourable" WC="0.85" CC="0012140500"/>
						<SP ID="P27_SP00018" HPOS="483" VPOS="359" WIDTH="18"/>
						<String ID="P27_ST00023" HPOS="501" VPOS="334" WIDTH="68" HEIGHT="25" CONTENT="time" WC="1.00" CC="0000"/>
						<SP ID="P27_SP00019" HPOS="569" VPOS="359" WIDTH="16"/>
						<String ID="P27_ST00024" HPOS="585" VPOS="338" WIDTH="30" HEIGHT="22" CONTENT="to" WC="0.80" CC="40"/>
						<SP ID="P27_SP00020" HPOS="615" VPOS="360" WIDTH="19"/>
						<String ID="P27_ST00025" HPOS="634" VPOS="334" WIDTH="64" HEIGHT="26" CONTENT="visit" WC="0.91" CC="04000"/>
						<SP ID="P27_SP00021" HPOS="698" VPOS="360" WIDTH="19"/>
						<String ID="P27_ST00026" HPOS="717" VPOS="335" WIDTH="138" HEIGHT="26" CONTENT="Sandown" WC="0.95" CC="0030000"/>
						<SP ID="P27_SP00022" HPOS="855" VPOS="361" WIDTH="13"/>
						<String ID="P27_ST00027" HPOS="868" VPOS="336" WIDTH="60" HEIGHT="32" CONTENT="Bay" WC="0.97" CC="000"/>
						<SP ID="P27_SP00023" HPOS="928" VPOS="368" WIDTH="12"/>
						<String ID="P27_ST00028" HPOS="940" VPOS="335" WIDTH="32" HEIGHT="31" CONTENT="is," WC="0.83" CC="500"/>
					</TextLine>
					<TextLine ID="P27_TL00006" HPOS="116" VPOS="379" WIDTH="857" HEIGHT="33">
						<String ID="P27_ST00029" HPOS="116" VPOS="387" WIDTH="32" HEIGHT="17" CONTENT="as" WC="1.00" CC="00"/>
						<SP ID="P27_SP00024" HPOS="148" VPOS="404" WIDTH="12"/>
						<String ID="P27_ST00030" HPOS="160" VPOS="382" WIDTH="29" HEIGHT="22" CONTENT="at" WC="0.42" CC="47"/>
						<SP ID="P27_SP00025" HPOS="189" VPOS="404" WIDTH="15"/>
						<String ID="P27_ST00031" HPOS="204" VPOS="379" WIDTH="101" HEIGHT="29" CONTENT="Brook," WC="0.74" CC="543200"/>
						<SP ID="P27_SP00026" HPOS="305" VPOS="408" WIDTH="15"/>
						<String ID="P27_ST00032" HPOS="320" VPOS="383" WIDTH="28" HEIGHT="21" CONTENT="at" WC="1.00" CC="00"/>
						<SP ID="P27_SP00027" HPOS="348" VPOS="408" WIDTH="13"/>
						<String ID="P27_ST00033" HPOS="361" VPOS="379" WIDTH="48" HEIGHT="25" CONTENT="the" WC="0.89" CC="030"/>
						<SP ID="P27_SP00028" HPOS="409" VPOS="408" WIDTH="13"/>
						<String ID="P27_ST00034" HPOS="422" VPOS="379" WIDTH="148" HEIGHT="33" CONTENT="beginning" WC="0.82" CC="004704000"/>
						<SP ID="P27_SP00029" HPOS="570" VPOS="412" WIDTH="17"/>
						<String ID="P27_ST00035" HPOS="587" VPOS="379" WIDTH="30" HEIGHT="26" CONTENT="of" WC="1.00" CC="00"/>
						<SP ID="P27_SP00030" HPOS="617" VPOS="412" WIDTH="15"/>
						<String ID="P27_ST00036" HPOS="632" VPOS="380" WIDTH="47" HEIGHT="25" CONTENT="the" WC="0.81" CC="050"/>
						<SP ID="P27_SP00031" HPOS="679" VPOS="412" WIDTH="13"/>
						<String ID="P27_ST00037" HPOS="692" VPOS="380" WIDTH="53" HEIGHT="25" CONTENT="ebb" WC="1.00" CC="000"/>
						<SP ID="P27_SP00032" HPOS="745" VPOS="412" WIDTH="13"/>
						<String ID="P27_ST00038" HPOS="758" VPOS="380" WIDTH="65" HEIGHT="29" CONTENT="tide," WC="0.91" CC="04000"/>
						<SP ID="P27_SP00033" HPOS="823" VPOS="412" WIDTH="15"/>
						<String ID="P27_ST00039" HPOS="838" VPOS="381" WIDTH="53" HEIGHT="24" CONTENT="and" WC="0.77" CC="060"/>
						<SP ID="P27_SP00034" HPOS="891" VPOS="412" WIDTH="14"/>
						<String ID="P27_ST00040" HPOS="905" VPOS="380" WIDTH="68" HEIGHT="25" CONTENT="after" WC="0.91" CC="00004"/>
					</TextLine>
					<TextLine ID="P27_TL00007" HPOS="117" VPOS="424" WIDTH="856" HEIGHT="30">
						<String ID="P27_ST00041" HPOS="117" VPOS="432" WIDTH="16" HEIGHT="17" CONTENT="a" WC="1.00" CC="0"/>
						<SP ID="P27_SP00035" HPOS="133" VPOS="449" WIDTH="20"/>
						<String ID="P27_ST00042" HPOS="153" VPOS="427" WIDTH="95" HEIGHT="22" CONTENT="storm." WC="0.98" CC="000100"/>
						<SP ID="P27_SP00036" HPOS="248" VPOS="449" WIDTH="38"/>
						<String ID="P27_ST00043" HPOS="286" VPOS="424" WIDTH="44" HEIGHT="25" CONTENT="On" WC="0.70" CC="50"/>
						<SP ID="P27_SP00037" HPOS="330" VPOS="449" WIDTH="20"/>
						<String ID="P27_ST00044" HPOS="350" VPOS="425" WIDTH="48" HEIGHT="24" CONTENT="the" WC="0.79" CC="060"/>
						<SP ID="P27_SP00038" HPOS="398" VPOS="449" WIDTH="21"/>
						<String ID="P27_ST00045" HPOS="419" VPOS="424" WIDTH="68" HEIGHT="25" CONTENT="floor" WC="0.87" CC="22000"/>
						<SP ID="P27_SP00039" HPOS="487" VPOS="449" WIDTH="22"/>
						<String ID="P27_ST00046" HPOS="509" VPOS="424" WIDTH="30" HEIGHT="25" CONTENT="of" WC="1.00" CC="00"/>
						<SP ID="P27_SP00040" HPOS="539" VPOS="449" WIDTH="18"/>
						<String ID="P27_ST00047" HPOS="557" VPOS="425" WIDTH="47" HEIGHT="24" CONTENT="the" WC="0.89" CC="030"/>
						<SP ID="P27_SP00041" HPOS="604" VPOS="449" WIDTH="20"/>
						<String ID="P27_ST00048" HPOS="624" VPOS="425" WIDTH="105" HEIGHT="29" CONTENT="strand," WC="0.80" CC="0940000"/>
						<SP ID="P27_SP00042" HPOS="729" VPOS="454" WIDTH="14"/>
						<String ID="P27_ST00049" HPOS="743" VPOS="434" WIDTH="30" HEIGHT="16" CONTENT="as" WC="0.67" CC="60"/>
						<SP ID="P27_SP00043" HPOS="773" VPOS="454" WIDTH="22"/>
						<String ID="P27_ST00050" HPOS="795" VPOS="426" WIDTH="61" HEIGHT="25" CONTENT="well" WC="1.00" CC="0000"/>
						<SP ID="P27_SP00044" HPOS="856" VPOS="454" WIDTH="21"/>
						<String ID="P27_ST00051" HPOS="877" VPOS="433" WIDTH="30" HEIGHT="17" CONTENT="as" WC="0.73" CC="13"/>
						<SP ID="P27_SP00045" HPOS="907" VPOS="454" WIDTH="19"/>
						<String ID="P27_ST00052" HPOS="926" VPOS="426" WIDTH="47" HEIGHT="25" CONTENT="the" WC="1.00" CC="000"/>
					</TextLine>
					<TextLine ID="P27_TL00008" HPOS="118" VPOS="469" WIDTH="856" HEIGHT="30">
						<String ID="P27_ST00053" HPOS="118" VPOS="470" WIDTH="89" HEIGHT="29" CONTENT="shore," WC="0.97" CC="000100"/>
						<SP ID="P27_SP00046" HPOS="207" VPOS="499" WIDTH="26"/>
						<String ID="P27_ST00054" HPOS="233" VPOS="469" WIDTH="118" HEIGHT="25" CONTENT="isolated" WC="0.95" CC="30000000"/>
						<SP ID="P27_SP00047" HPOS="351" VPOS="499" WIDTH="24"/>
						<String ID="P27_ST00055" HPOS="375" VPOS="471" WIDTH="135" HEIGHT="24" CONTENT="vertebræ" WC="0.97" CC="00000020"/>
						<SP ID="P27_SP00048" HPOS="510" VPOS="499" WIDTH="30"/>
						<String ID="P27_ST00056" HPOS="540" VPOS="471" WIDTH="53" HEIGHT="24" CONTENT="and" WC="1.00" CC="000"/>
						<SP ID="P27_SP00049" HPOS="593" VPOS="499" WIDTH="27"/>
						<String ID="P27_ST00057" HPOS="620" VPOS="471" WIDTH="78" HEIGHT="24" CONTENT="other" WC="0.88" CC="00600"/>
						<SP ID="P27_SP00050" HPOS="698" VPOS="499" WIDTH="31"/>
						<String ID="P27_ST00058" HPOS="729" VPOS="471" WIDTH="135" HEIGHT="25" CONTENT="detached" WC="0.91" CC="00000700"/>
						<SP ID="P27_SP00051" HPOS="864" VPOS="499" WIDTH="25"/>
						<String ID="P27_ST00059" HPOS="889" VPOS="471" WIDTH="85" HEIGHT="25" CONTENT="bones" WC="1.00" CC="00000"/>
					</TextLine>
					<TextLine ID="P27_TL00009" HPOS="117" VPOS="515" WIDTH="860" HEIGHT="33">
						<String ID="P27_ST00060" HPOS="117" VPOS="523" WIDTH="93" HEIGHT="21" CONTENT="occur," WC="0.87" CC="000240"/>
						<SP ID="P27_SP00052" HPOS="210" VPOS="544" WIDTH="15"/>
						<String ID="P27_ST00061" HPOS="225" VPOS="515" WIDTH="55" HEIGHT="25" CONTENT="and" WC="0.95" CC="010"/>
						<SP ID="P27_SP00053" HPOS="280" VPOS="544" WIDTH="20"/>
						<String ID="P27_ST00062" HPOS="300" VPOS="524" WIDTH="47" HEIGHT="16" CONTENT="are" WC="0.84" CC="040"/>
						<SP ID="P27_SP00054" HPOS="347" VPOS="544" WIDTH="21"/>
						<String ID="P27_ST00063" HPOS="368" VPOS="515" WIDTH="75" HEIGHT="25" CONTENT="often" WC="0.92" CC="00004"/>
						<SP ID="P27_SP00055" HPOS="443" VPOS="544" WIDTH="22"/>
						<String ID="P27_ST00064" HPOS="465" VPOS="515" WIDTH="85" HEIGHT="25" CONTENT="found" WC="0.93" CC="00300"/>
						<SP ID="P27_SP00056" HPOS="550" VPOS="544" WIDTH="22"/>
						<String ID="P27_ST00065" HPOS="572" VPOS="515" WIDTH="156" HEIGHT="26" CONTENT="associated" WC="0.96" CC="0000040000"/>
						<SP ID="P27_SP00057" HPOS="728" VPOS="544" WIDTH="21"/>
						<String ID="P27_ST00066" HPOS="749" VPOS="515" WIDTH="67" HEIGHT="26" CONTENT="with" WC="0.98" CC="0000"/>
						<SP ID="P27_SP00058" HPOS="816" VPOS="544" WIDTH="18"/>
						<String ID="P27_ST00067" HPOS="834" VPOS="515" WIDTH="92" HEIGHT="33" CONTENT="pieces" WC="0.90" CC="050000"/>
						<SP ID="P27_SP00059" HPOS="926" VPOS="548" WIDTH="21"/>
						<String ID="P27_ST00068" HPOS="947" VPOS="516" WIDTH="30" HEIGHT="25" CONTENT="of" WC="1.00" CC="00"/>
					</TextLine>
					<TextLine ID="P27_TL00010" HPOS="117" VPOS="560" WIDTH="860" HEIGHT="33">
						<String ID="P27_ST00069" HPOS="117" VPOS="560" WIDTH="97" HEIGHT="33" CONTENT="lignite" WC="0.93" CC="0500000"/>
						<SP ID="P27_SP00060" HPOS="214" VPOS="593" WIDTH="13"/>
						<String ID="P27_ST00070" HPOS="227" VPOS="561" WIDTH="55" HEIGHT="25" CONTENT="and" WC="0.74" CC="700"/>
						<SP ID="P27_SP00061" HPOS="282" VPOS="593" WIDTH="12"/>
						<String ID="P27_ST00071" HPOS="294" VPOS="560" WIDTH="151" HEIGHT="33" CONTENT="fragments" WC="0.93" CC="050000000"/>
						<SP ID="P27_SP00062" HPOS="445" VPOS="593" WIDTH="19"/>
						<String ID="P27_ST00072" HPOS="464" VPOS="561" WIDTH="29" HEIGHT="25" CONTENT="of" WC="1.00" CC="00"/>
						<SP ID="P27_SP00063" HPOS="493" VPOS="593" WIDTH="16"/>
						<String ID="P27_ST00073" HPOS="509" VPOS="561" WIDTH="126" HEIGHT="26" CONTENT="silicified" WC="0.93" CC="0100050000"/>
						<SP ID="P27_SP00064" HPOS="635" VPOS="593" WIDTH="12"/>
						<String ID="P27_ST00074" HPOS="647" VPOS="561" WIDTH="87" HEIGHT="26" CONTENT="wood." WC="0.97" CC="00000"/>
						<SP ID="P27_SP00065" HPOS="734" VPOS="593" WIDTH="38"/>
						<String ID="P27_ST00075" HPOS="772" VPOS="562" WIDTH="60" HEIGHT="25" CONTENT="The" WC="0.90" CC="030"/>
						<SP ID="P27_SP00066" HPOS="832" VPOS="593" WIDTH="18"/>
						<String ID="P27_ST00076" HPOS="850" VPOS="565" WIDTH="84" HEIGHT="22" CONTENT="stems" WC="1.00" CC="00000"/>
						<SP ID="P27_SP00067" HPOS="934" VPOS="593" WIDTH="14"/>
						<String ID="P27_ST00077" HPOS="948" VPOS="562" WIDTH="29" HEIGHT="25" CONTENT="of" WC="0.66" CC="06"/>
					</TextLine>
					<TextLine ID="P27_TL00011" HPOS="119" VPOS="605" WIDTH="854" HEIGHT="34">
						<String ID="P27_ST00078" HPOS="119" VPOS="615" WIDTH="16" HEIGHT="16" CONTENT="a" WC="1.00" CC="0"/>
						<SP ID="P27_SP00068" HPOS="135" VPOS="631" WIDTH="13"/>
						<String ID="P27_ST00079" HPOS="148" VPOS="606" WIDTH="78" HEIGHT="32" CONTENT="plant" WC="1.00" CC="00000"/>
						<SP ID="P27_SP00069" HPOS="226" VPOS="638" WIDTH="21"/>
						<String ID="P27_ST00080" HPOS="247" VPOS="605" WIDTH="82" HEIGHT="26" CONTENT="allied" WC="0.93" CC="000400"/>
						<SP ID="P27_SP00070" HPOS="329" VPOS="638" WIDTH="18"/>
						<String ID="P27_ST00081" HPOS="347" VPOS="609" WIDTH="28" HEIGHT="22" CONTENT="to" WC="1.00" CC="00"/>
						<SP ID="P27_SP00071" HPOS="375" VPOS="638" WIDTH="22"/>
						<String ID="P27_ST00082" HPOS="397" VPOS="606" WIDTH="100" HEIGHT="30" CONTENT="Zamia," WC="0.79" CC="090002"/>
						<SP ID="P27_SP00072" HPOS="497" VPOS="638" WIDTH="14"/>
						<String ID="P27_ST00083" HPOS="511" VPOS="606" WIDTH="54" HEIGHT="25" CONTENT="and" WC="0.82" CC="050"/>
						<SP ID="P27_SP00073" HPOS="565" VPOS="638" WIDTH="21"/>
						<String ID="P27_ST00084" HPOS="586" VPOS="607" WIDTH="86" HEIGHT="24" CONTENT="bones" WC="0.95" CC="01000"/>
						<SP ID="P27_SP00074" HPOS="672" VPOS="638" WIDTH="18"/>
						<String ID="P27_ST00085" HPOS="690" VPOS="606" WIDTH="30" HEIGHT="25" CONTENT="of" WC="1.00" CC="00"/>
						<SP ID="P27_SP00075" HPOS="720" VPOS="638" WIDTH="18"/>
						<String ID="P27_ST00086" HPOS="738" VPOS="607" WIDTH="47" HEIGHT="24" CONTENT="the" WC="0.89" CC="030"/>
						<SP ID="P27_SP00076" HPOS="785" VPOS="638" WIDTH="19"/>
						<String ID="P27_ST00087" HPOS="804" VPOS="607" WIDTH="169" HEIGHT="32" CONTENT="Iguanodon," WC="1.00" CC="0000000000"/>
					</TextLine>
					<TextLine ID="P27_TL00012" HPOS="119" VPOS="651" WIDTH="855" HEIGHT="33">
						<String ID="P27_ST00088" HPOS="119" VPOS="652" WIDTH="72" HEIGHT="24" CONTENT="have" WC="0.86" CC="5000"/>
						<SP ID="P27_SP00077" HPOS="191" VPOS="676" WIDTH="13"/>
						<String ID="P27_ST00089" HPOS="204" VPOS="652" WIDTH="58" HEIGHT="23" CONTENT="also" WC="0.91" CC="0201"/>
						<SP ID="P27_SP00078" HPOS="262" VPOS="676" WIDTH="14"/>
						<String ID="P27_ST00090" HPOS="276" VPOS="652" WIDTH="69" HEIGHT="24" CONTENT="been" WC="1.00" CC="0000"/>
						<SP ID="P27_SP00079" HPOS="345" VPOS="676" WIDTH="19"/>
						<String ID="P27_ST00091" HPOS="364" VPOS="651" WIDTH="84" HEIGHT="24" CONTENT="found" WC="0.92" CC="03000"/>
						<SP ID="P27_SP00080" HPOS="448" VPOS="676" WIDTH="18"/>
						<String ID="P27_ST00092" HPOS="466" VPOS="651" WIDTH="28" HEIGHT="24" CONTENT="in" WC="0.92" CC="10"/>
						<SP ID="P27_SP00081" HPOS="494" VPOS="676" WIDTH="19"/>
						<String ID="P27_ST00093" HPOS="513" VPOS="651" WIDTH="47" HEIGHT="24" CONTENT="the" WC="0.78" CC="600"/>
						<SP ID="P27_SP00082" HPOS="560" VPOS="676" WIDTH="14"/>
						<String ID="P27_ST00094" HPOS="574" VPOS="652" WIDTH="67" HEIGHT="32" CONTENT="Bay," WC="0.97" CC="1000"/>
						<SP ID="P27_SP00083" HPOS="641" VPOS="684" WIDTH="15"/>
						<String ID="P27_ST00095" HPOS="656" VPOS="652" WIDTH="136" HEIGHT="24" CONTENT="eastward" WC="0.95" CC="00000040"/>
						<SP ID="P27_SP00084" HPOS="792" VPOS="684" WIDTH="18"/>
						<String ID="P27_ST00096" HPOS="810" VPOS="651" WIDTH="30" HEIGHT="25" CONTENT="of" WC="1.00" CC="00"/>
						<SP ID="P27_SP00085" HPOS="840" VPOS="684" WIDTH="15"/>
						<String ID="P27_ST00097" HPOS="855" VPOS="652" WIDTH="47" HEIGHT="24" CONTENT="the" WC="0.78" CC="060"/>
						<SP ID="P27_SP00086" HPOS="902" VPOS="684" WIDTH="13"/>
						<String ID="P27_ST00098" HPOS="915" VPOS="660" WIDTH="59" HEIGHT="18" CONTENT="new" WC="0.76" CC="700"/>
					</TextLine>
					<TextLine ID="P27_TL00013" HPOS="121" VPOS="696" WIDTH="854" HEIGHT="32">
						<String ID="P27_ST00099" HPOS="121" VPOS="697" WIDTH="77" HEIGHT="24" CONTENT="Fort." WC="0.87" CC="00302"/>
						<SP ID="P27_SP00087" HPOS="198" VPOS="721" WIDTH="32"/>
						<String ID="P27_ST00100" HPOS="230" VPOS="696" WIDTH="119" HEIGHT="25" CONTENT="Further" WC="0.83" CC="0350002"/>
						<SP ID="P27_SP00088" HPOS="349" VPOS="721" WIDTH="10"/>
						<String ID="P27_ST00101" HPOS="359" VPOS="700" WIDTH="68" HEIGHT="25" CONTENT="east," WC="1.00" CC="00000"/>
						<SP ID="P27_SP00089" HPOS="427" VPOS="725" WIDTH="12"/>
						<String ID="P27_ST00102" HPOS="439" VPOS="699" WIDTH="28" HEIGHT="22" CONTENT="at" WC="1.00" CC="00"/>
						<SP ID="P27_SP00090" HPOS="467" VPOS="725" WIDTH="10"/>
						<String ID="P27_ST00103" HPOS="477" VPOS="696" WIDTH="47" HEIGHT="24" CONTENT="the" WC="0.91" CC="020"/>
						<SP ID="P27_SP00091" HPOS="524" VPOS="725" WIDTH="8"/>
						<String ID="P27_ST00104" HPOS="532" VPOS="696" WIDTH="125" HEIGHT="32" CONTENT="junction" WC="0.83" CC="14000322"/>
						<SP ID="P27_SP00092" HPOS="657" VPOS="728" WIDTH="11"/>
						<String ID="P27_ST00105" HPOS="668" VPOS="696" WIDTH="29" HEIGHT="24" CONTENT="of" WC="1.00" CC="00"/>
						<SP ID="P27_SP00093" HPOS="697" VPOS="728" WIDTH="10"/>
						<String ID="P27_ST00106" HPOS="707" VPOS="696" WIDTH="47" HEIGHT="24" CONTENT="the" WC="0.81" CC="050"/>
						<SP ID="P27_SP00094" HPOS="754" VPOS="728" WIDTH="11"/>
						<String ID="P27_ST00107" HPOS="765" VPOS="697" WIDTH="97" HEIGHT="24" CONTENT="Lower" WC="0.88" CC="12001"/>
						<SP ID="P27_SP00095" HPOS="862" VPOS="728" WIDTH="11"/>
						<String ID="P27_ST00108" HPOS="873" VPOS="697" WIDTH="102" HEIGHT="25" CONTENT="Green" SUBS_TYPE="HypPart1" SUBS_CONTENT="Greensand" WC="0.93" CC="000003"/>
						<HYP CONTENT="-"/>
					</TextLine>
					<TextLine ID="P27_TL00014" HPOS="121" VPOS="740" WIDTH="853" HEIGHT="29">
						<String ID="P27_ST00109" HPOS="121" VPOS="741" WIDTH="70" HEIGHT="25" CONTENT="sand" SUBS_TYPE="HypPart2" SUBS_CONTENT="Greensand" WC="1.00" CC="0000"/>
						<SP ID="P27_SP00096" HPOS="191" VPOS="766" WIDTH="12"/>
						<String ID="P27_ST00110" HPOS="203" VPOS="740" WIDTH="67" HEIGHT="26" CONTENT="with" WC="0.49" CC="9306"/>
						<SP ID="P27_SP00097" HPOS="270" VPOS="766" WIDTH="19"/>
						<String ID="P27_ST00111" HPOS="289" VPOS="741" WIDTH="48" HEIGHT="24" CONTENT="the" WC="0.84" CC="040"/>
						<SP ID="P27_SP00098" HPOS="337" VPOS="766" WIDTH="13"/>
						<String ID="P27_ST00112" HPOS="350" VPOS="741" WIDTH="146" HEIGHT="28" CONTENT="Wealden," WC="0.97" CC="00000002"/>
						<SP ID="P27_SP00099" HPOS="496" VPOS="769" WIDTH="13"/>
						<String ID="P27_ST00113" HPOS="509" VPOS="741" WIDTH="48" HEIGHT="24" CONTENT="the" WC="0.99" CC="000"/>
						<SP ID="P27_SP00100" HPOS="557" VPOS="769" WIDTH="19"/>
						<String ID="P27_ST00114" HPOS="576" VPOS="742" WIDTH="90" HEIGHT="23" CONTENT="Perna" WC="0.77" CC="50140"/>
						<SP ID="P27_SP00101" HPOS="666" VPOS="769" WIDTH="19"/>
						<String ID="P27_ST00115" HPOS="685" VPOS="741" WIDTH="66" HEIGHT="24" CONTENT="beds" WC="1.00" CC="0000"/>
						<SP ID="P27_SP00102" HPOS="751" VPOS="769" WIDTH="14"/>
						<String ID="P27_ST00116" HPOS="765" VPOS="749" WIDTH="47" HEIGHT="16" CONTENT="are" WC="0.92" CC="020"/>
						<SP ID="P27_SP00103" HPOS="812" VPOS="769" WIDTH="17"/>
						<String ID="P27_ST00117" HPOS="829" VPOS="749" WIDTH="64" HEIGHT="16" CONTENT="seen" WC="0.97" CC="0000"/>
						<SP ID="P27_SP00104" HPOS="893" VPOS="769" WIDTH="15"/>
						<String ID="P27_ST00118" HPOS="908" VPOS="746" WIDTH="66" HEIGHT="20" CONTENT="rest" SUBS_TYPE="HypPart1" SUBS_CONTENT="resting" WC="0.98" CC="00000"/>
						<HYP CONTENT="-"/>
					</TextLine>
					<TextLine ID="P27_TL00015" HPOS="121" VPOS="785" WIDTH="853" HEIGHT="34">
						<String ID="P27_ST00119" HPOS="121" VPOS="786" WIDTH="46" HEIGHT="33" CONTENT="ing" SUBS_TYPE="HypPart2" SUBS_CONTENT="resting" WC="0.56" CC="174"/>
						<SP ID="P27_SP00105" HPOS="167" VPOS="819" WIDTH="22"/>
						<String ID="P27_ST00120" HPOS="189" VPOS="794" WIDTH="36" HEIGHT="16" CONTENT="on" WC="0.91" CC="01"/>
						<SP ID="P27_SP00106" HPOS="225" VPOS="819" WIDTH="21"/>
						<String ID="P27_ST00121" HPOS="246" VPOS="786" WIDTH="47" HEIGHT="24" CONTENT="the" WC="1.00" CC="000"/>
						<SP ID="P27_SP00107" HPOS="293" VPOS="819" WIDTH="17"/>
						<String ID="P27_ST00122" HPOS="310" VPOS="785" WIDTH="101" HEIGHT="25" CONTENT="Weald" WC="0.81" CC="00026"/>
						<SP ID="P27_SP00108" HPOS="411" VPOS="819" WIDTH="20"/>
						<String ID="P27_ST00123" HPOS="431" VPOS="786" WIDTH="85" HEIGHT="33" CONTENT="clays," WC="0.79" CC="070500"/>
						<SP ID="P27_SP00109" HPOS="516" VPOS="819" WIDTH="23"/>
						<String ID="P27_ST00124" HPOS="539" VPOS="793" WIDTH="30" HEIGHT="17" CONTENT="as" WC="1.00" CC="00"/>
						<SP ID="P27_SP00110" HPOS="569" VPOS="819" WIDTH="20"/>
						<String ID="P27_ST00125" HPOS="589" VPOS="788" WIDTH="29" HEIGHT="22" CONTENT="at" WC="0.57" CC="80"/>
						<SP ID="P27_SP00111" HPOS="618" VPOS="819" WIDTH="22"/>
						<String ID="P27_ST00126" HPOS="640" VPOS="785" WIDTH="152" HEIGHT="25" CONTENT="Atherfield" WC="0.99" CC="0000000000"/>
						<SP ID="P27_SP00112" HPOS="792" VPOS="819" WIDTH="22"/>
						<String ID="P27_ST00127" HPOS="814" VPOS="786" WIDTH="81" HEIGHT="24" CONTENT="Point" WC="0.71" CC="50170"/>
						<SP ID="P27_SP00113" HPOS="895" VPOS="819" WIDTH="26"/>
						<String ID="P27_ST00128" HPOS="921" VPOS="786" WIDTH="53" HEIGHT="25" CONTENT="and" WC="0.91" CC="020"/>
					</TextLine>
					<TextLine ID="P27_TL00016" HPOS="121" VPOS="831" WIDTH="229" HEIGHT="31">
						<String ID="P27_ST00129" HPOS="121" VPOS="832" WIDTH="140" HEIGHT="30" CONTENT="Compton" WC="0.92" CC="1000040"/>
						<SP ID="P27_SP00114" HPOS="261" VPOS="862" WIDTH="20"/>
						<String ID="P27_ST00130" HPOS="281" VPOS="831" WIDTH="69" HEIGHT="31" CONTENT="Bay." WC="0.80" CC="7000"/>
					</TextLine>
				</TextBlock>
				<TextBlock ID="P27_TB00005" HPOS="119" VPOS="874" WIDTH="858" HEIGHT="848" STYLEREFS="TXT_0 PAR_LEFT">
					<TextLine ID="P27_TL00017" HPOS="168" VPOS="874" WIDTH="808" HEIGHT="33">
						<String ID="P27_ST00131" HPOS="168" VPOS="880" WIDTH="16" HEIGHT="11" CONTENT='"' WC="0.93" CC="0"/>
						<SP ID="P27_SP00115" HPOS="184" VPOS="891" WIDTH="10"/>
						<String ID="P27_ST00132" HPOS="194" VPOS="876" WIDTH="61" HEIGHT="25" CONTENT="The" WC="0.88" CC="030"/>
						<SP ID="P27_SP00116" HPOS="255" VPOS="901" WIDTH="10"/>
						<String ID="P27_ST00133" HPOS="265" VPOS="874" WIDTH="137" HEIGHT="26" CONTENT="Wealden" WC="1.00" CC="0000000"/>
						<SP ID="P27_SP00117" HPOS="402" VPOS="901" WIDTH="8"/>
						<String ID="P27_ST00134" HPOS="410" VPOS="879" WIDTH="28" HEIGHT="21" CONTENT="at" WC="1.00" CC="00"/>
						<SP ID="P27_SP00118" HPOS="438" VPOS="901" WIDTH="13"/>
						<String ID="P27_ST00135" HPOS="451" VPOS="874" WIDTH="48" HEIGHT="26" CONTENT="the" WC="0.87" CC="300"/>
						<SP ID="P27_SP00119" HPOS="499" VPOS="901" WIDTH="10"/>
						<String ID="P27_ST00136" HPOS="509" VPOS="874" WIDTH="162" HEIGHT="26" CONTENT="south-west" WC="0.90" CC="0040004000"/>
						<SP ID="P27_SP00120" HPOS="671" VPOS="901" WIDTH="8"/>
						<String ID="P27_ST00137" HPOS="679" VPOS="874" WIDTH="30" HEIGHT="25" CONTENT="of" WC="0.83" CC="03"/>
						<SP ID="P27_SP00121" HPOS="709" VPOS="901" WIDTH="9"/>
						<String ID="P27_ST00138" HPOS="718" VPOS="875" WIDTH="48" HEIGHT="25" CONTENT="the" WC="0.87" CC="030"/>
						<SP ID="P27_SP00122" HPOS="766" VPOS="901" WIDTH="11"/>
						<String ID="P27_ST00139" HPOS="777" VPOS="875" WIDTH="93" HEIGHT="25" CONTENT="Island" WC="0.90" CC="022000"/>
						<SP ID="P27_SP00123" HPOS="870" VPOS="901" WIDTH="10"/>
						<String ID="P27_ST00140" HPOS="880" VPOS="884" WIDTH="96" HEIGHT="23" CONTENT="passes" WC="1.00" CC="000000"/>
					</TextLine>
					<TextLine ID="P27_TL00018" HPOS="120" VPOS="919" WIDTH="856" HEIGHT="33">
						<String ID="P27_ST00141" HPOS="120" VPOS="921" WIDTH="103" HEIGHT="29" CONTENT="inland," WC="0.77" CC="5030700"/>
						<SP ID="P27_SP00124" HPOS="223" VPOS="950" WIDTH="24"/>
						<String ID="P27_ST00142" HPOS="247" VPOS="919" WIDTH="182" HEIGHT="33" CONTENT="constituting" WC="0.91" CC="014000030000"/>
						<SP ID="P27_SP00125" HPOS="429" VPOS="952" WIDTH="21"/>
						<String ID="P27_ST00143" HPOS="450" VPOS="920" WIDTH="47" HEIGHT="25" CONTENT="the" WC="0.99" CC="000"/>
						<SP ID="P27_SP00126" HPOS="497" VPOS="952" WIDTH="22"/>
						<String ID="P27_ST00144" HPOS="519" VPOS="920" WIDTH="52" HEIGHT="25" CONTENT="low" WC="1.00" CC="000"/>
						<SP ID="P27_SP00127" HPOS="571" VPOS="952" WIDTH="18"/>
						<String ID="P27_ST00145" HPOS="589" VPOS="920" WIDTH="121" HEIGHT="32" CONTENT="grounds" WC="0.94" CC="0003000"/>
						<SP ID="P27_SP00128" HPOS="710" VPOS="952" WIDTH="18"/>
						<String ID="P27_ST00146" HPOS="728" VPOS="919" WIDTH="29" HEIGHT="26" CONTENT="of" WC="1.00" CC="00"/>
						<SP ID="P27_SP00129" HPOS="757" VPOS="952" WIDTH="20"/>
						<String ID="P27_ST00147" HPOS="777" VPOS="920" WIDTH="94" HEIGHT="25" CONTENT="Thorn" WC="0.83" CC="06010"/>
						<SP ID="P27_SP00130" HPOS="871" VPOS="952" WIDTH="13"/>
						<String ID="P27_ST00148" HPOS="884" VPOS="921" WIDTH="92" HEIGHT="30" CONTENT="Cross," WC="1.00" CC="000000"/>
					</TextLine>
					<TextLine ID="P27_TL00019" HPOS="121" VPOS="964" WIDTH="856" HEIGHT="30">
						<String ID="P27_ST00149" HPOS="121" VPOS="966" WIDTH="98" HEIGHT="25" CONTENT="Marsh" WC="0.90" CC="00005"/>
						<SP ID="P27_SP00131" HPOS="219" VPOS="991" WIDTH="14"/>
						<String ID="P27_ST00150" HPOS="233" VPOS="967" WIDTH="100" HEIGHT="27" CONTENT="Green," WC="0.90" CC="000050"/>
						<SP ID="P27_SP00132" HPOS="333" VPOS="994" WIDTH="15"/>
						<String ID="P27_ST00151" HPOS="348" VPOS="965" WIDTH="174" HEIGHT="29" CONTENT="Mottistone," WC="0.93" CC="02002000200"/>
						<SP ID="P27_SP00133" HPOS="522" VPOS="994" WIDTH="17"/>
						<String ID="P27_ST00152" HPOS="539" VPOS="965" WIDTH="54" HEIGHT="25" CONTENT="and" WC="0.84" CC="400"/>
						<SP ID="P27_SP00134" HPOS="593" VPOS="994" WIDTH="20"/>
						<String ID="P27_ST00153" HPOS="613" VPOS="964" WIDTH="125" HEIGHT="30" CONTENT="Brixton," WC="0.76" CC="30690000"/>
						<SP ID="P27_SP00135" HPOS="738" VPOS="994" WIDTH="14"/>
						<String ID="P27_ST00154" HPOS="752" VPOS="965" WIDTH="54" HEIGHT="25" CONTENT="and" WC="0.79" CC="060"/>
						<SP ID="P27_SP00136" HPOS="806" VPOS="994" WIDTH="19"/>
						<String ID="P27_ST00155" HPOS="825" VPOS="969" WIDTH="86" HEIGHT="21" CONTENT="meets" WC="0.93" CC="00030"/>
						<SP ID="P27_SP00137" HPOS="911" VPOS="994" WIDTH="19"/>
						<String ID="P27_ST00156" HPOS="930" VPOS="966" WIDTH="47" HEIGHT="25" CONTENT="the" WC="1.00" CC="000"/>
					</TextLine>
					<TextLine ID="P27_TL00020" HPOS="120" VPOS="1010" WIDTH="857" HEIGHT="33">
						<String ID="P27_ST00157" HPOS="120" VPOS="1015" WIDTH="79" HEIGHT="21" CONTENT="coast" WC="0.86" CC="06000"/>
						<SP ID="P27_SP00138" HPOS="199" VPOS="1036" WIDTH="13"/>
						<String ID="P27_ST00158" HPOS="212" VPOS="1014" WIDTH="28" HEIGHT="21" CONTENT="at" WC="1.00" CC="00"/>
						<SP ID="P27_SP00139" HPOS="240" VPOS="1036" WIDTH="15"/>
						<String ID="P27_ST00159" HPOS="255" VPOS="1011" WIDTH="138" HEIGHT="32" CONTENT="Compton" WC="1.00" CC="0000000"/>
						<SP ID="P27_SP00140" HPOS="393" VPOS="1043" WIDTH="15"/>
						<String ID="P27_ST00160" HPOS="408" VPOS="1011" WIDTH="120" HEIGHT="31" CONTENT="Grange," WC="0.93" CC="0400000"/>
						<SP ID="P27_SP00141" HPOS="528" VPOS="1043" WIDTH="12"/>
						<String ID="P27_ST00161" HPOS="540" VPOS="1010" WIDTH="100" HEIGHT="29" CONTENT="Brook," WC="0.88" CC="600000"/>
						<SP ID="P27_SP00142" HPOS="640" VPOS="1043" WIDTH="12"/>
						<String ID="P27_ST00162" HPOS="652" VPOS="1010" WIDTH="55" HEIGHT="24" CONTENT="and" WC="0.72" CC="080"/>
						<SP ID="P27_SP00143" HPOS="707" VPOS="1043" WIDTH="13"/>
						<String ID="P27_ST00163" HPOS="720" VPOS="1010" WIDTH="135" HEIGHT="25" CONTENT="Sudmore" WC="0.96" CC="0000200"/>
						<SP ID="P27_SP00144" HPOS="855" VPOS="1043" WIDTH="11"/>
						<String ID="P27_ST00164" HPOS="866" VPOS="1010" WIDTH="111" HEIGHT="25" CONTENT="Chines." WC="0.91" CC="0060000"/>
					</TextLine>
					<TextLine ID="P27_TL00021" HPOS="121" VPOS="1054" WIDTH="856" HEIGHT="35">
						<String ID="P27_ST00165" HPOS="121" VPOS="1056" WIDTH="36" HEIGHT="25" CONTENT="Ac" WC="0.63" CC="07"/>
						<SP ID="P27_SP00145" HPOS="157" VPOS="1081" WIDTH="14"/>
						<String ID="P27_ST00166" HPOS="171" VPOS="1056" WIDTH="48" HEIGHT="25" CONTENT="the" WC="1.00" CC="000"/>
						<SP ID="P27_SP00146" HPOS="219" VPOS="1081" WIDTH="12"/>
						<String ID="P27_ST00167" HPOS="231" VPOS="1055" WIDTH="100" HEIGHT="25" CONTENT="former" WC="0.92" CC="002002"/>
						<SP ID="P27_SP00147" HPOS="331" VPOS="1081" WIDTH="14"/>
						<String ID="P27_ST00168" HPOS="345" VPOS="1064" WIDTH="16" HEIGHT="15" CONTENT="a" WC="1.00" CC="0"/>
						<SP ID="P27_SP00148" HPOS="361" VPOS="1081" WIDTH="14"/>
						<String ID="P27_ST00169" HPOS="375" VPOS="1054" WIDTH="103" HEIGHT="25" CONTENT="similar" WC="0.82" CC="0362000"/>
						<SP ID="P27_SP00149" HPOS="478" VPOS="1081" WIDTH="14"/>
						<String ID="P27_ST00170" HPOS="492" VPOS="1054" WIDTH="105" HEIGHT="25" CONTENT="section" WC="0.98" CC="0000100"/>
						<SP ID="P27_SP00150" HPOS="597" VPOS="1081" WIDTH="13"/>
						<String ID="P27_ST00171" HPOS="610" VPOS="1058" WIDTH="29" HEIGHT="21" CONTENT="to" WC="1.00" CC="00"/>
						<SP ID="P27_SP00151" HPOS="639" VPOS="1081" WIDTH="13"/>
						<String ID="P27_ST00172" HPOS="652" VPOS="1054" WIDTH="60" HEIGHT="25" CONTENT="that" WC="0.60" CC="0690"/>
						<SP ID="P27_SP00152" HPOS="712" VPOS="1081" WIDTH="14"/>
						<String ID="P27_ST00173" HPOS="726" VPOS="1054" WIDTH="30" HEIGHT="25" CONTENT="of" WC="1.00" CC="00"/>
						<SP ID="P27_SP00153" HPOS="756" VPOS="1081" WIDTH="10"/>
						<String ID="P27_ST00174" HPOS="766" VPOS="1055" WIDTH="137" HEIGHT="25" CONTENT="Sandown" WC="0.87" CC="0500200"/>
						<SP ID="P27_SP00154" HPOS="903" VPOS="1081" WIDTH="14"/>
						<String ID="P27_ST00175" HPOS="917" VPOS="1056" WIDTH="60" HEIGHT="33" CONTENT="Bay" WC="0.85" CC="400"/>
					</TextLine>
					<TextLine ID="P27_TL00022" HPOS="120" VPOS="1099" WIDTH="857" HEIGHT="35">
						<String ID="P27_ST00176" HPOS="120" VPOS="1101" WIDTH="23" HEIGHT="25" CONTENT="is" WC="1.00" CC="00"/>
						<SP ID="P27_SP00155" HPOS="143" VPOS="1126" WIDTH="20"/>
						<String ID="P27_ST00177" HPOS="163" VPOS="1100" WIDTH="130" HEIGHT="34" CONTENT="exposed." WC="0.95" CC="00040000"/>
						<SP ID="P27_SP00156" HPOS="293" VPOS="1134" WIDTH="38"/>
						<String ID="P27_ST00178" HPOS="331" VPOS="1100" WIDTH="61" HEIGHT="24" CONTENT="The" WC="0.98" CC="000"/>
						<SP ID="P27_SP00157" HPOS="392" VPOS="1134" WIDTH="22"/>
						<String ID="P27_ST00179" HPOS="414" VPOS="1099" WIDTH="147" HEIGHT="34" CONTENT="extremity" WC="0.78" CC="070300440"/>
						<SP ID="P27_SP00158" HPOS="561" VPOS="1134" WIDTH="21"/>
						<String ID="P27_ST00180" HPOS="582" VPOS="1099" WIDTH="30" HEIGHT="25" CONTENT="of" WC="0.82" CC="30"/>
						<SP ID="P27_SP00159" HPOS="612" VPOS="1134" WIDTH="19"/>
						<String ID="P27_ST00181" HPOS="631" VPOS="1100" WIDTH="92" HEIGHT="24" CONTENT="Brook" WC="0.93" CC="00020"/>
						<SP ID="P27_SP00160" HPOS="723" VPOS="1134" WIDTH="23"/>
						<String ID="P27_ST00182" HPOS="746" VPOS="1099" WIDTH="82" HEIGHT="25" CONTENT="Point" WC="1.00" CC="00000"/>
						<SP ID="P27_SP00161" HPOS="828" VPOS="1134" WIDTH="21"/>
						<String ID="P27_ST00183" HPOS="849" VPOS="1099" WIDTH="23" HEIGHT="25" CONTENT="is" WC="0.94" CC="10"/>
						<SP ID="P27_SP00162" HPOS="872" VPOS="1134" WIDTH="21"/>
						<String ID="P27_ST00184" HPOS="893" VPOS="1100" WIDTH="84" HEIGHT="25" CONTENT="about" WC="0.76" CC="06040"/>
					</TextLine>
					<TextLine ID="P27_TL00023" HPOS="119" VPOS="1145" WIDTH="858" HEIGHT="28">
						<String ID="P27_ST00185" HPOS="119" VPOS="1155" WIDTH="53" HEIGHT="17" CONTENT="one" WC="0.82" CC="050"/>
						<SP ID="P27_SP00163" HPOS="172" VPOS="1172" WIDTH="25"/>
						<String ID="P27_ST00186" HPOS="197" VPOS="1146" WIDTH="64" HEIGHT="25" CONTENT="mile" WC="0.99" CC="0000"/>
						<SP ID="P27_SP00164" HPOS="261" VPOS="1172" WIDTH="18"/>
						<String ID="P27_ST00187" HPOS="279" VPOS="1145" WIDTH="69" HEIGHT="26" CONTENT="from" WC="0.73" CC="0550"/>
						<SP ID="P27_SP00165" HPOS="348" VPOS="1172" WIDTH="20"/>
						<String ID="P27_ST00188" HPOS="368" VPOS="1145" WIDTH="47" HEIGHT="25" CONTENT="the" WC="0.98" CC="000"/>
						<SP ID="P27_SP00166" HPOS="415" VPOS="1172" WIDTH="19"/>
						<String ID="P27_ST00189" HPOS="434" VPOS="1145" WIDTH="53" HEIGHT="25" CONTENT="rise" WC="0.90" CC="1200"/>
						<SP ID="P27_SP00167" HPOS="487" VPOS="1172" WIDTH="19"/>
						<String ID="P27_ST00190" HPOS="506" VPOS="1145" WIDTH="29" HEIGHT="24" CONTENT="of" WC="1.00" CC="00"/>
						<SP ID="P27_SP00168" HPOS="535" VPOS="1172" WIDTH="17"/>
						<String ID="P27_ST00191" HPOS="552" VPOS="1145" WIDTH="46" HEIGHT="24" CONTENT="the" WC="0.86" CC="040"/>
						<SP ID="P27_SP00169" HPOS="598" VPOS="1172" WIDTH="20"/>
						<String ID="P27_ST00192" HPOS="618" VPOS="1145" WIDTH="144" HEIGHT="28" CONTENT="Wealden," WC="1.00" CC="00000000"/>
						<SP ID="P27_SP00170" HPOS="762" VPOS="1173" WIDTH="23"/>
						<String ID="P27_ST00193" HPOS="785" VPOS="1145" WIDTH="86" HEIGHT="24" CONTENT="under" WC="0.86" CC="41000"/>
						<SP ID="P27_SP00171" HPOS="871" VPOS="1173" WIDTH="22"/>
						<String ID="P27_ST00194" HPOS="893" VPOS="1145" WIDTH="84" HEIGHT="25" CONTENT="Afton" WC="1.00" CC="00000"/>
					</TextLine>
					<TextLine ID="P27_TL00024" HPOS="121" VPOS="1189" WIDTH="856" HEIGHT="31">
						<String ID="P27_ST00195" HPOS="121" VPOS="1193" WIDTH="98" HEIGHT="27" CONTENT="Down," WC="0.95" CC="20000"/>
						<SP ID="P27_SP00172" HPOS="219" VPOS="1220" WIDTH="21"/>
						<String ID="P27_ST00196" HPOS="240" VPOS="1191" WIDTH="91" HEIGHT="25" CONTENT="where" WC="0.89" CC="00050"/>
						<SP ID="P27_SP00173" HPOS="331" VPOS="1220" WIDTH="22"/>
						<String ID="P27_ST00197" HPOS="353" VPOS="1190" WIDTH="47" HEIGHT="25" CONTENT="the" WC="1.00" CC="000"/>
						<SP ID="P27_SP00174" HPOS="400" VPOS="1220" WIDTH="22"/>
						<String ID="P27_ST00198" HPOS="422" VPOS="1193" WIDTH="88" HEIGHT="22" CONTENT="strata" WC="0.91" CC="005000"/>
						<SP ID="P27_SP00175" HPOS="510" VPOS="1220" WIDTH="20"/>
						<String ID="P27_ST00199" HPOS="530" VPOS="1189" WIDTH="72" HEIGHT="26" CONTENT="have" WC="0.84" CC="6000"/>
						<SP ID="P27_SP00176" HPOS="602" VPOS="1220" WIDTH="19"/>
						<String ID="P27_ST00200" HPOS="621" VPOS="1198" WIDTH="16" HEIGHT="16" CONTENT="a" WC="1.00" CC="0"/>
						<SP ID="P27_SP00177" HPOS="637" VPOS="1220" WIDTH="22"/>
						<String ID="P27_ST00201" HPOS="659" VPOS="1189" WIDTH="82" HEIGHT="25" CONTENT="much" WC="0.64" CC="4306"/>
						<SP ID="P27_SP00178" HPOS="741" VPOS="1220" WIDTH="23"/>
						<String ID="P27_ST00202" HPOS="764" VPOS="1198" WIDTH="74" HEIGHT="16" CONTENT="more" WC="0.95" CC="0020"/>
						<SP ID="P27_SP00179" HPOS="838" VPOS="1220" WIDTH="24"/>
						<String ID="P27_ST00203" HPOS="862" VPOS="1189" WIDTH="115" HEIGHT="26" CONTENT="vertical" WC="0.95" CC="00004000"/>
					</TextLine>
					<TextLine ID="P27_TL00025" HPOS="120" VPOS="1234" WIDTH="857" HEIGHT="33">
						<String ID="P27_ST00204" HPOS="120" VPOS="1236" WIDTH="134" HEIGHT="26" CONTENT="direction" WC="0.89" CC="040000400"/>
						<SP ID="P27_SP00180" HPOS="254" VPOS="1262" WIDTH="19"/>
						<String ID="P27_ST00205" HPOS="273" VPOS="1236" WIDTH="69" HEIGHT="25" CONTENT="than" WC="0.85" CC="0500"/>
						<SP ID="P27_SP00181" HPOS="342" VPOS="1262" WIDTH="19"/>
						<String ID="P27_ST00206" HPOS="361" VPOS="1239" WIDTH="27" HEIGHT="22" CONTENT="at" WC="1.00" CC="00"/>
						<SP ID="P27_SP00182" HPOS="388" VPOS="1262" WIDTH="20"/>
						<String ID="P27_ST00207" HPOS="408" VPOS="1235" WIDTH="36" HEIGHT="25" CONTENT="its" WC="0.85" CC="220"/>
						<SP ID="P27_SP00183" HPOS="444" VPOS="1262" WIDTH="17"/>
						<String ID="P27_ST00208" HPOS="461" VPOS="1239" WIDTH="109" HEIGHT="21" CONTENT="eastern" WC="0.88" CC="0000053"/>
						<SP ID="P27_SP00184" HPOS="570" VPOS="1262" WIDTH="19"/>
						<String ID="P27_ST00209" HPOS="589" VPOS="1234" WIDTH="79" HEIGHT="30" CONTENT="limit," WC="0.74" CC="120390"/>
						<SP ID="P27_SP00185" HPOS="668" VPOS="1264" WIDTH="14"/>
						<String ID="P27_ST00210" HPOS="682" VPOS="1234" WIDTH="137" HEIGHT="33" CONTENT="following" WC="0.93" CC="000020020"/>
						<SP ID="P27_SP00186" HPOS="819" VPOS="1267" WIDTH="13"/>
						<String ID="P27_ST00211" HPOS="832" VPOS="1235" WIDTH="46" HEIGHT="25" CONTENT="the" WC="0.85" CC="120"/>
						<SP ID="P27_SP00187" HPOS="878" VPOS="1267" WIDTH="14"/>
						<String ID="P27_ST00212" HPOS="892" VPOS="1235" WIDTH="85" HEIGHT="25" CONTENT="direc" SUBS_TYPE="HypPart1" SUBS_CONTENT="direction" WC="0.91" CC="040000"/>
						<HYP CONTENT="-"/>
					</TextLine>
					<TextLine ID="P27_TL00026" HPOS="119" VPOS="1279" WIDTH="856" HEIGHT="34">
						<String ID="P27_ST00213" HPOS="119" VPOS="1282" WIDTH="59" HEIGHT="25" CONTENT="tion" SUBS_TYPE="HypPart2" SUBS_CONTENT="direction" WC="0.84" CC="2003"/>
						<SP ID="P27_SP00188" HPOS="178" VPOS="1307" WIDTH="25"/>
						<String ID="P27_ST00214" HPOS="203" VPOS="1281" WIDTH="30" HEIGHT="25" CONTENT="of" WC="1.00" CC="00"/>
						<SP ID="P27_SP00189" HPOS="233" VPOS="1307" WIDTH="21"/>
						<String ID="P27_ST00215" HPOS="254" VPOS="1281" WIDTH="48" HEIGHT="25" CONTENT="the" WC="1.00" CC="000"/>
						<SP ID="P27_SP00190" HPOS="302" VPOS="1307" WIDTH="22"/>
						<String ID="P27_ST00216" HPOS="324" VPOS="1280" WIDTH="244" HEIGHT="33" CONTENT="superincumbent" WC="0.86" CC="03001400080000"/>
						<SP ID="P27_SP00191" HPOS="568" VPOS="1313" WIDTH="26"/>
						<String ID="P27_ST00217" HPOS="594" VPOS="1283" WIDTH="87" HEIGHT="22" CONTENT="strata" WC="0.92" CC="003010"/>
						<SP ID="P27_SP00192" HPOS="681" VPOS="1313" WIDTH="25"/>
						<String ID="P27_ST00218" HPOS="706" VPOS="1279" WIDTH="92" HEIGHT="26" CONTENT="before" WC="1.00" CC="000000"/>
						<SP ID="P27_SP00193" HPOS="798" VPOS="1313" WIDTH="25"/>
						<String ID="P27_ST00219" HPOS="823" VPOS="1279" WIDTH="152" HEIGHT="26" CONTENT="described." WC="0.92" CC="0000025000"/>
					</TextLine>
					<TextLine ID="P27_TL00027" HPOS="121" VPOS="1324" WIDTH="856" HEIGHT="32">
						<String ID="P27_ST00220" HPOS="121" VPOS="1327" WIDTH="60" HEIGHT="25" CONTENT="The" WC="1.00" CC="000"/>
						<SP ID="P27_SP00194" HPOS="181" VPOS="1352" WIDTH="12"/>
						<String ID="P27_ST00221" HPOS="193" VPOS="1327" WIDTH="70" HEIGHT="24" CONTENT="total" WC="0.90" CC="40000"/>
						<SP ID="P27_SP00195" HPOS="263" VPOS="1352" WIDTH="13"/>
						<String ID="P27_ST00222" HPOS="276" VPOS="1326" WIDTH="142" HEIGHT="25" CONTENT="thickness" WC="0.90" CC="053000000"/>
						<SP ID="P27_SP00196" HPOS="418" VPOS="1352" WIDTH="13"/>
						<String ID="P27_ST00223" HPOS="431" VPOS="1324" WIDTH="30" HEIGHT="25" CONTENT="of" WC="1.00" CC="00"/>
						<SP ID="P27_SP00197" HPOS="461" VPOS="1352" WIDTH="9"/>
						<String ID="P27_ST00224" HPOS="470" VPOS="1324" WIDTH="48" HEIGHT="25" CONTENT="the" WC="0.79" CC="060"/>
						<SP ID="P27_SP00198" HPOS="518" VPOS="1352" WIDTH="13"/>
						<String ID="P27_ST00225" HPOS="531" VPOS="1324" WIDTH="136" HEIGHT="25" CONTENT="Wealden" WC="0.90" CC="0000006"/>
						<SP ID="P27_SP00199" HPOS="667" VPOS="1352" WIDTH="13"/>
						<String ID="P27_ST00226" HPOS="680" VPOS="1324" WIDTH="23" HEIGHT="25" CONTENT="is" WC="0.80" CC="30"/>
						<SP ID="P27_SP00200" HPOS="703" VPOS="1352" WIDTH="15"/>
						<String ID="P27_ST00227" HPOS="718" VPOS="1324" WIDTH="90" HEIGHT="25" CONTENT="stated" WC="0.88" CC="007000"/>
						<SP ID="P27_SP00201" HPOS="808" VPOS="1352" WIDTH="10"/>
						<String ID="P27_ST00228" HPOS="818" VPOS="1328" WIDTH="28" HEIGHT="21" CONTENT="to" WC="1.00" CC="00"/>
						<SP ID="P27_SP00202" HPOS="846" VPOS="1352" WIDTH="15"/>
						<String ID="P27_ST00229" HPOS="861" VPOS="1332" WIDTH="116" HEIGHT="24" CONTENT="average" WC="1.00" CC="0000000"/>
					</TextLine>
					<TextLine ID="P27_TL00028" HPOS="121" VPOS="1369" WIDTH="856" HEIGHT="33">
						<String ID="P27_ST00230" HPOS="121" VPOS="1381" WIDTH="78" HEIGHT="21" CONTENT="2,000" WC="1.00" CC="00000"/>
						<SP ID="P27_SP00203" HPOS="199" VPOS="1402" WIDTH="12"/>
						<String ID="P27_ST00231" HPOS="211" VPOS="1371" WIDTH="63" HEIGHT="26" CONTENT="feet." WC="1.00" CC="00000"/>
						<SP ID="P27_SP00204" HPOS="274" VPOS="1402" WIDTH="39"/>
						<String ID="P27_ST00232" HPOS="313" VPOS="1371" WIDTH="25" HEIGHT="25" CONTENT="It" WC="1.00" CC="00"/>
						<SP ID="P27_SP00205" HPOS="338" VPOS="1402" WIDTH="22"/>
						<String ID="P27_ST00233" HPOS="360" VPOS="1371" WIDTH="51" HEIGHT="24" CONTENT="has" WC="0.92" CC="200"/>
						<SP ID="P27_SP00206" HPOS="411" VPOS="1402" WIDTH="19"/>
						<String ID="P27_ST00234" HPOS="430" VPOS="1371" WIDTH="69" HEIGHT="24" CONTENT="been" WC="1.00" CC="0000"/>
						<SP ID="P27_SP00207" HPOS="499" VPOS="1402" WIDTH="19"/>
						<String ID="P27_ST00235" HPOS="518" VPOS="1370" WIDTH="95" HEIGHT="24" CONTENT="traced" WC="1.00" CC="000000"/>
						<SP ID="P27_SP00208" HPOS="613" VPOS="1402" WIDTH="19"/>
						<String ID="P27_ST00236" HPOS="632" VPOS="1370" WIDTH="84" HEIGHT="24" CONTENT="about" WC="0.84" CC="00340"/>
						<SP ID="P27_SP00209" HPOS="716" VPOS="1402" WIDTH="20"/>
						<String ID="P27_ST00237" HPOS="736" VPOS="1377" WIDTH="49" HEIGHT="16" CONTENT="200" WC="0.94" CC="100"/>
						<SP ID="P27_SP00210" HPOS="785" VPOS="1402" WIDTH="19"/>
						<String ID="P27_ST00238" HPOS="804" VPOS="1369" WIDTH="86" HEIGHT="29" CONTENT="miles," WC="0.89" CC="024000"/>
						<SP ID="P27_SP00211" HPOS="890" VPOS="1402" WIDTH="18"/>
						<String ID="P27_ST00239" HPOS="908" VPOS="1369" WIDTH="69" HEIGHT="24" CONTENT="from" WC="1.00" CC="0000"/>
					</TextLine>
					<TextLine ID="P27_TL00029" HPOS="119" VPOS="1415" WIDTH="858" HEIGHT="32">
						<String ID="P27_ST00240" HPOS="119" VPOS="1422" WIDTH="68" HEIGHT="21" CONTENT="west" WC="0.80" CC="0007"/>
						<SP ID="P27_SP00212" HPOS="187" VPOS="1443" WIDTH="13"/>
						<String ID="P27_ST00241" HPOS="200" VPOS="1421" WIDTH="29" HEIGHT="22" CONTENT="to" WC="0.73" CC="05"/>
						<SP ID="P27_SP00213" HPOS="229" VPOS="1443" WIDTH="14"/>
						<String ID="P27_ST00242" HPOS="243" VPOS="1421" WIDTH="68" HEIGHT="26" CONTENT="east," WC="1.00" CC="00000"/>
						<String ID="P27_ST00243" HPOS="313" VPOS="1432" WIDTH="35" HEIGHT="3" CONTENT="—" WC="0.20" CC="8"/>
						<String ID="P27_ST00244" HPOS="348" VPOS="1416" WIDTH="70" HEIGHT="25" CONTENT="from" WC="0.98" CC="0000"/>
						<SP ID="P27_SP00214" HPOS="418" VPOS="1447" WIDTH="14"/>
						<String ID="P27_ST00245" HPOS="432" VPOS="1415" WIDTH="144" HEIGHT="26" CONTENT="Lulworth" WC="0.82" CC="22004005"/>
						<SP ID="P27_SP00215" HPOS="576" VPOS="1447" WIDTH="20"/>
						<String ID="P27_ST00246" HPOS="596" VPOS="1415" WIDTH="84" HEIGHT="28" CONTENT="Cove," WC="1.00" CC="00000"/>
						<SP ID="P27_SP00216" HPOS="680" VPOS="1447" WIDTH="14"/>
						<String ID="P27_ST00247" HPOS="694" VPOS="1418" WIDTH="29" HEIGHT="21" CONTENT="to" WC="0.84" CC="03"/>
						<SP ID="P27_SP00217" HPOS="723" VPOS="1447" WIDTH="18"/>
						<String ID="P27_ST00248" HPOS="741" VPOS="1423" WIDTH="65" HEIGHT="16" CONTENT="near" WC="0.96" CC="0001"/>
						<SP ID="P27_SP00218" HPOS="806" VPOS="1447" WIDTH="20"/>
						<String ID="P27_ST00249" HPOS="826" VPOS="1415" WIDTH="151" HEIGHT="32" CONTENT="Boulogne," WC="0.79" CC="644200000"/>
					</TextLine>
					<TextLine ID="P27_TL00030" HPOS="119" VPOS="1459" WIDTH="858" HEIGHT="33">
						<String ID="P27_ST00250" HPOS="119" VPOS="1463" WIDTH="29" HEIGHT="25" CONTENT="in" WC="0.72" CC="50"/>
						<SP ID="P27_SP00219" HPOS="148" VPOS="1488" WIDTH="23"/>
						<String ID="P27_ST00251" HPOS="171" VPOS="1464" WIDTH="107" HEIGHT="24" CONTENT="France" WC="0.92" CC="010003"/>
						<SP ID="P27_SP00220" HPOS="278" VPOS="1488" WIDTH="13"/>
						<String ID="P27_ST00252" HPOS="291" VPOS="1470" WIDTH="4" HEIGHT="22" CONTENT=";" WC="1.00" CC="0"/>
						<SP ID="P27_SP00221" HPOS="295" VPOS="1492" WIDTH="25"/>
						<String ID="P27_ST00253" HPOS="320" VPOS="1461" WIDTH="54" HEIGHT="26" CONTENT="and" WC="1.00" CC="000"/>
						<SP ID="P27_SP00222" HPOS="374" VPOS="1492" WIDTH="22"/>
						<String ID="P27_ST00254" HPOS="396" VPOS="1461" WIDTH="84" HEIGHT="25" CONTENT="about" WC="0.94" CC="00002"/>
						<SP ID="P27_SP00223" HPOS="480" VPOS="1492" WIDTH="27"/>
						<String ID="P27_ST00255" HPOS="507" VPOS="1469" WIDTH="50" HEIGHT="16" CONTENT="220" WC="0.88" CC="300"/>
						<SP ID="P27_SP00224" HPOS="557" VPOS="1492" WIDTH="23"/>
						<String ID="P27_ST00256" HPOS="580" VPOS="1459" WIDTH="79" HEIGHT="26" CONTENT="miles" WC="0.71" CC="76000"/>
						<SP ID="P27_SP00225" HPOS="659" VPOS="1492" WIDTH="19"/>
						<String ID="P27_ST00257" HPOS="678" VPOS="1459" WIDTH="69" HEIGHT="25" CONTENT="from" WC="0.69" CC="0408"/>
						<SP ID="P27_SP00226" HPOS="747" VPOS="1492" WIDTH="20"/>
						<String ID="P27_ST00258" HPOS="767" VPOS="1459" WIDTH="162" HEIGHT="25" CONTENT="north-west" WC="0.88" CC="0047000000"/>
						<SP ID="P27_SP00227" HPOS="929" VPOS="1492" WIDTH="19"/>
						<String ID="P27_ST00259" HPOS="948" VPOS="1462" WIDTH="29" HEIGHT="21" CONTENT="to" WC="1.00" CC="00"/>
					</TextLine>
					<TextLine ID="P27_TL00031" HPOS="120" VPOS="1504" WIDTH="857" HEIGHT="33">
						<String ID="P27_ST00260" HPOS="120" VPOS="1509" WIDTH="165" HEIGHT="28" CONTENT="south-east," WC="0.95" CC="00400000000"/>
						<String ID="P27_ST00261" HPOS="287" VPOS="1522" WIDTH="35" HEIGHT="4" CONTENT="—" WC="0.20" CC="8"/>
						<String ID="P27_ST00262" HPOS="322" VPOS="1506" WIDTH="70" HEIGHT="25" CONTENT="from" WC="0.90" CC="0201"/>
						<SP ID="P27_SP00228" HPOS="392" VPOS="1537" WIDTH="14"/>
						<String ID="P27_ST00263" HPOS="406" VPOS="1505" WIDTH="196" HEIGHT="29" CONTENT="Whitchurch," WC="0.83" CC="00400411060"/>
						<SP ID="P27_SP00229" HPOS="602" VPOS="1537" WIDTH="14"/>
						<String ID="P27_ST00264" HPOS="616" VPOS="1504" WIDTH="27" HEIGHT="26" CONTENT="in" WC="0.70" CC="05"/>
						<SP ID="P27_SP00230" HPOS="643" VPOS="1537" WIDTH="14"/>
						<String ID="P27_ST00265" HPOS="657" VPOS="1504" WIDTH="277" HEIGHT="33" CONTENT="Buckinghamshire," WC="0.82" CC="6305600200004000"/>
						<SP ID="P27_SP00231" HPOS="934" VPOS="1537" WIDTH="14"/>
						<String ID="P27_ST00266" HPOS="948" VPOS="1508" WIDTH="29" HEIGHT="21" CONTENT="to" WC="0.91" CC="01"/>
					</TextLine>
					<TextLine ID="P27_TL00032" HPOS="121" VPOS="1548" WIDTH="856" HEIGHT="34">
						<String ID="P27_ST00267" HPOS="121" VPOS="1553" WIDTH="148" HEIGHT="29" CONTENT="Beauvois," WC="0.91" CC="500200000"/>
						<SP ID="P27_SP00232" HPOS="269" VPOS="1582" WIDTH="13"/>
						<String ID="P27_ST00268" HPOS="282" VPOS="1553" WIDTH="29" HEIGHT="24" CONTENT="in" WC="1.00" CC="00"/>
						<SP ID="P27_SP00233" HPOS="311" VPOS="1582" WIDTH="23"/>
						<String ID="P27_ST00269" HPOS="334" VPOS="1553" WIDTH="116" HEIGHT="24" CONTENT="France." WC="0.91" CC="0005000"/>
						<SP ID="P27_SP00234" HPOS="450" VPOS="1582" WIDTH="37"/>
						<String ID="P27_ST00270" HPOS="487" VPOS="1551" WIDTH="60" HEIGHT="24" CONTENT="The" WC="1.00" CC="000"/>
						<SP ID="P27_SP00235" HPOS="547" VPOS="1582" WIDTH="20"/>
						<String ID="P27_ST00271" HPOS="567" VPOS="1550" WIDTH="135" HEIGHT="25" CONTENT="Wealden" WC="1.00" CC="0000000"/>
						<SP ID="P27_SP00236" HPOS="702" VPOS="1582" WIDTH="20"/>
						<String ID="P27_ST00272" HPOS="722" VPOS="1548" WIDTH="29" HEIGHT="26" CONTENT="of" WC="1.00" CC="00"/>
						<SP ID="P27_SP00237" HPOS="751" VPOS="1582" WIDTH="20"/>
						<String ID="P27_ST00273" HPOS="771" VPOS="1549" WIDTH="132" HEIGHT="25" CONTENT="Hanover" WC="0.78" CC="6030301"/>
						<SP ID="P27_SP00238" HPOS="903" VPOS="1582" WIDTH="19"/>
						<String ID="P27_ST00274" HPOS="922" VPOS="1548" WIDTH="55" HEIGHT="26" CONTENT="and" WC="0.92" CC="011"/>
					</TextLine>
					<TextLine ID="P27_TL00033" HPOS="120" VPOS="1594" WIDTH="857" HEIGHT="38">
						<String ID="P27_ST00275" HPOS="120" VPOS="1598" WIDTH="178" HEIGHT="34" CONTENT="Westphalia" WC="0.90" CC="0000004050"/>
						<SP ID="P27_SP00239" HPOS="298" VPOS="1632" WIDTH="16"/>
						<String ID="P27_ST00276" HPOS="314" VPOS="1597" WIDTH="51" HEIGHT="26" CONTENT="has" WC="1.00" CC="000"/>
						<SP ID="P27_SP00240" HPOS="365" VPOS="1632" WIDTH="20"/>
						<String ID="P27_ST00277" HPOS="385" VPOS="1597" WIDTH="68" HEIGHT="25" CONTENT="been" WC="1.00" CC="0000"/>
						<SP ID="P27_SP00241" HPOS="453" VPOS="1632" WIDTH="20"/>
						<String ID="P27_ST00278" HPOS="473" VPOS="1596" WIDTH="96" HEIGHT="25" CONTENT="shown" WC="0.89" CC="00005"/>
						<SP ID="P27_SP00242" HPOS="569" VPOS="1632" WIDTH="16"/>
						<String ID="P27_ST00279" HPOS="585" VPOS="1599" WIDTH="29" HEIGHT="21" CONTENT="to" WC="1.00" CC="00"/>
						<SP ID="P27_SP00243" HPOS="614" VPOS="1632" WIDTH="20"/>
						<String ID="P27_ST00280" HPOS="634" VPOS="1594" WIDTH="167" HEIGHT="33" CONTENT="correspond" WC="0.90" CC="0300000060"/>
						<SP ID="P27_SP00244" HPOS="801" VPOS="1632" WIDTH="19"/>
						<String ID="P27_ST00281" HPOS="820" VPOS="1603" WIDTH="30" HEIGHT="16" CONTENT="so" WC="1.00" CC="00"/>
						<SP ID="P27_SP00245" HPOS="850" VPOS="1632" WIDTH="17"/>
						<String ID="P27_ST00282" HPOS="867" VPOS="1594" WIDTH="110" HEIGHT="33" CONTENT="closely," WC="0.94" CC="00200100"/>
					</TextLine>
					<TextLine ID="P27_TL00034" HPOS="120" VPOS="1639" WIDTH="857" HEIGHT="39">
						<String ID="P27_ST00283" HPOS="120" VPOS="1648" WIDTH="47" HEIGHT="22" CONTENT="not" WC="1.00" CC="000"/>
						<SP ID="P27_SP00246" HPOS="167" VPOS="1670" WIDTH="20"/>
						<String ID="P27_ST00284" HPOS="187" VPOS="1645" WIDTH="65" HEIGHT="33" CONTENT="only" WC="1.00" CC="0000"/>
						<SP ID="P27_SP00247" HPOS="252" VPOS="1678" WIDTH="18"/>
						<String ID="P27_ST00285" HPOS="270" VPOS="1644" WIDTH="28" HEIGHT="25" CONTENT="in" WC="0.84" CC="30"/>
						<SP ID="P27_SP00248" HPOS="298" VPOS="1678" WIDTH="19"/>
						<String ID="P27_ST00286" HPOS="317" VPOS="1643" WIDTH="36" HEIGHT="25" CONTENT="its" WC="0.88" CC="300"/>
						<SP ID="P27_SP00249" HPOS="353" VPOS="1678" WIDTH="19"/>
						<String ID="P27_ST00287" HPOS="372" VPOS="1642" WIDTH="113" HEIGHT="33" CONTENT="organic" WC="0.88" CC="0000610"/>
						<SP ID="P27_SP00250" HPOS="485" VPOS="1678" WIDTH="20"/>
						<String ID="P27_ST00288" HPOS="505" VPOS="1641" WIDTH="129" HEIGHT="29" CONTENT="remains," WC="0.86" CC="00005400"/>
						<SP ID="P27_SP00251" HPOS="634" VPOS="1678" WIDTH="14"/>
						<String ID="P27_ST00289" HPOS="648" VPOS="1642" WIDTH="49" HEIGHT="24" CONTENT="but" WC="0.86" CC="040"/>
						<SP ID="P27_SP00252" HPOS="697" VPOS="1678" WIDTH="23"/>
						<String ID="P27_ST00290" HPOS="720" VPOS="1641" WIDTH="58" HEIGHT="24" CONTENT="also" WC="1.00" CC="0000"/>
						<SP ID="P27_SP00253" HPOS="778" VPOS="1678" WIDTH="19"/>
						<String ID="P27_ST00291" HPOS="797" VPOS="1639" WIDTH="27" HEIGHT="25" CONTENT="in" WC="0.93" CC="10"/>
						<SP ID="P27_SP00254" HPOS="824" VPOS="1678" WIDTH="19"/>
						<String ID="P27_ST00292" HPOS="843" VPOS="1639" WIDTH="35" HEIGHT="25" CONTENT="its" WC="0.99" CC="000"/>
						<SP ID="P27_SP00255" HPOS="878" VPOS="1678" WIDTH="19"/>
						<String ID="P27_ST00293" HPOS="897" VPOS="1639" WIDTH="80" HEIGHT="25" CONTENT="litho" SUBS_TYPE="HypPart1" SUBS_CONTENT="lithological" WC="0.95" CC="030000"/>
						<HYP CONTENT="-"/>
					</TextLine>
					<TextLine ID="P27_TL00035" HPOS="120" VPOS="1685" WIDTH="857" HEIGHT="37">
						<String ID="P27_ST00294" HPOS="120" VPOS="1690" WIDTH="100" HEIGHT="32" CONTENT="logical" SUBS_TYPE="HypPart2" SUBS_CONTENT="lithological" WC="0.93" CC="0003000"/>
						<SP ID="P27_SP00256" HPOS="220" VPOS="1722" WIDTH="21"/>
						<String ID="P27_ST00295" HPOS="241" VPOS="1690" WIDTH="154" HEIGHT="27" CONTENT="character," WC="0.88" CC="0070000030"/>
						<SP ID="P27_SP00257" HPOS="395" VPOS="1722" WIDTH="19"/>
						<String ID="P27_ST00296" HPOS="414" VPOS="1687" WIDTH="67" HEIGHT="26" CONTENT="with" WC="0.89" CC="0400"/>
						<SP ID="P27_SP00258" HPOS="481" VPOS="1722" WIDTH="20"/>
						<String ID="P27_ST00297" HPOS="501" VPOS="1687" WIDTH="48" HEIGHT="25" CONTENT="the" WC="1.00" CC="000"/>
						<SP ID="P27_SP00259" HPOS="549" VPOS="1722" WIDTH="20"/>
						<String ID="P27_ST00298" HPOS="569" VPOS="1686" WIDTH="126" HEIGHT="33" CONTENT="English," WC="0.97" CC="02000000"/>
						<SP ID="P27_SP00260" HPOS="695" VPOS="1722" WIDTH="23"/>
						<String ID="P27_ST00299" HPOS="718" VPOS="1686" WIDTH="60" HEIGHT="25" CONTENT="that" WC="0.78" CC="0080"/>
						<SP ID="P27_SP00261" HPOS="778" VPOS="1722" WIDTH="20"/>
						<String ID="P27_ST00300" HPOS="798" VPOS="1685" WIDTH="44" HEIGHT="25" CONTENT="Sir" WC="0.77" CC="032"/>
						<SP ID="P27_SP00262" HPOS="842" VPOS="1722" WIDTH="22"/>
						<String ID="P27_ST00301" HPOS="864" VPOS="1685" WIDTH="113" HEIGHT="24" CONTENT="Charles" WC="0.77" CC="0092300"/>
					</TextLine>
				</TextBlock>
			</PrintSpace>
		</Page>
	</Layout>
</alto>
