1117 1922
204 193 17 2 214

525 168 145 19 APPENDIX.

176 241 53 25 and
244 241 53 25 His
433 251 34 15 on
486 250 51 16 one
556 241 83 27 hand,
654 240 55 24 and
728 239 60 24 The
803 237 121 26 Needles
940 245 35 16 on
988 235 48 25 the

174 287 88 29 other,
277 296 46 16 are
335 287 48 25 the
396 286 54 26 still
464 286 94 32 fading
571 285 80 25 relics
664 285 29 24 of
709 284 56 25 this
780 283 133 25 southern
927 280 108 33 margin

175 331 30 25 of
224 332 47 25 the
293 332 45 25 old
361 335 118 29 estuary,
494 340 61 16 now
574 331 46 24 the
643 330 105 27 Solent,
770 328 55 25 and
847 336 72 24 open
941 330 29 21 to
989 325 48 26 the

175 384 46 17 sea

222 421 141 24 Professor
392 422 83 33 Jones
505 421 50 24 has
587 420 95 32 kindly
706 418 112 33 pointed
850 422 48 20 out
924 421 28 21 to
984 424 53 21 me,

174 466 120 31 through
320 474 15 15 a
358 465 96 29 friend,
480 465 47 24 the
557 464 163 32 interesting
747 462 177 33 comparison
949 466 29 20 to
1003 461 35 25 be

175 510 80 23 made
268 511 123 23 between
406 509 46 24 the
473 508 170 32 Hampshire
663 508 85 25 Basin
770 508 53 24 and
837 508 48 24 the
899 506 138 25 Wealden

174 563 64 15 area
257 554 29 24 of
305 555 81 27 Kent,
408 555 108 31 Surrey,
532 554 54 23 and
606 554 112 23 Sussex.
758 554 31 23 In
809 553 47 24 the
875 552 111 29 former,
1007 561 30 16 as

174 600 91 23 stated
279 600 97 27 above,
391 599 46 23 the
457 598 115 32 original
592 598 202 32 configuration
815 598 29 24 of
861 600 47 22 the
928 597 108 25 surface

174 644 82 32 being
285 643 134 34 synclinal
444 644 50 23 has
526 643 115 23 decided
672 643 47 23 the
748 642 62 25 flow
836 642 28 24 of
893 643 48 23 the
965 642 72 25 river

174 689 69 25 from
268 689 47 25 the
341 688 97 33 higher
466 688 82 33 edges
576 692 29 20 to
628 688 48 24 the
702 692 94 20 centre
821 688 29 24 of
875 688 47 24 the
948 688 88 29 basin,

174 734 90 26 where
289 733 97 26 flowed
411 743 16 15 a
451 734 89 31 larger
566 732 80 29 river,
673 733 54 25 and
752 733 127 25 received
904 733 76 25 them
1007 743 30 16 as

174 780 168 24 tributaries.
382 780 31 24 In
427 780 46 24 the
489 788 62 16 case
566 779 28 25 of
605 779 46 25 the
660 780 137 24 Wealden
812 788 73 21 area,
899 780 137 29 however,

174 825 48 24 the
256 825 67 24 beds
353 824 103 33 having
489 825 69 24 been
591 824 152 29 anticlinal,
775 825 46 24 the
850 825 87 24 rivers
966 826 72 24 have

174 870 99 25 flowed
295 870 66 24 from
389 878 65 16 near
479 870 48 24 the
552 873 93 20 centre
670 872 28 21 to
720 870 48 23 the
794 870 122 32 margins
941 870 30 25 of
990 870 47 25 the

174 914 116 26 district.
328 915 39 24 As
387 914 46 25 the
453 914 107 24 surface
579 914 114 25 became
711 914 145 33 gradually
869 915 118 25 lowered
1002 916 35 32 by

175 959 129 25 subærial
318 958 177 29 denudation,
511 959 77 25 these
608 968 86 16 rivers
714 959 140 33 deepened
874 959 71 25 their
959 961 76 29 beds,

175 1005 54 24 and
243 1014 61 16 now
317 1008 110 28 present
441 1004 47 25 the
502 1013 174 23 appearance
689 1004 29 25 of
734 1004 104 33 having
855 1009 47 21 cut
916 1006 120 33 through

176 1051 54 24 and
245 1059 93 16 across
351 1051 47 24 the
411 1051 150 32 encircling
579 1050 92 33 ridges
690 1051 30 24 of
739 1052 91 28 chalk,
844 1052 48 24 the
910 1052 81 26 relics
1010 1052 29 26 of

175 1096 48 24 the
235 1096 116 33 original
371 1096 53 25 bed
441 1105 69 16 once
528 1096 137 34 probably
677 1096 166 26 continuous
860 1106 66 17 over
940 1099 36 24 all
990 1099 47 24 the

177 1150 71 14 area.

223 1187 23 24 A
261 1186 183 32 sketch-map,
459 1186 123 33 showing
596 1196 66 24 very
676 1188 101 32 clearly
790 1188 47 24 the
857 1188 179 26 distribution

176 1231 30 26 of
223 1232 77 25 these
322 1233 74 32 early
409 1232 86 25 rivers
514 1232 28 25 in
560 1233 166 32 prehistoric
741 1242 73 24 ages,
828 1233 23 25 is
870 1238 29 21 to
919 1235 34 25 be
972 1244 64 16 seen

176 1276 27 25 in
224 1285 16 16 a
288 1278 119 23 Lecture
428 1285 36 16 on
483 1278 47 24 the
549 1278 148 34 Antiquity
709 1278 30 25 of
875 1279 91 26 which
980 1290 56 16 was

178 1321 137 25 delivered
340 1323 35 32 by
397 1322 141 24 Professor
559 1323 106 32 Rupert
684 1323 83 34 Jones
788 1328 28 21 to
839 1325 47 25 the
907 1326 129 33 Croydon

178 1366 211 33 Microscopical
404 1367 70 25 Club
489 1367 27 24 in
533 1369 88 30 1876,*
636 1367 26 25 in
675 1369 79 32 Boyd
766 1370 142 25 Dawkins'
952 1372 83 33 Early

178 1411 66 24 Man
257 1411 27 24 in
466 1412 54 25 and
533 1413 156 26 elsewhere.

224 1455 95 25 Proofs
329 1455 29 25 of
368 1456 47 25 the
428 1456 105 26 further
547 1459 131 24 southern
693 1460 111 25 extensi*
820 1470 16 15 n
847 1461 30 25 of
887 1461 48 26 the
947 1462 89 26 Chalk

175 1500 28 25 in
216 1501 46 24 the
278 1501 52 24 Isle
344 1501 29 24 of
383 1502 97 32 Wight
495 1511 46 16 are
554 1507 28 20 to
596 1505 34 23 be
643 1505 95 25 traced
752 1505 28 25 in
794 1506 11 26 £
820 1516 15 15 ;.
851 1508 184 30 Catherine's,

178 1545 110 29 Weeks,
303 1546 53 24 and
371 1546 133 25 Boniface
517 1549 113 29 Downs,
644 1549 48 25 the
705 1551 133 26 southern
852 1554 145 25 extension
1010 1555 29 24 of

220 1651 9 10 *
237 1654 40 18 8vo,
286 1653 79 17 London
373 1653 51 18 (Van
432 1654 85 22 Voorst),
527 1656 47 17 1877.

219 1690 10 14 t
236 1687 40 20 Svo,
285 1685 85 22 London,
379 1687 49 20 18S0,
435 1692 20 15 p.
464 1689 37 16 150.
