1117 1922
371 133 41 17 st.
433 127 187 23 Catherine's
642 134 88 16 down.

932 130 45 30 169

122 202 82 32 along
217 202 46 25 the
283 203 66 24 base
368 203 30 24 of
415 204 46 24 the
483 205 53 23 low
548 204 70 26 cliffs
638 213 34 15 on
693 205 47 24 the
760 205 80 24 shore
857 206 122 24 between

123 248 182 24 Watershute
324 249 54 23 and
402 249 113 24 Rocken
538 249 71 28 End,
625 249 54 24 and
701 258 16 15 a
736 250 53 24 bed
802 249 29 25 of
848 249 53 30 silt,
916 259 63 16 con-

122 293 106 32 taining
248 293 79 33 twigs
348 293 53 25 and
422 294 92 24 leaves
527 293 30 25 of
576 298 80 25 trees,
670 303 57 16 was
747 299 45 20 cut
815 295 119 32 through
953 295 26 25 in

123 338 112 31 digging
249 338 46 24 the
309 338 177 24 foundations
499 338 41 25 for
557 338 40 25 St.
613 338 172 25 Catherine's
800 338 179 31 Lighthouse.

170 384 36 24 At
221 383 107 29 Binnel,
344 393 65 15 near
423 384 53 25 Old
492 384 81 28 Park,
587 384 97 24 trunks
697 383 30 25 of
744 387 71 22 trees
829 384 70 25 have
912 385 68 24 been

123 428 159 26 sometimes
303 429 122 31 exposed
448 429 35 32 by
502 429 46 24 the
571 428 91 25 action
682 428 29 25 of
730 429 46 25 the
796 437 56 20 sea,
866 430 49 24 but
935 437 46 17 are

123 474 101 32 mostly
246 473 102 25 hidden
374 474 36 32 by
435 473 47 25 the
507 473 106 32 shingle
638 473 54 25 and
716 473 75 25 debris
819 473 91 25 which
935 482 46 16 are

123 518 107 32 heaped
251 521 28 21 at
301 518 48 24 the
362 519 67 23 base
449 517 30 25 of
496 518 47 24 the
563 518 62 24 cliff.
665 518 31 24 In
716 517 111 33 digging
844 518 47 24 the
904 517 75 25 foun-

124 563 110 24 dations
248 563 29 24 of
296 564 48 23 the
363 564 101 23 houses
483 564 123 24 between
627 563 133 32 Steephill
780 563 53 24 and
849 564 131 27 Ventnor,

124 608 96 25 trunks
234 608 29 25 of
281 613 79 23 trees,
376 608 153 25 embedded
549 608 27 24 in
599 617 15 15 a
634 608 103 33 muddy
752 608 44 24 silt
817 608 163 24 intermixed

123 653 67 26 with
225 654 119 28 smooth,
379 653 195 26 surface-worn
609 653 136 29 boulders,
780 662 69 16 were
889 652 91 28 found,

124 700 126 31 together
269 699 67 25 with
355 700 143 31 vegetable
519 698 127 29 remains,
661 699 54 24 and
735 699 84 24 bones
833 698 54 25 and
906 698 74 25 teeth

124 745 30 24 of
170 746 47 23 the
231 745 124 24 animals.
394 745 60 24 The
468 753 75 16 same
557 749 117 19 stratum
685 752 56 17 was
754 745 94 23 traced
863 744 117 24 beneath

124 790 48 25 the
184 790 102 25 houses
300 790 27 24 in
338 790 123 24 Ventnor
475 790 99 32 during
587 790 46 24 the
647 798 111 24 process
772 789 29 24 of
811 789 170 32 well-boring

125 835 53 25 and
191 835 165 33 excavating
367 835 40 24 for
418 835 106 24 cellars.
553 835 31 23 In
596 843 74 16 some
679 835 92 32 places
782 835 46 23 the
839 835 142 31 vegetable

125 879 119 25 remains
258 889 47 15 are
323 879 69 25 from
412 884 54 20 two
486 884 28 20 to
533 879 77 25 three
624 879 51 24 feet
690 879 27 24 in
733 879 149 24 thickness.

173 926 31 24 In
226 934 15 16 a
266 925 172 32 well-boring
460 925 98 25 twelve
577 934 30 15 or
627 924 123 25 fourteen
763 924 53 25 feet
836 925 87 25 below
935 925 47 24 the

127 971 106 24 surface
258 970 30 25 of
310 971 46 24 the
379 971 81 24 lower
482 974 61 28 part
566 969 30 26 of
617 970 47 25 the
688 969 75 33 High
786 970 99 28 Street,
908 970 74 31 large

127 1017 84 24 bones
233 1016 29 24 of
281 1016 125 28 animals,
427 1015 66 25 with
514 1016 96 23 trunks
631 1015 54 24 and
705 1015 136 24 branches
861 1014 29 26 of
911 1019 71 20 trees

125 1070 70 16 were
221 1061 93 24 found.
353 1061 91 23 These
469 1064 71 20 trees
565 1068 71 17 were
661 1060 90 24 stated
776 1064 28 20 to
830 1061 33 23 be
889 1060 93 28 Birch,

126 1106 120 28 Willow,
271 1106 99 28 Hazel,
397 1105 83 25 Alder
506 1105 53 24 and
585 1105 67 24 Ash.
697 1105 77 33 They
793 1113 143 24 re-appear
956 1104 26 25 in

126 1152 115 24 another
255 1150 172 32 well-boring
440 1155 27 20 at
483 1151 128 23 Aratrum
627 1149 81 28 Villa,
720 1149 65 25 with
800 1149 46 24 the
860 1149 122 25 addition

125 1196 30 25 of
178 1205 35 16 an
239 1196 163 25 abundance
427 1195 29 25 of
479 1195 156 25 hazel-nuts
660 1194 54 25 and
739 1195 146 24 brambles.
923 1194 59 24 The

125 1250 131 25 presence
277 1241 29 25 of
324 1245 172 21 water-worn
518 1240 138 28 boulders,
675 1239 155 25 associated
849 1238 66 26 with
935 1239 47 25 the

125 1291 83 29 peaty
222 1295 73 15 mass
312 1285 75 34 lying
409 1285 118 25 beneath
547 1284 47 25 the
614 1283 53 29 silt,
682 1284 54 24 and
755 1283 117 32 forming
890 1292 17 16 a
925 1287 57 21 sort

125 1332 30 25 of
171 1333 62 32 bog,
248 1336 127 28 suggests
388 1331 47 24 the
449 1330 61 24 idea
524 1329 30 25 of
570 1329 157 25 occasional
741 1328 87 25 floods
842 1328 81 32 being
935 1328 47 25 the

126 1381 82 29 agent
222 1376 100 29 which,
337 1376 159 33 destroying
516 1376 46 23 the
583 1375 102 23 animal
706 1373 53 25 and
779 1373 143 32 vegetable
938 1372 44 25 life

125 1423 30 25 of
172 1431 76 17 some
268 1422 46 25 old
333 1421 85 25 world
438 1420 64 25 land
522 1420 115 28 surface,
656 1418 106 25 carried
780 1418 75 24 them
875 1417 39 25 off
929 1418 53 24 and

126 1467 146 32 deposited
292 1467 75 24 them
388 1465 26 24 in
434 1464 70 26 their
524 1467 110 30 present
653 1463 104 32 resting
774 1463 88 31 place.

174 1513 24 24 A
230 1513 103 23 cluster
359 1510 29 26 of
417 1509 109 33 springs
551 1517 82 16 occur
659 1512 27 20 at
713 1508 131 23 Ventnor.
894 1507 88 23 These

127 1558 105 25 formed
246 1561 27 20 at
288 1565 51 16 one
353 1556 66 24 time
433 1564 15 16 a
465 1559 100 21 stream
581 1553 28 25 of
626 1552 134 26 sufficient
774 1552 73 24 force
867 1555 27 20 to
907 1551 75 24 drive

127 1613 15 16 a
156 1603 66 26 mill.
261 1602 45 25 No
320 1602 93 32 longer
427 1605 49 28 put
492 1604 28 20 to
539 1599 56 25 this
615 1607 56 19 use,
686 1597 20 25 it
725 1597 84 25 forms
823 1605 15 15 a
852 1596 130 25 waterfall

127 1657 65 17 near
206 1648 47 26 the
273 1648 159 30 Parsonage
453 1646 104 28 House,
573 1643 53 25 and
645 1642 68 25 from
733 1642 98 25 thence
850 1640 132 26 descends
