1117 1922
505 127 57 17 THE
582 128 117 16 SOLENT.

973 130 45 24 193

164 202 30 16 as
208 194 47 25 the
270 195 53 26 Isle
337 196 29 25 of
382 197 107 33 Wight,
503 198 116 25 without
636 198 304 28 intercommunication
954 200 65 27 with

162 238 48 26 the
223 240 74 25 main
310 241 66 25 land
388 250 5 21 ;
414 242 135 25 therefore
563 243 68 25 from
651 244 47 25 the
713 244 185 26 co-existence
911 245 29 25 of
956 255 63 16 man

163 285 54 25 and
231 286 145 32 elephants
388 287 21 25 it
423 287 23 25 is
459 288 73 25 clear
545 289 61 25 that
619 289 48 25 the
680 290 93 25 Solent
785 294 72 22 must
870 291 70 25 have
951 292 68 24 been

162 329 105 26 formed
282 331 95 25 within
392 332 46 25 the
453 333 63 25 date
530 333 29 25 of
575 334 103 24 human
692 335 146 23 existence.

236 376 59 25 The
310 377 127 34 Tertiary
450 383 86 21 strata
551 388 34 16 on
599 380 46 24 the
658 384 59 21 east
731 381 29 24 of
770 381 47 24 the
831 382 119 28 Medina,
966 382 53 25 and

161 420 80 26 those
260 422 29 24 of
307 423 83 25 Stans
410 424 55 24 Ore
485 424 81 25 Point
583 433 69 16 were
672 426 133 28 elevated,
820 434 29 16 or
867 426 46 25 the
933 431 86 21 strata

161 470 67 21 west
242 467 29 25 of
288 468 46 24 the
349 469 112 24 Medina
476 478 30 15 as
520 470 39 23 far
574 479 29 15 as
618 470 152 25 Yarmouth
785 480 69 16 were
872 472 146 31 depressed

161 511 36 33 by
210 515 54 21 two
278 512 92 30 faults,
384 522 52 16 one
449 518 59 21 east
526 515 55 24 and
599 523 52 16 one
663 519 67 21 west
750 515 27 25 in
796 516 46 25 the
861 516 53 25 line
928 516 28 25 of
972 517 47 25 the

161 556 104 25 Solent.
304 558 90 25 These
408 559 83 25 faults
511 564 72 20 must
603 560 71 24 have
693 561 132 24 occurred
844 561 73 32 prior
930 565 28 21 to
972 562 46 24 the

159 606 77 27 great
250 603 113 25 alluvial
384 604 168 25 denudation
566 604 90 26 which
676 605 103 32 shaped
799 606 47 24 the
859 610 114 20 contour
992 607 29 24 of

159 647 47 25 the
222 647 109 26 surface
349 648 30 25 of
399 649 48 25 the
469 650 102 28 Island,
586 649 39 25 for
645 650 46 24 the
711 651 112 24 alluvial
841 651 87 24 forces
947 652 71 24 have

159 692 136 26 obscured
318 694 47 24 the
391 693 83 26 faults
499 695 166 24 themselves
691 703 34 16 on
751 695 46 24 the
823 696 114 28 surface,
964 697 53 24 and

159 738 169 32 subsequent
351 739 139 33 washings
509 740 72 24 have
603 741 116 23 covered
741 741 36 32 by
799 740 70 25 their
895 741 122 32 deposits

159 783 46 24 the
214 784 140 32 Elephant
368 788 126 21 stratum.
534 785 10 24 I
560 785 90 24 allude
663 789 28 21 to
705 785 77 25 these
793 785 81 25 faults
888 786 126 29 because,

158 828 79 24 when
262 829 66 33 they
350 829 142 29 occurred,
513 829 140 33 adjoining
675 834 87 20 strata
785 839 70 16 were
877 830 89 25 raised
986 839 30 16 or

156 873 158 33 depressed,
330 874 55 25 and
404 874 47 25 the
473 874 141 32 questions
633 875 90 25 follow
724 891 33 2 —
759 876 83 24 Were
861 876 46 24 the
928 876 87 24 Chalk

157 923 88 20 strata
260 919 123 25 between
398 919 174 26 Freshwater
592 920 87 24 Down
694 920 52 24 and
762 920 174 24 Dorsetshire
950 920 64 25 then

156 963 104 25 broken
284 964 119 32 through
415 965 9 23 ?
467 965 69 24 Was
562 964 46 25 the
633 964 146 25 formation
801 964 28 25 of
851 964 46 25 the
921 965 92 24 Solent

155 1009 67 24 then
237 1009 178 24 commenced
429 1010 8 23 ?
476 1010 84 23 Were
579 1010 47 23 the
645 1010 79 23 lands
743 1009 26 24 in
789 1010 46 23 the
854 1009 52 24 line
923 1009 28 24 of
967 1010 46 23 the

155 1053 72 25 river
247 1054 67 24 then
333 1054 158 31 depressed,
506 1054 64 24 thus
590 1053 164 32 facilitating
773 1054 46 24 the
838 1053 129 33 drainage
987 1054 29 24 of

155 1099 48 24 the
216 1099 97 32 higher
327 1099 80 24 lands
418 1100 8 23 ?
466 1099 113 32 Having
592 1099 104 24 started
709 1099 66 24 with
789 1099 46 23 the
849 1099 163 24 undeniable

155 1144 56 25 fact
237 1144 61 25 that
324 1144 66 25 time
415 1153 56 16 was
494 1144 78 25 when
597 1144 47 24 the
670 1144 93 25 Solent
790 1144 45 24 did
860 1148 47 20 not
933 1144 78 29 exist,

155 1189 136 25 therefore
304 1198 40 16 we
358 1198 63 24 may
435 1189 133 25 conclude
587 1189 60 25 that
667 1188 68 25 after
754 1188 20 26 it
792 1189 177 24 commenced
983 1193 28 20 to

155 1234 68 25 form
238 1234 20 25 it
272 1243 56 16 was
348 1234 132 25 fordable.
520 1235 41 31 By
575 1234 45 25 the
635 1233 139 32 foregoing
794 1234 10 24 I
823 1233 71 25 have
908 1234 102 31 proved

153 1279 20 25 it
188 1288 56 16 was
258 1279 96 25 within
367 1280 47 24 the
427 1288 46 16 era
487 1279 29 25 of
526 1280 47 24 the
592 1279 104 25 human
709 1287 63 17 race
786 1279 57 33 (the
857 1279 154 32 aborigines

153 1324 87 25 ofthe
255 1324 105 24 British
376 1325 127 32 Islands),
518 1324 134 24 therefore
666 1324 76 24 there
755 1324 23 24 is
791 1332 34 16 no
839 1332 96 16 reason
949 1324 62 32 why

152 1370 48 24 the
212 1373 100 21 waters
326 1369 29 24 of
374 1369 46 25 the
441 1370 94 24 Solent
558 1369 99 24 should
677 1373 47 20 not
744 1369 70 24 have
834 1369 111 23 severed
963 1369 46 23 the

152 1415 53 24 last
221 1414 64 25 land
299 1414 234 25 communication
547 1414 67 25 with
628 1414 46 24 the

198 1460 60 24 The
281 1460 87 25 above
393 1464 122 20 extracts
538 1468 46 16 are
606 1459 81 25 taken
709 1459 67 24 from
801 1467 14 16 a
838 1467 85 24 paper
942 1458 29 24 of
993 1467 15 15 a

151 1504 198 26 controversial
371 1504 154 28 character,
548 1503 157 33 respecting
726 1503 47 25 the
797 1503 164 25 connection
983 1502 27 25 of

150 1551 47 24 the
224 1550 93 25 Island
343 1549 66 26 with
434 1550 47 25 the
505 1549 41 25 tin
570 1549 78 25 trade
674 1549 28 25 of
730 1549 47 25 the
803 1549 130 24 Romans.
984 1548 24 25 It

150 1596 127 25 contains
291 1604 75 16 some
385 1595 151 32 geological
556 1595 69 24 facts
645 1594 68 25 from
732 1595 47 24 the
791 1603 54 24 pen
863 1593 30 26 of
909 1602 15 17 a
938 1594 71 25 local

149 1641 134 32 geologist
298 1641 29 25 of
338 1641 170 32 experience.
547 1641 11 23 I
570 1641 71 24 have
655 1641 119 24 selected
788 1640 79 24 those
877 1647 131 25 passages

198 1692 13 15 N
