1117 1922
154 182 46 22 118

436 187 90 16 chalk
545 183 168 20 Formation.

201 259 30 24 In
254 260 46 23 the
321 260 75 31 clays
416 259 83 23 found
522 258 27 24 in
572 259 46 23 the
640 258 112 24 fissures
775 256 47 25 the
844 255 75 25 flints
941 255 72 24 have

153 304 68 25 been
235 304 149 32 splintered
403 304 26 24 in
448 304 45 24 the
514 312 74 16 same
609 311 121 16 manner.
769 302 59 24 The
848 300 164 32 neighbour-

152 349 72 25 hood
239 348 28 25 of
278 350 122 23 Ventnor
417 348 23 25 is
454 348 150 34 peculiarly
617 348 58 24 rich
690 348 27 24 in
731 347 123 33 deposits
869 346 28 25 of
913 345 99 29 Flints,

153 404 74 15 more
246 394 178 32 particularly
443 395 81 31 along
543 394 61 24 that
625 398 61 28 part
709 393 29 25 of
756 393 47 24 the
823 393 80 23 shore
921 391 91 25 w-hich

153 440 114 24 extends
294 439 67 25 from
388 439 45 25 the
458 440 58 24 Gas
543 439 96 24 House
662 442 58 21 east
747 437 29 25 of
798 438 133 26 Ventnor,
959 437 54 23 and

153 485 107 32 beyond
275 484 167 25 Bonchurch
460 492 29 16 as
509 483 39 25 far
568 492 30 16 as
619 483 160 25 Luccombe
798 482 54 25 and
869 481 143 26 Shanklin.

154 530 129 23 Between
296 529 48 24 the
363 530 82 23 latter
466 529 78 32 place
565 529 53 24 and
632 529 124 24 Ventnor
775 536 16 17 a
809 527 120 26 sea-cliff
938 536 74 19 runs,

154 574 151 33 consisting
324 574 29 24 of
372 578 86 20 strata
477 574 27 23 in
526 574 62 24 situ.
638 574 82 24 Some
739 574 125 31 portions
884 572 29 25 of
929 572 20 25 it
968 580 46 17 are

154 620 84 24 about
272 619 79 25 200ft.
377 619 66 33 high
477 619 89 31 (those
599 619 68 24 from
702 618 155 28 Shanklin),
884 618 54 24 and
968 626 45 16 are

154 664 148 32 composed
324 663 30 25 of
375 664 46 24 the
449 664 97 24 Lower
569 663 162 26 Greensand
754 663 70 24 until
846 663 167 24 Bonchurch

153 709 23 25 is
189 709 127 28 reached,
331 709 145 25 westward
489 708 30 25 of
534 708 91 25 which
639 708 65 33 they
718 707 103 26 consist
838 707 29 25 of
883 707 129 26 unstrati-

154 755 53 24 fied
221 763 105 16 masses
345 754 29 25 of
390 755 47 24 the
450 755 76 24 debris
539 754 29 25 of
584 754 47 25 the
651 758 87 21 strata
752 754 90 25 which
862 754 50 24 has
932 753 81 25 fallen

153 800 69 25 from
243 801 96 27 above,
360 800 53 24 and
435 800 27 23 in
482 799 90 25 which
595 800 91 28 chalk,
705 799 85 29 flints,
810 799 54 24 and
889 799 124 32 portions

153 845 30 25 of
199 845 47 25 the
265 845 124 24 different
413 849 87 20 strata
520 853 45 16 are
582 844 160 33 confusedly
754 844 174 24 intermixed.
974 845 40 24 Its

153 890 87 33 origin
270 899 56 16 was
355 899 16 15 a
400 890 119 33 landslip
548 890 92 25 which
671 890 133 24 occurred
836 890 99 33 during
966 890 48 25 the

153 935 147 26 formation
320 935 29 25 of
365 935 46 25 the
427 934 160 29 Undercliff,
603 939 28 21 to
651 935 34 25 be
704 934 145 26 described
868 934 144 25 hereafter.

154 982 74 24 Here
249 990 16 16 a
284 984 77 29 great
383 981 109 32 portion
515 980 29 25 of
565 980 48 25 the
637 981 76 24 debris
738 980 120 26 consists
880 980 30 26 of
932 981 80 25 black

152 1026 75 25 flints
247 1026 152 24 embedded
422 1025 27 25 in
475 1025 87 25 either
584 1034 15 16 a
620 1025 144 25 tenacious
784 1026 48 24 red
854 1026 70 33 clay,
947 1034 30 16 or
998 1035 15 15 a

153 1072 91 27 white,
264 1080 30 15 or
314 1071 190 33 whitish-grey
523 1071 70 33 clay,
613 1071 46 24 the
679 1071 83 24 latter
782 1071 166 33 resembling
968 1072 46 24 the

152 1116 147 33 pipe-clay,
314 1125 30 16 or
363 1116 119 25 leaf-bed
503 1116 29 24 of
550 1116 47 25 the
620 1116 99 25 Lower
739 1116 125 33 Bagshot
885 1116 83 26 series
988 1116 28 26 of

154 1163 81 24 Alum
258 1163 68 31 Bay.
365 1162 90 24 These
480 1166 54 20 two
559 1161 62 33 clay
642 1161 75 29 beds,
739 1162 47 24 the
808 1163 85 24 result
916 1162 30 25 of
967 1163 46 24 the

152 1207 141 25 extensive
313 1206 168 26 denudation
504 1206 29 25 of
549 1207 48 25 the
622 1207 88 25 Chalk
731 1208 54 24 and
805 1207 128 34 Tertiary
946 1208 67 25 beds

152 1253 26 24 in
193 1256 62 29 past
269 1261 73 24 ages,
357 1252 68 24 form
444 1252 27 24 in
485 1252 93 32 places
598 1252 47 24 the
659 1252 87 24 entire
759 1252 60 25 face
833 1253 30 24 of
879 1254 46 23 the
940 1253 59 24 cliff
1007 1263 5 20 ;

152 1298 49 24 but
222 1298 46 24 the
289 1306 55 19 sea,
366 1297 142 32 attacking
530 1297 46 24 the
603 1298 74 28 base,
704 1298 176 25 undermines
905 1298 30 29 it,
959 1298 54 25 and

152 1351 97 16 causes
266 1342 74 33 large
360 1350 105 16 masses
483 1342 31 24 of
531 1342 46 24 the
597 1342 74 25 flints
691 1347 28 20 to
739 1343 114 25 become
873 1344 139 27 loosened,

153 1388 53 25 and
226 1392 28 21 to
273 1387 47 25 fall
339 1396 34 16 on
393 1387 46 25 the
459 1387 88 25 shore.
593 1388 23 24 A
637 1389 81 28 talus,
742 1398 29 15 or
795 1389 85 32 slope,
902 1389 24 25 is
948 1390 65 24 thus

152 1433 113 28 formed,
279 1432 91 26 which
389 1432 27 25 in
438 1432 35 25 its
492 1436 63 21 turn
565 1432 33 26 -is
617 1433 130 25 attacked
767 1434 35 32 by
816 1434 47 24 the
883 1443 55 21 sea,
959 1435 54 24 and

152 1478 46 25 the
221 1479 60 31 clay
303 1477 22 25 is
350 1478 112 25 washed
485 1486 85 24 away,
594 1477 109 33 leaving
726 1478 48 25 the
798 1478 76 25 flints
900 1480 112 24 behind.

152 1523 60 24 The
224 1522 75 24 flints
312 1522 65 24 thus
390 1521 112 26 washed
515 1525 47 21 out
582 1522 69 24 from
671 1522 48 25 the
736 1523 62 32 clay
812 1531 46 16 are
872 1525 140 24 scattered

151 1568 81 31 along
255 1567 46 24 the
323 1567 89 28 shore,
436 1567 53 24 and
515 1566 64 25 drift
605 1568 146 28 eastward,
775 1568 117 34 forming
918 1578 15 16 a
957 1569 56 26 line

151 1612 90 25 which
255 1612 114 24 extends
388 1612 109 32 beyond
517 1612 134 24 Shanklin
665 1616 28 20 to
709 1613 148 25 Sandown.
896 1615 116 26 Besides

151 1665 82 25 many
246 1656 105 33 species
365 1656 29 25 of
412 1664 126 25 sponges,
553 1657 47 23 the
619 1656 74 25 flints
713 1657 73 29 here,
802 1667 30 16 as
852 1659 159 30 elsewhere,

150 1701 110 25 contain
283 1701 106 29 Cidaris,
410 1701 126 29 Galeritcs,
559 1701 161 31 Terebratula,
743 1703 54 25 and
823 1712 83 26 many
927 1705 85 26 forms
