1117 1922
138 174 30 29 56

376 179 59 18 THE
460 179 97 18 LOWER
575 179 179 18 GREENSAND.

138 254 48 22 out
210 251 31 25 of
265 255 85 22 water
378 260 36 17 on
445 251 47 26 the
517 251 59 25 side
604 251 30 25 of
660 260 16 16 a
701 251 49 25 hill
774 251 52 24 has
845 247 157 34 frequently

138 295 140 26 indicated
297 300 47 22 the
362 305 132 24 presence
513 296 29 26 of
561 295 57 27 this
636 296 64 29 bed,
720 295 80 26 when
819 295 21 25 it
860 294 51 25 has
933 294 69 24 been

139 340 186 34 superficially
346 341 118 26 covered
483 351 37 23 up
543 342 37 32 by
601 340 74 26 drift.

186 386 90 25 There
298 395 46 16 are
365 395 36 16 no
422 386 72 33 good
516 386 121 25 sections
667 385 96 26 inland
783 384 30 26 of
828 384 49 26 the
903 384 100 25 Lower

140 431 171 25 Greensand.
349 432 87 24 What
455 432 78 24 there
547 440 46 16 are
613 439 47 17 are
679 429 222 34 comparatively
915 428 88 26 unim-

140 480 121 29 portant,
281 477 55 24 and
355 477 101 33 chiefly
474 477 147 33 belonging
641 480 29 21 to
690 477 48 24 the
756 477 99 31 Upper
874 474 129 26 division.

141 522 74 24 Most
238 521 30 25 of
290 522 47 24 the
362 521 91 33 ridges
482 522 124 25 between
637 521 47 25 the
712 521 105 24 central
846 519 78 33 ridge
950 520 55 24 and

140 567 48 25 the
212 567 132 25 southern
369 576 84 23 range
481 566 30 26 of
538 567 90 25 Chalk
655 567 105 25 Downs
780 575 47 15 are
855 566 150 32 composed

140 611 30 25 of
185 611 30 29 it,
229 611 116 33 ranging
364 611 70 25 from
455 612 148 31 Sandown,
618 611 55 25 and
691 610 124 33 flanking
834 610 48 26 the
895 610 70 25 Vale
979 610 30 25 of

142 657 185 29 Newchurch,
337 656 91 26 which
436 656 101 33 village
548 657 97 25 stands
654 665 75 24 upon
740 656 30 30 it,
780 660 29 22 to
819 655 186 34 Horringford

142 702 124 33 Railway
281 702 119 29 Station,
414 702 91 25 where
524 702 20 24 it
567 702 23 25 is
610 702 108 32 capped
738 702 36 33 by
792 710 16 16 a
827 702 53 25 bed
900 702 29 25 of
945 701 60 25 flint

140 748 103 32 gravel,
258 747 29 25 of
304 747 70 25 from
397 746 60 26 four
478 750 30 22 to
527 746 42 25 six
588 746 53 25 feet
661 746 86 30 thick,
764 748 89 24 below
872 746 91 26 which
983 747 23 25 is

142 801 15 16 a
178 792 107 25 section
303 792 30 25 of
354 792 48 25 the
425 792 99 25 Lower
546 792 174 29 Greensand,
740 792 160 33 containing
920 792 85 29 Venus,

141 837 67 26 with
227 837 79 26 other
326 836 99 30 fossils,
448 837 137 33 probably
603 837 48 25 the
676 836 174 34 equivalents
875 836 30 26 of
926 837 80 25 those

142 883 69 25 from
226 883 47 25 the
287 883 141 25 ironstone
447 883 116 25 nodules
580 882 29 26 of
627 883 144 25 Shanklin.
809 884 57 24 But
885 883 120 25 denuda-

143 928 58 26 tion
226 929 52 24 has
300 929 70 25 been
392 937 31 16 so
448 928 143 25 extensive
612 928 28 25 in
665 929 47 24 the
736 929 95 24 Island
832 944 34 3 —
867 928 70 25 from
960 928 46 25 the

143 974 94 26 effects
259 974 31 26 of
308 974 91 26 which
422 974 47 26 the
491 974 108 25 surface
620 974 24 25 is
667 974 150 34 extremely
839 974 133 33 irregular
973 990 34 3 —

143 1020 61 26 that
226 1020 22 26 it
267 1020 23 26 is
303 1029 67 25 very
383 1020 115 26 difficult
513 1024 28 22 to
560 1024 76 22 trace
656 1020 47 26 the
722 1019 163 26 formations
903 1020 102 30 inland,

143 1070 100 28 except
257 1066 27 24 in
303 1074 15 16 a
337 1066 51 25 few
401 1065 65 33 pits,
480 1066 70 24 such
569 1074 31 16 as
618 1074 66 16 near
699 1066 157 30 Winstone,
870 1074 30 16 or
919 1065 28 25 in
961 1066 46 24 the

143 1111 114 34 railway
275 1111 108 33 cutting
402 1112 124 24 between
540 1112 123 24 Ventnor
684 1112 54 24 and
758 1111 144 29 Shanklin,
916 1111 91 26 which

144 1157 100 32 belong
257 1160 29 21 to
305 1157 48 24 the
372 1165 87 25 upper
479 1157 94 25 series.
610 1157 37 25 At
662 1157 115 33 Messly,
791 1166 52 16 one
860 1157 64 25 mile
938 1157 69 25 from

145 1201 186 30 Newchurch,
342 1201 27 26 in
383 1211 16 16 a
412 1202 62 25 lane
486 1206 29 22 to
529 1202 47 26 the
589 1202 73 33 right
676 1202 85 26 ofthe
773 1203 114 29 hamlet,
898 1203 110 33 leading

144 1255 38 24 up
201 1251 30 21 to
251 1256 36 16 an
307 1246 142 27 extensive
471 1248 83 25 chalk
575 1247 51 33 pit,
649 1248 47 25 the
719 1249 99 24 Lower
845 1249 163 25 Greensand

145 1301 127 24 appears,
287 1293 127 25 followed
432 1294 37 33 by
482 1294 48 24 the
543 1295 96 28 Gault,
656 1295 96 32 Upper
767 1295 172 29 Greensand,
955 1295 53 24 and

147 1338 98 25 Lower
260 1338 89 25 Chalk
368 1338 28 25 in
415 1339 168 25 succession.
621 1339 61 25 The
702 1339 81 33 Long
799 1340 94 29 Stone,
907 1349 36 17 on
961 1340 48 25 the

146 1383 90 25 Down
255 1383 82 25 north
356 1383 30 25 of
407 1383 173 31 Mottistone,
595 1384 23 25 is
637 1384 146 27 described
802 1394 32 17 as
853 1394 15 17 a
888 1386 82 25 block
983 1386 28 25 of

145 1427 70 25 hard
235 1427 172 33 ferruginous
426 1429 64 32 grit,
514 1430 99 25 twelve
638 1429 53 26 feet
713 1431 74 33 long,
811 1431 148 34 belonging
980 1436 30 21 to

146 1472 47 26 the
213 1473 97 32 Upper
335 1473 77 30 beds,
432 1474 54 25 and
508 1475 52 24 has
582 1476 70 24 been
673 1476 100 32 placed
794 1477 28 25 in
841 1477 37 25 its
898 1482 111 28 present

146 1517 123 33 position
288 1519 37 31 by
343 1519 129 24 artificial
491 1528 105 17 means.

193 1565 37 24 At
244 1565 101 29 Brook,
359 1565 48 25 the
426 1565 99 26 Lower
545 1566 164 26 Greensand
732 1567 124 33 deposits
876 1578 47 17 are
945 1579 65 16 seen

146 1608 28 24 in
194 1609 48 24 the
263 1609 89 25 banks
370 1609 37 34 by
423 1609 48 26 the
490 1610 137 26 roadside.
665 1612 94 25 Brook
779 1613 115 26 Church
912 1616 98 26 stands

147 1661 35 17 on
196 1662 16 15 a
225 1656 106 22 terrace
345 1654 30 24 of
390 1654 78 25 these
487 1655 132 32 deposits.
659 1656 31 25 In
711 1658 150 34 ascending
875 1660 48 26 the
942 1662 68 25 road

148 1702 63 29 past
234 1698 47 25 the
303 1699 122 30 Church,
444 1708 65 17 over
530 1701 167 25 Shalcombe
717 1703 99 30 Down,
837 1705 48 26 the
911 1707 99 26 Lower
