1117 1922
356 161 57 15 THE
437 160 97 16 LOWER
558 159 178 17 GREENSAND.

138 183 10 2 30

113 233 84 25 turtle
210 232 128 29 remains,
352 237 52 21 etc.
443 232 25 25 It
482 232 59 25 also
554 230 127 26 contains
695 230 118 31 crystals
827 228 30 26 of
868 227 114 27 selenite

112 277 28 25 in
161 277 35 26 its
216 278 83 25 lower
318 281 72 28 part,
411 277 55 25 and
486 276 116 25 nodules
622 275 30 25 of
675 274 130 33 septaria.

160 323 60 25 The
244 322 139 31 following
411 321 212 26 miscellaneous
654 320 92 25 fossils
771 328 47 16 are
842 319 86 25 found
954 318 27 25 in

112 368 48 24 the
183 369 95 30 Upper
301 368 53 25 bed
365 377 6 16 :
374 382 33 5 —

572 424 127 24 Gervillia
726 423 160 24 Forbesiana
912 422 69 30 (sole-

638 458 97 27 noides)

113 425 130 32 Panopæa
255 425 99 32 plicata

174 478 15 10 ,,
260 458 154 33 irregalaris

113 492 168 32 Cypricardia
293 493 127 23 nndulata

112 526 102 25 Mactra
224 527 136 24 Carteroni

113 561 113 22 Corbula
244 561 120 22 striatula

572 491 74 24 Lima
658 491 152 24 Cottaldina

571 526 131 31 Grj-phæa
713 526 104 23 sinuata

570 560 165 24 Ammonites
751 559 153 32 Deshayesii

639 613 13 8 „
749 594 120 24 furcatus

164 613 14 9 „
243 595 100 23 incerta

112 629 198 23 Hemicardium
323 629 113 23 Austeni

113 663 68 21 Area
192 662 106 22 Raulini

638 647 14 9 „
748 628 107 23 inflatus

570 662 123 24 Holaster
705 662 181 32 complanatus

621 716 15 9 „
708 696 177 33 Leopoldinus

570 729 112 33 Serpula
806 730 12 25 ?

111 697 102 23 Nucula
233 697 95 32 scapha

111 730 86 25 Pinna
211 731 176 24 Robinaldina

110 765 90 22 Venus
212 765 143 22 fenestrata

614 784 14 10 „
640 765 162 31 (vermetus)
810 765 169 33 polygonalis

568 800 124 23 Nautilus
706 800 103 32 saxbyii

568 834 90 22 Turtle
672 833 114 23 remains

217 800 136 22 Vectensis

110 833 113 22 Avicula
235 833 142 22 lanceolata

156 887 120 35 Judging
294 887 70 25 from
385 888 47 24 the
455 888 137 25 distorted
613 889 54 24 and
680 892 164 21 waterworn
863 897 115 24 appear-

111 942 68 16 ance
198 933 29 25 of
249 933 49 25 the
322 933 89 33 larger
433 933 92 25 fossils
547 933 84 26 found
653 933 28 25 in
700 933 57 26 this
776 934 63 29 bed,
859 934 78 25 there
956 933 22 27 is

110 988 34 15 no
165 979 86 25 doubt
272 988 31 16 as
323 983 29 21 to
371 978 72 26 their
465 979 103 33 having
586 980 70 25 been
675 979 114 26 derived
808 979 70 26 from
899 980 79 25 other

109 1028 96 25 strata,
220 1032 29 17 or
270 1025 144 32 subjected
433 1028 29 21 to
484 1029 78 28 great
585 1033 128 25 pressure
735 1025 70 24 from
829 1026 47 24 the
899 1034 79 17 over-

110 1070 74 31 lying
204 1073 96 22 strata.

307 1170 68 19 Third
390 1170 102 20 Division
514 1170 94 24 (Second
625 1170 156 25 subdivision).

254 1216 63 26 The
344 1218 148 25 Crackers
520 1219 96 25 Rocks
640 1220 95 33 (about
756 1220 75 33 85ft.)

181 1275 60 25 The
266 1276 135 25 Crackers
459 1276 22 26 is
511 1286 16 16 a
552 1278 71 25 local
648 1287 90 21 name,
765 1280 130 32 adopted,
922 1281 54 25 like

108 1328 83 25 many
211 1319 71 26 local
306 1330 96 16 names
426 1321 28 25 in
475 1322 78 25 other
576 1322 134 31 districts,
735 1328 29 21 to
791 1329 97 25 strata,
912 1329 63 27 etc.,

108 1364 36 33 by
168 1364 157 33 geologists.
376 1366 78 34 They
479 1367 103 25 consist
608 1368 30 24 of
660 1373 55 21 two
741 1369 115 26 distinct
881 1380 93 21 zones,

107 1410 129 25 enclosed
268 1409 26 26 in
327 1419 16 16 a
373 1411 53 25 soft
452 1413 53 24 bed
535 1413 29 24 of
591 1413 69 25 sand
690 1415 55 24 and
774 1416 89 33 sandy
888 1417 85 33 clays.

106 1454 61 25 The
200 1455 95 32 Upper
327 1464 68 16 zone
427 1457 161 33 comprises,
621 1460 145 33 probably,
792 1461 48 24 the
868 1462 104 33 largest

106 1500 124 29 nodules,
244 1501 91 25 which
350 1510 47 16 are
416 1503 101 32 mostly
531 1503 106 26 conical
653 1505 55 24 and
726 1506 247 34 boulder-shaped.

106 1545 60 24 The
196 1549 54 22 two
283 1555 82 16 zones
398 1556 45 16 are
474 1547 112 26 divided
619 1549 58 25 into
708 1551 48 24 the
790 1552 97 32 Upper
918 1554 55 25 and

108 1590 98 25 Lower
232 1591 144 29 Crackers,
403 1592 54 25 and
479 1601 46 17 are
548 1593 69 25 from
643 1602 29 24 15
697 1599 29 21 to
752 1605 33 16 20
810 1596 53 27 feet
882 1604 90 26 apart.

154 1635 59 25 The
225 1636 96 32 Upper
331 1637 123 30 nodules,
466 1638 91 25 which
570 1639 36 25 lie
619 1640 85 25 about
722 1650 9 15 1
747 1645 29 21 to
790 1651 16 23 4
818 1642 55 26 feet
884 1645 88 26 below

105 1680 47 26 the
165 1684 48 29 top
227 1681 86 25 ofthe
327 1683 77 28 sand,
419 1683 104 25 consist
537 1684 29 24 of
580 1693 16 16 a
609 1694 105 21 coarse,
730 1693 139 28 compact,
884 1691 88 33 sandy
