1117 1922
391 174 171 17 BONCHURCH
582 175 79 16 cove.

922 178 29 22 53

101 244 125 25 distance
247 244 69 25 from
337 246 91 24 Horse
449 246 103 32 Ledge,
572 255 15 16 a
612 251 117 21 stratum
748 247 29 25 of
799 247 67 25 dark
885 248 68 25 sand

101 297 106 21 occurs,
229 289 28 25 in
276 290 90 25 which
387 291 173 25 concretions
579 291 29 25 of
624 291 90 25 fossils
733 301 45 16 are
803 292 92 30 found,
918 293 35 25 all

100 334 183 25 transformed
293 334 57 25 into
361 335 69 25 hard
444 335 91 33 bright
549 336 96 32 yellow
658 336 111 33 pyrites,
781 336 45 25 the
836 337 117 25 Gervillia

99 382 82 30 anceps
195 379 81 33 being
289 380 47 25 the
355 385 71 21 most
445 381 165 32 prominent,
624 381 90 26 which
733 382 158 25 sometimes
908 390 45 17 are

100 424 84 26 found
204 425 88 26 whole
314 434 35 17 on
371 426 47 25 the
440 427 97 24 beach.
575 427 123 24 Another
719 432 126 24 stratum,
869 428 83 24 about

101 479 13 23 3
129 479 29 16 or
172 479 16 24 4
201 470 52 25 feet
267 471 85 30 thick,
364 471 23 25 is
400 472 158 24 sometimes
571 472 55 25 laid
636 473 74 28 bare,
725 473 89 25 which
828 473 124 24 contains

100 517 144 31 vegetable
257 517 120 24 remains
389 516 28 25 in
431 526 16 15 a
461 521 72 21 state
547 517 29 25 of
586 517 103 31 lignite.

147 561 83 24 From
252 561 48 25 the
322 561 82 25 Point
427 566 28 21 at
478 562 133 25 Shanklin
633 567 28 21 to
684 563 158 25 Luccombe
866 563 85 25 Chine

100 605 48 25 the
172 609 88 21 strata
284 615 46 16 are
355 606 111 25 divided
478 615 4 21 ;
505 606 48 26 the
574 607 82 25 lower
675 616 29 16 or
725 607 99 25 harder
844 607 107 32 portion

101 650 81 33 being
196 651 146 32 separated
361 650 69 26 from
449 651 47 25 the
514 660 95 23 upper,
623 651 91 26 which
726 652 50 25 has
795 652 115 25 receded
924 656 27 21 to

101 704 76 16 some
197 695 125 26 distance
344 695 102 30 inland,
460 696 116 33 forming
596 705 15 16 a
631 697 84 24 broad
735 700 105 21 terrace
858 698 35 32 by
906 697 45 24 the

101 740 81 29 talus,
196 740 91 25 which
308 740 51 25 has
377 740 82 25 fallen
477 749 65 17 over
561 749 73 24 upon
653 741 46 25 the
718 741 98 25 harder
835 741 116 32 portion,

101 785 55 24 and
181 784 55 26 still
267 785 83 32 keeps
375 785 135 32 receding,
537 785 68 25 until
633 786 159 24 Luccombe
818 785 87 25 Chine
929 785 22 25 is

101 831 118 23 reached
229 839 5 21 ;
261 834 58 20 east
344 830 30 24 of
395 830 90 25 which
513 831 47 23 the
584 830 70 25 cliffs
672 831 134 32 probably
827 831 87 24 attain
936 839 15 16 a

101 875 94 32 height
217 875 30 24 of
261 875 69 24 from
350 883 50 16 200
419 879 29 21 to
467 883 49 24 250
535 875 61 24 feet.
641 876 59 24 The
719 879 86 21 strata
830 876 121 24 between

101 920 65 24 here
184 920 55 24 and
259 920 133 24 Shanklin
411 920 23 24 is
454 920 223 24 unfossiliferous.

148 965 11 24 I
179 965 71 25 have
269 964 115 26 omitted
404 974 15 16 a
438 965 167 33 description
625 965 29 25 of
670 965 66 25 both
752 965 132 25 Shanklin
898 965 52 25 and

101 1010 160 25 Luccombe
284 1009 101 25 Chines
398 1019 4 20 ;
424 1010 65 32 they
506 1009 111 26 contain
638 1010 49 25 but
706 1010 69 25 little
795 1010 29 25 of
839 1010 111 25 interest

99 1058 28 21 to
146 1054 47 25 the
212 1054 142 32 geologist,
374 1058 97 28 except
490 1058 29 21 to
538 1054 77 26 show
638 1054 48 25 the
706 1063 91 23 power
821 1054 29 25 of
873 1055 77 24 small

99 1103 117 21 streams
247 1099 30 25 of
306 1103 83 22 water
421 1099 28 25 in
478 1099 164 32 excavating
675 1100 78 24 these
785 1108 105 24 gorges,
922 1108 28 16 or

274 1153 30 16 as
322 1145 66 33 they
407 1153 46 16 are
474 1145 100 33 locally
592 1145 108 29 named,
720 1153 31 16 as
769 1145 181 32 descriptions

98 1189 29 25 of
143 1190 74 24 them
238 1198 46 16 are
303 1194 28 20 to
350 1190 34 24 be
403 1189 84 25 found
505 1189 27 24 in
552 1190 35 23 all
606 1190 47 23 the
672 1190 91 24 Guide
782 1190 101 23 Books.

146 1235 130 25 Between
295 1235 135 25 Shanklin
446 1235 53 24 and
520 1235 167 24 Bonchurch
707 1235 74 25 Cove
799 1235 48 24 the
865 1243 84 24 upper

97 1279 120 25 sections
239 1279 30 25 of
291 1280 99 25 Lower
411 1279 162 26 Greensand
595 1283 87 21 strata
703 1288 45 15 are
773 1279 129 32 repeated
924 1279 25 24 in

97 1324 48 25 the
169 1333 76 16 same
273 1333 61 24 way
358 1333 30 16 as
419 1324 123 25 between
567 1324 161 32 Blackgang
757 1324 53 24 and
839 1324 110 24 Rocken

98 1369 71 29 End,
186 1369 49 25 but
254 1368 67 26 with
340 1378 76 16 some
434 1368 159 30 variations,
617 1368 81 33 being
716 1369 53 24 less
790 1368 159 33 favourably

97 1413 129 33 disposed
250 1414 41 25 for
316 1414 195 25 examination.
557 1414 130 25 Between
712 1414 159 25 Luccombe
896 1414 53 24 and

98 1460 166 24 Bonchurch
291 1461 75 32 large
396 1468 105 16 masses
531 1459 29 25 of
586 1459 59 24 iron
678 1462 78 21 stone
790 1462 80 21 strew
902 1459 47 24 the

97 1505 88 28 shore,
200 1505 84 24 but—
285 1505 108 33 beyond
407 1513 15 16 a
438 1504 50 26 few
501 1504 92 33 pieces
606 1504 30 24 of
645 1504 130 33 partially
787 1503 162 25 carbonised

96 1550 78 25 wood
176 1566 34 2 —
212 1559 44 16 are
267 1550 225 25 unfossiliferous.
520 1550 90 32 Large
620 1558 105 16 masses
733 1549 30 24 of
769 1550 47 23 the
824 1549 125 32 junction

96 1596 53 25 bed
171 1595 53 25 and
253 1596 86 26 Gault
365 1604 46 16 are
438 1596 99 24 almost
569 1594 169 33 continually
765 1594 94 32 falling
885 1602 64 16 over

96 1641 47 25 the
161 1641 58 25 cliff
239 1642 88 24 below
349 1641 47 25 the
422 1639 135 33 Landslip
582 1643 27 21 to
630 1639 47 25 the
702 1639 89 28 shore,
812 1638 48 25 but
886 1647 61 16 con-

95 1685 106 33 taining
218 1694 66 24 very
297 1686 50 25 few
366 1685 111 33 organic
497 1684 127 26 remains.
