1117 1922
487 132 165 17 ADDENDUM.

952 133 47 22 233

264 202 180 33 Petrifactions,
470 212 46 15 are
541 204 46 23 the
612 203 119 24 remains
756 203 29 24 of
807 203 117 24 animals
949 204 54 23 and

139 246 163 30 vegetables
317 247 27 24 in
359 247 90 24 which
464 248 46 23 the
530 247 116 32 original
666 251 138 20 structure
818 247 22 24 is
854 247 149 24 converted

138 287 60 27 into
223 293 87 26 stone,
337 298 39 21 or,
402 290 27 25 in
454 291 80 24 other
555 291 100 28 words,
678 290 23 25 is
716 291 113 32 petrified
836 299 10 20 ;
867 290 67 25 such
957 299 46 16 are

138 332 48 25 the
200 333 126 26 silicified
340 338 86 21 stems
439 334 30 25 of
480 338 72 21 trees
565 334 68 25 from
648 335 121 32 Antigua
784 335 54 24 and
852 336 149 32 Germany,

139 377 55 25 and
216 378 47 24 the
284 379 86 24 bones
392 379 54 24 and
459 379 84 24 shells
563 379 26 24 in
610 379 48 24 the
677 379 102 24 Oolitic
798 380 54 23 and
866 380 136 23 Wealden

139 422 168 26 limestones.
340 423 75 25 Such
426 423 193 32 petrifactions
632 432 64 25 may
706 424 34 24 be
753 425 136 32 correctly
897 424 106 24 termed

139 468 77 24 fossil
240 469 102 32 plants,
369 469 93 28 bones,
489 477 30 16 or
552 469 83 24 shells
648 477 4 20 ;
683 470 48 23 but
762 468 104 24 similar
890 468 113 32 organic

140 513 127 29 remains,
288 514 106 32 though
415 514 29 24 of
467 514 81 33 equal
574 513 146 34 antiquity,
743 513 91 25 which
859 513 71 24 have
956 516 47 21 not

141 559 158 32 undergone
318 559 69 25 such
409 559 130 32 changes,
561 568 47 15 are
628 563 46 20 not
697 558 192 33 petrifactions
908 557 27 25 in
956 558 47 24 the

140 612 100 23 proper
261 603 129 32 meaning
409 603 29 26 of
454 604 60 25 that
534 608 79 21 term.

214 657 23 24 3.
256 649 183 29 Incrustations,
454 657 46 17 are
514 649 106 25 neither
634 648 90 26 fossils
737 657 49 16 nor
800 646 201 34 petrifactions,

142 694 49 24 but
216 693 100 34 simply
341 694 115 24 durable
480 697 78 30 parts
585 694 29 24 of
645 693 116 25 animals
786 702 30 16 or
844 692 159 32 vegetables

141 738 125 25 invested
287 739 66 25 with
375 739 150 25 travertine
544 748 30 15 or
595 740 159 24 calcareous
774 737 117 33 deposit,
911 736 91 26 which

142 784 24 25 is
178 784 75 25 often
272 789 128 28 compact
420 784 54 25 and
487 784 30 25 of
535 784 158 34 crystalline
711 784 143 28 hardness,
868 783 49 24 but
937 782 66 24 does

144 834 46 20 not
207 834 140 28 permeate
360 830 47 25 the
421 834 137 21 structure
574 829 29 25 of
620 829 47 25 the
680 829 129 25 enclosed
823 829 163 23 substances
997 835 5 21 ;

143 875 69 25 such
238 883 47 17 are
310 875 47 25 the
387 875 133 25 so-called
545 874 126 33 petrified
697 883 74 23 eggs,
797 873 95 29 skulls,
918 876 85 25 nests,

144 920 144 30 branches,
303 924 62 26 etc.,
379 921 105 24 formed
506 922 36 32 by
560 920 159 25 immersion
739 919 27 25 in
785 919 47 25 the
851 917 152 33 incrusting

144 966 109 32 springs
271 967 30 24 of
318 967 169 31 Derbyshire
507 967 55 25 and
581 967 78 25 other
