1117 1922
433 144 111 16 LONDON
566 145 74 15 CLAY.

921 145 45 25 127

107 213 69 25 This
209 215 99 31 pebble
335 215 75 24 band
434 215 127 25 contains
584 225 15 15 a
624 216 50 25 few
698 217 111 32 organic
840 217 126 29 remains,

107 258 29 25 of
163 259 91 24 which
285 260 47 24 the
365 266 70 19 most
470 269 126 17 common
631 271 45 15 are
710 262 46 24 the
790 262 74 25 teeth
895 262 29 25 of
952 272 14 15 a

108 304 106 32 species
235 304 29 25 of
283 305 103 25 Lamma
409 305 109 33 [Shark]
530 327 4 8 ,
550 306 53 25 and
623 307 48 25 the
690 307 109 32 Ditrupa
815 308 74 32 plana
908 308 58 25 also

107 357 99 17 occurs
240 350 54 25 and
326 355 91 22 traces
444 351 28 25 of
503 352 104 25 several
632 351 105 33 species
759 352 29 24 of
815 352 90 25 shells.
944 353 24 24 It

109 404 113 23 reposes
240 404 75 24 upon
329 404 16 17 a
365 397 151 24 somewhat
534 405 106 16 uneven
654 397 54 24 and
723 405 74 16 worn
819 397 105 25 surface
942 397 28 25 of

108 439 46 26 the
169 440 162 33 underlying
341 444 127 25 stratum,
482 442 79 23 small
575 442 53 23 and
643 441 187 32 unimportant
842 442 126 24 however

108 493 30 16 as
152 484 55 25 this
222 486 52 23 bed
285 486 65 24 here
367 485 33 30 is,
414 485 20 25 it
453 486 23 24 is
489 487 187 24 nevertheless
693 487 157 24 remakable
866 486 40 25 for
921 487 47 24 the

108 534 94 20 extent
224 530 29 24 of
273 530 35 24 its
332 539 91 24 range,
447 531 47 24 the
516 531 159 33 uniformity
696 531 29 24 of
744 531 35 24 its
801 531 167 32 lithological

108 575 160 24 characters
285 576 54 24 and
356 576 46 24 the
417 584 181 24 permanence
620 576 29 23 of
665 576 34 24 its
721 576 110 32 organic
851 576 118 24 remains

108 635 34 2 —
144 620 157 25 conditions
315 620 29 25 of
355 621 45 24 the
412 629 75 16 more
500 621 79 24 value
590 620 68 24 from
671 620 34 25 its
716 620 119 33 position
846 621 121 24 between

109 665 47 25 the
170 669 55 21 two
240 665 73 25 main
329 666 135 24 members
478 665 29 25 of
522 665 46 25 the
588 665 110 24 Eocene
712 664 92 26 series.
843 666 24 23 It
885 665 83 24 forms

109 719 35 15 an
170 711 135 24 excellent
338 711 65 24 base
434 709 63 28 line,
524 709 53 25 and
609 709 34 25 its
675 709 157 25 characters
864 718 44 16 are
940 718 29 16 so

109 756 61 24 well
196 755 114 25 marked
335 755 60 25 that
428 754 19 26 it
479 763 52 16 can
562 755 33 24 be
627 754 94 25 traced
747 753 114 25 without
887 754 82 24 much

109 800 136 33 difficulty
272 800 68 24 from
366 800 46 24 the
444 800 52 24 Isle
519 798 29 26 of
566 798 97 32 Wight
686 802 27 21 to
735 798 187 32 Woodbridge
942 798 27 25 in

111 846 114 28 Suffolk,
245 854 15 15 a
276 845 124 24 distance
420 844 27 24 in
464 853 14 15 a
494 844 116 31 straight
624 843 53 25 line
690 843 30 25 of
730 844 83 24 about
832 845 47 22 160
892 843 77 25 miles

110 890 69 24 from
194 890 162 24 south-west
371 894 28 20 to

185 935 59 25 The
258 935 142 24 basement
419 934 53 25 bed
489 934 29 24 of
533 934 46 23 the
594 933 116 24 London
725 933 68 32 Clay
806 932 161 25 constitutes

109 989 15 15 a
137 979 188 26 well-marked
340 979 112 24 horizon
467 978 122 32 dividing
604 978 45 23 the
664 977 117 24 London
793 977 68 32 Clay
870 976 97 25 forma-

108 1025 68 28 tion,
188 1025 36 32 by
233 1034 14 15 a
258 1025 115 31 change,
384 1024 67 25 both
463 1023 26 24 in
499 1023 46 24 the
555 1022 238 33 palæontological
804 1021 163 29 conditions,

108 1070 28 25 in
156 1070 47 25 the
223 1069 109 26 ancient
351 1069 127 33 physical
498 1067 157 33 geography
674 1067 29 24 of
721 1067 47 24 the
784 1067 116 28 district,
914 1067 53 23 and

109 1116 70 24 from
191 1116 46 24 the
248 1115 76 24 older
334 1115 111 24 Eocene
456 1112 130 33 deposits,
597 1112 89 25 which
695 1111 140 25 intervene
845 1112 122 24 between

108 1161 47 25 the
170 1161 89 25 Chalk
273 1161 55 23 and
341 1160 48 24 the
403 1159 118 24 London
535 1158 76 32 Clay,
627 1157 34 25 its
676 1156 113 25 mineral
803 1165 72 16 mass
886 1156 81 32 being

108 1205 150 33 composed
278 1205 29 24 of
326 1205 47 24 the
391 1205 76 23 debris
486 1203 29 25 of
531 1203 46 24 the
596 1202 108 28 former,
718 1201 80 26 while
817 1201 36 25 its
866 1201 100 25 animal

108 1251 120 25 remains
242 1251 99 30 belong
355 1254 28 21 to
396 1249 47 25 the
456 1248 95 33 period
565 1247 29 25 of
604 1248 46 23 the

155 1296 59 25 The
229 1304 75 16 more
324 1302 126 17 common
471 1293 90 24 fossils
580 1292 29 24 of
625 1292 46 24 the
686 1291 116 24 London
821 1291 68 31 Clay
903 1290 62 24 here

108 1349 47 16 are
165 1350 5 15 :
173 1356 33 3 —

561 1414 103 24 Nucula
677 1413 193 32 amygdaloides

562 1448 176 31 Pholadomya
751 1447 183 30 margaritacea

561 1482 93 24 Natica
666 1481 176 31 glaucinoides

561 1515 142 25 Turritella
716 1514 176 24 imbricataria

561 1550 90 24 Turtle
666 1548 104 31 (bones)

108 1420 116 31 Ditrupa
236 1419 78 31 plana

108 1453 158 31 Zanthopsis
279 1451 169 28 tuberculata,

417 1484 101 30 Koenig

108 1522 87 24 Pinna
207 1520 83 25 affinis

108 1557 94 23 Ostrea
216 1564 38 23 sp.

108 1591 116 31 Cyprina
237 1589 105 32 planata

217 1661 118 18 •Prestwich,
347 1661 61 18 Quart.
416 1660 66 15 Journ.
494 1658 49 17 Geol.
552 1658 45 19 Soc,
605 1657 25 16 Ti.
639 1657 48 18 1850,
696 1661 31 17 pp.
736 1657 32 15 255
775 1655 38 17 and
821 1656 36 16 281.
