1117 1922
130 177 46 30 136

428 182 137 17 TERTIARY
586 181 95 18 SERIES

175 256 85 32 Many
285 255 29 24 of
333 256 78 23 these
433 254 91 25 fossils
543 254 26 24 in
593 251 158 26 Whitecliff
774 251 60 33 Bay
858 257 46 17 are
925 256 68 25 very

129 300 104 28 friable,
259 300 135 32 probably
419 299 90 32 owing
533 302 29 20 to
587 298 47 24 the
659 298 76 23 loose
759 299 110 21 texture
894 292 30 26 of
946 292 48 25 the

129 344 50 24 soil
193 344 28 24 in
239 344 91 25 which
350 344 65 33 they
434 352 46 16 are
499 342 163 25 embedded.
700 341 80 32 They
797 348 46 16 are
862 338 85 25 found
966 337 27 25 in

129 389 89 24 better
244 389 189 32 preservation
459 388 27 23 in
512 388 81 23 Alum
618 388 60 30 Bay
698 385 67 25 than
791 383 28 25 in
839 382 157 26 Whitecliff

132 434 68 30 Bay,
222 433 54 25 and
295 433 55 25 still
370 442 76 15 more
465 432 103 32 perfect
589 440 35 16 on
643 432 48 23 the
712 428 172 33 Hampshire
907 433 86 21 coast.

178 478 60 25 The
251 478 68 26 beds
333 487 66 23 crop
412 483 48 20 out
481 483 27 19 at
529 477 140 28 Gunville,
684 476 54 24 and
758 479 28 20 at
806 475 79 24 other
897 475 96 31 places

132 523 28 25 in
177 524 47 25 the
239 524 102 24 Island.
380 524 35 24 At
430 522 130 26 Gunville
576 522 47 25 the
642 521 62 32 clay
717 521 23 24 is
758 520 69 25 used
841 519 39 25 for
894 519 99 25 bricks.

208 568 59 25 The
283 568 82 25 lower
378 571 62 28 part
461 566 30 26 of
507 567 47 25 the
576 567 105 24 Barton
696 565 69 33 Clay
778 565 24 24 is
819 564 176 33 represented

133 613 28 24 in
175 614 81 23 Alum
272 614 60 31 Bay
345 613 36 32 by
394 613 76 32 clays
483 611 67 26 with
565 610 118 26 crushed
698 610 140 28 Turritella,
852 610 144 24 Rostellaria

133 658 94 28 rimosa,
242 658 86 23 Voluta
341 657 125 28 luctatrix,
475 657 79 24 Fusus
567 657 125 31 longavus,
708 655 53 25 and
774 656 78 25 Conus
865 655 113 24 dormitor
985 664 10 19 ;

134 703 54 24 and
212 703 97 28 above,
333 703 35 32 by
391 710 65 25 grey
480 702 76 33 clays
582 701 160 32 containing
763 709 15 16 a
800 701 69 24 hard
892 700 53 25 bed
969 700 29 25 of

133 748 63 25 blue
216 748 160 24 calcareous
401 747 63 32 grit,
484 746 169 33 weathering
678 747 106 32 yellow,
805 745 67 25 with
892 746 103 28 Tellina,

131 794 107 27 Actæon,
265 792 102 25 Corbula
397 792 94 28 Pisum,
520 792 158 24 Pectunculus
709 792 95 27 deletus,
832 791 164 24 Nummulites

133 838 150 29 variolarius,
306 838 140 32 Calyptrœa
469 836 168 34 trochiformis,
661 836 93 33 Typhis
775 839 116 30 pungens,
912 836 85 24 Pecten

132 884 139 29 reconditus,
296 884 94 24 Pkorus
413 883 163 32 agglutinans,
603 883 90 25 Murex
713 885 75 30 asper,
808 881 188 33 Sauguinolaria

132 932 136 28 compressa,
283 929 78 23 Fusus
371 931 85 29 pyrus,
471 928 146 25 Crassatella
630 928 100 29 sulcata,

369 1016 97 23 Upper
493 1016 137 23 Bagshot
656 1016 101 23 Sands.

179 1084 91 24 These
293 1084 83 24 sands
397 1092 47 16 are
466 1084 116 31 reputed
604 1088 28 19 to
653 1092 127 16 measure
802 1083 68 25 from
897 1093 47 24 140
968 1089 28 20 to

134 1131 49 23 208
197 1129 53 25 feet
262 1138 5 20 ;
288 1129 46 25 the
356 1129 83 25 lower
458 1129 63 32 50ft.
542 1129 152 33 consisting
716 1129 30 24 of
768 1138 15 15 a
802 1130 97 32 yellow
918 1130 78 29 sand,

134 1174 153 25 succeeded
307 1175 36 32 by
356 1173 65 26 60ft.
436 1173 30 26 of
481 1173 84 26 white
584 1174 78 25 sand.
701 1174 90 25 These
811 1175 84 25 white
914 1175 83 25 sands

133 1228 46 16 are
201 1220 173 25 remarkable
396 1219 41 26 for
457 1219 72 25 their
554 1219 102 34 purity,
676 1219 92 26 which
790 1220 112 25 renders
922 1221 74 24 them

133 1264 152 33 peculiarly
322 1264 119 25 suitable
475 1264 40 25 for
549 1265 47 24 the
632 1265 193 25 manufacture
857 1265 29 25 of
914 1267 82 32 glass.

134 1309 191 25 Excavations
344 1310 72 24 have
435 1311 69 23 been
523 1310 83 33 going
626 1319 34 15 on
681 1310 40 25 for
741 1320 83 24 many
841 1320 88 24 years,
944 1311 53 25 and

133 1354 112 33 digging
259 1355 47 24 the
328 1355 84 24 sands
436 1355 54 24 and
509 1355 112 33 loading
640 1355 47 25 the
708 1357 103 24 vessels
825 1360 28 22 at
867 1366 52 16 one
932 1356 65 26 time

132 1407 70 24 gave
216 1400 187 31 employment
417 1404 29 20 to
460 1408 16 16 a
489 1400 76 31 large
583 1401 117 24 number
714 1400 29 26 of
759 1402 152 25 labourers.

180 1444 24 24 A
223 1443 121 26 resident
358 1444 110 32 writing
487 1444 27 25 in
537 1452 63 24 1795
621 1449 87 22 states
720 1455 5 16 :
776 1447 58 24 Our
852 1448 78 24 trade
945 1448 53 24 and

134 1498 154 16 commerce
307 1488 100 33 chiefly
421 1488 23 26 is
464 1489 109 32 dealing
591 1489 26 25 in
637 1499 66 16 corn
724 1492 54 23 and
791 1493 79 24 wool.
909 1493 90 24 There

134 1543 46 16 are
193 1534 78 25 other
285 1534 202 29 commodities,
507 1534 69 25 such
590 1543 30 16 as
641 1540 5 9 '
659 1536 144 32 Copperas
823 1538 112 29 stones,'
950 1538 49 30 i.e.,

135 1579 117 33 Pyrites,
267 1579 161 32 sulphurate
449 1579 29 24 of
497 1579 68 29 iron,
580 1579 90 25 which
695 1589 47 16 are
760 1582 135 32 gathered
914 1592 38 24 up
971 1583 27 26 in

134 1624 87 31 heaps
243 1632 35 16 on
297 1624 47 24 the
364 1632 46 16 sea
435 1625 90 28 shore,
540 1625 53 23 and
616 1629 60 21 sent
697 1630 28 20 to
749 1627 119 26 London
892 1628 42 25 for
953 1630 46 24 the

265 1705 9 8 *
282 1701 56 17 Mem.
350 1701 52 17 Geol.
411 1701 61 20 Surv.,
482 1701 88 20 Bristow,
578 1702 38 16 Isle
625 1702 20 17 of
653 1702 74 22 Wight,
737 1704 49 20 1862,
794 1709 20 15 p.
822 1706 46 17 46-7.
