1117 1922
441 132 48 17 SEA
509 133 253 16 ENCROACHMENTS.

1030 155 2 2 191

178 203 80 24 tends
272 211 34 16 no
327 203 87 25 doubt
434 207 29 21 to
483 204 122 32 equalise
626 204 46 25 the
692 207 194 30 temperature.
924 205 40 24 To
986 205 47 24 the

179 248 105 25 invalid
294 249 62 24 who
367 249 49 24 has
431 257 14 16 a
460 252 71 21 taste
544 249 40 24 for
598 249 108 25 natural
720 249 105 33 history
835 249 55 25 this
901 249 135 25 sheltered

179 293 110 26 district
320 293 54 25 and
400 293 226 33 neighbourhood
654 303 140 23 possesses
825 304 34 15 an
885 294 150 26 additional

180 338 164 32 advantage.
384 339 25 24 It
423 338 22 25 is
460 338 58 25 rich
532 338 28 25 in
573 339 94 25 varied
681 340 53 24 and
753 339 160 33 interesting
927 340 91 32 plants
1029 348 5 21 ;

180 383 108 29 indeed,
309 384 47 25 the
375 383 154 33 specimens
543 384 28 25 of
588 385 118 24 Natural
727 385 116 33 History
861 385 65 25 with
946 385 89 25 which

181 429 20 25 it
216 430 134 28 abounds,
365 430 66 24 offer
445 430 142 24 abundant
605 430 189 25 inducements
808 434 28 21 to
850 430 120 25 exercise
984 431 52 24 and

182 474 135 25 healthful
336 475 166 32 occupation
522 478 28 21 to
570 475 46 24 the
635 475 162 24 cultivators
810 475 29 24 of
855 475 55 25 this
923 475 113 32 delight-

182 519 37 24 ful

230 565 32 24 In
284 564 125 25 addition
428 569 29 20 to
477 565 46 24 the
543 564 159 33 absorption
716 564 30 25 of
761 565 47 25 the
827 565 74 25 sun's
919 565 64 25 heat
1002 566 37 31 by

182 610 47 25 the
256 609 78 29 cliffs,
359 610 54 24 and
437 610 48 24 the
509 609 114 33 gradual
649 609 165 32 shelving-in
839 609 69 25 form
932 609 30 25 of
991 610 47 24 the

182 659 107 20 terrace
309 655 150 31 composed
478 654 29 25 of
523 654 47 25 the
589 654 75 25 ruins
683 654 30 25 of
728 654 47 25 the
787 663 68 16 once
869 654 69 25 solid
952 658 86 21 strata

183 699 90 25 which
295 699 72 25 have
389 699 81 25 fallen
493 699 67 25 from
584 700 96 28 above,
694 699 90 25 which
806 699 27 25 in
852 708 75 16 some
946 700 93 31 places

184 745 115 25 extends
319 745 69 24 from
408 754 15 15 a
442 749 77 28 great
538 745 104 32 height,
659 745 54 24 and
731 748 28 21 at
779 744 188 25 considerable
985 744 52 24 dis-

183 794 81 21 tance
278 790 69 24 from
361 790 47 24 the
427 790 89 28 shore,
535 790 50 23 has
604 790 55 23 had
678 790 46 23 the
743 789 78 24 effect
841 789 29 24 of
913 789 127 32 allowing

183 835 47 26 the
245 835 75 25 sun's
333 844 64 23 rays
410 839 28 21 to
452 834 47 25 fall
512 838 28 21 at
560 843 16 15 a
595 834 53 25 less
661 834 110 33 oblique
791 834 78 33 angle
882 834 98 33 during
993 834 47 25 the

184 880 105 29 winter,
304 880 67 25 than
385 880 66 33 they
464 880 90 25 would
574 888 73 23 upon
660 888 15 15 a
688 878 75 33 plain
781 878 115 29 surface,
910 879 54 24 and
978 887 61 16 con-

185 926 145 33 sequently
349 925 111 25 favours
482 925 47 25 the
549 924 103 32 receipt
671 923 30 26 of
723 933 15 15 a
757 928 107 28 greater
883 928 113 20 amount
1014 923 29 25 of

300 971 60 31 (Dr.
377 969 128 33 Martin).

231 1015 111 26 Similar
365 1015 228 24 encroachments
613 1014 29 24 of
661 1014 47 24 the
731 1022 43 16 sea
796 1022 45 16 are
860 1013 134 25 observed
1013 1013 27 25 in

184 1061 47 25 the
250 1060 138 26 Sandown
408 1060 118 25 district.
564 1060 59 24 The
643 1060 123 24 advance
787 1059 30 24 of
836 1059 46 24 the
902 1067 45 16 sea
968 1066 72 24 upon

184 1106 48 26 the
251 1105 124 25 marshes
395 1105 54 25 and
468 1105 47 24 the
534 1105 81 25 lower
634 1108 63 29 part
716 1104 30 24 of
766 1104 48 24 the
832 1108 82 24 town,
934 1103 24 25 is
978 1104 63 32 only

184 1152 66 32 kept
276 1150 27 26 in
325 1150 87 25 check
438 1150 36 32 by
496 1158 35 16 an
554 1149 126 25 artificial
707 1149 101 24 mound
834 1149 30 24 of
888 1149 78 24 earth
988 1148 54 24 and

184 1197 124 32 pebbles,
328 1195 152 33 supported
500 1195 54 24 and
573 1194 143 32 protected
730 1194 36 32 by
782 1202 125 24 groynes.
946 1193 31 24 In
996 1193 46 24 the

184 1249 66 26 year
272 1242 72 30 1825,
366 1249 15 16 a
400 1240 90 33 heavy
510 1243 84 21 storm
615 1239 83 25 broke
717 1238 119 32 through
856 1237 55 25 this
930 1237 111 29 barrier,

186 1287 54 24 and
253 1287 47 24 the
311 1294 46 16 sea
368 1286 107 32 joining
485 1285 47 24 the
544 1284 71 25 river
630 1285 63 27 Yar,
705 1283 148 26 converted
868 1282 174 32 Bembridge,

185 1331 40 26 for
239 1331 47 25 the
299 1331 75 29 time,
389 1331 66 24 from
471 1339 16 15 a
500 1329 159 33 peninsular
673 1329 58 24 into
744 1337 34 16 an
792 1329 97 24 island.

234 1378 11 24 I
259 1377 72 25 have
345 1375 109 27 written
468 1385 15 15 a
497 1380 76 28 great
588 1375 61 25 deal
669 1375 84 24 about
770 1375 46 24 the
836 1373 169 25 denudation
1018 1372 28 25 of

185 1423 48 25 the
252 1422 132 25 southern
404 1421 58 25 side
484 1420 30 26 of
532 1421 48 25 the
604 1419 101 30 Island,
726 1419 54 25 and
802 1419 55 25 will
879 1427 61 16 now
963 1422 82 29 quote

185 1468 69 24 from
270 1468 48 23 Dr.
331 1466 129 25 Wilkin's
471 1466 123 24 remarks
605 1464 27 25 in
646 1464 46 25 the
733 1464 97 25 Garden
842 1464 48 24 Isle
929 1467 28 21 to
968 1463 77 25 show

186 1513 60 25 that
261 1513 47 24 the
328 1511 137 33 widening
483 1511 30 24 of
528 1512 48 23 the
595 1511 103 28 Solent,
714 1509 148 33 especially
876 1518 34 15 on
930 1508 46 25 the
991 1508 54 24 Isle

186 1557 30 26 of
232 1557 97 33 Wight
350 1557 67 28 side,
432 1556 133 33 proceeds
582 1559 28 21 at
631 1564 14 16 a
665 1558 67 25 rate,
748 1553 162 33 sufficiently
924 1552 78 33 rapid
1017 1557 28 20 to

187 1604 34 24 be
234 1602 156 26 noticeable
404 1601 27 25 in
445 1610 15 16 a
474 1601 121 25 lifetime.

234 1649 49 24 Dr.
298 1646 120 26 Wilkins
432 1646 91 25 writes
534 1655 4 15 :
587 1646 30 23 In
637 1654 46 24 my
696 1653 61 17 own
775 1643 175 26 recollection
968 1652 75 17 acres
