1117 1922
463 189 111 17 FOURTH
595 190 132 16 DIVISION.

971 189 31 26 79

197 260 42 25 An
253 260 131 33 irregular
402 262 73 32 layer
489 262 30 24 of
535 262 157 32 misshapen
712 262 165 33 phosphatic
890 262 114 26 nodules

150 306 24 24 is
198 305 146 26 imbedded
369 306 123 25 between
517 307 46 25 the
588 308 166 24 last-named
780 308 74 32 layer
879 307 54 25 and
957 307 47 25 the

152 351 132 25 Chloritic
311 352 71 25 Marl
408 352 95 26 above.
553 353 90 25 These
668 354 114 24 nodules
807 361 45 17 are
877 353 111 25 derived
998 361 5 21 ;

151 405 81 24 many
245 396 30 25 of
293 397 75 25 them
389 397 71 25 have
479 397 47 25 the
543 397 119 25 remains
679 398 29 24 of
724 406 117 24 sponges
855 398 52 24 and
922 398 82 24 shells

150 440 133 33 adhering
296 445 29 21 to
339 441 85 30 them,
439 442 54 24 and
512 450 75 16 some
606 442 29 24 of
651 443 74 24 them
745 443 71 24 have
832 443 46 24 the
892 451 112 23 appear-

150 494 68 16 ance
233 485 30 25 of
279 486 102 33 having
395 487 69 24 been
483 487 110 32 pierced
607 488 35 32 by
654 488 146 24 Lithodomi.
839 487 166 25 Interstrati-

150 531 54 24 fied
216 531 67 25 with
297 531 75 25 them
386 540 46 16 are
446 532 110 25 various
570 532 105 33 species
689 532 29 25 of
729 532 132 33 Sponges,
877 532 128 33 Polyzoa,

150 580 62 24 etc.,
226 576 67 25 with
313 576 90 25 Shark
422 576 54 25 and
495 576 128 33 reptilian
642 576 127 26 remains.
807 577 151 25 Imbedded
971 585 34 16 on

150 621 78 24 these
253 621 115 25 nodules
393 621 23 25 is
447 630 15 16 a
487 630 75 16 seam
591 621 31 25 of
649 631 80 23 green
756 622 86 32 sandy
867 621 138 26 materials

151 665 114 25 marked
278 666 36 32 by
327 665 177 33 meandering
523 666 76 28 lines,
614 667 54 24 and
681 667 115 31 patches
809 666 30 25 of
852 666 69 25 marl
934 675 71 23 upon

150 710 48 26 the
216 720 87 23 upper
323 715 71 28 part,
414 711 90 25 which
524 711 22 25 is
569 711 215 25 unfossiliferous
806 711 28 25 in
856 711 46 25 the
915 711 90 32 neigh-

150 756 145 25 bourhood
315 756 30 25 of
364 757 133 29 Ventnor,
519 756 178 33 particularly
717 756 27 25 in
766 756 46 25 the
834 757 81 24 lower
936 759 69 29 part,

150 801 28 24 in
198 804 111 22 contact
323 801 67 25 with
409 802 47 24 the
477 802 124 24 nodules.
638 801 68 24 This
725 809 75 16 seam
818 800 24 25 is
861 801 28 24 of
905 809 16 16 a
940 801 65 24 dark

149 854 82 25 green
244 847 104 28 colour,
362 847 54 24 and
430 846 126 25 contains
570 846 116 26 Saurian
700 846 127 29 remains,
840 846 66 25 with
919 847 85 23 Pecten

149 894 76 29 asper,
239 891 31 25 P.
284 891 147 29 orbicularis,
447 891 54 25 and
513 891 85 25 Pecten
611 891 210 32 quinquecostatus.

198 936 139 32 Upwards
364 936 69 26 from
464 937 48 25 the
541 937 68 25 dark
635 945 82 24 green
749 936 86 33 sandy
865 935 68 26 beds
961 935 47 25 the

149 981 124 33 deposits
294 982 145 33 gradually
464 990 91 24 merge
580 981 57 25 into
668 981 60 26 that
753 981 30 25 of
807 990 15 16 a
850 980 68 33 light
943 989 65 24 grey

149 1027 95 24 colour
265 1026 67 25 with
353 1027 68 24 dark
443 1026 101 32 grains.
584 1027 31 24 In
634 1035 74 16 some
727 1025 134 26 localities
881 1025 55 25 this
953 1024 52 26 bed

149 1072 24 25 is
198 1072 160 32 permeated
383 1072 36 33 by
446 1071 67 29 iron,
541 1072 48 24 but
612 1071 35 24 its
672 1070 183 33 composition
879 1070 129 32 partakes

150 1117 104 34 largely
267 1117 30 25 of
308 1117 77 24 marl.
423 1117 68 24 This
505 1117 23 24 is
541 1117 47 24 the
601 1117 58 24 first
673 1116 150 25 indication
834 1115 29 25 of
873 1124 16 16 a
902 1115 105 32 change

149 1162 70 25 from
232 1162 78 25 chert
326 1162 60 33 Rag
402 1162 54 24 and
475 1162 149 24 sandstone
643 1165 28 21 to
684 1162 47 24 the
746 1161 88 24 Chalk
848 1161 57 23 into
918 1159 90 25 which

149 1206 20 27 it
182 1207 145 33 gradually
340 1216 115 23 merges.
497 1207 25 25 It
542 1206 23 25 is
585 1206 46 25 full
646 1206 28 25 of
690 1206 89 25 fossils
794 1206 53 24 and
861 1205 147 32 fragments

149 1253 30 25 of
199 1253 100 29 fossils,
323 1253 54 25 and
397 1252 171 33 sponge-like
586 1251 104 29 bodies,
711 1251 100 32 mostly
834 1249 174 34 phosphatic,

149 1299 55 25 and
225 1298 153 26 Ammonites.
429 1298 24 24 It
479 1297 135 25 weathers
639 1296 94 33 easily,
759 1296 78 25 when
862 1303 146 16 numerous

149 1344 92 25 fossils
254 1352 47 16 are
314 1343 122 33 exposed
453 1343 28 24 in
495 1342 79 25 relief
587 1351 35 15 on
640 1342 47 24 the
701 1341 106 25 surface
820 1340 30 26 of
865 1340 46 25 the
928 1339 80 25 fallen

149 1389 97 24 blocks
259 1388 91 25 which
364 1392 82 21 strew
458 1388 48 24 the
519 1388 81 24 shore
613 1387 29 24 of
651 1387 48 24 the
713 1385 160 26 Undercliff.

196 1434 84 25 From
305 1433 48 25 the
377 1437 162 21 waterworn
565 1439 173 25 appearance
762 1430 30 24 of
813 1433 71 21 most
910 1429 29 25 of
961 1429 46 25 the

149 1479 112 33 organic
284 1477 120 27 remains
423 1478 66 32 they
502 1486 73 16 seem
594 1481 29 20 to
640 1476 72 25 have
730 1476 69 24 been
815 1475 111 24 derived
939 1474 68 24 from

149 1533 77 17 some
238 1524 76 25 older
328 1527 128 25 stratum,
470 1522 55 26 and
543 1526 30 22 to
591 1522 71 25 have
681 1521 69 25 been
767 1520 144 33 deposited
924 1520 83 24 under

148 1570 49 26 the
218 1570 137 25 influence
375 1569 31 25 of
425 1572 94 28 strong
539 1567 151 25 currents.*
728 1565 145 33 Curiously
891 1565 116 32 enough,

149 1617 12 25 I
187 1625 80 17 came
298 1624 74 22 upon
399 1618 55 23 two
483 1613 113 25 distinct
626 1611 153 33 specimens
805 1610 29 26 of
863 1609 144 27 Ammonites

327 1709 60 17 These
398 1708 85 20 deposits
490 1713 33 12 are
531 1707 58 21 again
596 1705 85 18 referred
690 1707 20 15 to
719 1705 76 17 further
803 1709 30 13 on.
