1117 1922
170 222 19 2 196

412 201 58 16 THE
490 201 99 16 HUMAN
611 198 112 19 PERIOD.

152 272 142 31 vegetable
314 272 101 28 mould,
434 272 184 32 interspersed
636 271 67 25 with
726 271 75 24 loose
824 272 93 21 stones
940 267 68 24 from

153 316 47 25 the
211 316 138 33 adjoining
362 317 94 32 Upper
466 317 161 25 Greensand
638 315 156 26 formation.
826 313 61 26 The
896 311 114 26 Church

155 361 95 24 stands
268 360 27 25 in
316 361 46 24 the
382 370 87 24 upper
488 365 60 29 part
570 361 29 25 of
616 361 47 25 the
686 358 191 35 Churchyard,
896 356 64 30 and,
979 364 32 17 as

155 405 46 24 the
221 405 177 33 gravedigger
417 405 133 26 informed
570 415 51 20 me,
636 405 76 26 there
731 413 57 17 was
807 412 35 16 no
858 403 87 24 doubt
962 402 49 25 but

156 449 60 25 that
233 449 47 26 the
480 451 71 32 heap
570 451 135 26 extended
725 450 87 25 below
831 449 47 25 the
897 447 114 26 founda-

156 494 73 25 tions
250 494 30 25 of
298 495 46 25 the
366 496 119 29 Church,
509 505 29 16 as
558 497 34 24 he
612 496 55 25 had
686 495 111 26 himself
816 494 104 33 proved
942 494 20 24 it
984 497 28 21 to

158 538 70 26 exist
250 539 27 25 in
299 540 111 33 digging
429 541 47 24 the
500 550 98 24 graves
619 541 27 25 in
667 542 124 24 different
812 544 78 29 parts
915 538 30 27 of
966 538 47 26 the

160 585 114 30 ground.
311 585 60 24 The
391 586 110 24 Church
519 595 57 16 was
595 586 69 25 built
685 594 74 17 more
778 586 68 24 than
866 587 50 22 800
934 592 81 25 years

161 637 60 24 ago.
259 630 44 24 No
322 630 127 32 previous
471 632 186 24 examination
677 632 29 24 of
723 632 46 24 the
788 631 107 32 ground
913 629 30 25 of
959 628 57 26 this

162 674 111 33 locality
287 675 54 24 had
361 676 69 23 been
450 676 88 28 made,
558 676 92 33 public
670 676 135 26 attention
824 675 104 32 having
946 675 70 24 been

163 720 63 32 only
238 720 55 31 just
307 720 64 24 then
391 720 107 25 excited
516 721 36 32 by
564 721 47 25 the
630 721 143 33 discovery
785 720 30 26 of
832 720 47 26 the
896 719 120 25 remains

164 763 30 25 of
205 772 72 20 man,
291 764 196 33 accompanied
500 766 36 31 by
549 766 78 25 those
640 765 29 26 of
684 766 59 25 flint
757 765 183 32 implements.

212 809 187 25 Excavations
425 810 26 24 in
476 819 16 16 a
517 811 86 32 rough
627 811 76 32 piece
728 811 29 25 of
783 811 106 32 ground
918 810 27 25 in
971 809 47 26 the

167 854 101 32 garden
288 858 27 21 at
329 854 223 31 Winterbourne,
572 857 175 28 Bonchurch,
763 856 119 32 brought
901 859 29 21 to
949 855 69 32 light

168 907 15 15 a
197 898 59 25 flint
271 899 179 29 arrow-head,
465 908 15 16 a
499 908 119 25 scraper,
632 902 54 23 and
698 902 73 24 what
793 901 138 32 appeared
944 905 29 20 to
986 901 35 24 be

170 952 15 16 a
200 952 78 23 spear
292 944 70 24 head
371 944 66 25 with
452 945 46 24 the
511 949 48 29 top
572 946 146 25 fractured.
755 946 68 25 This
834 947 81 24 latter
925 946 95 32 imple-

171 991 74 22 ment
264 988 56 25 had
338 989 68 24 been
426 989 103 25 formed
548 990 67 24 from
636 999 14 16 a
669 990 133 33 fragment
823 990 29 26 of
869 991 47 25 the
937 990 85 26 Chert

172 1034 67 23 beds
252 1033 29 24 of
298 1034 46 24 the
359 1035 95 31 Upper
474 1035 169 29 Greensand,
657 1036 54 25 and
729 1036 55 25 had
802 1037 135 32 probably
954 1036 70 25 been

172 1079 107 25 throw-n
302 1079 75 25 aside
399 1089 35 16 on
454 1084 116 22 account
590 1081 29 25 of
636 1081 35 25 its
690 1082 101 24 broken
811 1081 150 25 condition.
1000 1080 24 25 It

173 1125 22 25 is
221 1134 61 16 now
306 1126 27 24 in
359 1126 46 25 the
436 1126 143 25 collection
610 1131 27 20 at
662 1127 46 24 the
734 1127 126 33 Literary
886 1127 140 28 Institute,

174 1171 132 24 Ventnor.
357 1171 107 24 Roman
489 1171 118 24 remains
628 1171 86 33 (coins
735 1172 52 24 and
812 1173 118 32 pottery)
956 1172 71 24 have

175 1216 69 25 been
263 1216 161 24 discovered
443 1215 27 24 in
490 1216 46 24 the
554 1215 109 32 village.

223 1261 25 25 It
262 1270 63 24 may
338 1261 34 25 be
385 1261 135 25 surmised
533 1261 60 25 that
613 1270 15 15 a
646 1261 96 33 colony
755 1261 29 25 of
795 1261 108 25 ancient
918 1261 111 25 Britons

176 1316 68 17 once
269 1307 105 25 formed
397 1316 15 16 a
437 1307 156 25 settlement
619 1316 65 16 near
708 1306 55 26 this
785 1311 72 28 spot,
883 1307 53 25 and
961 1315 71 17 were

177 1353 117 24 suffered
314 1356 29 21 to
364 1352 104 25 remain
488 1352 27 25 in
538 1352 181 25 undisturbed
738 1352 155 33 possession
913 1353 37 32 by
962 1351 70 26 their

178 1399 107 25 Roman
311 1407 176 24 conquerors.
536 1398 60 24 The
620 1398 112 34 locality
757 1406 56 17 was
837 1398 60 24 well
922 1398 116 29 chosen,'

175 1443 147 29 sheltered,
338 1443 53 25 and
405 1444 74 24 close
493 1447 28 21 to
536 1452 14 16 a
565 1443 126 33 splendid
705 1448 101 20 stream
820 1443 30 25 of
859 1452 68 24 pure
940 1447 93 22 water.

175 1489 39 26 Of
233 1490 46 25 the
294 1490 84 25 bones
399 1490 61 25 that
474 1498 70 17 were
564 1489 162 26 discovered
747 1493 70 22 most
837 1489 29 25 of
884 1489 75 26 them
979 1489 55 25 had

174 1535 69 24 been
269 1535 102 24 broken
398 1543 94 16 across
517 1535 47 24 the
593 1539 102 25 centre,
720 1535 177 33 presumably
922 1534 40 25 for
989 1534 46 25 the

173 1587 121 24 purpose
321 1578 30 25 of
377 1579 156 32 extracting
562 1580 47 24 the
637 1588 126 16 marrow.
816 1580 163 33 Fragments
1009 1579 29 25 of

174 1624 79 27 bone,
272 1624 107 24 treated
399 1624 26 24 in
445 1632 15 16 a
481 1624 105 24 similar
605 1633 123 20 manner,
743 1634 46 16 are
808 1634 66 25 very
886 1625 74 25 often
980 1629 55 21 met

172 1667 67 25 with
252 1675 4 21 ;
283 1668 65 32 they
371 1668 71 24 have
464 1669 67 23 been
558 1669 84 25 found
664 1669 27 24 in
714 1670 47 24 the
788 1670 133 26 Kirkdale
946 1671 90 26 Caves

172 1712 55 23 and
240 1712 157 23 elsewhere.
