1117 1922
510 169 17 16 V

94 237 143 33 geologist.
276 239 82 25 Some
376 239 29 25 of
421 240 47 24 the
486 240 105 32 figured
610 239 90 26 fossils
718 248 46 17 are
783 240 29 25 of
827 249 45 24 my
890 248 60 17 own

95 293 156 33 collecting,
282 294 93 25 others
410 294 69 26 from
514 295 47 25 the
595 294 145 33 published
773 295 122 33 writings
925 295 29 25 of

97 350 52 25 Mr.
171 350 35 25 D.
227 350 107 31 Sharpe
353 350 55 25 and
427 350 142 25 Professor
589 351 68 24 Bell.

144 406 11 24 I
176 405 67 25 wish
262 409 29 21 to
309 414 113 24 express
442 414 44 25 my
499 406 101 24 thanks
618 410 29 20 to
668 407 51 23 Mr.
735 407 114 24 Charles
863 407 87 32 Ryan,

96 462 62 24 who
171 462 50 24 has
235 466 71 20 most
320 462 94 33 kindly
426 462 82 32 given
526 470 43 16 me
586 462 43 24 his
641 462 154 32 gratuitous
808 463 64 31 help
884 462 66 25 with

97 518 47 24 the
169 517 137 33 drawings
331 517 29 25 of
387 518 78 24 these
490 517 98 29 fossils,
614 518 54 24 and
692 517 30 25 of
748 526 75 16 some
848 517 30 25 of
904 518 46 24 the

98 574 128 24 sections.
265 574 49 32 My
331 574 101 24 thanks
454 582 47 16 are
522 574 58 24 also
602 574 52 24 due
674 578 27 20 to
725 574 52 23 Mr.
798 574 87 28 Scott,
905 573 45 25 the

99 629 125 24 Ventnor
238 629 248 33 Town-Surveyor,
500 628 40 25 for
553 629 47 24 the
613 629 121 32 drawing
748 628 29 25 of
787 629 47 24 the
846 628 104 25 section

98 684 29 25 of
144 684 47 25 the
211 684 97 32 Upper
322 684 54 24 and
391 684 97 24 Lower
505 684 170 28 Greensand,
679 699 31 2 —
712 684 27 24 in
752 684 47 24 the
816 692 134 16 measure-

99 744 74 21 ment
188 740 54 24 and
254 740 169 32 description
436 740 29 23 of
480 740 47 23 the
547 744 86 19 strata
646 740 54 24 and
713 740 89 24 fossils
821 739 29 25 of
860 740 90 24 which

100 796 10 25 I
126 796 89 25 follow
230 796 52 24 Mr.
298 796 45 24 W.
359 796 37 24 H.
411 795 103 25 Fitton.
553 795 10 24 I
584 795 70 25 have
672 795 55 25 had
740 795 46 25 the
799 795 151 25 assistance

98 851 29 25 of
144 852 53 23 Mr.
213 851 114 25 Charles
347 851 34 24 D.
397 850 138 25 Sherborn
554 850 27 24 in
600 850 118 33 revising
732 851 52 24 and
803 850 147 33 preparing

97 906 40 26 for
156 907 47 25 the
221 915 77 23 press
317 906 60 25 that
397 905 108 33 portion
525 905 29 25 of
569 906 46 24 the
628 906 73 25 work
721 906 146 32 extending
880 906 69 26 from

96 962 48 25 the
158 962 148 24 Basement
320 960 60 25 Bed
392 960 30 25 of
437 961 48 24 the
503 961 88 25 Chalk
605 966 28 19 to
652 961 47 25 the
713 962 113 24 Human
840 961 108 26 Period.

95 1017 60 25 The
179 1016 67 26 kind
267 1016 164 33 permission
455 1016 30 25 of
501 1017 48 24 Dr.
573 1016 167 26 Woodward
765 1017 50 24 has
834 1018 115 24 enabled

95 1082 44 16 me
163 1077 29 21 to
217 1072 103 33 reprint
346 1082 46 23 my
415 1081 86 24 paper
525 1081 35 16 on
585 1073 46 24 the
657 1073 96 31 Upper
779 1073 169 28 Greensand,

95 1128 91 26 which
199 1128 138 33 appeared
356 1127 27 25 in
402 1128 47 25 the
469 1127 158 32 Geological
648 1127 145 32 Magazine
811 1127 40 25 for
867 1129 64 23 1882
943 1137 5 20 ;

96 1185 54 24 and
171 1184 70 25 from
265 1185 53 24 Mr.
339 1184 114 25 Charles
480 1183 119 26 Barrois'
623 1183 83 29 work,
756 1183 44 25 La
819 1184 131 25 Cretacee

96 1241 165 33 Superieure
307 1241 11 23 I
338 1241 71 24 have
427 1239 120 25 inserted
566 1248 75 16 some
655 1239 126 25 valuable
798 1242 78 22 notes
894 1248 54 16 res-

94 1297 112 33 pecting
237 1297 46 25 the
315 1297 88 24 Chalk
434 1295 168 25 Formation.
652 1295 59 24 The
735 1295 90 24 fossils
849 1295 29 24 of
903 1296 47 24 the

96 1355 97 30 Upper
212 1352 163 27 Greensand
393 1360 71 17 were
483 1352 99 24 named
602 1352 35 32 by
657 1351 51 24 Mr.
729 1350 158 33 Etheridge.

142 1411 11 24 I
167 1409 91 26 would
277 1409 58 25 also
354 1416 112 25 express
486 1416 44 25 my
547 1407 194 25 indebtedness
760 1411 28 20 to
807 1406 141 25 Professor

94 1468 123 24 Thomas
226 1465 155 29 Wiltshire,
395 1464 40 25 for
445 1464 43 25 his
499 1463 97 26 advice
609 1463 54 25 and
674 1463 159 29 assistance,
845 1463 53 24 and
909 1463 39 24 for

94 1524 47 24 the
154 1524 63 23 loan
231 1522 28 24 of
276 1521 46 25 the
342 1521 95 25 blocks
450 1519 91 27 which
560 1528 103 22 appear
681 1518 27 25 in
722 1519 45 24 the
781 1519 166 31 letterpress.

140 1579 53 25 Let
218 1587 44 16 me
286 1578 72 32 hope
382 1577 60 25 that
468 1576 56 25 this
542 1576 75 25 work
637 1584 64 24 may
722 1576 33 25 be
783 1575 46 25 the
854 1584 95 16 means

93 1634 29 26 of
144 1634 104 26 further
267 1633 190 34 popularising
482 1641 15 16 a
523 1633 116 32 subject,
662 1632 46 24 the
734 1631 170 33 importance
922 1631 28 25 of

94 1691 89 26 which
204 1691 11 26 I
236 1690 51 27 feel
307 1690 130 32 strongly.
