1117 1922
274 143 149 16 chloritic
443 143 55 16 and
518 143 214 16 fossiliferous
752 144 79 15 marl.

946 138 32 28 87

126 222 155 20 numerous,
305 214 53 24 and
378 213 46 24 the
449 221 75 16 same
546 221 63 24 ma}-
631 214 33 24 be
684 213 60 25 said
766 213 28 25 of
814 213 19 25 it
857 215 120 24 between

126 260 122 24 Ventnor
270 259 54 23 and
341 258 94 28 Niton,
455 258 90 24 where
566 258 74 32 large
660 259 95 23 blocks
774 267 45 15 are
839 264 55 19 met
913 259 64 25 with

126 305 34 23 all
175 304 80 32 along
274 304 46 24 the
338 304 88 27 shore,
441 303 68 24 until
525 303 167 24 Rockenend
710 303 23 24 is
746 304 126 24 reached.
910 304 67 24 This

124 349 23 24 is
166 349 47 24 the
231 349 61 24 best
311 352 78 21 route
408 347 39 25 for
466 348 146 32 collecting
631 347 97 28 fossils,
750 349 66 23 both
835 348 69 25 from
923 349 54 24 this

124 398 117 20 stratum
254 393 55 25 and
322 393 46 24 the
383 393 95 32 Upper
492 393 170 25 Greensand.
701 393 85 25 Much
799 393 75 25 debris
887 393 29 25 of
932 393 45 26 the

123 439 90 27 latter,
228 438 26 24 in
274 438 46 25 the
340 438 85 32 shape
444 437 30 25 of
491 438 94 25 blocks
598 437 30 25 of
644 438 35 24 all
699 438 78 28 sizes,
791 438 23 24 is
833 443 55 20 met
902 438 75 27 with,

123 483 47 25 the
188 483 90 25 fossils
298 483 80 31 being
397 482 155 26 weathered
571 487 56 21 out.

169 528 59 25 The
248 527 192 26 Fossiliferous
463 527 54 25 and
538 527 133 25 Chloritic
693 528 71 24 Marl
787 536 46 17 are
857 528 120 32 exposed

122 573 27 24 in
170 573 54 25 situ
242 573 27 24 in
289 582 14 15 a
325 581 99 25 quarry
437 581 65 16 near
521 573 47 24 the
586 573 121 24 Ventnor
723 573 123 33 Railway
860 572 117 29 Station,

123 618 103 32 resting
244 626 36 16 on
299 618 47 24 the
366 618 96 32 Upper
482 617 170 25 Greensand.
690 617 77 33 They
781 625 45 17 are
845 618 58 24 also
923 622 54 20 met

122 663 66 25 with
209 667 27 20 at
255 663 47 24 the
323 663 124 32 Railway
461 662 107 25 Station
583 662 80 28 itself,
678 662 89 25 which
781 671 57 16 was
851 662 127 34 formerly

121 717 16 15 a
157 708 112 24 disused
288 716 109 25 quarry,
418 707 67 24 from
506 707 111 24 whence
636 708 82 23 much
738 707 29 24 of
783 708 48 24 the
853 707 124 25 material

121 753 40 25 for
176 753 123 32 building
318 762 134 23 purposes
465 761 56 17 was
540 752 152 25 excavated
711 752 98 33 during
826 753 46 25 the
886 752 52 26 rise
951 752 28 26 of

121 799 47 25 the
187 802 82 22 town.
309 799 23 24 It
355 798 51 25 has
425 798 75 25 since
518 799 69 24 been
607 798 82 25 much
708 798 129 32 enlarged
856 798 54 26 and
933 807 43 16 ex-

121 844 101 24 tended
244 843 40 25 for
303 844 47 24 the
369 851 120 25 purpose
507 842 30 26 of
552 842 117 32 forming
689 843 45 25 the
754 843 118 25 Station.
910 844 25 24 It
955 843 22 25 is

120 890 65 32 only
203 890 78 24 when
301 889 46 24 the
370 897 164 24 quarrymen
553 896 46 16 are
621 892 28 21 at
672 889 73 24 work
768 889 141 32 removing
930 889 47 24 the

121 939 47 28 top
191 934 68 25 beds
280 934 61 25 that
366 934 91 24 fossils
481 942 52 16 can
558 934 34 24 be
613 934 144 32 procured.
795 934 59 24 The
877 943 100 24 quarry

121 988 65 16 near
196 978 120 26 exhibits
330 988 15 15 a
358 978 71 33 good
441 978 104 25 section
558 978 40 25 for
612 978 46 25 the
672 987 118 24 purpose
801 978 29 25 of
840 987 136 17 measure-

121 1028 83 25 ment,
219 1024 48 25 but
281 1023 20 26 it
315 1023 23 26 is
352 1028 47 21 not
412 1023 110 25 worked
541 1027 28 22 at
583 1027 118 27 present.

167 1068 92 32 Going
277 1067 154 29 westward,
458 1067 40 26 St.
519 1068 151 25 Lawrence
693 1067 87 25 Shute
806 1067 114 33 (formed
943 1069 34 32 by

121 1123 15 16 a
150 1114 159 33 depression
328 1113 30 25 of
374 1113 46 25 the
438 1113 97 31 strata)
550 1112 50 26 has
619 1113 102 25 caused
739 1113 47 25 the
806 1122 86 23 upper
910 1113 67 25 beds

121 1160 67 26 both
202 1159 29 25 of
248 1160 46 24 the
309 1159 133 24 Chloritic
463 1159 53 24 and
531 1158 192 24 Fossiliferous
739 1159 70 23 Marl
823 1162 28 20 to
865 1167 112 24 appear,

121 1215 16 16 a
149 1205 71 25 little
233 1205 125 24 distance
372 1213 36 24 up
421 1204 48 25 the
481 1204 76 28 road,
571 1203 104 32 resting
688 1211 35 16 on
736 1203 47 24 the
797 1204 84 24 Chert
896 1204 81 24 Beds.

123 1252 85 31 Many
220 1250 91 26 fossils
325 1250 70 25 have
409 1250 69 24 been
491 1249 134 25 collected
644 1249 73 25 here.

167 1296 60 24 The
246 1299 64 21 next
329 1295 79 32 place
427 1294 23 25 is
469 1295 75 25 Gore
563 1293 70 29 Cliff,
654 1293 91 25 before
764 1293 166 29 mentioned,
944 1302 34 16 on

121 1342 47 24 the
182 1349 46 16 sea
241 1340 60 25 face
314 1340 29 25 of
360 1340 41 25 St.
416 1338 174 27 Catherine's
604 1339 98 27 Down,
717 1338 89 25 where
826 1337 46 25 the
892 1339 87 23 above

120 1391 55 21 two
197 1386 67 25 beds
283 1393 52 17 can
360 1386 34 23 be
413 1383 154 26 examined.
617 1383 39 24 As
674 1383 65 31 they
757 1383 65 31 only
844 1391 66 23 crop
929 1387 48 20 out

121 1440 66 16 near
209 1431 47 25 the
278 1431 68 32 edge
359 1429 29 25 of
408 1430 47 23 the
475 1428 65 29 cliff,
563 1427 90 26 which
679 1427 22 25 is
720 1427 64 25 here
806 1428 106 24 elevate
952 1431 28 21 to

121 1476 136 34 probably
273 1483 47 25 150
333 1475 63 27 feet,
410 1474 20 24 it
451 1474 112 24 renders
579 1472 72 25 their
664 1471 186 25 examination
865 1481 15 15 a
894 1480 85 16 some-

121 1523 74 24 what
220 1521 156 31 dangerous
399 1519 55 25 feat
477 1522 28 20 to
528 1526 15 15 a
565 1516 80 25 timid
666 1525 108 23 person.
813 1517 31 24 In
863 1516 71 32 spite
954 1516 28 25 of

121 1567 56 25 this
191 1565 157 27 drawback,
363 1564 136 27 however,
513 1563 22 24 it
553 1562 24 24 is
590 1562 60 24 well
663 1561 88 25 worth
771 1569 15 16 a
804 1560 73 29 visit,
891 1569 30 16 as
935 1561 46 24 the

121 1615 129 22 constant
274 1618 135 23 exposure
429 1608 29 24 of
474 1608 46 23 the
540 1605 107 25 surface
666 1604 29 25 of
712 1605 46 25 the
778 1608 88 21 strata
883 1608 30 22 to
934 1605 47 25 the

121 1659 133 25 elements
268 1656 51 24 has
332 1653 103 26 caused
448 1652 21 25 it
489 1657 29 20 to
537 1652 113 24 become
664 1649 52 26 soft
730 1650 53 24 and
797 1650 86 34 shaly.
922 1650 59 26 The
