1117 1922
198 217 46 17 212

554 214 145 18 APPENDIX.

199 289 27 25 in
249 290 46 24 the
318 290 88 24 Chalk
427 290 124 24 between
576 287 177 26 Eastbourne
779 283 54 26 and
859 281 102 27 Culver
987 279 73 30 Cliff,

200 335 120 31 emptied
345 334 75 25 itself
442 334 57 24 into
532 342 75 16 some
640 333 89 31 larger
758 330 72 24 river
856 327 110 32 flowing
992 335 28 16 in
1045 334 15 16 a

201 380 125 29 westerly
344 378 143 25 direction.

249 425 31 22 In
297 425 71 27 1862,
383 424 47 24 the
444 425 67 22 Rev.
526 424 46 23 W.
588 423 69 28 Fox,
671 421 30 26 of
712 420 127 28 Brixton,
854 419 55 24 Isle
922 418 30 25 of
962 417 98 33 Wight

201 477 16 15 a
237 469 172 24 well-known
430 476 81 16 name
533 467 169 33 throughout
725 466 48 25 the
796 464 104 29 Island,
923 467 86 22 wrote
1032 471 28 16 as

199 513 104 23 follows
314 523 4 13 :
321 529 34 2 —
357 514 12 13 *

276 557 67 25 This
358 557 80 25 chain
453 557 29 24 of
492 557 65 24 land
574 557 112 32 [Dorset
707 560 27 21 to
754 557 47 23 the
816 556 131 31 Needles]
963 553 98 33 might,

201 612 30 15 or
244 602 88 32 might
348 606 56 24 not,
419 602 34 25 be
467 611 29 15 so
510 601 64 25 cleft
594 601 26 24 in
635 601 83 25 twain
734 609 29 16 as
779 604 28 21 to
822 601 80 24 allow
915 600 48 24 the
976 599 87 24 rivers

202 647 30 26 of
242 649 100 24 Dorset
358 648 53 24 and
425 647 85 25 Wilts
524 651 28 21 to
565 646 57 25 find
642 656 15 14 a
677 654 118 25 passage
810 645 120 33 through
944 645 77 24 them
1034 648 30 21 to

202 693 47 24 the
271 692 74 25 main
368 701 94 16 ocean.
501 692 49 32 My
571 690 121 33 opinion,
716 690 136 28 however,
876 690 23 24 is
917 690 62 24 that
999 689 67 33 they

203 738 55 24 had
271 746 35 16 no
320 738 68 24 such
403 738 85 23 outlet
500 746 4 15 :
519 737 50 24 but
583 737 70 28 that,
669 739 27 22 at
711 736 60 25 that
786 735 40 25 far
840 735 104 26 distant
959 734 105 33 period,

203 783 47 24 the
272 782 87 25 entire
381 782 130 32 drainage
533 781 30 25 of
582 789 75 17 more
679 781 68 25 than
769 784 55 22 two
847 780 125 25 counties
975 795 34 4 —
1010 789 55 16 em-

204 828 114 32 bracing
342 828 47 24 the
414 827 86 25 rivers
525 827 60 24 that
614 826 58 33 join
701 827 47 24 the
774 834 47 16 sea
846 830 27 20 at
900 827 86 24 Poole
1011 826 55 24 and

206 872 199 26 Christchurch
408 888 33 2 —
442 872 98 25 flowed
572 872 119 32 through
725 872 75 24 what
834 871 23 25 is
890 880 62 17 now
977 872 89 24 called

206 918 200 26 Christchurch
429 918 68 32 Bay,
521 917 80 25 down
626 917 47 25 the
696 917 105 28 Solent,
825 917 54 25 and
899 916 95 33 joined
1018 917 48 25 the

205 972 47 16 sea
273 968 27 20 at
324 963 143 32 Spithead.
505 962 158 33 According
681 966 29 22 to
729 962 55 26 this
798 963 98 33 theory
909 963 47 25 the
971 963 95 25 Solent

205 1017 57 16 was
287 1012 28 20 at
336 1013 3 2 '
349 1008 60 24 that
444 1007 66 25 time
546 1016 34 16 an
614 1012 113 29 estuary
751 1008 153 24 somewhat
934 1008 54 24 like
1019 1008 48 25 the

207 1054 204 32 Southampton
432 1054 106 28 Water,
560 1053 103 33 having
685 1054 49 24 but
757 1062 51 16 one
829 1054 121 33 opening
969 1058 29 21 to
1020 1054 47 25 the

207 1098 105 25 British
336 1098 123 25 Channel
469 1107 6 20 ;
504 1099 49 24 but
579 1098 28 25 of
630 1107 30 16 so
685 1098 83 25 much
794 1107 76 16 more
894 1098 173 33 importance

206 1144 68 25 than
287 1144 47 25 the
353 1144 83 25 latter
457 1153 29 15 as
508 1143 21 25 it
552 1153 57 16 was
631 1143 44 25 fed
695 1144 37 33 by
745 1153 15 15 a
773 1144 93 33 vastly
878 1148 108 28 greater
1005 1144 63 26 flow

207 1189 30 25 of
252 1189 73 25 fresh
344 1193 85 21 water
440 1198 4 21 ;
466 1190 54 24 and
541 1189 20 25 it
582 1189 104 25 further
707 1198 137 24 supposes
863 1190 62 24 that
945 1190 49 25 the
1015 1190 53 25 bed

208 1235 29 24 of
255 1235 47 24 the
325 1235 94 25 Solent
440 1243 57 17 was
519 1236 120 32 scooped
660 1239 47 21 out
729 1235 145 34 originally
894 1236 36 33 by
950 1244 16 16 a
986 1236 81 29 river,

208 1279 90 25 which
320 1280 69 24 from
411 1281 47 23 the
477 1284 94 20 extent
591 1280 29 24 of
641 1280 34 25 its
695 1280 132 33 drainage
845 1290 52 16 one
911 1290 63 24 may
987 1290 82 24 guess

208 1331 28 18 to
249 1325 71 25 have
333 1325 69 25 been
415 1325 71 25 little
499 1325 110 25 inferior
622 1330 29 20 to
670 1326 47 24 the
731 1326 122 25 Thames
867 1336 29 15 or

210 1369 44 24 He
276 1378 64 24 goes
359 1379 35 15 on
416 1374 28 20 to
464 1379 49 23 say
526 1370 60 25 that
607 1379 30 16 as
657 1379 66 16 soon
742 1379 31 17 as
791 1371 48 25 the
852 1380 48 16 sea
912 1372 57 24 had
988 1372 81 24 made

208 1422 15 16 a
237 1414 100 24 breach
356 1414 119 32 through
495 1414 47 25 the
561 1415 237 26 Dorset-Needles
812 1416 86 33 ridge,
911 1417 48 24 the
973 1417 96 25 Solent

210 1458 88 25 would
312 1459 57 24 lose
381 1458 36 25 its
431 1459 144 25 character
595 1468 29 16 as
639 1468 35 16 an
690 1464 112 30 estuary
815 1462 55 24 and
884 1470 110 17 assume
1008 1463 61 25 that

210 1503 28 25 of
258 1512 15 16 a
292 1504 63 31 long
374 1512 107 17 narrow
495 1512 58 17 arm
573 1505 29 24 of
619 1505 47 24 the
686 1514 55 21 sea,
757 1507 55 24 and
830 1507 56 25 this
900 1508 92 25 would
1011 1509 58 24 also

210 1552 111 21 convert
334 1548 47 25 the
403 1549 54 24 Isle
478 1549 30 24 of
526 1549 98 33 Wight
647 1550 69 25 from
740 1560 15 16 a
778 1551 160 33 peninsular
957 1553 59 26 into
1035 1563 34 16 an

210 1592 96 23 island.

244 1636 141 25 Professor
398 1638 106 31 Rupert
517 1638 83 34 Jones
616 1639 50 24 has
684 1640 89 25 called
792 1642 121 32 especial
933 1644 137 25 attention

210 1684 28 22 to
251 1681 55 25 this
320 1682 106 31 subject
440 1682 27 24 in
480 1682 43 25 his
536 1691 86 24 paper
635 1693 34 15 on
712 1685 127 33 Geology
851 1688 31 24 of
899 1689 47 24 the
961 1690 109 26 Kennet

252 1737 8 9 *
414 1739 48 19 1862,
471 1744 19 14 p.
500 1740 36 17 454,
