1117 1922
94 190 8 16 1
109 183 31 23 86

305 193 180 16 DENUDATION
506 194 55 15 AND
581 194 159 15 LANDSLIPS.

95 263 102 31 places.
234 264 152 25 Whatever
404 266 67 24 road
490 274 29 16 or
537 266 69 32 path
625 266 55 24 had
698 264 129 33 formerly
842 262 107 27 existed

95 308 120 33 through
236 310 47 24 the
305 311 78 32 place
404 311 55 25 had
481 312 68 24 been
572 311 113 29 effaced,
706 311 54 24 and
785 310 66 25 with
874 317 76 17 some

96 353 133 34 difficulty
244 355 11 24 I
270 356 99 32 passed
382 365 64 16 over
465 357 46 24 the
531 357 160 28 avalanche,
705 356 91 26 which
814 355 137 25 extended

97 406 82 25 many
192 399 124 25 hundred
330 400 89 32 yards.
458 401 166 32 Proceeding
643 401 145 29 eastward,
802 401 48 25 the
862 399 89 26 whole

98 443 29 24 of
143 443 46 24 the
203 443 50 25 soil
272 444 109 25 seemed
399 449 27 20 to
445 445 71 25 have
535 446 106 29 moved,
656 447 54 24 and
723 454 57 17 was
797 445 74 25 filled
884 444 66 26 with

99 488 110 25 chasms
234 489 54 24 and
312 490 110 28 bushes,
447 490 73 33 lying
545 491 27 24 in
597 500 81 24 every
702 491 143 25 direction.
891 491 60 24 The

100 532 127 26 intricate
260 534 54 24 and
345 535 103 31 rugged
479 535 67 31 path
580 537 112 23 became
724 537 143 32 gradually
897 537 54 23 less

101 577 123 29 distinct,
250 578 54 24 and
329 587 67 16 soon
427 578 110 25 divided
562 580 57 24 into
644 589 73 15 mere
741 581 84 31 sheep
850 581 101 28 tracks,

100 622 109 33 leading
231 622 57 26 into
310 632 34 15 an
369 624 98 24 almost
490 623 197 33 impenetrable
708 625 114 24 thicket.
862 626 10 22 I
894 633 58 24 per-

102 667 104 29 ceived,
221 667 134 29 however,
370 668 47 24 the
436 668 67 33 lofty
515 669 62 24 wall
594 669 29 23 of
639 670 64 23 rock
717 670 90 24 which
821 669 134 32 belonged

103 716 28 20 to
144 713 47 23 the
211 721 75 15 same
305 716 116 20 stratum
443 721 29 15 as
492 713 46 23 the
558 713 160 29 Undercliff,
732 714 124 24 softened
874 713 27 24 in
921 712 35 25 its

103 757 103 33 rugged
231 758 144 23 character
399 758 37 32 by
460 757 46 24 the
536 757 98 32 foliage
658 758 90 24 which
772 766 73 24 grew
868 757 29 24 in
921 757 36 24 its

103 802 120 28 fissures,
239 802 54 24 and
308 802 54 24 still
376 801 159 33 preserving
548 810 77 16 some
638 802 119 25 remains
770 802 29 25 of
810 802 35 25 its
858 802 99 25 former

103 847 177 33 picturesque
311 847 110 33 beauty.
471 847 126 32 Neglect,
624 847 53 25 and
707 847 47 25 the
784 846 175 26 unfortunate

105 892 126 26 accident
244 891 91 27 which
354 892 56 25 had
428 892 83 32 lately
530 891 155 33 happened,
703 892 54 25 had
776 901 61 16 now
857 891 103 25 altered

103 938 48 25 the
172 939 120 23 features
312 937 29 25 of
362 937 55 25 this
442 946 67 16 once
532 936 144 33 delightful
699 940 70 29 spot,
793 937 53 25 and
870 938 11 24 I
904 945 56 17 was

106 992 66 16 soon
200 982 165 26 bewildered
387 990 100 24 among
509 982 89 29 rocks,
619 985 116 22 streams
754 981 29 26 of
800 986 93 25 water,
907 982 53 25 and

106 1029 123 31 tangling

152 1074 112 26 Several
287 1073 67 33 slips
379 1073 71 25 have
475 1072 74 25 since
570 1073 141 29 occurred,
735 1073 48 24 but
805 1077 101 20 cannot
929 1073 33 24 be

106 1119 149 33 compared
280 1118 26 25 in
337 1123 93 20 extent
456 1117 67 26 with
548 1117 60 26 that
635 1117 29 26 of
691 1118 67 25 East
785 1118 71 29 End,
881 1127 30 16 or
935 1117 29 26 of

105 1165 123 27 another,
260 1163 144 26 described
432 1172 31 15 as
473 1175 6 4 -
487 1162 105 26 follows
617 1163 36 32 by
677 1172 34 15 an
737 1162 172 33 eye-witness
921 1172 5 16 :
928 1178 35 4 —

131 1209 60 24 The
212 1209 108 32 ground
344 1207 49 26 lies
415 1207 27 25 in
465 1216 91 17 waves
576 1216 30 16 or
625 1207 72 26 folds
716 1207 53 25 like
791 1208 47 24 the
857 1207 105 26 billows

104 1254 29 25 of
152 1263 35 15 an
210 1254 122 32 agitated
353 1262 95 20 ocean,
462 1261 30 16 or
514 1253 121 32 perhaps
657 1252 20 25 it
697 1253 55 24 still
772 1261 74 16 more
868 1254 94 32 nearly

104 1299 149 25 resembles
266 1298 58 25 turf
335 1299 102 23 broken
452 1307 36 23 up
509 1299 36 32 by
558 1299 46 23 the
618 1298 92 25 action
724 1298 29 24 of
769 1307 34 15 an
817 1307 145 16 enormous

150 1388 93 24 When
256 1388 47 24 the
322 1388 152 32 geological
496 1393 139 20 structure
652 1388 29 25 of
700 1388 47 25 the
768 1388 156 26 Undercliff
940 1388 23 26 is

104 1432 153 29 examined,
283 1432 21 25 it
327 1432 54 26 will
402 1433 34 24 be
460 1432 105 33 readily
588 1442 65 16 seen
675 1434 69 28 that,
761 1434 90 32 owing
869 1439 28 20 to
917 1435 46 24 the

104 1478 232 32 imperviousness
357 1477 29 25 of
404 1478 45 24 the
471 1478 94 29 Gault,
586 1478 46 25 the
653 1479 108 25 surface
781 1484 99 20 waters
902 1480 61 25 flow

104 1526 46 22 out
166 1524 122 24 between
302 1522 20 25 it
343 1522 53 25 and
410 1522 46 25 the
478 1523 96 31 Upper
592 1524 171 24 Greensand.
802 1525 59 24 The
876 1526 87 23 Chalk

106 1568 71 24 Marl
190 1567 54 25 and
260 1568 95 30 Upper
376 1567 172 28 Greensand,
563 1567 67 25 both
647 1569 213 33 water-bearing
873 1571 90 28 rocks,

103 1612 91 24 would
214 1611 104 32 readily
332 1611 113 24 become
468 1611 129 31 charged,
612 1612 54 24 and
688 1612 117 25 fissured
825 1615 54 24 and
899 1615 64 32 split

105 1665 36 23 up
155 1656 36 32 by
203 1655 91 28 frosts,
309 1655 54 24 and
376 1655 89 24 would
486 1654 67 25 slide
567 1655 40 24 off
622 1655 26 25 in
663 1656 46 24 the
723 1657 135 26 direction
872 1659 29 24 of
918 1660 45 25 the

103 1701 69 23 least
186 1699 150 25 resistance
349 1699 36 31 by
399 1698 70 25 their
482 1707 60 17 own
557 1699 109 31 weight.
