1117 1922
172 219 19 2 180

350 203 181 16 DENUDATION
553 202 56 17 AND
629 199 161 19 LANDSLIPS.

149 283 75 16 some
249 275 86 28 miles,
362 274 54 24 and
447 274 51 24 has
530 282 15 16 a
577 271 110 26 curious
718 268 161 27 traditional
910 268 98 33 legend

149 320 130 24 attached
304 323 28 20 to
352 319 29 28 it,
405 318 90 25 which
520 326 65 16 runs
611 326 30 16 as
666 315 105 26 follows
784 325 4 14 :
792 330 33 3 —
828 314 108 32 During
961 314 47 24 the

150 364 74 32 early
246 364 67 32 days
334 363 28 24 of
381 362 191 33 Christianity,
594 361 136 32 probably
753 359 27 25 in
802 359 93 25 Saxon
919 359 89 28 times,

149 409 48 24 the
215 409 65 23 then
300 408 172 24 inhabitants
491 407 30 24 of
539 407 47 24 the
605 406 100 32 village
724 406 115 24 became
859 403 150 26 converted

150 453 69 23 from
246 452 148 32 Paganism
419 453 37 32 by
480 459 75 16 some
580 450 30 25 of
638 450 47 25 the
710 448 165 33 missionary
899 447 109 33 priests.

151 496 77 25 After
242 505 15 15 a
270 496 76 29 time,
360 496 102 32 having
476 504 35 16 no
529 496 80 31 place
628 494 30 25 of
674 493 121 32 worship
815 494 49 24 but
878 493 47 25 the
938 501 71 24 open

150 541 49 28 air,
213 541 47 24 the
283 541 98 23 Elders
400 540 28 24 of
445 541 46 23 the
512 540 99 31 village
633 539 88 24 called
742 547 15 16 a
775 537 121 32 meeting
914 537 30 25 of
963 538 47 24 the

150 585 180 28 inhabitants,
344 589 26 19 at
384 584 91 25 which
489 584 20 24 it
520 592 57 16 was
589 583 127 24 resolved
729 587 28 20 to
771 582 77 25 build
861 591 15 16 a
888 582 121 29 Church,

151 630 46 23 the
211 633 61 28 spot
287 630 101 23 chosen
408 629 81 32 being
503 633 26 19 at
550 629 46 23 the
610 628 56 24 foot
680 627 30 25 of
726 635 12 17 a
754 627 68 33 lofty
836 626 56 26 hill.
931 627 77 34 They

152 675 87 32 began
253 678 28 21 at
295 683 68 16 once
382 678 28 20 to
429 674 71 33 busy
512 674 167 24 themselves
698 673 67 25 with
783 673 48 24 the
850 672 120 25 erection
985 673 27 24 of

151 719 46 24 the
212 719 111 24 Church
336 728 4 20 ;
362 719 110 25 worked
484 718 70 25 hard
568 718 35 25 all
623 718 62 33 day,
700 718 54 24 and
768 718 113 24 marked
894 722 48 20 out
957 718 53 24 and

152 763 55 25 laid
220 763 47 25 the
280 763 170 28 foundation,
465 762 68 26 until
554 763 133 24 darkness
706 762 169 29 intervened,
890 763 53 24 and
961 767 48 28 put

152 817 16 16 a
194 812 62 28 stop
279 812 30 21 to
333 807 72 26 their
427 808 120 29 labours,
568 807 79 26 when
672 807 66 33 they
760 811 72 22 went
853 807 82 25 home
957 807 54 25 and

152 853 90 25 rested
257 853 67 25 from
340 853 70 25 their
424 853 57 25 toil.
521 853 31 24 In
565 853 46 25 the
626 852 126 33 morning
766 852 66 33 they
844 856 71 22 went
930 852 80 33 again

152 902 29 20 to
207 897 71 25 their
297 899 107 27 labour,
425 899 48 23 but
495 899 26 23 lo
532 899 4 23 !
562 898 48 24 the
630 898 71 32 huge
722 902 93 20 stones
835 906 71 16 were
926 899 84 23 borne

153 952 78 25 away
243 944 36 33 by
293 952 35 16 an
348 943 128 25 invisible
495 944 84 28 hand,
594 948 28 20 to
644 944 46 24 the
710 944 112 24 summit
843 943 28 25 of
888 944 47 24 the
953 944 56 28 hill,

152 992 28 21 at
194 988 92 25 whose
300 989 67 24 base
379 988 66 34 they
457 997 71 16 were
547 988 154 34 yesterday.
739 988 93 25 When
850 988 48 25 the
912 989 98 32 people

152 1041 57 17 saw
227 1033 56 24 this
301 1033 151 25 wonderful
471 1033 79 33 thing
568 1033 66 33 they
647 1042 70 16 were
737 1033 83 25 much
840 1033 169 29 astonished,

152 1078 55 25 and
232 1077 74 26 cried
325 1077 68 26 with
414 1087 52 16 one
489 1078 109 29 accord,
648 1079 52 24 Let
724 1088 30 15 us
777 1078 77 25 build
876 1082 67 22 unto
963 1079 47 25 the

156 1124 114 24 Creator
291 1132 15 16 a
326 1124 102 32 temple
445 1132 35 16 on
500 1124 46 25 the
566 1124 111 25 summit
697 1124 30 25 of
743 1124 46 25 the
802 1124 57 29 hill,
874 1124 54 25 and
942 1124 67 25 from

154 1169 56 24 this
235 1169 67 24 time
325 1170 70 23 shall
420 1170 47 23 the
489 1174 149 29 sanctuary
659 1170 54 24 and
735 1170 100 32 village
856 1171 34 23 be
911 1170 99 24 known

154 1219 67 19 unto
235 1223 71 19 men,
320 1214 27 24 in
361 1215 205 24 remembrance
580 1214 29 25 of
624 1215 56 24 this
697 1219 76 28 great
787 1215 78 28 deed,
879 1223 30 16 as
924 1215 86 25 God's

280 1259 62 24 And
362 1259 48 25 the
431 1259 97 33 legend
550 1259 58 25 also
631 1268 62 24 says
712 1259 61 25 that
793 1259 48 25 the
860 1259 64 26 field
942 1259 66 26 from

154 1303 91 26 which
269 1304 48 25 the
342 1309 92 20 stones
460 1313 70 16 were
561 1305 129 25 removed
722 1306 34 24 be
782 1305 99 26 known
909 1314 30 16 as
964 1306 47 25 the

181 1350 106 24 Devil's

201 1396 58 23 The
273 1399 189 28 escarpments
475 1404 35 15 on
524 1396 47 24 the
592 1396 79 24 north
693 1396 57 24 side
770 1396 28 24 of
815 1396 46 24 the
880 1397 130 24 southern

155 1449 83 24 range
260 1440 30 25 of
312 1441 112 28 Downs,
451 1441 54 24 and
527 1441 47 24 the
596 1441 103 33 valleys
720 1441 29 25 of
771 1441 46 25 the
843 1441 81 25 chalk
948 1441 62 26 hills

154 1485 117 32 forming
281 1485 48 24 the
342 1485 93 24 inland
450 1485 78 28 cliffs,
542 1490 111 28 present
671 1486 141 32 examples
826 1485 28 25 of
870 1486 140 25 extensive

155 1530 115 24 erosion.
311 1530 10 23 I
346 1538 64 25 may
429 1530 122 24 mention
573 1530 61 25 that
655 1530 87 25 under
761 1530 48 26 the
832 1530 121 30 Obelisk,
976 1541 34 15 on

154 1574 245 32 Appuldurcombe
413 1574 98 28 Down,
526 1584 15 14 a
561 1574 63 29 cliff,
638 1575 89 24 called
743 1576 56 24 Gat
815 1575 71 29 Cliff,
900 1575 23 26 is
936 1585 74 16 more

152 1628 31 15 or
196 1619 53 24 less
264 1618 155 33 prominent
434 1623 27 20 at
470 1619 47 24 the
525 1620 68 31 park
605 1623 130 21 entrance
745 1624 67 21 west
826 1620 30 25 of
867 1621 127 25 Godshill
1005 1630 5 21 ;

152 1663 55 24 and
220 1663 47 24 the
280 1667 66 20 west
362 1662 57 25 side
437 1662 29 24 of
483 1663 39 24 St.
539 1662 172 26 Catherine's
726 1664 89 25 Down
834 1671 126 26 presents
980 1674 30 16 us

152 1708 65 25 with
231 1708 115 24 another
360 1707 121 26 cliff-like
495 1706 67 27 face,
