1117 1922
446 133 112 16 headon
580 134 77 15 beds.

932 136 45 24 139

376 272 106 24 Lower
503 272 121 25 Headon
647 273 83 24 Beds.

173 349 61 25 The
256 349 76 25 thick
355 349 66 25 beds
441 349 29 25 of
492 349 143 25 limestone
654 349 91 25 which
769 358 82 16 occur
876 349 26 25 in
928 349 55 26 this

128 394 118 26 division
273 394 30 25 of
329 394 47 25 the
401 394 83 25 series
510 399 27 20 at
564 395 117 24 Headon
709 394 66 29 Hill,
801 395 58 24 thin
885 399 46 21 out
957 394 26 26 in

129 439 136 26 Totlands
284 439 55 25 and
359 440 112 24 Colwell
491 440 69 32 Bay,
574 438 194 33 disappearing
786 440 152 31 altogether
956 443 27 21 at

129 484 159 25 Whitecliff
310 486 67 31 Bay.
425 485 59 24 The
505 484 52 25 bed
579 484 29 25 of
628 484 68 25 sand
720 484 116 32 forming
861 485 122 24 Warden

132 530 94 32 Ledge
245 529 27 24 in
300 530 112 23 Colwell
433 530 59 32 Bay
514 529 22 24 is
558 529 149 32 extremely
725 528 185 30 fossiliferous,
930 529 53 24 and

129 575 23 25 is
173 584 16 15 a
209 575 218 33 representative
440 575 29 24 of
487 583 50 15 one
558 574 29 24 of
604 575 46 23 the
669 574 67 25 beds
753 574 29 24 of
801 575 142 23 limestone
957 578 26 21 at

132 620 118 25 Headon
278 620 66 24 Hill.
398 620 58 24 The
482 620 83 24 series
590 619 118 24 consists
732 619 30 24 of
783 620 83 32 clays,
892 620 91 27 marls,

130 665 93 28 sands,
238 664 54 25 and
311 664 168 28 limestones,
503 664 53 24 and
578 664 50 24 has
648 672 15 16 a
681 664 140 24 thickness
841 664 28 24 of
886 666 32 29 67
932 664 51 25 feet

130 714 27 20 at
173 709 128 28 Headon,
316 708 179 33 diminishing
514 713 27 20 to
560 717 33 24 40
609 708 27 24 in
649 708 156 25 Whitecliff
821 709 67 32 Bay.
925 709 58 24 The

130 756 60 22 best
204 754 105 24 section
322 754 23 24 is
359 758 28 20 to
400 755 33 23 be
448 763 62 15 seen
524 753 26 25 in
565 754 116 24 Weston
696 753 94 25 Chine.

371 890 117 22 Middle
515 890 122 22 Headon
664 889 86 23 Beds.

207 967 95 24 Called
326 967 46 23 the
399 971 5 9 '
418 967 96 31 Upper
541 966 106 24 Marine
673 966 177 29 Formation,'
871 967 25 23 in
923 976 61 15 con-

132 1012 111 33 formity
264 1012 65 24 with
351 1012 47 24 the
421 1015 189 28 arrangement
633 1011 29 24 of
683 1011 139 25 Professor
848 1012 137 24 Webster.

133 1057 90 25 These
244 1056 132 33 deposits,
399 1056 135 28 however,
558 1060 27 20 at
609 1056 118 24 Headon
750 1056 65 28 Hill,
836 1065 102 24 appear
957 1061 29 20 to

133 1102 71 25 have
217 1102 68 25 been
300 1100 105 26 formed
425 1101 85 24 under
526 1100 127 25 brackish
668 1105 83 20 water
770 1100 163 30 conditions,
947 1100 39 26 for

133 1146 133 32 although
298 1146 106 31 Oysters,
436 1146 116 31 Cytherea
578 1145 137 27 incrassata,
746 1145 97 24 Nucula
865 1146 121 28 deltoidea,

132 1191 92 25 Natica
244 1192 114 31 depressa,
377 1190 133 25 Buccinum
529 1190 123 27 labiatum,
673 1189 53 25 and
745 1190 78 24 other
845 1190 141 25 sea-shells

134 1245 45 15 are
201 1244 128 16 common
341 1244 4 20 ;
373 1235 47 25 the
443 1243 84 23 upper
554 1234 52 25 and
626 1234 83 25 lower
734 1234 67 25 beds
825 1235 110 24 abound
959 1234 27 26 in

133 1282 134 24 Potamides
277 1281 148 26 ventricosus,
440 1281 31 23 P.
482 1280 118 27 concabus,
615 1280 31 24 P.
656 1282 97 26 cinctus,
769 1280 106 24 Veritina
889 1288 97 16 concava

138 1327 132 27 Vematurs,
284 1330 52 20 etc.

181 1372 23 23 A
219 1371 75 25 short
315 1370 125 25 distance
453 1370 104 24 further
576 1369 90 27 north,
681 1369 26 24 in
727 1370 111 23 Colwell
858 1370 68 32 Bay,
941 1370 45 24 the

134 1425 87 23 upper
235 1416 54 24 and
303 1415 82 25 lower
404 1415 67 24 beds
485 1423 46 15 are
544 1413 54 25 still
619 1414 112 24 marked
750 1415 36 31 by
798 1414 47 24 the
858 1422 128 24 presence

134 1461 29 26 of
179 1460 228 27 brackish-water
421 1459 92 28 shells,
527 1459 49 25 but
596 1459 46 24 the
661 1459 103 24 central
783 1463 62 28 part
864 1467 122 17 assumes

134 1515 16 16 a
175 1505 143 33 distinctly
343 1504 104 25 marine
469 1504 151 24 character.
665 1503 104 24 Where
793 1503 20 24 it
838 1503 83 25 forms
941 1503 45 25 the

134 1552 67 24 base
223 1550 30 25 of
275 1551 47 24 the
343 1549 59 26 cliff
422 1548 21 26 it
464 1548 23 25 is
509 1557 66 24 ver-y
598 1547 163 34 favourably
780 1547 143 34 displayed
947 1547 39 26 for

134 1595 198 29 examination,
346 1594 54 25 and
421 1593 37 26 its
479 1593 105 25 marine
603 1592 143 25 character
765 1592 126 25 becomes
909 1592 77 25 strik-

135 1641 75 33 ingly
223 1643 134 31 apparent
377 1639 28 24 in
424 1639 47 25 the
489 1639 75 32 large
582 1637 193 34 oyster-banks
787 1636 90 27 which
891 1636 20 27 it
925 1646 61 17 con-
