1117 1922
439 177 139 20 JUNCTION
600 177 60 16 BED.

946 178 28 23 55

121 247 48 24 tell
193 246 30 25 of
248 246 156 33 something
433 247 106 24 riddled
567 248 118 32 through
714 249 53 24 and
794 249 118 32 through
941 249 35 33 by

121 293 130 24 fistulina.
307 293 78 33 They
416 293 85 32 speak
529 293 158 33 eloquently
712 293 28 25 of
771 293 70 26 their
872 298 104 28 stormy

120 337 172 32 wanderings
314 346 64 16 over
398 337 48 25 the

167 382 31 24 In
218 382 46 25 the
289 382 53 25 Isle
364 381 29 26 of
413 382 106 32 Wight,
540 391 30 16 as
589 387 27 21 at
635 382 174 30 Folkestone,
829 382 21 26 it
871 382 23 26 is
915 383 58 25 well

120 427 185 32 represented,
320 428 110 32 exactly
442 426 27 26 in
483 427 47 25 the
546 436 75 16 same
638 427 128 32 position,
781 427 52 25 and
850 427 123 26 contains

120 472 47 25 the
195 481 75 16 same
296 472 154 25 coniferous
474 472 127 32 petrified
625 473 87 29 wood,
739 473 54 24 and
813 472 109 30 animal,
944 481 29 16 as

120 517 62 25 well
206 526 31 16 as
261 517 114 25 mineral
397 517 128 29 remains,
548 517 28 25 in
601 518 47 24 the
673 518 116 24 clusters
810 517 29 25 of
861 517 111 34 pyrites,

121 563 91 24 which
237 572 45 15 are
302 563 143 32 deposited
464 563 106 33 thickly
591 572 35 16 on
646 563 46 25 the
711 563 67 25 floor
800 563 29 25 of
845 563 47 25 the
914 563 59 33 Bay

121 612 28 21 to
169 608 46 25 the
235 613 58 20 east
313 608 29 25 of
358 608 48 25 the
429 609 57 24 Gas
510 608 97 25 House
629 612 27 21 at
679 608 130 25 Ventnor.

168 654 60 25 The
247 653 53 26 bed
319 653 28 25 in
368 653 56 25 this
442 653 112 33 locality
575 653 126 25 contains
721 654 48 25 but
791 653 50 26 few
862 652 111 33 organic

121 698 129 29 remains,
275 698 100 29 which,
397 707 29 16 as
451 698 155 29 elsewhere,
631 707 103 23 appear
757 702 29 21 to
811 698 70 25 have
905 698 68 25 been

122 742 120 26 derived.
293 743 83 28 Here,
403 743 54 25 and
479 746 27 22 at
529 743 46 25 the
599 747 67 21 west
691 743 52 25 end
767 743 30 25 of
820 743 59 25 Mill
905 744 67 32 Bay,

122 796 47 16 are
193 788 47 24 the
261 789 64 32 only
347 789 93 31 places
461 788 27 24 in
513 788 55 24 this
592 788 225 33 neighbourhood
839 789 89 24 where
953 788 20 25 it

123 842 52 16 can
197 834 34 24 be
252 833 153 29 examined,
425 841 30 16 as
477 833 20 24 it
519 833 23 24 is
564 833 101 24 hidden
687 834 118 24 beneath
826 834 46 24 the
894 834 79 24 shore

123 878 78 29 until,
213 878 65 25 with
292 878 47 25 the
352 878 53 25 rise
418 878 29 25 of
458 878 45 25 the
514 882 96 25 strata,
619 878 21 25 it
654 878 93 25 makes
757 878 35 25 its
803 888 170 23 appearance

123 924 118 25 beneath
255 924 47 24 the
318 924 84 25 Gault
417 932 35 16 on
469 923 46 25 the
533 923 67 32 edge
617 923 29 25 of
662 924 47 24 the
727 923 134 32 Landslip
874 928 27 21 at
916 928 57 21 east

122 968 62 29 end,
198 968 90 26 where
309 968 75 32 large
406 977 104 16 masses
530 967 30 25 of
578 967 20 26 it
618 967 46 25 fall
683 976 64 17 over
766 968 46 25 the
833 968 77 25 cliffs.
949 969 24 24 It

122 1014 66 24 then
217 1013 162 33 disappears
406 1013 69 25 until
506 1013 46 25 the
585 1013 68 25 cliffs
680 1022 65 16 near
772 1013 132 25 Shanklin
929 1022 44 16 are

121 1059 127 29 reached,
263 1059 97 28 where,
376 1067 30 15 as
426 1059 154 28 elsewhere,
600 1058 20 24 it
641 1058 153 33 frequently
806 1058 60 24 falls
881 1062 28 21 to
928 1058 45 25 the

121 1104 81 25 shore
220 1104 28 24 in
267 1104 75 31 large
362 1104 104 24 blocks.
504 1104 134 31 Amongst
663 1104 47 24 the
732 1103 90 24 fossils
844 1103 83 24 found
947 1103 26 24 in

121 1149 55 26 this
195 1149 227 32 neighbourhood
442 1157 45 16 are
500 1158 2 15 :

122 1207 133 32 Reptilian
279 1207 112 24 remains
416 1206 107 32 (chiefly

155 1242 135 29 vertebræ)

122 1276 84 23 Fossil
219 1276 147 22 coniferous
380 1274 80 28 wood,
475 1274 48 23 full

575 1206 85 24 Claws
695 1206 28 24 of
764 1206 173 32 Hopoloparia,

609 1240 164 32 longimanus
787 1240 39 31 (?)

575 1274 61 32 Mya
649 1276 121 22 truncata

575 1309 89 22 Venus
679 1309 125 31 (species)

576 1342 167 24 Inoceramus
757 1342 122 33 (species)

576 1376 163 23 Ammonites

154 1309 28 24 of
214 1309 88 23 teredo
332 1309 52 22 and
409 1308 114 23 tistulina

159 1344 105 30 borings
267 1358 31 1 —
301 1343 94 30 lignite

121 1378 112 24 Astacus
248 1377 121 31 (species)

168 1447 60 24 The
248 1446 61 25 thin
328 1454 74 17 seam
419 1446 29 24 of
463 1445 59 25 iron
539 1446 157 28 sandstone,
717 1453 30 16 or
767 1445 127 32 junction
915 1445 61 28 bed,

122 1492 54 25 and
200 1492 47 25 the
279 1491 154 26 associated
466 1491 112 33 pyrites,
606 1500 28 15 so
662 1491 165 33 completely
852 1491 124 24 obstruct

122 1538 47 25 the
193 1537 156 26 downward
378 1545 117 24 passage
526 1536 30 25 of
582 1540 92 25 water,
701 1535 59 26 that
794 1535 130 33 drainage
954 1535 22 25 is

122 1583 131 24 rendered
272 1582 204 33 indispensable
501 1581 144 26 whenever
664 1580 20 26 it
703 1581 125 32 happens
847 1585 28 21 to
894 1589 82 17 occur

122 1636 65 16 near
198 1628 45 24 the
257 1627 107 25 surface
377 1627 27 24 in
415 1626 152 25 cultivated
577 1626 129 32 grounds,
716 1626 53 25 and
780 1626 47 25 the
838 1625 138 33 springing

281 1701 8 10 *
298 1701 82 19 Mackie,
389 1701 19 16 in
420 1700 32 17 the
612 1703 32 17 pp.
652 1701 27 19 Si,
691 1699 73 20 March,
773 1700 46 16 1S60.
