1117 1922
110 168 45 23 232

456 167 166 16 ADDENDUM.

111 238 110 32 periods
246 238 29 24 of
304 238 182 24 incalculable
511 237 139 33 antiquity
675 236 55 25 and
756 233 140 29 duration,
923 230 56 26 and

113 283 93 23 whose
237 291 78 15 races
347 291 45 15 are
423 291 61 16 now
509 283 115 28 extinct,
650 282 23 24 is
703 279 87 26 based
821 278 62 25 that
909 279 73 22 most

116 327 163 32 interesting
301 328 174 31 department
498 327 30 25 of
549 327 111 24 natural
685 325 108 32 history
814 322 93 26 which
932 321 52 24 has

116 372 122 32 recently
264 371 132 33 acquired
420 372 48 23 the
492 372 69 23 rank
586 371 30 24 of
645 379 15 16 a
685 369 115 25 distinct
827 367 107 26 branch
956 365 28 25 of

121 416 113 25 modern
254 416 116 28 science,
386 416 85 24 under
492 416 46 24 the
557 416 61 24 title
636 415 30 25 of
684 413 219 31 Palæontology.

194 460 38 24 As
254 460 47 24 the
324 460 119 24 remains
463 460 29 24 of
512 460 118 24 animals
651 460 53 23 and
724 460 94 31 plants
837 456 149 26 imbedded

120 505 27 24 in
161 505 47 24 the
221 504 80 24 earth
315 512 45 16 are
374 504 85 24 found
473 504 27 23 in
514 504 126 24 different
655 508 86 20 states
755 502 29 25 of
796 500 191 34 preservation

120 549 54 25 and
188 557 76 16 more
277 557 30 15 or
321 549 54 23 less
389 549 104 23 altered
508 548 26 24 in
549 556 174 24 appearance
734 548 54 24 and
802 546 185 33 composition

121 595 35 31 by
171 593 228 28 mineralization,
414 593 47 24 the
475 593 121 32 epithets
608 593 99 32 figured
719 595 83 26 stones,
812 591 176 34 petrifactions,

116 638 93 34 fossils,
234 638 97 32 organic
355 638 111 28 remains,
492 642 63 24 etc.,
583 647 46 15 are
660 638 158 32 commonly
843 637 145 33 employed

121 687 29 22 to
171 684 100 25 denote
288 683 48 25 the
354 682 112 26 various
487 682 157 26 conditions
664 682 27 25 in
711 682 91 26 which
823 683 68 25 such
908 682 80 26 relics

122 738 93 17 occur.
253 730 41 23 To
315 728 83 25 avoid
420 728 144 25 confusion
584 729 20 24 it
624 729 32 29 is,
676 728 147 31 therefore,
842 737 146 26 necessary

122 779 28 21 to
172 775 88 24 define
282 774 48 24 the
349 782 80 16 sense
448 773 27 25 in
495 774 91 24 which
606 774 79 24 these
703 778 86 21 terms
809 783 47 16 are
876 775 66 24 used
961 774 27 24 in

122 820 47 25 the
189 819 140 33 following
350 827 85 24 pages
447 827 4 20 ;
481 818 150 34 especially
654 828 31 15 as
711 819 48 25 the
780 819 92 25 words
892 824 4 10 '
906 819 82 33 petri-

122 864 136 29 factions,'
280 864 53 25 and
354 869 5 9 '
370 864 109 29 fossils,'
500 873 47 16 are
565 873 67 24 very
651 864 140 33 generally
805 864 134 33 regarded
959 873 29 16 as

122 919 196 24 synonymous.

194 956 64 24 And
288 956 66 24 here
379 963 41 17 we
445 960 73 20 must
550 955 119 32 premise
700 955 61 25 that
787 956 47 24 the
862 958 72 22 state
964 954 29 26 of

122 1001 191 34 preservation
339 1000 30 25 of
395 1009 35 16 an
456 1000 113 33 organic
595 1001 82 33 body,
703 1001 55 24 and
783 1001 48 24 the
856 1000 135 25 chemical

124 1047 121 32 changes
260 1046 90 25 which
370 1046 21 24 it
410 1054 64 25 may
492 1046 72 24 have
584 1046 159 32 undergone
762 1046 28 24 in
808 1046 48 24 the
876 1045 115 25 mineral

124 1091 141 32 kingdom,
282 1090 72 26 have
373 1099 36 16 no
427 1099 148 25 necessary
594 1090 118 26 relation
731 1095 29 21 to
779 1090 36 26 its
834 1090 140 34 antiquity
985 1099 5 21 ;

122 1136 41 25 for
188 1136 28 25 in
242 1135 219 33 comparatively
484 1136 114 24 modern
625 1136 124 32 deposits
774 1136 77 25 fossil
873 1135 120 26 remains

122 1181 30 25 of
177 1180 117 26 animals
320 1181 55 25 and
400 1181 93 31 plants
519 1181 74 25 often
619 1181 72 25 have
717 1182 132 32 acquired
871 1190 16 16 a
912 1186 81 28 stony

123 1227 144 29 hardness,
288 1226 82 25 while
392 1226 27 24 in
442 1227 81 24 rocks
546 1227 29 24 of
594 1227 47 24 the
663 1231 72 21 most
759 1228 110 24 ancient
890 1228 103 32 epochs

124 1272 66 33 they
210 1280 47 16 are
278 1271 159 25 sometimes
461 1280 31 16 as
514 1272 71 25 little
606 1272 126 33 changed
755 1282 30 16 as
807 1272 22 25 if
851 1273 66 33 they
939 1272 54 26 had

125 1316 69 25 been
208 1316 149 25 entombed
370 1316 28 24 in
412 1316 47 25 the
473 1321 88 20 strata
576 1317 48 24 but
640 1326 15 15 a
669 1316 50 25 few
734 1317 147 24 centuries.

202 1369 21 16 1.
249 1361 100 29 Fossils,
373 1370 64 24 may
459 1362 33 24 be
518 1362 109 25 defined
650 1372 30 16 as
702 1363 48 25 the
775 1364 116 24 durable
917 1368 77 28 parts

125 1405 30 24 of
172 1405 102 24 animal
294 1405 54 25 and
361 1407 146 31 vegetable
526 1411 154 21 structures
700 1407 150 26 imbedded
869 1409 27 24 in
914 1409 80 24 rocks

127 1449 54 25 and
194 1454 89 20 strata
303 1450 36 32 by
352 1451 111 24 natural
476 1460 99 16 causes
595 1456 28 20 at
643 1461 15 16 a
679 1458 105 20 remote
796 1454 99 32 period
905 1462 5 22 ;
930 1454 65 25 thus

126 1494 79 25 wood
225 1493 28 25 in
271 1494 48 25 the
338 1499 73 21 state
424 1495 30 25 of
470 1496 105 32 lignite,
590 1498 156 32 bog-wood,
762 1499 55 24 and
835 1499 71 29 coal,
920 1507 30 17 or
969 1499 29 25 of

128 1538 124 26 silicious
271 1548 30 15 or
321 1540 160 25 calcareous
502 1545 88 25 stone,
604 1542 24 24 is
641 1542 73 34 fossil
733 1544 82 28 wood;
836 1544 54 25 and
910 1545 86 24 bones

128 1591 30 16 or
178 1583 92 28 shells,
284 1584 124 25 whether
427 1584 27 25 in
475 1593 34 16 an
530 1587 98 33 earthy
641 1587 55 25 and
715 1588 136 33 decaying
870 1593 81 26 state,
966 1598 30 17 or

129 1628 159 31 permeated
299 1628 36 32 by
346 1629 146 32 calc-spar,
504 1630 70 29 flint,
586 1640 30 16 or
630 1631 68 30 iron,
711 1633 54 25 and
776 1635 151 24 converted
938 1635 58 25 into

130 1680 15 15 a
161 1671 68 25 hard
243 1671 115 26 mineral
371 1674 159 29 substance;
541 1684 45 16 are
601 1676 71 26 alike
686 1677 72 32 fossil
774 1679 66 25 bones
853 1688 31 17 or
901 1681 93 25 shells.
