1117 1922
944 202 28 29 65

408 206 163 17 BLACKGANG
590 207 95 16 CHINE.

120 280 62 29 part
204 276 30 26 of
249 276 56 26 this
323 278 68 24 rude
409 278 108 29 hollow,
537 279 92 25 whose
647 279 88 25 flanks
755 288 45 16 are
818 279 28 25 in
868 288 16 16 a
904 283 71 21 state

120 322 30 25 of
171 322 142 25 continual
336 323 94 33 decay.
480 324 78 33 They
579 333 47 17 are
651 325 100 32 mostly
776 325 148 32 composed
949 324 28 26 of

121 376 66 25 very
198 368 68 25 dark
286 369 64 24 blue
370 369 71 33 clay,
458 370 120 32 through
597 370 98 30 which,
717 374 27 21 at
766 370 139 30 intervals,
925 379 51 16 run

121 412 154 27 horizontal
300 417 87 22 strata
411 414 30 25 of
466 414 92 33 bright
585 416 96 32 yellow
710 416 156 28 sandstone,
892 416 84 24 about

120 458 99 25 twelve
231 467 30 16 or
275 458 93 25 fifteen
386 459 53 25 feet
458 459 85 30 thick,
557 460 90 25 which
665 461 138 32 naturally
815 460 91 25 divide
919 460 58 24 into

121 511 100 24 square
246 504 104 29 blocks,
377 505 54 24 and
456 505 70 25 have
551 506 109 32 exactly
684 506 46 23 the
755 513 172 24 appearance
950 505 28 24 of

121 551 62 21 vast
203 556 111 17 courses
333 549 29 24 of
378 558 138 25 masonry,
530 549 69 25 built
622 553 26 21 at
668 550 125 24 different
811 550 118 32 heights,
948 553 29 21 to

122 592 107 25 sustain
248 593 47 25 the
314 594 171 31 mouldering
503 594 57 25 hill.

195 638 87 25 What
300 638 51 25 has
368 639 68 25 been
457 638 121 26 hitherto
596 639 143 26 described
758 649 64 23 may
839 640 34 25 be
890 640 87 25 called

123 683 48 25 the
183 692 87 23 upper
290 688 62 27 part
372 683 30 25 of
417 684 46 25 the
478 684 96 29 Chine,
588 684 40 26 for
646 693 35 17 on
701 685 165 32 descending
884 689 28 21 to
931 685 47 25 the

125 736 46 16 sea
185 728 80 25 shore
278 737 41 17 we
331 728 57 26 find
402 729 60 25 that
481 729 47 25 the
546 733 117 21 stratum
678 730 28 24 of
717 730 138 24 ironstone
868 730 111 33 already

124 773 158 25 mentioned
304 774 84 25 forms
410 783 16 16 a
447 775 117 29 cornice,
586 775 70 24 from
675 776 92 24 whose
785 776 68 32 edge
871 775 47 25 the
936 775 42 25 rill

124 818 62 25 falls
208 819 239 34 perpendicularly
472 820 186 33 seventy-four
682 820 62 25 feet.
789 820 38 25 As
851 820 48 25 the
916 820 61 25 sub-

125 868 118 20 stratum
268 864 23 25 is
316 864 30 25 of
368 873 14 16 a
408 864 83 26 softer
518 864 125 26 material
667 865 68 25 than
760 865 47 25 the
831 865 147 29 ironstone,

125 909 81 33 being
228 918 15 16 a
265 910 159 25 blue-black
445 910 145 25 indurated
612 911 70 32 clay,
705 911 46 25 the
772 910 92 26 action
885 910 30 26 of
933 910 47 26 the

124 953 47 25 fall
193 953 50 26 has
263 963 75 16 worn
358 953 22 26 it
399 954 59 26 into
478 964 16 15 a
515 955 108 29 hollow,
644 955 108 33 shining
772 955 66 25 with
858 964 16 16 a
892 955 89 33 dusky

123 998 100 32 polish,
246 998 69 26 from
337 999 94 32 damp,
452 1000 54 25 and
528 999 107 26 stained
654 1000 66 25 with
742 1001 47 24 the
811 1001 68 31 deep
899 1008 81 24 green

123 1043 31 25 of
164 1044 111 31 aquatic
290 1043 114 30 lichens,
419 1052 29 17 or
462 1045 46 24 the
522 1044 171 33 ferruginous
706 1045 52 24 tint
772 1045 29 24 of
812 1046 168 32 Chalybeate

123 1088 174 25 exudations.
347 1089 59 24 The
432 1089 81 25 silver
532 1090 98 24 thread
655 1090 29 24 of
702 1094 85 21 water
811 1090 90 25 which
920 1089 61 25 falls

122 1134 120 32 through
256 1134 47 24 the
322 1134 41 24 air
381 1134 27 24 in
428 1134 71 25 front
518 1134 30 25 of
563 1134 56 25 this
639 1135 121 32 singular
779 1143 67 16 cove
860 1135 31 28 is,
902 1135 79 24 when

122 1178 48 25 the
183 1178 72 25 wind
278 1179 86 24 blows
384 1179 82 28 fresh,
480 1179 110 25 twisted
610 1179 58 25 into
686 1183 71 21 most
778 1179 129 25 fantastic
927 1179 55 25 and

122 1223 109 33 waving
253 1232 107 21 curves,
384 1224 54 25 and
458 1228 48 21 not
527 1224 103 25 seldom
653 1224 102 32 caught
776 1224 36 33 by
833 1224 46 25 the
901 1224 80 32 eddy,

123 1269 54 25 and
192 1269 106 25 carried
317 1279 37 22 up
368 1270 141 25 unbroken
528 1273 29 21 to
576 1279 16 15 a
611 1269 94 33 height
721 1273 107 29 greater
840 1269 67 25 than
921 1269 61 25 that

123 1313 69 26 from
215 1313 90 26 which
328 1314 20 25 it
369 1314 53 29 fell,
446 1315 54 24 and
522 1318 28 21 at
572 1315 53 24 last
647 1314 23 25 is
691 1314 153 32 dissipated
862 1313 27 25 in
908 1313 74 26 mist-

123 1359 92 24 When
230 1367 14 16 a
259 1359 77 25 S.W.
352 1359 72 25 wind
443 1363 107 21 creates
569 1368 16 15 a
604 1360 89 32 heavy
706 1360 74 24 swell
794 1367 34 16 on
842 1359 46 24 the
902 1359 80 24 shore

123 1404 48 24 the
192 1404 68 25 echo
282 1404 31 25 of
334 1404 47 25 the
402 1405 89 24 sound
509 1404 30 25 of
561 1405 46 24 the
629 1412 91 17 waves
742 1403 27 25 in
794 1403 56 25 this
873 1404 109 32 gloomy

123 1457 91 16 recess
234 1449 23 24 is
279 1450 73 33 truly
369 1450 182 32 astonishing,
570 1449 53 25 and
644 1450 51 23 has
714 1450 110 32 exactly
836 1449 47 24 the
903 1449 79 24 effect

123 1494 31 25 of
164 1503 15 16 a
193 1494 68 33 deep
275 1495 214 25 subterraneous
502 1504 61 16 roar
577 1494 105 33 issuing
697 1494 69 25 from
777 1494 46 25 the
836 1494 107 25 bottom
956 1494 28 24 of

123 1539 48 26 the
190 1549 76 17 cave.
304 1540 93 25 When
417 1541 107 25 sudden
540 1540 90 33 heavy
651 1539 83 29 rains,
754 1548 30 16 or
803 1539 47 25 the
869 1538 114 33 melting

122 1583 31 26 of
172 1593 98 21 snows,
292 1585 122 25 increase
436 1586 47 24 the
508 1584 128 34 quantity
658 1583 31 26 of
710 1588 84 22 water
813 1583 27 26 in
859 1584 46 25 the
927 1583 46 25 fall

123 1630 48 25 the
192 1639 113 25 scenery
318 1631 29 25 of
365 1631 57 25 this
444 1634 62 30 spot
529 1634 72 21 must
624 1631 34 24 be
680 1638 76 16 more
779 1629 116 33 striking
916 1629 67 25 than

124 1679 71 21 most
215 1675 27 25 in

388 1734 9 8 *
406 1733 30 17 Sir
447 1733 66 20 Henry
524 1732 112 21 Englefield,
648 1733 77 16 1810-11.

211 1772 11 17 E
