1117 1922
142 219 23 2 182

328 202 183 18 DENUDATION
532 201 56 17 AND
608 199 161 18 LANDSLIPS.

166 276 44 24 No
230 274 167 33 description
418 274 30 24 of
465 274 47 24 the
532 271 87 33 origin
639 271 30 25 of
686 271 47 24 the
755 268 157 27 Undercliff
922 276 55 17 sur-

119 329 95 23 passes
227 320 47 24 the
287 319 147 32 following,
448 320 36 31 by
498 317 43 25 Sir
556 318 97 31 Henry
667 315 154 33 Englefield
835 324 5 14 :
843 329 33 3 —

193 409 67 24 This
280 413 82 23 tract,
376 408 90 26 which
488 407 23 24 is
531 407 30 24 of
580 406 111 25 various
714 404 141 29 breadths,
876 403 68 25 from
965 412 16 16 a

121 458 111 28 quarter
252 458 28 20 to
301 453 173 28 half-a-mile,
496 457 27 20 at
545 455 110 30 present
677 450 121 25 exhibits
820 458 15 16 a
858 448 84 26 series
955 448 30 25 of

121 498 131 32 irregular
272 503 129 22 terraces,
423 497 68 24 each
512 496 152 33 supported
693 496 35 32 by
750 498 61 21 vast
832 494 151 32 fragments

122 542 29 26 of
169 543 65 24 rock
255 542 128 25 bounded
406 543 35 31 by
459 551 15 15 a
495 541 66 33 high
584 541 61 24 wall
666 540 28 24 of
717 539 59 24 cliff
793 539 122 24 towards
936 539 47 24 the

123 587 91 28 north,
230 587 54 24 and
297 586 27 25 in
344 587 109 31 general
473 585 166 25 terminated
659 584 120 25 towards
799 584 46 23 the
859 591 46 16 sea
919 584 36 32 by
968 591 15 16 a

123 641 66 23 very
214 631 102 25 broken
344 631 53 24 and
423 630 129 24 indented
578 630 55 23 line
658 629 30 24 of
710 628 63 24 cliff.
812 628 59 24 The
896 628 88 24 whole

124 676 84 25 forms
234 685 15 15 a
274 679 61 21 vast
361 683 74 16 mass
461 674 29 25 of
512 674 132 24 confused
668 673 86 28 ruins,
780 672 27 25 in
832 672 91 25 which
949 680 35 16 no

124 719 149 33 regularity
293 719 29 25 of
342 723 87 21 strata
450 728 30 16 or
501 718 141 25 materials
665 727 51 16 can
743 718 33 25 be
801 718 104 24 traced.
943 718 41 23 To

124 769 118 21 account
258 764 27 25 in
306 773 54 24 any
373 764 98 32 degree
491 763 41 25 for
553 763 54 25 this
628 763 121 32 singular
768 771 182 24 appearance,
965 762 20 25 it

124 810 55 25 will
193 811 33 23 be
240 818 145 24 necessary
396 813 28 21 to
438 817 79 17 recur
530 812 29 22 to
573 809 60 24 that
647 808 104 33 period,
762 812 105 21 remote
877 807 109 33 beyond

125 855 36 24 all
181 854 82 24 reach
285 854 29 24 of
332 853 115 33 history,
462 854 88 28 when,
569 854 35 32 by
618 861 76 17 some
713 857 77 28 great
814 852 171 28 convulsion,

125 899 56 25 this
194 899 90 24 island
297 907 56 16 was
366 899 121 31 exposed
506 902 29 20 to
556 899 46 23 the
622 907 46 15 sea
682 898 28 24 in
723 906 51 16 one
789 902 60 20 vast
863 906 84 24 range
960 897 30 25 of

125 944 211 33 perpendicular
358 944 79 28 cliffs,
451 944 69 24 such
539 952 31 16 as
590 944 92 25 would
701 952 61 16 now
780 952 102 24 appear
902 943 22 24 if
940 943 47 24 the

125 990 89 25 whole
233 988 156 27 Undercliff
406 998 69 16 were
496 989 130 24 removed
646 988 68 25 from
733 989 47 24 the
799 988 63 26 wall
875 988 29 25 of
921 988 66 25 rock

127 1036 88 24 above
226 1035 29 25 it.
284 1035 57 25 The
352 1036 62 32 clay
424 1035 55 25 and
490 1035 68 24 sand
569 1039 86 21 strata
666 1035 130 25 attacked
808 1039 27 20 at
846 1034 71 25 their
931 1034 56 25 foot

127 1082 36 32 by
176 1081 47 24 the
236 1089 91 17 waves
341 1080 28 25 of
380 1081 47 23 the
440 1089 55 20 sea,
507 1080 27 24 in
548 1080 70 24 their
633 1080 71 24 front
718 1081 36 32 by
762 1080 81 29 wind,
855 1080 68 29 rain,
933 1080 54 24 and

128 1126 91 28 frosts,
234 1126 53 24 and
302 1126 87 25 above
403 1126 44 28 all,
462 1126 124 25 softened
601 1126 54 24 and
673 1126 112 24 washed
801 1134 78 25 away
892 1126 35 33 by
941 1126 46 24 the

128 1180 148 17 numerous
299 1171 108 33 springs
433 1171 89 25 which
545 1171 73 25 issue
640 1171 69 25 from
733 1171 85 25 under
843 1171 47 25 the
911 1171 76 29 rock,

129 1225 65 24 very
208 1225 67 16 soon
289 1217 113 24 became
416 1216 146 32 incapable
575 1215 29 26 of
620 1216 113 32 bearing
750 1216 48 25 the
811 1220 61 21 vast
886 1216 101 33 weight

129 1261 159 25 incumbent
309 1270 35 16 on
363 1261 84 25 them.
486 1261 59 24 The
565 1261 65 25 rock
650 1261 121 33 (divided
791 1262 36 32 by
840 1270 147 17 numerous

128 1306 151 32 periodical
293 1306 123 32 fissures^
430 1307 88 31 began
537 1310 29 21 to
584 1310 62 28 part
666 1310 28 21 at
708 1306 47 25 the
768 1306 97 25 fissure
879 1311 108 20 nearest

127 1355 29 20 to
176 1350 36 25 its
232 1350 81 29 front,
330 1351 144 33 gradually
493 1350 131 25 subsided
645 1351 54 24 and
720 1350 107 33 slipped
848 1351 27 24 in
896 1360 34 15 an
948 1351 39 25 in-

128 1396 90 24 clined
231 1395 120 32 position
366 1396 40 32 (or
417 1396 120 32 perhaps
551 1396 166 28 sometimes,
729 1396 105 32 though
846 1400 47 20 not
904 1396 83 29 often,

128 1440 45 24 fell
186 1441 76 32 over)
278 1440 68 24 until
361 1440 35 24 its
416 1449 126 24 progress
556 1449 56 16 was
632 1441 117 32 stopped
764 1441 35 33 by
812 1441 30 25 th
846 1450 14 16 e
871 1441 78 33 slope
963 1441 27 25 of

128 1485 62 33 clay
203 1493 34 16 on
251 1485 90 24 which
356 1485 19 24 it
387 1485 108 24 moved.
534 1485 55 25 But
601 1485 106 33 though
719 1490 27 20 at
760 1490 56 20 rest
829 1485 14 25 f<
853 1495 17 15 <r
883 1495 15 15 a
912 1485 75 30 time,

127 1530 48 24 the
196 1538 75 16 same
292 1538 97 16 causes
402 1530 91 24 which
515 1534 41 21 set
576 1530 21 25 it
620 1530 27 25 in
668 1531 104 25 motion
794 1531 91 25 would
908 1531 80 32 again

128 1583 78 24 press
225 1574 21 25 it
268 1574 117 25 forward
398 1579 29 20 to
446 1575 47 24 the
512 1584 55 16 sea.
606 1576 41 25 Its
666 1575 46 26 fall
732 1576 56 25 had
807 1576 47 25 left
876 1585 16 16 a
911 1581 77 28 great

126 1618 72 25 front
220 1618 30 25 of
269 1619 66 25 rock
357 1619 54 25 and
433 1620 62 32 clay
515 1620 74 29 bare,
611 1620 81 26 while
716 1621 34 25 its
773 1630 87 24 upper
882 1622 107 24 surface

128 1662 104 26 formed
258 1672 15 16 a
299 1663 88 29 basin,
408 1663 27 25 in
458 1664 91 26 which
572 1666 46 24 the
641 1670 99 21 waters
762 1667 31 24 of
810 1668 49 24 the
880 1667 109 34 springs

129 1708 133 25 collected
277 1708 59 26 into
357 1717 15 16 a
390 1710 73 31 pool,
478 1710 166 34 moistening
662 1712 56 25 still
738 1721 75 17 more
832 1713 157 33 effectually
