1117 1922
453 146 94 17 WHITE
567 147 97 16 CHALK.

938 148 45 23 109

133 216 23 25 is
181 216 169 34 extensively
374 217 68 24 used
467 225 30 16 as
523 226 15 15 a
563 218 89 32 pickle
682 223 125 28 amongst
833 219 46 25 the
910 219 74 26 older

133 261 181 28 inhabitants,
338 261 54 24 and
414 261 56 24 still
492 261 83 25 forms
597 271 16 16 a
636 263 87 24 minor
745 263 125 33 industry
888 263 29 26 of
939 264 46 25 the

134 306 103 29 Island,
260 306 133 32 although
415 307 47 24 the
483 307 63 24 task
569 307 123 26 involves
714 307 47 26 the
783 317 75 17 same
879 308 55 26 risk
958 309 30 26 of

132 351 45 24 life
196 359 31 16 as
248 351 47 24 the
316 359 52 24 egg
389 351 155 32 collecting.

178 395 215 33 Shakespeare's
413 395 152 26 unrivalled
581 396 168 33 description
765 398 29 24 of
810 398 47 25 the
870 398 69 25 cliffs
957 404 26 20 at

132 440 92 25 Dover
238 440 90 25 would
343 441 84 32 apply
441 441 109 32 equally
564 445 28 21 to
605 442 79 25 those
697 446 27 21 at
740 443 172 24 Freshwater
923 453 4 14 :

495 518 56 19 How
566 518 82 19 fearful

216 550 52 21 And
283 550 64 27 dizzy
362 551 44 25 'tis,
422 553 24 19 to
460 554 49 18 cast
524 553 59 19 one'B
598 559 52 19 eyes
666 559 24 13 so
705 553 42 19 low
756 552 3 20 !

218 584 46 20 The
279 590 76 19 crows,
371 585 45 20 and
432 585 104 26 choughs,
552 586 50 19 that
616 587 59 25 wing
691 586 37 20 the
742 587 96 25 midway
853 588 39 23 air,

217 617 66 20 Show
299 624 75 14 scarce
390 625 24 13 so
428 624 63 20 gross
506 625 25 13 as
546 620 83 19 beetles
637 628 4 11 :
659 620 49 19 half
717 626 48 20 way
776 620 63 20 down

215 651 79 26 Hangs
310 658 41 13 one
365 651 51 20 that
432 652 91 25 gathers
541 653 116 26 Samphire
666 662 5 15 ;
687 653 100 20 dreadful
803 654 63 19 trade
874 654 4 18 !

216 685 121 25 Metbinks,
353 685 28 20 he
397 692 71 13 seems
483 693 29 13 no
526 687 79 25 bigger
619 687 55 20 than
689 687 35 20 his
738 688 56 19 head
803 696 4 11 :

216 718 46 20 The
278 719 120 19 fishermen
413 719 50 20 that
478 720 58 19 walk
551 727 59 18 npon
625 721 38 19 the
678 721 76 23 beach,

216 752 93 26 Appear
323 753 45 19 like
382 753 58 19 mice
448 761 5 12 :
469 754 43 18 and
526 760 44 19 yon
585 754 41 19 tall
641 754 121 25 anchoring
776 754 62 24 bark,

216 786 139 20 Diminished
370 787 23 18 to
409 786 39 19 her
462 787 55 20 cock
529 794 4 16 ;
548 787 40 20 her
603 787 61 24 cock,
680 787 39 20 her
734 787 65 27 buoy,

216 819 89 20 Almost
321 821 39 18 too
375 820 63 19 small
454 820 35 20 for
504 820 60 26 sight
573 829 5 15 ;
593 820 38 21 the
646 821 139 25 murmuring
800 827 64 19 snrge

216 854 58 19 That
289 860 29 13 on
332 854 39 19 the
387 854 149 20 unnumber'd
551 854 45 21 idle
610 855 92 26 pebbles
716 854 82 25 chafes,

216 887 88 20 Cannot
318 887 28 20 be
360 887 70 20 heard
445 894 25 14 so

485 949 24 4 —
514 937 63 21 King
588 938 70 23 Lear,
669 938 40 20 Act
719 938 36 23 iv.,
768 939 65 20 Scene
844 939 28 20 vi.

165 1026 60 25 The
238 1026 70 25 cliffs
327 1030 28 21 at
372 1026 183 29 Freshwater,
570 1025 53 26 like
641 1026 80 25 those
740 1035 34 16 on
794 1027 46 24 the
859 1027 125 32 opposite

131 1075 77 22 coast
222 1071 30 26 of
269 1071 185 29 Dorsetshire,
469 1071 71 25 have
559 1072 69 24 been
647 1071 151 25 excavated
817 1072 36 32 by
866 1072 46 25 the
929 1080 55 21 sea,

131 1118 54 24 and
211 1116 105 25 exhibit
337 1117 69 32 deep
426 1124 116 17 caverns
561 1117 54 24 and
639 1116 124 33 outlying
785 1125 111 16 masses.
942 1117 43 24 On

130 1162 48 25 the
199 1165 110 21 eastern
332 1161 58 25 side
411 1161 31 24 of
460 1161 48 24 the
528 1162 69 32 Bay,
616 1164 55 22 two
693 1161 116 24 isolated
831 1170 104 16 masses
959 1161 29 25 of

131 1207 91 29 chalk,
248 1206 90 26 which
364 1207 136 32 probably
524 1207 36 32 by
585 1214 96 16 reason
712 1206 29 24 of
768 1206 70 24 their
863 1206 122 32 superior

129 1252 136 26 hardness
290 1251 71 25 have
385 1251 65 32 long
472 1251 129 24 survived
625 1251 47 24 the
694 1250 169 25 destruction
888 1251 29 24 of
940 1251 45 24 the

130 1301 97 26 strata,
247 1296 30 26 of
296 1296 91 26 which
409 1296 66 33 they
497 1304 68 16 once
590 1295 104 25 formed
713 1304 16 16 a
747 1300 71 28 part,
839 1295 80 25 stand
937 1300 47 21 out

129 1343 94 33 boldly
236 1343 69 24 from
319 1342 47 25 the
380 1351 55 16 sea.
472 1341 60 25 One
545 1340 30 25 of
591 1340 77 26 these
686 1340 22 25 is
722 1340 87 25 called
822 1340 47 25 the
913 1341 71 24 Deer

283 1387 48 24 the
355 1386 79 25 other
459 1386 48 25 the
566 1385 110 25 Arched
833 1385 46 25 the
904 1386 80 24 latter

128 1433 119 33 forming
271 1441 51 16 one
348 1431 29 26 of
398 1431 48 25 the
471 1434 71 21 most
568 1430 150 32 important
744 1430 118 25 features
887 1430 30 25 of
938 1431 46 24 the

128 1479 88 33 place.
263 1478 60 24 The
345 1485 76 17 same
446 1480 81 29 agent
550 1476 61 25 that
636 1475 146 33 separated
804 1475 20 25 it
846 1475 69 25 from
937 1476 47 24 the

128 1524 129 32 adjacent
277 1522 61 26 cliff
352 1522 51 25 has
421 1521 141 25 tunnelled
581 1521 21 24 it
621 1520 120 33 through
760 1520 26 24 in
806 1521 46 24 the
871 1520 69 25 form
958 1520 30 25 of

128 1578 16 16 a
162 1569 88 32 rough
271 1568 76 28 arch,
361 1567 60 25 that
442 1566 68 25 from
531 1574 75 17 some
624 1566 92 33 points
735 1565 29 25 of
779 1565 70 26 view
865 1566 119 25 exhibits

128 1624 15 16 a
156 1614 152 34 singularly
321 1611 134 27 beautiful
474 1611 94 33 gothic
587 1610 113 30 outline,
713 1610 100 30 which,
826 1615 30 21 to
874 1611 33 25 be
921 1620 63 16 seen

127 1660 27 27 in
167 1660 37 26 its
216 1659 131 34 grandest
361 1661 105 29 aspect,
481 1660 72 23 must
572 1657 34 25 be
619 1656 104 28 viewed
741 1655 67 27 from
827 1656 46 26 the
887 1657 96 26 beach.
