1117 1922
435 143 57 17 the
511 144 91 16 chalk
622 144 79 16 marl.

960 143 33 24 97

140 213 30 25 of
191 214 47 25 the
266 214 161 25 Undercliff.
476 215 91 25 These
591 224 51 16 can
671 216 34 25 be
733 216 143 25 measured
904 225 37 24 up
965 220 27 22 to

140 258 126 31 eighteen
285 259 53 24 feet
357 259 70 24 from
446 260 47 24 the
511 260 142 25 basement
673 260 61 25 bed.

186 304 24 24 A
224 304 70 25 little
313 304 124 26 distance
456 305 108 32 beyond
583 305 61 25 Mill
664 306 68 32 Bay,
749 306 130 29 Ventnor,
893 315 34 16 on
947 306 46 25 the

141 348 79 25 shore
240 353 67 21 west
326 349 30 25 of
373 349 156 26 Undercliff
545 350 105 29 House,
666 350 116 25 another
800 350 71 32 good
890 350 104 26 section

139 392 30 26 of
185 393 47 25 the
245 394 82 25 lower
341 394 67 25 beds
423 394 28 25 of
467 394 47 25 the
528 394 88 26 Chalk
632 395 70 25 Marl
721 403 105 21 occurs,
841 395 89 25 where
948 395 46 25 the

140 447 75 16 same
237 438 91 26 fossils
350 448 51 16 can
421 440 34 24 be
477 440 133 24 collected
630 448 30 16 as
679 444 26 20 at
726 440 45 24 the
790 440 98 24 former
907 441 86 31 place.

140 484 36 24 At
197 483 39 25 St.
258 484 150 25 Lawrence
434 485 95 28 Shute,
555 485 89 24 above
667 485 47 24 the
738 485 45 24 old
804 485 120 29 Church,
948 486 46 24 the

141 529 89 24 Chalk
249 529 72 24 Marl
339 530 47 33 (up
405 533 29 21 to
453 530 84 24 about
555 529 60 34 fifty
631 529 52 25 feet
703 529 68 25 from
790 530 47 24 the
854 530 140 25 basement

141 574 62 33 bed)
224 582 98 17 occurs
340 574 28 25 in
390 574 63 29 situ,
473 575 47 24 the
542 578 159 29 uppermost
721 575 67 24 beds
810 575 64 24 here
894 575 100 32 having

141 619 68 23 been
229 619 109 23 eroded.

187 664 59 25 The
260 668 64 21 next
339 665 67 25 beds
419 664 26 25 in
460 664 148 33 ascending
621 665 78 24 order
714 674 45 15 are
772 665 84 25 about
870 664 59 25 four
942 664 52 26 feet

141 709 69 25 from
224 710 47 25 the
283 710 148 25 Ammonites
443 709 107 34 falcatus
562 718 76 21 zone,
653 710 53 25 and
720 718 45 16 are
778 714 54 21 two
845 709 52 26 feet
910 709 85 26 thick.

141 755 79 33 They
233 754 103 25 consist
356 754 29 25 of
403 763 15 16 a
440 755 69 24 hard
529 758 126 28 compact
675 755 74 32 layer
767 754 30 25 of
814 755 77 29 marl,
905 754 47 25 full
970 754 28 25 of

140 801 148 24 Ammonites
307 801 104 28 varians,
431 800 102 32 resting
552 808 35 16 on
610 809 14 15 a
644 800 52 24 bed
715 799 29 25 of
760 799 82 25 softer
862 799 133 30 material,

141 844 90 25 which
252 844 22 24 is
299 845 58 23 also
382 844 177 25 fossiliferous
584 845 48 32 (A.
654 845 122 28 Mantelli,
798 844 110 29 Nautili,
930 845 64 33 etc.)

141 889 97 24 Above
252 889 77 24 these
342 897 16 16 a
372 889 73 24 band
458 889 29 24 of
503 889 52 24 soft
569 889 233 24 cream-coloured
817 889 79 28 Marl,
910 889 84 25 about

140 933 60 25 four
224 933 54 25 feet
302 933 86 29 thick,
413 942 107 20 occurs,
548 933 66 25 with
639 942 16 16 a
677 933 67 25 hard
770 938 126 28 compact
921 934 73 25 band

140 978 104 33 resting
268 988 35 15 on
323 979 35 24 its
385 987 86 24 upper
491 983 70 28 part.
611 978 59 25 The
692 978 89 25 fossils
800 987 46 15 are
870 978 124 33 changed

140 1023 57 25 into
217 1022 107 26 calcite.
371 1023 128 24 Turrelites
517 1023 137 28 undulatus,
677 1031 15 16 a
717 1022 184 25 well-marked
920 1023 74 32 large

139 1070 126 31 example
285 1068 30 26 of
331 1069 147 24 Ammonites
499 1068 102 28 varians,
624 1077 82 16 occur
728 1068 166 32 throughout
917 1068 77 25 these

139 1115 67 24 beds
219 1123 4 20 ;
244 1114 55 24 this
318 1115 82 23 latter
422 1113 78 30 form,
522 1113 67 25 with
611 1112 35 26 its
667 1112 136 29 varieties,
823 1112 80 32 being
922 1116 70 22 most

138 1159 208 23 characteristic
366 1159 29 23 of
414 1159 47 23 the
480 1159 89 23 Chalk
589 1159 79 23 Marl.

184 1204 60 26 The
257 1204 166 32 succeeding
437 1211 30 25 25
483 1203 51 25 feet
548 1203 30 24 of
588 1204 46 23 the
649 1203 88 24 Chalk
751 1203 70 23 Marl
835 1202 23 25 is
871 1203 121 33 sparsely

138 1250 187 28 fossiliferous,
348 1248 160 33 consisting,
523 1257 30 16 as
573 1248 20 25 it
616 1248 73 28 does,
708 1247 30 25 of
754 1248 68 24 hard
841 1247 151 29 limestone,

137 1295 181 25 intercalated
338 1294 67 26 with
425 1303 15 16 a
460 1293 51 26 soft
530 1292 180 33 argillaceous
727 1292 133 25 material.
898 1292 94 25 Above

137 1339 56 26 this
215 1339 84 25 series
321 1339 23 25 is
367 1348 15 16 a
403 1339 52 25 bed
476 1337 159 33 containing
656 1337 68 25 dark
746 1346 104 15 masses
871 1337 29 24 of
919 1337 73 24 what

138 1393 117 25 appears
264 1389 28 21 to
301 1386 34 23 be
345 1384 133 33 spongoid
487 1383 95 25 bodies
590 1392 4 21 ;
613 1392 40 16 we
661 1382 56 25 find
727 1383 57 24 also
793 1391 34 16 an
837 1381 155 26 Ammonite

138 1430 91 26 which
243 1430 163 33 apparently
418 1438 99 16 occurs
531 1429 106 24 neither
650 1429 88 24 above
751 1436 30 16 or
800 1428 87 24 below
900 1427 27 25 in
946 1427 46 25 the

137 1475 133 32 deposits,
285 1476 54 25 and
357 1475 91 26 which
468 1475 23 24 is
510 1475 134 32 probably
655 1474 147 24 Ammonites
815 1481 91 24 rugosa.

183 1521 59 25 The
262 1524 63 22 next
346 1520 27 25 in
392 1519 150 33 ascending
561 1519 78 24 order
659 1518 23 25 is
701 1527 15 15 a
735 1518 52 24 bed
801 1517 29 25 of
846 1517 52 25 soft
913 1516 77 33 argil-

136 1567 110 24 laceous
268 1564 125 26 material
416 1565 84 25 about
522 1564 98 25 twelve
644 1563 52 25 feet
719 1562 76 25 thick
805 1571 5 20 ;
833 1562 103 32 resting
957 1570 33 16 on

135 1609 56 26 this
217 1610 23 25 is
267 1618 15 17 a
307 1610 75 25 band
406 1608 30 27 of
458 1612 128 28 compact
611 1608 78 28 marl,
712 1607 114 33 varying
850 1607 27 24 in
899 1607 91 32 places

136 1655 67 23 from
218 1655 41 23 six
273 1658 28 20 to
314 1654 63 24 nine
390 1654 94 24 inches
498 1653 27 25 in
539 1652 148 26 thickness.

233 1706 13 16 G
