1117 1922
313 166 186 16 DESCRIPTION
525 167 34 15 OF
584 167 56 15 THE
666 167 111 15 STRATA.

962 167 12 23 5

119 240 96 26 strata,
240 245 64 25 may
324 238 34 24 be
379 237 193 34 conveniently
591 238 145 24 examined
760 238 28 24 in
809 238 164 28 succession,

119 290 30 17 as
171 282 66 32 they
258 282 54 25 rise
334 282 68 25 from
423 283 47 24 the
491 283 80 24 shore
589 286 30 21 to
638 283 68 24 form
726 283 46 25 the

154 327 26 25 It
199 336 64 24 may
276 327 35 25 be
329 327 135 25 observed
485 327 62 25 that
566 327 47 25 the
626 327 88 26 whole
735 327 30 25 of
781 327 46 26 the
841 328 136 25 Wealden

119 376 88 21 strata
233 372 30 25 of
286 372 48 26 the
360 373 54 25 Isle
439 372 29 25 of
490 372 98 33 Wight
613 372 23 26 is
663 373 150 33 extremely
837 373 139 32 irregular,

120 418 54 25 and
203 418 61 25 that
288 418 47 25 the
360 418 77 25 thick
462 419 68 24 beds
555 418 29 25 of
610 419 158 29 sandstone,
794 418 90 25 which
909 418 68 25 form

120 462 186 33 conspicuous
324 463 107 32 objects
450 463 28 24 in
497 463 47 24 the
563 463 78 30 cliffs,
655 463 187 33 occasionally
854 462 60 25 thin
931 466 47 21 out

120 507 117 34 rapidly,
252 516 30 16 as
301 516 63 25 may
377 509 34 24 be
431 508 135 25 observed
585 508 27 24 in
631 508 47 24 the
696 516 64 16 case
778 507 29 25 of
824 508 47 24 the
887 508 52 24 bed
953 507 28 25 of

120 552 127 33 greenish
262 553 150 24 sandstone
433 561 72 16 seen.
544 553 24 25 It
587 561 63 25 may
667 553 59 24 also
745 553 36 25 be
799 553 90 25 stated
908 553 70 28 that,

120 597 68 26 with
208 598 48 25 the
276 598 148 33 exception
443 598 30 25 of
491 607 16 16 a
528 598 51 26 few
599 598 60 25 thin
681 598 68 32 be4s
768 598 28 25 in
814 598 47 26 the
884 598 96 33 Upper

121 647 72 28 part,
215 643 69 25 such
307 652 30 16 as
358 643 48 25 the
426 642 168 30 limestones,
619 652 30 16 or
672 643 103 25 Sussex
795 643 104 26 marble
926 643 55 25 and

123 687 130 33 septaria,
276 697 16 15 a
317 688 74 25 band
416 687 30 26 of
468 687 67 26 dark
560 688 70 32 clay,
656 687 159 33 containing
836 688 144 29 Potamides,

123 736 71 22 rests
219 741 35 17 on
279 732 47 26 the
352 732 105 25 marine
481 732 132 32 deposits.
668 733 65 25 Few
760 741 82 17 zones
870 741 51 17 can
947 733 34 25 be

124 778 95 24 traced
241 777 160 33 containing
423 777 111 33 organic
560 777 118 25 remains
691 786 5 21 ;
723 778 66 33 they
807 786 74 16 seem
898 781 30 22 to
947 779 34 24 be

124 823 139 24 scattered
285 823 120 32 through
429 823 48 24 the
501 822 132 33 deposits.
678 823 73 24 Most
771 823 29 24 of
816 824 47 24 the
882 823 99 29 fossils,

125 868 136 29 however,
281 877 46 16 are
346 868 148 25 contained
512 868 27 24 in
558 868 48 24 the
626 868 96 32 Upper
740 868 76 25 beds.

170 914 60 25 The
256 913 95 25 shores
377 913 54 25 and
450 912 70 26 cliffs
539 912 29 26 of
590 913 48 25 the
656 913 137 25 Wealden
819 922 46 17 are
889 914 92 25 rather

124 963 192 25 monotonous,
335 967 35 17 on
390 962 117 22 account
528 958 29 26 of
573 958 47 26 the
639 958 160 34 uniformity
811 959 54 25 and
884 958 97 33 repeti-

124 1005 58 25 tion
204 1004 30 25 of
255 1005 48 24 the
328 1004 126 25 different
476 1007 97 26 strata,
593 1003 67 26 with
681 1003 71 25 little
774 1012 31 16 or
822 1006 36 22 ho
876 1004 107 33 variety

124 1050 29 25 of
170 1050 71 25 their
254 1050 76 25 fossil
350 1053 135 21 contents.
524 1050 157 24 Numerous
695 1048 187 26 indentations
900 1057 82 16 occur

124 1100 28 21 at
171 1096 48 26 the
238 1096 67 25 base
324 1094 29 26 of
368 1095 49 25 the
435 1094 78 29 cliffs,
528 1094 103 25 caused
650 1094 36 33 by
699 1094 47 25 the
765 1094 111 24 inroads
891 1094 29 24 of
936 1094 47 24 the

125 1150 55 21 sea,
207 1150 76 16 some
311 1140 30 26 of
364 1140 92 25 which
481 1139 113 26 contain
617 1139 215 33 ripple-marked
858 1139 74 25 slabs
956 1138 30 26 of

124 1187 153 29 limestone,
292 1186 93 24 others
399 1185 67 25 with
479 1184 162 26 sun-cracks
655 1193 34 17 on
705 1183 71 26 their
790 1183 115 30 surface,
920 1184 62 29 and,

125 1232 20 25 it
171 1232 23 25 is
225 1231 100 29 stated,
352 1230 148 33 footprints
523 1229 31 26 of
575 1228 143 27 animals.*
770 1229 141 32 Although
935 1232 48 22 not

125 1286 67 24 very
216 1276 148 26 attractive
396 1276 28 24 in
457 1283 182 25 appearance,
663 1275 48 24 the
736 1274 135 25 Wealden
897 1277 87 22 strata

125 1322 69 26 form
214 1321 135 34 certainly
367 1330 51 16 one
446 1321 29 25 of
500 1321 47 24 the
574 1324 71 21 most
671 1320 150 33 important
847 1319 84 25 series
957 1319 29 25 of

125 1367 124 34 deposits
271 1367 30 26 of
319 1367 49 25 the
387 1367 169 25 Cretaceous
575 1370 112 29 system,
701 1374 35 16 on
755 1369 117 21 account
893 1365 29 25 of
937 1365 47 25 the

125 1415 116 23 number
261 1413 54 24 and
334 1416 77 29 great
431 1411 56 26 size
512 1411 30 26 of
566 1411 47 26 the
632 1410 119 26 remains
770 1410 29 26 of
821 1410 48 26 the
887 1415 96 21 terres-

125 1459 63 25 trial
208 1458 112 32 reptiles
340 1457 84 25 found
446 1456 27 25 in
494 1457 84 24 them.

172 1504 36 25 At
230 1503 138 32 Compton
391 1503 61 32 Bay
471 1502 55 24 and
549 1501 153 25 Atherfield
725 1500 91 30 Point,
837 1509 145 16 numerous

125 1551 76 24 slabs
214 1549 30 26 of
259 1549 48 25 the
327 1548 174 25 Freshwater
525 1547 145 25 limestone
689 1547 34 24 lie
742 1546 28 25 in
788 1547 95 32 heaps,
903 1546 79 25 inter-

125 1597 93 25 mixed
236 1596 68 25 with
323 1596 47 24 the
390 1594 144 32 disrupted
559 1593 96 26 blocks
679 1592 30 26 of
733 1593 47 25 the
799 1594 90 24 Perna
908 1593 74 25 beds.

462 1687 9 9 *
481 1687 40 16 Not
533 1685 107 18 confirmed.
