1117 1922
434 193 137 16 TERTIARY
592 193 107 16 SERIES.

143 195 46 23 150

144 266 72 28 End,
230 266 94 33 nearly
337 270 28 20 to
385 265 136 24 Totlands
541 265 69 32 Bay.
648 264 39 24 As
707 263 22 25 is
749 262 108 33 usually
870 261 47 26 the
931 270 73 20 case,

143 310 20 26 it
186 310 90 26 varies
298 310 107 32 greatly
427 310 68 25 both
520 309 27 24 in
574 310 144 23 character
740 308 54 24 and
812 307 192 32 composition.

282 355 39 25 As
344 364 16 15 a
380 354 111 33 general
511 354 58 24 rule
591 354 47 24 the
658 353 167 32 Bembridge
846 352 160 25 Limestone

144 409 64 24 may
232 400 33 25 be
286 398 201 33 distinguished
510 398 70 25 from
602 398 47 25 the
668 397 78 25 thick
768 398 96 32 Upper
888 397 118 24 Headon

146 444 185 30 Limestones,
346 453 30 17 as
396 445 61 25 well
478 453 30 16 as
530 443 68 25 from
619 443 80 25 those
718 442 28 25 in
764 443 48 25 the
830 443 82 25 lower
930 442 76 29 beds,

147 491 36 32 by
195 490 37 24 its
244 494 108 29 greater
365 489 149 25 whiteness
534 489 54 25 and
607 490 37 31 by
657 488 35 26 its
711 488 123 33 peculiar
850 488 157 26 brecciated

147 543 30 16 or
199 534 144 25 tufaceous
364 535 152 29 character,
531 542 31 16 as
575 534 60 25 well
655 542 30 16 as
704 534 36 32 by
753 534 48 24 the
813 533 91 25 fossils
922 533 85 25 either

149 579 81 33 being
252 583 84 25 casts,
359 587 29 16 or
411 579 103 32 having
538 579 72 24 their
635 579 83 24 shells
740 578 129 32 replaced
891 579 37 32 by
949 579 58 23 cale

149 633 65 24 spar
224 633 6 21 ;
249 625 48 24 the
317 625 119 24 Headon
457 624 184 28 Limestones,
655 632 35 16 on
709 624 48 24 the
775 628 136 29 contrary,
928 624 81 32 being

149 669 30 25 of
195 678 16 16 a
231 669 150 26 somewhat
401 669 98 25 darker
519 678 91 16 cream
630 669 103 29 colour,
751 677 76 17 more
845 669 98 33 earthy
956 669 53 25 and

150 714 53 26 soft
228 714 28 25 in
287 714 193 32 composition,
506 715 54 25 and
590 714 103 33 having
723 715 46 25 the
799 715 83 25 shells
906 714 29 26 of
962 715 47 25 the

150 760 93 25 limnæa
266 760 54 25 and
339 760 79 25 other
437 760 91 25 fossils
549 761 157 31 preserved.
752 760 60 25 The
834 761 68 24 total
921 760 86 25 thick-

150 813 63 16 ness
232 805 29 25 of
281 805 78 25 these
381 806 67 24 beds
468 809 28 21 at
518 806 119 24 Headon
658 805 60 25 Hill
736 805 23 25 is
779 805 68 25 from
867 805 92 25 fifteen
979 809 29 21 to

149 850 107 24 sixteen

197 895 59 25 The
288 896 74 25 band
394 895 159 33 containing
586 896 48 25 the
666 896 208 26 characteristic
908 896 99 30 fossils,

149 941 115 25 Bulimus
287 941 126 33 ellipticus,
437 942 80 24 Helix
539 942 108 32 globosis,
674 942 127 25 Planorbis
829 942 55 25 and
908 943 99 28 others,

149 985 138 26 furnishes
312 987 89 24 better
433 987 53 24 and
519 995 75 16 more
624 995 149 16 numerous
803 987 153 33 specimens
981 990 26 22 at

152 1032 106 24 Sconce
276 1032 69 24 than
365 1035 27 21 at
412 1040 53 24 any
484 1032 79 24 other
581 1031 121 33 locality.

196 1077 90 25 There
311 1086 46 16 are
382 1077 106 25 several
511 1077 124 33 quarries
655 1082 28 20 at
710 1077 119 25 Headon
856 1077 59 25 Hill
939 1077 68 25 from

149 1122 92 26 which
263 1122 91 25 fossils
376 1131 53 16 can
453 1123 35 24 be
513 1122 139 29 obtained,
678 1132 30 15 as
733 1123 60 25 well
817 1131 29 16 as
871 1122 68 25 from
964 1122 47 25 the

151 1168 83 25 fallen
248 1168 95 25 blocks
357 1168 74 33 lying
444 1177 36 16 on
499 1168 48 25 the
565 1168 90 25 shore.
694 1169 31 24 In
744 1177 75 16 some
832 1168 29 25 of
877 1168 46 25 the
937 1177 74 16 more

150 1213 83 25 white
248 1214 53 24 and
315 1214 100 32 chalky
428 1213 124 32 portions
566 1213 30 24 of
606 1214 78 24 these
693 1214 67 24 beds
768 1214 114 24 Bulimus
894 1214 117 33 ellipticus

152 1267 98 16 occurs
272 1258 67 25 with
359 1259 47 24 the
425 1259 69 24 shell
513 1259 87 24 entire
613 1268 4 20 ;
638 1260 49 24 but
701 1260 140 24 whatever
860 1259 70 25 their
949 1267 62 17 con-

153 1304 96 29 dition,
272 1304 28 24 in
325 1304 78 33 point
428 1304 30 25 of
480 1304 56 25 size
561 1304 54 25 and
637 1305 131 25 numbers
790 1305 66 33 they
874 1304 41 25 far
936 1304 76 25 excel

152 1349 80 25 those
245 1348 84 26 found
344 1353 27 21 at
387 1348 135 26 Binstead
541 1349 54 26 and
608 1350 79 25 other
705 1349 143 26 localities.
887 1349 126 34 Possibly

151 1393 56 25 this
221 1402 63 24 may
298 1394 33 24 be
345 1394 154 25 accounted
513 1394 39 25 for
566 1395 36 32 by
613 1395 47 25 the
674 1394 173 33 supposition
860 1395 61 25 that
934 1395 78 25 when

151 1437 86 33 living
250 1438 47 25 the
311 1437 117 26 animals
448 1439 115 32 enjoyed
582 1447 77 17 more
677 1439 161 25 favourable
857 1439 155 25 conditions

152 1482 27 25 in
205 1483 55 25 this
282 1483 121 33 locality.
441 1484 178 30 Woodward,
642 1485 28 24 in
689 1485 43 24 his
781 1486 114 24 Manual
917 1485 29 25 of
967 1486 47 24 the

339 1528 27 24 in
385 1528 134 33 speaking
538 1529 30 24 of
584 1530 46 24 the
649 1530 115 24 Bulimus
783 1539 72 24 says,

152 1575 81 21 ovatus
247 1573 102 24 attains
368 1582 15 15 a
397 1574 95 32 length
512 1574 29 24 of
558 1574 42 25 six
619 1574 104 31 inches,
738 1576 54 25 and
812 1575 22 26 is
854 1576 60 25 sold
927 1576 28 25 in
967 1576 47 25 the

154 1618 106 23 market
273 1618 30 24 of
315 1618 51 25 Rio
410 1618 51 28 ifor
475 1618 84 33 food).

296 1714 9 9 »
313 1711 58 17 M«m.
380 1712 51 16 Geol.
441 1712 60 21 Surv.,
511 1712 88 22 Bristow,
607 1713 38 17 Isle
652 1714 20 17 of
680 1714 74 21 Wight,
764 1717 48 19 1862,
821 1721 18 15 p.
849 1717 25 17 72.
