1117 1922
345 407 195 33 ©mutation
564 416 56 23 ano
645 408 177 39 Hanosltps.

160 576 180 147 fHE
366 621 115 20 contour
507 617 29 24 of
561 618 46 24 the
629 618 53 25 Isle
701 618 29 25 of
746 619 107 32 Wight,
879 621 53 24 and
957 621 47 25 the

318 662 123 24 rounded
461 662 90 32 slopes
574 662 29 25 of
628 663 34 24 its
685 664 157 25 chalk-hills
864 673 46 17 are
931 665 73 25 often

317 706 103 25 broken
440 708 130 32 abruptly
589 708 35 32 by
638 717 79 22 spurs
736 709 53 24 and
809 709 77 29 cliffs,
901 710 61 28 due,
977 710 26 24 in

154 745 105 40 JffiftV
316 756 73 20 most
412 756 71 28 part,
503 756 28 20 to
551 752 46 25 the
616 752 140 26 excessive
774 753 168 25 denudation
956 763 46 15 un-

187 778 16 26 rf
207 778 38 24 _tjj

193 797 60 23 V!ir/->
316 797 119 31 dergone
449 797 36 32 by
498 797 47 24 the
560 797 93 25 Island
667 797 26 24 in
707 802 62 27 past
783 806 72 24 ages.

193 842 23 24 A
236 842 71 32 good
326 841 126 25 instance
464 850 98 16 occurs
581 841 26 25 in
627 842 46 24 the
694 843 60 23 vale
772 842 28 24 of
817 843 183 29 Newchurch,

146 887 90 24 where
250 888 47 23 the
310 887 88 24 whole
411 886 30 25 of
456 886 47 25 the
521 886 242 32 superincumbent
778 891 87 20 strata
880 888 79 25 down
973 893 28 20 to

146 933 47 24 the
215 933 99 24 Lower
339 932 163 25 Greensand
524 932 50 23 has
596 932 67 23 been
684 932 127 24 removed
821 941 5 19 ;
852 933 90 24 whilst
966 941 36 17 on

146 977 47 25 the
218 982 108 20 eastern
353 976 57 25 side
435 976 29 25 of
490 976 47 24 the
562 984 75 16 same
662 977 88 33 valley
775 985 68 16 even
866 977 61 25 that
951 977 51 25 has

145 1022 192 32 disappeared,
361 1021 54 25 and
435 1030 41 16 we
498 1021 70 25 have
589 1030 51 15 one
654 1021 30 24 of
702 1021 47 25 the
769 1027 53 19 two
841 1022 115 32 patches
975 1022 29 25 of

145 1067 136 25 Wealden
302 1067 67 25 beds
389 1066 129 32 exposed.

190 1113 60 24 The
270 1112 157 25 successive
447 1115 96 24 strata,
563 1110 137 33 following
719 1111 46 25 the
783 1111 89 29 chalk,
891 1120 61 24 may
966 1112 33 25 be

144 1166 64 16 seen
223 1158 26 24 in
264 1166 82 24 many
360 1158 93 31 places
466 1156 27 25 in
512 1157 47 24 the
573 1156 80 25 roads
668 1156 107 32 leading
789 1161 28 20 to
836 1157 46 24 the
896 1158 102 23 Downs

142 1202 70 25 from
228 1203 103 32 Messly
344 1205 28 21 to
387 1202 45 23 the
448 1201 79 32 Spur,
543 1200 89 25 which
646 1200 159 25 terminates
815 1201 39 24 St.
868 1202 130 31 George's

144 1249 97 27 Down,
256 1247 91 26 where
361 1255 15 15 a
389 1246 77 24 thick
480 1246 52 24 bed
549 1245 30 24 of
595 1246 122 23 rounded
736 1246 92 31 gravel
841 1250 70 20 rests
924 1254 73 24 upon

141 1292 48 25 the
203 1292 98 25 Lower
322 1291 171 27 Greensand,
508 1290 124 31 forming,
649 1290 66 24 with
735 1289 129 32 peroxide
883 1289 30 24 of
928 1290 68 29 iron,

142 1346 15 15 a
172 1337 212 30 conglomerate,
399 1344 30 15 or
443 1334 223 33 pudding-stone.

188 1383 42 24 On
245 1382 46 24 the
305 1381 132 25 southern
451 1380 58 25 side
522 1380 29 24 of
562 1380 46 24 the
621 1380 90 32 valley
725 1379 23 24 is
762 1379 46 24 the
821 1379 174 32 picturesque

141 1427 99 32 village
254 1426 29 25 of
300 1425 184 28 Newchurch,
499 1425 47 25 the
564 1425 100 24 houses
685 1424 147 32 extending
850 1424 80 32 along
949 1424 46 24 the

140 1471 76 33 ridge
229 1471 27 25 in
271 1480 15 16 a
300 1471 127 32 westerly
439 1469 143 28 direction,
597 1468 27 25 in
638 1478 15 15 a
667 1468 53 25 line
733 1468 66 25 with
813 1469 46 24 the
874 1468 119 28 Church,

140 1517 90 25 whilst
256 1516 66 32 high
348 1516 88 24 above
461 1514 74 25 them
562 1514 48 24 lies
633 1523 15 15 a
670 1513 77 25 thick
772 1513 53 25 bed
847 1513 29 25 of
892 1514 102 31 gravel,

139 1562 120 32 through
272 1561 90 25 which
377 1569 15 15 a
412 1560 67 24 road
499 1560 50 24 has
570 1560 67 24 been
654 1562 46 21 cut
719 1559 87 24 called
856 1558 139 25 Skinner's

266 1606 60 24 The
339 1606 93 32 gravel
450 1605 92 23 marks
562 1604 47 24 the
629 1603 99 25 former
747 1602 141 26 extension
902 1602 29 25 of
949 1603 46 24 the

139 1652 91 26 chalk,
252 1650 48 26 the
320 1654 87 22 strata
428 1649 166 26 themselves
615 1648 102 30 having
736 1647 190 31 disappeared.

207 1703 16 16 M
