1117 1922
118 183 32 29 96

407 188 90 16 chalk
517 186 167 18 formation.

118 261 59 25 The
190 269 87 24 upper
290 261 53 24 bed
360 260 23 24 is
396 260 67 24 from
479 260 58 24 four
551 263 29 21 to
594 259 42 24 six
649 258 95 25 inches
764 257 85 26 thick.
888 256 90 25 These

118 306 66 25 beds
205 306 10 24 I
236 314 118 24 propose
373 309 29 21 to
425 313 79 16 name
526 304 48 25 the
596 304 147 24 Ammonites
758 302 108 34 falcatus
885 309 93 20 zones,

118 360 30 16 as
168 350 54 26 this
241 350 76 25 fossil
336 350 22 25 is
377 350 122 31 peculiar
519 354 28 22 to
567 349 47 27 the
633 349 76 26 beds.

448 891 106 14 Ammonites
566 891 90 14 Falcatus.

169 984 24 26 It
217 994 116 23 appears
353 984 69 25 from
441 984 47 25 the
507 983 169 33 lithological
696 984 145 24 character
858 983 29 25 of
902 983 79 24 these

121 1034 53 21 two
194 1030 67 25 beds
283 1030 61 25 that
365 1039 34 15 an
425 1030 98 24 almost
549 1029 106 25 sudden
678 1029 106 33 change
804 1029 66 24 took
891 1029 89 32 place,

122 1074 53 25 and
189 1074 108 25 instead
311 1074 28 25 of
355 1074 47 25 the
422 1073 91 26 mixed
532 1074 160 25 calcareous
711 1078 101 21 matter
825 1073 154 29 described,

122 1128 40 17 we
176 1128 45 17 are
240 1124 27 21 at
288 1128 67 16 once
375 1119 162 25 introduced
556 1123 29 21 to
604 1119 46 25 the
670 1119 89 25 Chalk
780 1119 72 25 Marl
871 1128 109 23 proper.

124 1166 75 23 Here
220 1165 48 24 the
288 1165 113 32 Scaphite
423 1164 30 25 of
471 1165 48 24 the
542 1165 89 24 Chalk
654 1165 71 24 Marl
747 1164 60 25 first
830 1165 95 24 makes
946 1164 35 25 its

122 1218 181 24 appearance,
318 1209 155 25 associated
493 1209 66 25 with
579 1210 69 24 such
667 1209 209 25 characteristic
891 1209 90 26 fossils

122 1266 29 15 as
171 1256 146 25 Ammonites
337 1256 123 29 Mantelli,
480 1257 35 24 A.
535 1257 104 28 varians,
664 1257 128 25 Turrelites
813 1257 167 24 tuberculatus.

123 1302 82 25 From
226 1301 46 25 the
293 1302 142 24 basement
455 1301 62 29 bed,
537 1310 30 16 or
587 1301 193 26 Fossiliferous
800 1302 81 29 Marl,
896 1310 37 24 up
952 1306 29 21 to

121 1347 47 24 the
190 1355 82 16 zones
291 1346 30 25 of
339 1347 146 24 Ammonites
506 1347 205 32 Rhotomagensis,
735 1348 47 24 the
807 1347 127 25 distance
957 1347 24 26 is

121 1392 220 33 approximately
363 1393 122 23 between
507 1392 71 33 forty
598 1393 55 23 and
678 1392 60 34 fifty
759 1393 63 29 feet,
845 1393 136 33 probably

121 1445 74 15 more
214 1437 68 23 than
300 1437 63 23 less.

156 1482 64 28 But,
241 1490 31 16 as
291 1481 50 25 has
364 1482 68 24 been
452 1482 99 29 stated,
571 1491 35 16 no
628 1487 81 20 exact
731 1488 204 21 measurement
954 1483 29 26 of

121 1526 78 25 these
219 1526 123 33 deposits
365 1535 51 16 can
439 1536 30 15 as
489 1531 45 28 yet
557 1528 34 24 be
612 1527 92 25 taken.
742 1528 60 25 The
824 1529 156 25 lowermost

123 1571 67 24 beds
210 1580 46 15 are
269 1571 119 32 exposed
408 1570 27 25 in
455 1571 136 25 detached
610 1571 125 32 portions
753 1572 28 25 in
797 1581 16 16 a
827 1574 80 24 small
922 1575 61 33 Bay

123 1616 87 25 below
235 1616 172 25 Devonshire
433 1617 127 28 Terrace,
587 1621 28 21 at
641 1618 133 29 Ventnor,
801 1619 90 25 where
916 1619 67 34 they

123 1660 104 25 remain
252 1660 78 26 tilted
355 1670 37 23 up
415 1661 26 25 in
466 1662 48 24 the
537 1661 121 33 position
683 1662 27 24 in
736 1663 90 25 which
849 1664 66 33 they
936 1664 46 25 fell

123 1705 99 32 during
239 1706 46 24 the
304 1710 76 27 great
398 1707 118 30 landslip
534 1707 90 25 which
644 1708 103 25 caused
767 1708 47 26 the
833 1708 148 27 formation
