1117 1922
117 182 10 15 1
132 176 31 21 68

415 179 137 16 TERTIARY
571 178 105 16 SERIES.

115 253 29 25 of
161 253 67 24 iron.
267 252 37 25 Of
320 253 47 23 the
386 256 63 20 nuts
469 251 47 25 the
535 249 127 33 pericarp
686 249 65 32 only
770 248 22 24 is
817 247 156 33 preserved,

116 299 48 24 but
177 298 77 24 these
269 306 63 22 may
345 298 34 23 be
392 295 131 26 obtained
535 295 28 24 in
577 295 74 31 large
666 293 158 33 quantities.

163 342 73 25 Prof.
251 342 139 28 Webster,
405 341 27 24 in
455 349 15 16 a
492 341 81 24 letter
592 343 28 21 to
641 338 43 26 Sir
706 339 96 32 Henry
823 337 153 33 Englefield

116 391 86 21 states
214 397 4 14 :
221 403 34 1 —
284 387 25 24 It
323 394 56 16 was
392 394 66 15 near
475 385 55 24 this
545 385 78 31 place
639 384 149 32 (Compton
803 382 97 33 Chine)
916 382 60 26 that

117 432 10 24 I
151 432 55 24 had
229 432 68 24 been
319 430 134 25 informed
475 429 75 25 fossil
576 428 79 25 fruits
677 428 56 25 had
755 428 68 25 been
843 427 85 26 found
948 427 28 25 in

116 481 77 28 great
226 476 171 27 abundance,
425 475 53 24 and
503 474 90 25 which
627 482 71 16 were
733 474 126 32 vulgarly
889 473 88 24 called

118 527 5 9 '
137 522 106 25 Noah's
263 522 81 24 nuts.'
386 522 9 23 I
417 521 80 24 made
516 520 20 24 it
557 529 15 15 a
591 519 77 33 point
685 519 29 24 of
731 519 204 32 endeavouring
949 523 28 20 to

118 576 44 16 see
176 568 75 24 them
265 567 27 24 in
307 566 62 25 situ.
409 567 74 24 Near
495 566 46 24 the
554 569 48 28 top
616 564 30 25 of
656 565 46 24 the
717 564 58 25 cliff
784 564 35 25 lie
830 573 147 16 numerous

119 613 96 23 trunks
236 611 29 24 of
284 615 80 25 trees,
384 610 100 29 which,
504 610 136 28 however,
663 618 71 16 were
757 613 47 21 not
829 609 99 32 lodged
950 609 28 25 in

121 657 47 25 the
188 657 181 24 undisturbed
388 660 97 25 strata,
498 656 49 24 but
567 655 96 24 buried
685 656 14 23 8
718 663 30 16 or
771 663 30 16 10
819 654 53 25 feet
893 655 85 24 under

121 702 67 25 sand
212 702 54 24 and
287 701 103 33 gravel.
429 701 85 33 Many
533 700 29 25 of
581 701 76 24 them
675 708 70 17 were
766 709 15 15 a
801 700 55 25 foot
876 709 29 16 or
924 704 54 21 two

121 747 28 25 in
171 747 144 27 diameter,
334 747 53 24 and
410 751 45 20 ten
481 754 29 16 or
533 746 98 25 twelve
653 745 53 25 feet
729 745 27 24 in
778 746 94 32 length
883 754 5 20 ;
909 745 70 24 their

121 792 149 25 substance
289 800 57 17 was
365 800 66 23 very
450 790 62 29 soft,
533 791 49 24 but
602 790 71 25 their
691 790 84 25 forms
796 790 54 24 and
872 790 107 33 lignous

120 838 68 24 fibre
208 845 71 17 were
299 836 76 33 quite
397 836 122 25 distinct.
570 836 100 24 Round
692 835 75 25 them
789 844 70 17 were
880 845 15 15 a
916 845 61 15 con-

121 882 136 24 siderable
272 881 126 33 quantity
412 881 29 25 of
457 881 79 25 small
556 884 73 25 nuts,
643 880 60 25 that
724 881 138 31 appeared
877 880 102 25 similar

121 932 28 17 to
163 927 79 22 those
255 926 29 23 of
300 927 47 22 the

199 971 60 24 The
279 971 68 24 sand
366 971 86 24 based
471 978 76 25 upon
566 970 47 24 the
633 970 135 24 Wealden
794 971 47 24 red
867 971 114 24 mottled

123 1017 70 32 clay,
220 1016 126 25 contains
372 1024 147 16 numerous
548 1016 157 24 hazel-nuts
734 1016 99 33 (called
859 1021 4 9 '
876 1016 106 24 Noah's

124 1066 64 21 nuts
199 1062 4 8 '
226 1062 35 32 by
275 1062 46 24 the
341 1062 97 31 people
452 1061 29 25 of
498 1061 48 25 the
560 1061 103 33 Island)
683 1061 54 25 and
757 1061 48 25 the
823 1061 119 25 remains
955 1061 29 25 of

124 1108 103 24 beetles
241 1107 92 25 mixed
346 1106 67 26 with
432 1107 106 25 matted
557 1106 150 33 fragments
726 1106 30 25 of
771 1106 47 25 the
835 1106 79 33 twigs
928 1107 54 24 and

124 1153 136 24 branches
282 1152 29 24 of
331 1156 80 20 trees.
449 1151 59 25 The
530 1152 89 28 latter,
642 1151 91 25 which
756 1160 46 16 are
824 1152 158 24 sometimes

124 1198 99 24 coated
245 1197 66 25 with
334 1197 156 32 phosphate
515 1196 29 24 of
567 1196 68 29 iron,
662 1196 87 24 retain
771 1196 71 24 their
867 1196 116 33 original

125 1243 100 31 shapes
251 1242 53 24 and
335 1242 109 32 general
476 1249 181 24 appearance,
685 1242 54 23 and
764 1249 46 16 are
840 1242 142 24 saturated

124 1287 66 25 with
221 1291 93 23 water,
346 1286 90 25 which
467 1295 35 15 on
531 1286 180 32 evaporation
745 1287 91 24 leaves
867 1295 16 15 a
913 1286 68 33 light

124 1332 146 25 shrivelled
291 1332 148 25 substance
464 1331 110 25 behind.
614 1331 60 25 The
696 1332 100 32 largest
823 1331 158 33 fragments,

123 1378 78 25 when
221 1377 58 25 first
299 1377 93 29 found,
406 1377 35 25 do
464 1381 46 21 not
532 1377 103 24 exceed
657 1381 54 21 two
736 1386 30 16 or
785 1377 77 25 three
887 1377 95 26 inches

123 1423 27 23 in

169 1469 59 23 The
248 1472 57 20 tree
328 1468 119 24 remains
469 1472 28 20 at
519 1469 92 24 Brook
632 1468 81 25 Point
733 1477 45 16 are
796 1469 30 24 of
845 1469 136 25 Wealden

121 1521 60 24 age,
195 1517 47 20 not
256 1513 29 24 of
304 1513 47 24 the
372 1521 75 16 same
469 1521 50 24 age
539 1521 30 16 as
585 1513 80 24 those
682 1513 58 32 just
755 1513 111 33 quoted.
904 1513 78 33 They

121 1566 45 16 are
188 1557 82 24 much
293 1557 96 32 larger,
413 1557 54 24 and
491 1565 47 16 are
560 1557 165 33 completely
747 1557 176 26 mineralised
944 1559 36 33 by

121 1601 78 26 silica
212 1602 54 24 and
279 1601 104 34 pyrites
403 1601 57 25 into
480 1610 17 16 a
519 1601 69 25 hard
607 1602 81 25 black
708 1607 87 25 stone,
811 1604 168 32 susceptible

124 1646 29 25 of
169 1646 99 31 polish.
306 1646 60 24 The
388 1646 119 25 remains
530 1646 28 25 of
576 1646 97 26 buried
695 1651 72 22 trees
789 1657 51 16 can
863 1649 34 24 be
920 1657 62 17 seen

260 1696 10 10 •
278 1696 58 17 Mem.
345 1695 51 18 Geol.
406 1696 60 21 Surv.,
475 1696 87 21 Bristow,
570 1697 38 17 Isle
616 1697 20 17 of
644 1697 73 22 Wight,
727 1700 48 19 1862,
784 1704 19 15 p.
813 1701 38 16 100.
