1117 1922
138 192 10 16 1
153 185 29 23 62

434 191 138 16 TERTIARY
592 190 105 17 SERIES.

136 264 61 25 that
217 264 65 33 they
296 264 55 24 had
369 264 68 23 been
457 262 80 24 acted
555 270 35 16 on
608 262 37 32 by
658 261 108 25 intense
783 260 68 25 frost
862 269 5 20 ;
888 260 50 25 but
951 259 46 26 the

137 308 131 26 evidence
291 308 28 25 of
343 317 15 15 a
383 307 99 33 glacial
504 306 96 33 period
625 305 103 33 having
754 314 63 16 ever
843 305 106 25 existed
971 304 26 26 in

137 355 47 25 the
198 353 94 26 Island
306 353 23 25 is
350 362 30 16 so
401 352 126 25 doubtful
548 360 30 16 as
597 356 28 20 to
645 352 77 24 leave
741 350 71 26 little
826 355 118 21 warrant
959 350 38 25 for

137 399 68 25 such
225 398 181 31 conjectures.

186 444 30 24 In
231 452 15 16 a
259 443 40 32 pit
319 452 35 16 on
367 443 47 25 the
428 442 73 32 right
515 441 58 26 side
590 441 29 26 of
636 451 15 16 a
665 441 68 33 path
746 450 65 17 over
824 441 48 25 the
885 442 112 29 Downs,

136 489 49 24 the
199 489 96 31 Upper
310 488 88 25 Chalk
412 487 23 26 is
449 496 63 16 seen
525 487 120 25 reduced
663 491 29 21 to
706 486 64 33 pipe
783 487 69 33 clay,
866 487 28 25 in
908 487 89 26 which

138 535 115 23 nodules
273 533 30 25 of
319 533 83 25 white
424 533 75 25 flints
521 542 46 15 are
590 532 156 30 imbedded,
770 533 54 24 and
846 533 47 24 the
915 534 81 24 bowl-

138 579 105 33 shaped
264 578 180 25 excavations
465 587 46 16 are
533 579 74 24 filled
628 578 67 25 with
716 582 92 22 water.
855 578 61 25 The
937 579 60 33 clay

138 624 163 32 preventing
314 624 47 25 the
375 629 85 21 water
474 624 68 25 from
562 624 82 32 being
657 624 137 25 absorbed
807 625 37 32 by
856 624 48 25 the
917 624 80 25 chalk

137 670 65 25 thus
211 679 142 22 preserves
363 670 109 25 natural
482 669 148 26 reservoirs
640 669 39 25 for
689 669 48 26 the
746 669 84 32 sheep
840 670 54 25 and
905 671 91 24 cattle.

198 715 40 25 To
249 724 15 16 a
275 715 127 32 thinking
413 715 75 24 mind
501 715 51 24 few
561 716 173 31 phenomena
745 723 46 16 are
802 724 75 15 more
888 719 110 28 strange

138 761 68 25 than
219 761 47 25 the
280 764 72 21 state
371 761 29 24 of
418 760 69 25 little
506 761 89 32 ponds
615 769 35 16 on
668 761 48 24 the
734 760 112 25 summit
869 761 30 24 of
917 761 80 24 chalk

139 806 72 29 hills,
226 815 82 24 many
322 806 30 24 of
368 806 90 25 which
479 814 45 16 are
545 814 83 16 never
647 806 49 33 dry
710 805 27 25 in
756 806 47 24 the
822 809 72 22 most
908 806 91 33 trying

138 852 134 32 droughts
286 851 29 25 of
326 861 120 15 summer
622 851 62 25 And
699 850 80 33 again
793 851 73 26 what
881 860 116 23 appears

138 900 29 22 to
181 905 44 17 me
238 897 55 25 still
307 905 75 17 more
401 896 172 25 remarkable
592 896 23 25 is
634 896 47 25 the
699 895 55 26 fact
773 896 61 25 that
849 905 67 16 soon
930 896 68 26 after

139 950 15 16 a
169 950 59 16 new
242 942 73 32 pond
329 942 51 24 has
394 942 69 24 been
482 941 80 25 made
582 941 53 25 and
655 941 50 25 has
724 941 126 25 received
868 950 15 16 a
896 942 101 32 partial

139 987 100 33 supply
252 986 29 25 of
291 990 85 21 water
389 986 68 24 from
473 994 15 16 a
501 985 51 25 few
565 985 113 33 passing
691 986 129 30 showers,
834 986 21 24 it
869 987 128 24 becomes

138 1032 143 24 inhabited
303 1032 37 33 by
361 1031 111 25 various
494 1031 80 24 kinds
597 1030 29 24 of
648 1031 159 24 freshwater
830 1032 91 31 plants
944 1032 54 24 and

139 1077 69 25 shell
228 1076 61 29 fish,
304 1076 54 25 and
378 1085 68 16 even
465 1076 74 33 frogs
559 1076 53 24 and
629 1076 110 29 lizards,
755 1076 133 33 although
900 1076 21 25 it
935 1086 63 24 may

140 1123 33 24 be
186 1126 104 21 remote
303 1121 70 25 from
388 1131 53 23 any
455 1121 79 25 other
552 1121 83 33 pond,
651 1121 54 25 and
725 1126 26 20 at
772 1131 34 15 an
821 1121 136 26 elevation
971 1122 28 25 of

140 1176 50 23 400
212 1176 30 16 or
263 1175 50 24 500
335 1167 52 25 feet
413 1167 88 25 above
526 1167 47 25 the
598 1167 69 25 level
693 1167 26 25 of
744 1167 47 25 the
816 1168 182 32 surrounding

187 1259 10 23 I
221 1267 68 15 once
312 1258 135 24 observed
469 1258 48 24 the
540 1266 75 16 same
634 1258 174 32 phenomena
828 1258 27 24 in
878 1267 16 16 a
919 1259 77 24 small

138 1303 62 25 hole
214 1303 29 25 of
262 1308 94 24 water,
370 1303 60 25 half
449 1312 61 24 way
523 1303 80 26 down
623 1312 16 16 a
657 1303 69 33 path
745 1308 27 20 at
793 1304 46 25 the
858 1308 68 22 west
945 1304 51 25 end

138 1348 29 25 of
178 1348 158 25 Whitecliff
346 1349 68 31 Bay,
430 1352 27 21 at
471 1348 47 25 the
529 1347 127 33 junction
670 1348 30 25 of
715 1349 47 24 the
782 1349 89 25 Chalk
884 1350 54 25 and
951 1350 45 25 the

139 1394 136 32 Tertiary,
289 1393 69 25 from
377 1393 91 26 which
488 1394 10 24 I
521 1394 155 32 attempted
695 1398 28 21 to
743 1394 88 30 drink,
846 1396 48 23 but
914 1395 82 24 found

137 1438 21 25 it
181 1447 30 16 so
235 1438 113 25 stocked
370 1438 67 25 with
455 1439 127 31 tadpoles
603 1439 55 24 and
678 1439 79 25 other
777 1444 139 21 creatures
936 1441 60 24 that

139 1483 11 24 I
165 1491 57 16 was
235 1482 109 32 obliged
358 1486 27 21 to
399 1491 65 23 pass
479 1491 34 16 on
526 1483 117 25 without
657 1483 153 33 refreshing
822 1485 105 31 myself.

184 1527 59 24 The
264 1528 93 31 gravel
377 1536 36 15 on
435 1528 47 24 the
502 1528 49 24 hill
573 1532 63 28 tops
659 1537 35 16 on
713 1529 48 24 the
784 1529 132 26 southern
939 1530 59 25 side

138 1571 30 25 of
183 1572 48 24 the
251 1572 93 24 Island
358 1580 117 24 appears
495 1576 29 20 to
546 1574 34 23 be
599 1573 47 24 the
665 1582 76 16 same
761 1583 50 24 age
829 1584 31 16 as
878 1575 81 26 those
971 1575 28 26 of

137 1616 47 24 the
209 1617 105 23 central
339 1616 85 32 ridge,
451 1617 53 24 and
529 1617 66 25 with
627 1618 75 24 them
728 1619 122 32 perhaps
875 1629 64 25 may
964 1622 34 24 be

137 1660 127 24 included
278 1660 47 24 the
338 1661 90 32 valley
441 1661 123 32 deposits
579 1662 29 24 of
623 1662 92 26 which
731 1664 9 23 I
756 1664 71 26 have
848 1666 112 30 spoken.

336 1710 97 16 White's
558 1712 81 20 History
650 1712 20 17 of
