1117 1922
372 188 55 15 THE
449 187 88 16 UPPER
557 186 177 17 GREENSAND.

127 188 33 23 90

128 260 126 32 slightest
273 264 143 28 monetary
434 259 81 24 value
534 267 31 15 as
590 266 33 16 an
650 256 96 25 article
770 255 30 25 of
823 261 164 19 commerce.

129 305 83 27 Such,
227 302 134 31 however,
377 313 98 23 proves
495 308 27 19 to
543 303 33 24 be
596 303 46 24 the
662 302 64 27 fact,
742 301 22 24 if
774 309 40 16 we
829 308 63 24 may
903 298 86 33 judge

128 350 30 25 of
173 350 47 25 the
239 350 96 25 labour
354 348 90 26 which
464 348 22 25 is
505 347 123 33 engaged
648 352 27 19 to
695 354 117 25 procure
830 345 30 24 it.
906 344 84 25 Some

129 394 132 25 scientific
273 395 125 31 explorer
410 393 30 25 of
450 402 49 16 our
513 392 90 25 island
615 397 138 19 treasures
767 390 104 32 having
881 388 108 25 carried

129 440 70 24 back
212 439 66 24 with
297 438 56 25 him
373 442 29 21 to
421 438 117 25 London
559 446 15 15 a
594 436 139 32 specimen
751 435 29 25 of
797 435 78 24 these
888 434 100 28 fossils,

129 494 33 15 an
186 484 120 33 analysis
325 484 29 24 of
376 483 70 25 their
469 486 166 29 component
658 486 77 27 parts
760 479 156 26 warranted
942 479 48 25 the

129 529 179 33 expenditure
321 529 29 24 of
366 532 61 21 vast
443 536 75 16 sums
532 527 28 24 of
577 535 99 24 money
689 525 27 25 in
736 525 79 25 order
829 529 29 21 to
871 533 119 24 procure

129 583 74 15 more
216 583 4 19 ;
241 573 53 25 and
314 573 40 25 for
373 573 47 24 the
438 573 53 23 last
510 573 77 23 three
607 572 90 24 weeks
715 574 76 29 great
813 571 131 24 numbers
963 569 29 26 of

128 620 150 26 labourers,
289 618 70 25 their
371 618 83 24 wives
467 618 54 23 and
534 616 133 29 children,
679 616 70 24 have
761 617 69 23 been
843 615 147 33 employed

129 663 82 34 daily,
220 664 47 25 the
279 663 100 25 former
393 663 26 24 in
433 662 143 33 removing
585 662 47 24 the
646 670 87 24 upper
745 661 50 24 soil
809 661 54 24 and
877 660 113 33 digging

129 717 37 24 up
187 708 47 25 the
259 707 126 32 required
410 706 135 28 material,
571 706 48 25 the
643 706 82 24 latter
747 706 27 23 in
800 705 113 33 picking
935 706 55 24 and

129 752 93 33 sifting
240 752 30 29 it,
284 756 180 29 preparatory
478 756 28 20 to
526 751 35 25 its
581 750 81 33 being
681 750 143 33 exported,
838 750 41 24 for
898 750 92 25 which

129 797 191 33 preparations
341 805 46 17 are
406 805 61 17 now
487 796 120 32 making.
646 796 59 25 The
725 795 96 26 article
840 795 40 25 for
899 795 91 25 which

129 843 65 33 they
206 852 46 15 are
266 843 144 31 searching
424 842 23 24 is
460 841 100 33 chiefly
573 841 150 32 composed
741 840 29 26 of
786 840 75 26 fossil
878 842 111 24 Ammo-

129 887 80 29 nites,
230 888 53 24 and
306 888 47 23 the
375 886 77 25 veins
477 886 29 25 of
523 890 87 21 strata
630 886 27 24 in
682 886 91 24 which
798 886 66 33 the)*
884 885 34 25 lie
944 894 46 16 are

129 932 68 26 from
212 942 50 16 one
281 937 29 20 to
328 932 77 25 three
424 932 53 25 feet
497 932 25 24 in
543 932 150 24 thickness.
732 932 59 24 The
805 932 84 24 shells
902 932 88 24 them-

129 979 88 25 selves
230 987 66 17 vary
311 978 25 24 in
351 978 54 25 size
425 977 68 26 from
514 978 46 25 the
579 977 170 26 dimensions
769 977 28 25 of
814 986 16 15 a
847 977 143 25 hazel-nut

129 1028 28 20 to
171 1023 46 25 the
231 1023 132 25 diameter
377 1022 29 25 of
423 1032 15 15 a
458 1032 127 16 common
605 1022 194 32 dinner-plate,
814 1023 49 25 but
879 1032 41 16 we
934 1032 56 16 saw

129 1077 16 15 a
164 1068 138 33 specimen
326 1069 55 31 dug
399 1067 69 25 from
488 1068 55 24 this
566 1072 62 28 spot
654 1072 47 20 not
721 1069 65 31 long
806 1067 75 25 since
899 1068 91 24 which

129 1122 55 16 was
210 1121 30 16 as
266 1114 73 31 large
366 1121 29 16 as
417 1113 47 24 the
489 1117 48 28 top
562 1112 30 25 of
614 1121 15 16 a
654 1113 143 24 tea-table.
836 1113 60 24 The
918 1117 72 21 most

129 1158 103 32 perfect
259 1158 85 24 shells
369 1166 46 16 are
439 1158 148 32 preserved
614 1158 39 24 for
679 1158 47 24 the
747 1157 126 25 cabinets
892 1158 30 24 of
944 1158 47 25 the

130 1203 110 24 curious
253 1212 4 20 ;
290 1203 46 24 the
362 1203 102 24 broken
490 1203 101 32 pieces,
617 1203 92 24 which
736 1212 61 15 now
822 1207 114 21 amount
962 1207 29 22 to

131 1248 105 24 several
259 1252 61 20 tons
339 1247 110 33 weight,
469 1257 46 15 are
537 1247 133 34 carefully
689 1248 147 32 separated
856 1248 68 25 from
945 1249 46 25 the

131 1296 165 21 extraneous
322 1297 109 23 matter,
458 1293 53 24 and
538 1293 99 31 placed
667 1294 36 32 by
728 1293 168 26 themselves
923 1294 26 25 in
976 1303 15 16 a

131 1338 72 31 heap
228 1337 83 33 ready
336 1337 40 25 for
405 1338 184 32 exportation.
648 1339 60 24 The
739 1343 62 28 spot
829 1339 23 24 is
884 1340 108 33 strictly

129 1383 131 32 guarded,
290 1387 46 20 not
362 1384 65 32 only
450 1392 34 15 on
516 1384 47 24 the
588 1384 123 33 working
736 1385 78 33 days,
841 1385 49 24 but
916 1394 76 16 more

131 1427 180 33 particularly
329 1436 34 16 on
384 1429 46 23 the
450 1429 135 24 Sabbath.
633 1429 59 24 The
712 1434 104 21 utmost
836 1439 113 25 secrecy
968 1430 24 26 is

131 1473 134 24 observed
284 1473 36 33 by
333 1473 47 24 the
399 1473 150 33 principals
569 1484 30 15 as
612 1475 61 25 well
692 1484 31 16 as
742 1475 47 25 the
806 1477 185 28 overlookers,

133 1526 29 15 as
185 1522 27 20 to
235 1518 47 24 the
305 1527 46 15 use
376 1523 28 20 to
427 1518 89 25 which
539 1519 21 24 it
583 1519 22 25 is
631 1519 131 26 intended
785 1525 29 20 to
836 1523 84 32 apply
946 1523 46 24 the

133 1563 154 28 collection,
302 1565 53 23 and
375 1573 35 16 no
430 1566 212 31 interrogations
662 1567 140 25 whatever
822 1577 52 15 can
888 1568 75 25 elicit
977 1578 15 16 a

132 1608 176 34 satisfactory
328 1618 113 16 answer.
492 1611 91 24 When
603 1611 46 25 the
676 1617 5 9 '
693 1612 109 33 diggins
813 1614 4 8 '
839 1613 58 26 first
918 1623 73 16 com-

134 1654 122 28 menced,
270 1653 56 25 this
345 1654 121 33 singular
486 1660 117 20 stratum
641 1658 122 31 cropped
781 1663 48 20 out
841 1659 4 8 '
867 1668 65 16 near
946 1660 46 25 the

133 1698 115 29 surface,
272 1706 53 18 ana
348 1708 56 16 was
426 1700 85 33 easily
534 1708 27 18 to
587 1702 33 25 be
646 1704 144 29 procured,
815 1704 48 26 but
890 1714 30 16 as
946 1705 46 27 the
