1117 1922
457 545 188 23 PREFACE;

124 734 119 26 During
275 736 46 24 the
354 745 80 23 years
470 738 130 31 1881-2-3,
636 738 10 23 I
681 737 154 31 published,
868 737 26 24 in
928 738 46 24 the

122 789 48 25 Isle
200 790 28 33 of
257 791 86 32 Wight
373 792 146 29 Advertiser,
553 801 15 15 a
602 792 82 24 series
716 792 29 24 of
775 793 94 24 letters
901 802 72 23 upon

123 846 133 33 Geology,
282 848 105 24 several
419 847 29 25 of
475 848 89 24 which
595 848 178 32 particularly
799 848 118 24 referred
946 852 29 21 to

122 901 61 25 that
196 901 30 25 of
242 902 46 25 the
303 903 53 24 Isle
370 903 28 24 of
415 903 105 32 Wight.
559 904 35 23 At
608 904 46 23 the
669 903 166 24 solicitation
848 903 30 25 of
894 912 81 25 many

122 956 101 26 friends
242 958 54 24 and
318 959 119 29 readers,
459 959 55 24 and
536 959 91 33 seeing
648 960 60 24 that
730 960 48 23 Dr.
802 960 138 23 Mantell's
942 974 33 3 —

121 1013 47 24 the
188 1014 63 32 only
264 1015 116 31 popular
399 1015 74 24 work
494 1023 35 16 on
547 1015 46 24 the
614 1015 105 32 subject
722 1030 34 2 —
757 1023 56 16 was
829 1015 146 32 published

120 1069 95 33 nearly
240 1069 71 33 forty
339 1078 79 24 years
528 1070 11 24 I
565 1070 71 25 have
661 1070 114 25 decided
799 1070 67 25 with
892 1070 82 25 much

121 1124 144 25 diffidence
285 1129 28 20 to
338 1126 153 32 re-publish
516 1126 77 24 these
618 1126 94 24 letters
732 1126 27 24 in
785 1126 45 25 the
855 1126 68 24 form
949 1126 28 24 of

120 1188 15 16 a
150 1181 121 31 Popular
285 1181 91 25 Guide
394 1185 29 20 to
442 1181 46 25 the
508 1181 123 33 Geology
645 1181 29 25 of
690 1181 46 25 the
757 1181 52 25 Isle
823 1181 28 25 of
868 1181 105 33 Wight.

120 1236 54 25 For
200 1237 128 32 upwards
353 1236 29 26 of
410 1237 87 33 thirty
520 1246 79 24 years
624 1247 45 23 my
694 1246 79 23 spare
797 1237 83 25 hours
904 1237 71 25 have

118 1292 69 25 been
208 1292 102 32 passed
332 1292 27 25 in
383 1292 48 25 the
453 1293 83 32 study
555 1292 30 26 of
607 1292 160 33 Geological
791 1293 182 31 phenomena,

118 1348 54 25 and
194 1348 28 25 in
247 1348 146 33 collecting
418 1348 111 32 organic
555 1348 119 25 remains
698 1348 69 25 from
792 1348 47 25 the
863 1348 110 26 various

117 1404 124 32 deposits
266 1403 30 26 of
318 1413 46 24 my
388 1403 116 26 district.
542 1404 60 25 The
627 1403 125 33 splendid
776 1403 74 25 work
875 1403 29 25 of
928 1403 46 25 the

117 1459 56 26 late
191 1459 142 26 Professor
353 1460 120 25 Edward
499 1461 112 28 Forbes,
632 1459 208 33 supplemented
859 1460 36 32 by
912 1459 61 25 that

117 1515 29 25 of
170 1516 52 24 Mr.
249 1515 127 30 Bristow,
403 1516 54 24 and
481 1516 47 24 the
555 1524 82 25 many
663 1516 108 24 smaller
796 1516 88 24 works
911 1515 61 25 that

117 1572 71 25 have
201 1573 69 24 been
282 1572 110 25 written
407 1581 35 16 on
461 1573 47 24 the
527 1573 115 31 subject,
657 1571 54 25 will
724 1572 102 32 always
839 1572 34 24 be
885 1572 86 24 books

116 1628 30 25 of
165 1628 138 25 reference
327 1628 40 25 for
393 1628 46 26 the
464 1629 110 25 student
586 1638 4 19 ;
618 1628 53 24 and
695 1628 106 32 though
827 1628 11 24 I
864 1628 35 24 do
924 1632 46 21 not

117 1693 126 24 presume
256 1689 28 21 to
298 1685 79 32 place
391 1684 99 33 myself
501 1688 126 28 amongst
641 1683 68 25 such
723 1683 117 25 devoted
853 1684 119 25 workers
