1117 1922
471 196 87 17 THIRD
578 197 130 16 DIVISION.

983 195 31 25 77

163 268 53 24 bed
231 268 45 33 (by
289 267 90 25 which
393 268 48 24 Dr.
458 269 115 24 Mantell
586 270 137 31 proposed
735 273 29 20 to
777 277 79 16 name
869 269 47 24 the
928 269 88 25 whole

163 312 30 25 of
202 313 46 24 the
262 312 131 33 deposits)
402 321 5 21 ;
422 313 90 24 which
523 313 22 24 is
556 313 68 25 after
635 315 35 23 all
679 315 49 23 but
739 322 16 16 a
764 322 65 24 very
840 313 176 25 subordinate

163 358 121 24 member
303 357 29 24 of
351 358 46 23 the
419 366 95 24 group,
538 358 151 33 consisting
710 359 101 32 merely
829 358 29 24 of
879 367 15 15 a
916 358 53 24 bed
990 358 31 24 of

163 402 69 24 hard
245 402 150 24 laminated
414 403 158 28 sandstone,
589 403 68 24 from
677 403 52 24 8in.
743 407 29 20 to
784 403 53 31 gin.
851 402 76 24 thick
938 411 5 20 ;
963 402 53 24 and

163 456 15 14 a
198 447 73 32 layer
291 446 29 24 of
337 447 60 32 Rag
416 447 53 32 gin.
488 447 85 29 thick,
588 447 152 25 succeeded
759 448 36 32 by
807 456 34 15 an
861 456 85 23 upper
965 447 52 25 bed

163 491 30 24 of
208 491 46 24 the
269 500 75 16 same
357 491 169 33 lithological
546 492 152 29 character,
712 493 46 24 the
772 492 87 25 whole
872 491 147 33 averaging

164 537 84 24 about
274 541 55 21 two
354 536 53 26 feet
432 537 27 25 in
484 537 149 26 thickness.
682 537 68 25 This
772 538 53 24 bed
843 546 56 17 was
921 538 98 32 locally

163 580 88 25 called
308 580 144 26 Firestone
507 582 36 33 by
567 582 46 25 the
642 582 46 25 old
716 581 171 26 inhabitants
915 581 29 26 of
972 581 47 26 the

165 625 160 29 Undercliff,
341 626 54 25 and
408 626 67 25 used
493 635 31 16 as
542 635 16 16 a
578 626 148 25 substitute
745 626 39 25 for
800 626 91 25 bricks
906 626 39 25 for
958 626 62 25 fire*

165 672 93 31 places
272 671 53 25 and
339 671 47 25 the
399 672 123 24 bottoms
535 672 29 24 of
574 680 93 16 ovens.

210 716 59 25 The
283 716 138 31 following
431 716 91 25 fossils
536 726 45 15 are
595 716 83 26 found
691 717 28 25 in
733 716 55 26 this
802 716 117 26 division
929 726 5 15 :
937 731 32 4 —

164 784 165 24 Ammonites
342 786 131 22 rostratus

232 837 15 10 ,,
341 818 137 31 splendens
489 818 37 31 (?)

163 852 124 22 Nautilus
301 852 117 22 radiatus

617 784 176 32 Hopoloparia
808 783 94 32 Saxbyi

616 818 190 23 Vermicularia

617 853 96 23 Pecten
727 860 37 23 sp.

618 887 162 22 Ammonites
792 887 125 22 rostratus

215 905 15 10 ,,
301 886 214 32 psendo-elegans

164 920 97 23 Pecten
274 920 153 23 orbicularis

687 939 13 9 „
788 927 101 16 varians

617 953 123 33 Trigonia
753 962 37 23 sp.

618 987 150 25 Cardiaster
782 986 39 30 (?)

215 973 15 11 „
278 954 136 32 elongatus

164 988 132 23 Cucullæa

165 1023 123 31 Gyrodus

164 1056 150 24 Clathraria
328 1056 84 32 Lyelli

164 1091 82 23 Bulbs
270 1091 53 23 and
347 1094 82 19 stems
449 1089 27 24 of
499 1090 71 31 large

197 1124 128 32 spongoid
337 1124 91 24 bodies

165 1159 128 32 Siphonia
306 1158 133 24 Websteri

164 1194 97 22 Pecten
280 1192 154 24 orbicularis

618 1021 127 32 Panopæa
763 1030 38 23 sp.

617 1055 164 22 Ammonites
793 1055 128 22 rostratus

794 1088 106 22 inflatus

796 1130 36 23 sp.

618 1157 127 31 Panopæa
759 1156 95 32 plicata

620 1191 109 31 Serpula
740 1191 136 30 antiquata

619 1224 126 31 Siphonia
759 1224 125 23 Websteri

164 1228 123 30 Exogyra

385 1329 79 24 Third
481 1328 114 24 Division
615 1327 90 31 (Chert
722 1326 87 32 Beds).

200 1391 69 26 This
282 1390 119 26 division
420 1390 119 25 consists
558 1389 29 24 of
603 1388 68 25 from
690 1390 103 30 twenty
805 1390 29 22 to
847 1384 174 34 twenty-four

165 1437 68 25 beds
247 1436 29 25 of
295 1436 77 25 chert
392 1435 54 25 and
466 1434 150 25 laminated
635 1432 127 25 siliceous
782 1431 148 25 sandstone
943 1430 79 24 alter-

164 1482 98 32 nating
285 1481 67 25 with
380 1480 69 25 each
478 1479 78 25 other
589 1478 53 24 and
667 1486 66 24 very
757 1476 134 32 unevenly
915 1474 107 26 bedded

164 1528 180 32 throughout,
371 1534 75 16 some
471 1524 30 26 of
524 1524 47 25 the
596 1523 67 25 beds
688 1522 114 33 varying
826 1521 27 24 in
882 1520 140 25 thickness

164 1573 70 26 from
254 1582 15 16 a
289 1572 51 26 few
352 1571 96 25 inches
467 1574 28 21 to
515 1574 54 20 two
589 1569 61 29 feet,
665 1568 46 25 the
727 1576 89 16 seams
834 1566 30 25 of
879 1566 47 25 the
944 1565 79 24 sand-

164 1623 80 21 stone
269 1617 83 32 being
376 1614 208 27 interstratified
610 1613 67 25 with
701 1613 75 31 large
801 1610 172 27 concretions
998 1609 28 24 of

165 1666 70 32 Rag,
249 1664 27 25 in
296 1664 48 24 the
367 1669 75 19 Same
463 1661 54 25 line
539 1660 30 25 of
586 1658 129 33 bedding.
752 1657 60 25 The
830 1657 89 33 layers
931 1655 30 25 of
976 1655 47 25 the

164 1710 150 26 sandstone
327 1716 69 24 vary
409 1706 83 26 much
506 1705 27 25 in
547 1704 149 26 thickness.
