1117 1922
236 206 2 2 50

448 183 57 16 the
526 183 97 16 lower
643 181 179 18 greensand.

204 264 63 17 ness
279 255 31 26 of
320 256 85 25 about
419 264 50 17 200
479 255 53 26 feet
543 265 5 20 ;
563 255 46 25 the
623 254 106 25 Middle
742 253 55 25 and
811 253 109 27 Lower,
930 259 51 17 200
994 249 54 25 feet
1061 258 4 20 ;

203 301 48 25 the
265 302 96 32 Upper
375 301 172 28 Greensand,
565 309 47 16 100
631 300 52 25 feet
697 309 4 20 ;
723 299 54 25 and
794 298 47 25 the
856 297 86 26 Gault
957 303 33 25 50
1003 295 62 25 feet.

203 347 158 32 According
382 350 29 21 to
433 346 56 25 this
511 349 149 22 statement
681 345 47 25 the
751 344 86 26 Gault
860 343 65 25 here
948 349 117 25 appears

202 395 29 20 to
254 391 72 25 have
344 392 53 24 lost
416 391 61 25 half
492 391 36 25 its
547 390 151 29 thickness,
719 398 29 16 as
769 387 150 33 compared
939 391 29 21 to
987 386 78 25 other

204 436 119 25 sections
337 436 27 25 in
378 436 47 25 the
439 436 104 28 Island,
557 436 91 25 where
666 435 21 25 it
704 442 132 24 averages
856 441 65 17 over
942 441 48 16 100
1002 431 63 26 feet.

203 481 60 25 The
293 482 89 24 Perna
413 482 68 25 beds
507 481 169 32 correspond
704 480 68 25 with
800 480 80 24 those
909 478 30 25 of
968 478 97 25 Ather-

203 526 72 29 field,
287 526 54 25 and
355 526 111 25 contain
477 526 104 25 similar
591 525 99 26 fossils.
722 525 61 25 The
793 524 138 25 Wealden
942 523 123 33 deposits

203 579 107 25 occupy
332 570 47 26 the
400 570 104 26 middle
525 570 29 26 of
573 571 47 25 the
643 571 70 32 Bay,
728 570 54 25 and
804 578 36 16 on
862 568 48 26 the
929 572 67 22 west
1018 568 47 25 the

203 616 83 24 sands
300 616 54 24 and
367 616 77 33 clays
457 616 29 24 of
500 616 48 24 the
562 617 98 23 Lower
675 615 164 25 Greensand
852 623 144 23 reappear,
1011 613 54 26 and

202 661 69 23 form
291 662 47 22 the
361 662 69 22 cliffs
449 661 68 23 from
539 662 139 22 Sandown
698 665 28 19 to
747 660 144 24 Shanklin.

250 706 137 26 Sandown
411 707 60 33 Bay
490 706 161 33 comprises,
665 706 145 28 therefore,
825 715 16 15 a
860 706 102 24 double
981 705 82 25 series

201 751 30 26 of
248 752 124 32 deposits
394 752 30 25 of
443 752 46 26 the
510 753 169 24 Cretaceous
693 756 113 29 system,
825 752 108 25 thrown
952 751 58 25 into
1030 760 33 15 an

201 797 143 25 anticlinal
358 797 59 25 axis
436 798 36 33 by
485 798 47 24 the
552 797 137 25 elevation
707 797 29 25 of
753 797 47 25 the
813 797 146 29 Wealden,
974 797 89 25 which

201 843 165 25 constitutes
380 843 47 25 the
447 843 59 25 axis
526 843 29 25 of
572 844 48 24 the
638 843 54 25 line
712 843 29 25 of
760 847 87 21 coast.
886 844 60 24 One
959 843 104 24 section

201 888 30 25 of
251 888 79 25 these
355 888 172 33 ferruginous
553 892 88 21 strata
673 888 85 25 forms
786 897 15 16 a
826 897 67 25 very
917 888 68 34 lofty
1010 889 53 24 and

201 933 210 33 perpendicular
431 933 64 30 cliff,
516 933 203 33 distinguished
738 934 37 33 by
792 934 47 24 the
858 942 81 17 name
957 933 30 26 of
1004 934 59 25 Red

201 979 72 30 Cliff,
287 978 91 27 which
400 980 82 25 bears
502 988 16 16 a
538 979 117 33 striking
676 983 123 22 contrast
819 983 29 22 to
867 979 80 26 those
969 979 30 26 of
1017 979 46 25 the

201 1024 200 34 neighbouring
426 1025 82 24 chalk
533 1025 78 24 cliffs.
649 1025 60 24 The
732 1026 82 24 lower
836 1025 110 33 portion
969 1025 29 25 of
1017 1026 46 24 the

201 1074 88 21 strata
307 1074 71 21 rests
398 1079 74 24 upon
492 1071 47 24 the
553 1071 145 24 Wealden.
736 1071 39 24 As
794 1074 28 22 at
837 1071 153 25 Atherfield
1010 1071 53 25 and

202 1116 139 32 Compton
362 1116 69 33 Bay,
445 1115 21 26 it
482 1115 120 26 consists
620 1115 31 26 of
669 1121 55 21 two
743 1117 76 29 beds,
835 1126 34 15 an
891 1117 96 32 Upper
1009 1117 54 25 and

203 1161 107 25 Lower.
357 1161 59 25 The
440 1162 99 25 Lower
565 1161 22 25 is
610 1162 84 25 much
720 1162 161 32 permeated
908 1162 67 25 with
994 1161 68 31 iron,

202 1205 91 26 whilst
317 1206 48 25 the
386 1207 96 32 Upper
508 1207 23 24 is
557 1208 84 24 much
660 1208 109 24 harder.
811 1209 80 33 They
913 1217 45 16 are
979 1209 83 24 about

202 1251 48 25 the
271 1259 76 17 same
374 1252 150 29 thickness,
547 1253 81 33 being
658 1254 84 25 about
770 1253 54 26 five
848 1253 54 26 feet
928 1255 134 32 together,

203 1296 55 25 and
283 1305 45 16 are
354 1306 66 24 very
444 1297 188 30 fossiliferous,
658 1298 29 26 of
712 1299 91 26 which
829 1300 47 25 the
902 1300 160 25 undermen-

201 1341 94 26 tioned
321 1351 45 16 are
386 1343 47 25 the
452 1348 72 21 most
543 1344 210 25 characteristic
764 1355 5 14 :
772 1361 35 2 —

202 1437 93 25 Corbis
310 1441 138 27 corrngata

202 1471 123 32 Trigonia
339 1472 114 25 dædalea

254 1524 14 11 ,,
339 1507 139 24 alæformis

203 1540 114 32 Gryphæ
330 1540 102 24 sinuata

201 1573 75 24 Lima
290 1574 94 32 (spec.)

201 1607 110 32 Mytilus
325 1608 157 26 lanceolatus

201 1641 63 32 Mya
278 1645 122 22 truncata

201 1676 168 23 Terebratula
383 1677 61 22 sella

657 1442 107 24 Astarte
777 1443 111 25 obovata

660 1476 88 22 Venus

658 1510 150 32 Holucystis
822 1512 103 32 elegans

659 1544 85 24 Perna
759 1546 104 24 Mnlleti

657 1578 124 24 Nautilus
794 1580 119 24 radiatus

658 1612 95 24 Pecten
769 1614 234 33 quinqneeostatus

658 1645 114 31 Gryphœ
786 1648 105 26 sinuata
