<?xml version="1.0" encoding="UTF-8"?>
<alto xmlns:xsi="http://www.w3.org/2001/XMLSchema-instance" xsi:noNamespaceSchemaLocation="http://www.bl.uk/schemas/alto/alto-1-4.xsd" xmlns:xlink="http://www.w3.org/1999/xlink">
	<Description>
		<MeasurementUnit>mm10</MeasurementUnit>
		<sourceImageInformation>
			<fileName>//head1/IN/2008-16/A0011467890/006535.jp2</fileName>
		</sourceImageInformation>
		<OCRProcessing ID="OCRPROCESSING_1">
			<preProcessingStep>
				<processingSoftware>
					<softwareCreator>CCS Content Conversion Specialists GmbH, Germany</softwareCreator>
					<softwareName>CCS docWORKS</softwareName>
					<softwareVersion>6.1-0.67</softwareVersion>
				</processingSoftware>
			</preProcessingStep>
			<ocrProcessingStep>
				<processingSoftware>
					<softwareCreator>ABBYY (BIT Software), Russia</softwareCreator>
					<softwareName>Finereader</softwareName>
				</processingSoftware>
			</ocrProcessingStep>
		</OCRProcessing>
	</Description>
	<Styles>
		<TextStyle ID="TXT_0" FONTSIZE="9" FONTFAMILY="Courier New"/>
		<TextStyle ID="TXT_1" FONTSIZE="11" FONTFAMILY="Courier New"/>
		<ParagraphStyle ID="PAR_CENTER" ALIGN="Center"/>
		<ParagraphStyle ID="PAR_RIGHT" ALIGN="Right"/>
		<ParagraphStyle ID="PAR_LEFT" ALIGN="Left"/>
	</Styles>
	<Layout>
		<Page ID="P47" PHYSICAL_IMG_NR="47" HEIGHT="1922" WIDTH="1117" PRINTED_IMG_NR="27" POSITION="Right" ACCURACY="91.16">
			<TopMargin ID="P47_TM00001" HPOS="0" VPOS="0" WIDTH="1116" HEIGHT="199">
				<TextBlock ID="P47_TB00001" HPOS="409" VPOS="172" WIDTH="335" HEIGHT="19" STYLEREFS="TXT_0 PAR_CENTER">
					<TextLine ID="P47_TL00001" HPOS="410" VPOS="174" WIDTH="334" HEIGHT="17">
						<String ID="P47_ST00001" HPOS="410" VPOS="174" WIDTH="91" HEIGHT="17" CONTENT="perna" WC="0.71" CC="14080"/>
						<SP ID="P47_SP00001" HPOS="501" VPOS="191" WIDTH="19"/>
						<String ID="P47_ST00002" HPOS="520" VPOS="174" WIDTH="126" HEIGHT="17" CONTENT="mulleti" WC="0.41" CC="5593294"/>
						<SP ID="P47_SP00002" HPOS="646" VPOS="191" WIDTH="20"/>
						<String ID="P47_ST00003" HPOS="666" VPOS="174" WIDTH="78" HEIGHT="17" CONTENT="beds." WC="0.77" CC="60500"/>
					</TextLine>
				</TextBlock>
				<TextBlock ID="P47_TB00002" HPOS="976" VPOS="173" WIDTH="30" HEIGHT="25" STYLEREFS="TXT_1 PAR_RIGHT">
					<TextLine ID="P47_TL00002" HPOS="976" VPOS="173" WIDTH="30" HEIGHT="25">
						<String ID="P47_ST00004" HPOS="976" VPOS="173" WIDTH="30" HEIGHT="25" CONTENT="27" WC="1.00" CC="00"/>
					</TextLine>
				</TextBlock>
			</TopMargin>
			<LeftMargin ID="P47_LM00001" HPOS="0" VPOS="199" WIDTH="147" HEIGHT="1525"/>
			<RightMargin ID="P47_RM00001" HPOS="1012" VPOS="199" WIDTH="104" HEIGHT="1525"/>
			<BottomMargin ID="P47_BM00001" HPOS="0" VPOS="1724" WIDTH="1116" HEIGHT="197"/>
			<PrintSpace ID="P47_PS00001" HPOS="147" VPOS="199" WIDTH="865" HEIGHT="1525">
				<TextBlock ID="P47_TB00003" HPOS="147" VPOS="242" WIDTH="862" HEIGHT="531" STYLEREFS="TXT_0 PAR_LEFT">
					<TextLine ID="P47_TL00003" HPOS="149" VPOS="242" WIDTH="858" HEIGHT="37">
						<String ID="P47_ST00005" HPOS="149" VPOS="242" WIDTH="96" HEIGHT="26" CONTENT="inches" WC="0.78" CC="530400"/>
						<SP ID="P47_SP00003" HPOS="245" VPOS="268" WIDTH="22"/>
						<String ID="P47_ST00006" HPOS="267" VPOS="244" WIDTH="89" HEIGHT="25" CONTENT="above" WC="0.84" CC="00070"/>
						<SP ID="P47_SP00004" HPOS="356" VPOS="269" WIDTH="21"/>
						<String ID="P47_ST00007" HPOS="377" VPOS="245" WIDTH="79" HEIGHT="24" CONTENT="there" WC="0.98" CC="00000"/>
						<SP ID="P47_SP00005" HPOS="456" VPOS="269" WIDTH="21"/>
						<String ID="P47_ST00008" HPOS="477" VPOS="244" WIDTH="24" HEIGHT="26" CONTENT="is" WC="0.83" CC="30"/>
						<SP ID="P47_SP00006" HPOS="501" VPOS="270" WIDTH="21"/>
						<String ID="P47_ST00009" HPOS="522" VPOS="253" WIDTH="15" HEIGHT="17" CONTENT="a" WC="0.57" CC="4"/>
						<SP ID="P47_SP00007" HPOS="537" VPOS="270" WIDTH="23"/>
						<String ID="P47_ST00010" HPOS="560" VPOS="249" WIDTH="118" HEIGHT="21" CONTENT="stratum" WC="0.91" CC="0050000"/>
						<SP ID="P47_SP00008" HPOS="678" VPOS="270" WIDTH="22"/>
						<String ID="P47_ST00011" HPOS="700" VPOS="245" WIDTH="30" HEIGHT="25" CONTENT="of" WC="1.00" CC="00"/>
						<SP ID="P47_SP00009" HPOS="730" VPOS="270" WIDTH="17"/>
						<String ID="P47_ST00012" HPOS="747" VPOS="246" WIDTH="87" HEIGHT="33" CONTENT="sandy" WC="1.00" CC="00000"/>
						<SP ID="P47_SP00010" HPOS="834" VPOS="279" WIDTH="22"/>
						<String ID="P47_ST00013" HPOS="856" VPOS="246" WIDTH="69" HEIGHT="32" CONTENT="clay," WC="0.71" CC="04900"/>
						<SP ID="P47_SP00011" HPOS="925" VPOS="279" WIDTH="20"/>
						<String ID="P47_ST00014" HPOS="945" VPOS="254" WIDTH="62" HEIGHT="16" CONTENT="con" SUBS_TYPE="HypPart1" SUBS_CONTENT="containing" WC="0.87" CC="0102"/>
						<HYP CONTENT="-"/>
					</TextLine>
					<TextLine ID="P47_TL00004" HPOS="149" VPOS="288" WIDTH="860" HEIGHT="33">
						<String ID="P47_ST00015" HPOS="149" VPOS="288" WIDTH="106" HEIGHT="33" CONTENT="taining" SUBS_TYPE="HypPart2" SUBS_CONTENT="containing" WC="0.76" CC="0036600"/>
						<SP ID="P47_SP00012" HPOS="255" VPOS="321" WIDTH="30"/>
						<String ID="P47_ST00016" HPOS="285" VPOS="289" WIDTH="105" HEIGHT="25" CONTENT="marine" WC="0.84" CC="004500"/>
						<SP ID="P47_SP00013" HPOS="390" VPOS="321" WIDTH="32"/>
						<String ID="P47_ST00017" HPOS="422" VPOS="290" WIDTH="91" HEIGHT="24" CONTENT="shells." WC="0.93" CC="0002200"/>
						<SP ID="P47_SP00014" HPOS="513" VPOS="321" WIDTH="50"/>
						<String ID="P47_ST00018" HPOS="563" VPOS="290" WIDTH="60" HEIGHT="25" CONTENT="The" WC="1.00" CC="000"/>
						<SP ID="P47_SP00015" HPOS="623" VPOS="321" WIDTH="30"/>
						<String ID="P47_ST00019" HPOS="653" VPOS="290" WIDTH="125" HEIGHT="25" CONTENT="distance" WC="0.88" CC="03000600"/>
						<SP ID="P47_SP00016" HPOS="778" VPOS="321" WIDTH="31"/>
						<String ID="P47_ST00020" HPOS="809" VPOS="290" WIDTH="123" HEIGHT="25" CONTENT="between" WC="0.69" CC="0097004"/>
						<SP ID="P47_SP00017" HPOS="932" VPOS="321" WIDTH="29"/>
						<String ID="P47_ST00021" HPOS="961" VPOS="290" WIDTH="48" HEIGHT="25" CONTENT="the" WC="1.00" CC="000"/>
					</TextLine>
					<TextLine ID="P47_TL00005" HPOS="149" VPOS="334" WIDTH="859" HEIGHT="33">
						<String ID="P47_ST00022" HPOS="149" VPOS="334" WIDTH="90" HEIGHT="33" CONTENT="layers" WC="1.00" CC="000000"/>
						<SP ID="P47_SP00018" HPOS="239" VPOS="367" WIDTH="15"/>
						<String ID="P47_ST00023" HPOS="254" VPOS="334" WIDTH="30" HEIGHT="25" CONTENT="of" WC="1.00" CC="00"/>
						<SP ID="P47_SP00019" HPOS="284" VPOS="367" WIDTH="16"/>
						<String ID="P47_ST00024" HPOS="300" VPOS="334" WIDTH="135" HEIGHT="25" CONTENT="fluviatile" WC="0.87" CC="0030302300"/>
						<SP ID="P47_SP00020" HPOS="435" VPOS="367" WIDTH="19"/>
						<String ID="P47_ST00025" HPOS="454" VPOS="335" WIDTH="54" HEIGHT="25" CONTENT="and" WC="0.80" CC="050"/>
						<SP ID="P47_SP00021" HPOS="508" VPOS="367" WIDTH="19"/>
						<String ID="P47_ST00026" HPOS="527" VPOS="335" WIDTH="105" HEIGHT="25" CONTENT="marine" WC="0.93" CC="000300"/>
						<SP ID="P47_SP00022" HPOS="632" VPOS="367" WIDTH="22"/>
						<String ID="P47_ST00027" HPOS="654" VPOS="335" WIDTH="83" HEIGHT="25" CONTENT="shells" WC="0.92" CC="010020"/>
						<SP ID="P47_SP00023" HPOS="737" VPOS="367" WIDTH="19"/>
						<String ID="P47_ST00028" HPOS="756" VPOS="335" WIDTH="31" HEIGHT="29" CONTENT="is," WC="0.97" CC="000"/>
						<SP ID="P47_SP00024" HPOS="787" VPOS="367" WIDTH="14"/>
						<String ID="P47_ST00029" HPOS="801" VPOS="334" WIDTH="144" HEIGHT="30" CONTENT="therefore," WC="0.95" CC="0000003200"/>
						<SP ID="P47_SP00025" HPOS="945" VPOS="367" WIDTH="15"/>
						<String ID="P47_ST00030" HPOS="960" VPOS="335" WIDTH="48" HEIGHT="25" CONTENT="but" WC="0.81" CC="050"/>
					</TextLine>
					<TextLine ID="P47_TL00006" HPOS="149" VPOS="378" WIDTH="860" HEIGHT="35">
						<String ID="P47_ST00031" HPOS="149" VPOS="388" WIDTH="16" HEIGHT="16" CONTENT="a" WC="1.00" CC="0"/>
						<SP ID="P47_SP00026" HPOS="165" VPOS="404" WIDTH="26"/>
						<String ID="P47_ST00032" HPOS="191" VPOS="379" WIDTH="52" HEIGHT="26" CONTENT="few" WC="1.00" CC="000"/>
						<SP ID="P47_SP00027" HPOS="243" VPOS="405" WIDTH="24"/>
						<String ID="P47_ST00033" HPOS="267" VPOS="378" WIDTH="105" HEIGHT="31" CONTENT="inches," WC="0.94" CC="3000000"/>
						<SP ID="P47_SP00028" HPOS="372" VPOS="409" WIDTH="27"/>
						<String ID="P47_ST00034" HPOS="399" VPOS="389" WIDTH="31" HEIGHT="16" CONTENT="so" WC="1.00" CC="00"/>
						<SP ID="P47_SP00029" HPOS="430" VPOS="409" WIDTH="32"/>
						<String ID="P47_ST00035" HPOS="462" VPOS="380" WIDTH="61" HEIGHT="26" CONTENT="that" WC="0.86" CC="0500"/>
						<SP ID="P47_SP00030" HPOS="523" VPOS="409" WIDTH="32"/>
						<String ID="P47_ST00036" HPOS="555" VPOS="381" WIDTH="126" HEIGHT="32" CONTENT="portable" WC="0.86" CC="00600040"/>
						<SP ID="P47_SP00031" HPOS="681" VPOS="413" WIDTH="31"/>
						<String ID="P47_ST00037" HPOS="712" VPOS="389" WIDTH="113" HEIGHT="20" CONTENT="masses," WC="1.00" CC="0000000"/>
						<SP ID="P47_SP00032" HPOS="825" VPOS="413" WIDTH="25"/>
						<String ID="P47_ST00038" HPOS="850" VPOS="380" WIDTH="159" HEIGHT="32" CONTENT="containing" WC="0.87" CC="0000020370"/>
					</TextLine>
					<TextLine ID="P47_TL00007" HPOS="149" VPOS="424" WIDTH="859" HEIGHT="35">
						<String ID="P47_ST00039" HPOS="149" VPOS="424" WIDTH="213" HEIGHT="25" CONTENT="characteristic" WC="0.86" CC="00460000030050"/>
						<SP ID="P47_SP00033" HPOS="362" VPOS="449" WIDTH="23"/>
						<String ID="P47_ST00040" HPOS="385" VPOS="425" WIDTH="84" HEIGHT="25" CONTENT="shells" WC="0.98" CC="000000"/>
						<SP ID="P47_SP00034" HPOS="469" VPOS="450" WIDTH="21"/>
						<String ID="P47_ST00041" HPOS="490" VPOS="425" WIDTH="30" HEIGHT="25" CONTENT="of" WC="0.89" CC="20"/>
						<SP ID="P47_SP00035" HPOS="520" VPOS="450" WIDTH="22"/>
						<String ID="P47_ST00042" HPOS="542" VPOS="425" WIDTH="68" HEIGHT="25" CONTENT="both" WC="1.00" CC="0000"/>
						<SP ID="P47_SP00036" HPOS="610" VPOS="450" WIDTH="23"/>
						<String ID="P47_ST00043" HPOS="633" VPOS="425" WIDTH="169" HEIGHT="29" CONTENT="formations," WC="0.82" CC="10290020400"/>
						<SP ID="P47_SP00037" HPOS="802" VPOS="454" WIDTH="23"/>
						<String ID="P47_ST00044" HPOS="825" VPOS="434" WIDTH="63" HEIGHT="25" CONTENT="may" WC="1.00" CC="000"/>
						<SP ID="P47_SP00038" HPOS="888" VPOS="459" WIDTH="21"/>
						<String ID="P47_ST00045" HPOS="909" VPOS="425" WIDTH="35" HEIGHT="25" CONTENT="be" WC="1.00" CC="00"/>
						<SP ID="P47_SP00039" HPOS="944" VPOS="459" WIDTH="20"/>
						<String ID="P47_ST00046" HPOS="964" VPOS="433" WIDTH="44" HEIGHT="17" CONTENT="ex" SUBS_TYPE="HypPart1" SUBS_CONTENT="extracted." WC="0.67" CC="081"/>
						<HYP CONTENT="-"/>
					</TextLine>
					<TextLine ID="P47_TL00008" HPOS="149" VPOS="469" WIDTH="860" HEIGHT="34">
						<String ID="P47_ST00047" HPOS="149" VPOS="469" WIDTH="120" HEIGHT="25" CONTENT="tracted." SUBS_TYPE="HypPart2" SUBS_CONTENT="extracted." WC="0.96" CC="03000000"/>
						<SP ID="P47_SP00040" HPOS="269" VPOS="494" WIDTH="56"/>
						<String ID="P47_ST00048" HPOS="325" VPOS="470" WIDTH="142" HEIGHT="32" CONTENT="Although" WC="0.98" CC="00010000"/>
						<SP ID="P47_SP00041" HPOS="467" VPOS="502" WIDTH="24"/>
						<String ID="P47_ST00049" HPOS="491" VPOS="470" WIDTH="78" HEIGHT="24" CONTENT="these" WC="0.89" CC="04000"/>
						<SP ID="P47_SP00042" HPOS="569" VPOS="502" WIDTH="31"/>
						<String ID="P47_ST00050" HPOS="600" VPOS="478" WIDTH="46" HEIGHT="16" CONTENT="are" WC="1.00" CC="000"/>
						<SP ID="P47_SP00043" HPOS="646" VPOS="502" WIDTH="24"/>
						<String ID="P47_ST00051" HPOS="670" VPOS="474" WIDTH="47" HEIGHT="21" CONTENT="not" WC="1.00" CC="000"/>
						<SP ID="P47_SP00044" HPOS="717" VPOS="502" WIDTH="28"/>
						<String ID="P47_ST00052" HPOS="745" VPOS="470" WIDTH="28" HEIGHT="24" CONTENT="in" WC="0.98" CC="00"/>
						<SP ID="P47_SP00045" HPOS="773" VPOS="502" WIDTH="27"/>
						<String ID="P47_ST00053" HPOS="800" VPOS="479" WIDTH="15" HEIGHT="15" CONTENT="a" WC="1.00" CC="0"/>
						<SP ID="P47_SP00046" HPOS="815" VPOS="502" WIDTH="25"/>
						<String ID="P47_ST00054" HPOS="840" VPOS="471" WIDTH="71" HEIGHT="32" CONTENT="good" WC="0.82" CC="7000"/>
						<SP ID="P47_SP00047" HPOS="911" VPOS="503" WIDTH="27"/>
						<String ID="P47_ST00055" HPOS="938" VPOS="474" WIDTH="71" HEIGHT="21" CONTENT="state" WC="0.97" CC="01000"/>
					</TextLine>
					<TextLine ID="P47_TL00009" HPOS="149" VPOS="513" WIDTH="860" HEIGHT="36">
						<String ID="P47_ST00056" HPOS="149" VPOS="513" WIDTH="30" HEIGHT="25" CONTENT="of" WC="0.98" CC="00"/>
						<SP ID="P47_SP00048" HPOS="179" VPOS="538" WIDTH="17"/>
						<String ID="P47_ST00057" HPOS="196" VPOS="514" WIDTH="190" HEIGHT="32" CONTENT="preservation" WC="0.86" CC="060004400100"/>
						<SP ID="P47_SP00049" HPOS="386" VPOS="546" WIDTH="14"/>
						<String ID="P47_ST00058" HPOS="400" VPOS="523" WIDTH="5" HEIGHT="21" CONTENT=";" WC="1.00" CC="0"/>
						<SP ID="P47_SP00050" HPOS="405" VPOS="546" WIDTH="20"/>
						<String ID="P47_ST00059" HPOS="425" VPOS="515" WIDTH="65" HEIGHT="29" CONTENT="still," WC="0.94" CC="003000"/>
						<SP ID="P47_SP00051" HPOS="490" VPOS="546" WIDTH="15"/>
						<String ID="P47_ST00060" HPOS="505" VPOS="523" WIDTH="83" HEIGHT="24" CONTENT="many" WC="0.96" CC="0010"/>
						<SP ID="P47_SP00052" HPOS="588" VPOS="547" WIDTH="13"/>
						<String ID="P47_ST00061" HPOS="601" VPOS="515" WIDTH="73" HEIGHT="24" CONTENT="slabs" WC="0.90" CC="00040"/>
						<SP ID="P47_SP00053" HPOS="674" VPOS="547" WIDTH="19"/>
						<String ID="P47_ST00062" HPOS="693" VPOS="515" WIDTH="30" HEIGHT="24" CONTENT="of" WC="0.83" CC="03"/>
						<SP ID="P47_SP00054" HPOS="723" VPOS="547" WIDTH="15"/>
						<String ID="P47_ST00063" HPOS="738" VPOS="516" WIDTH="47" HEIGHT="23" CONTENT="the" WC="0.60" CC="650"/>
						<SP ID="P47_SP00055" HPOS="785" VPOS="547" WIDTH="18"/>
						<String ID="P47_ST00064" HPOS="803" VPOS="516" WIDTH="99" HEIGHT="24" CONTENT="harder" WC="0.97" CC="010000"/>
						<SP ID="P47_SP00056" HPOS="902" VPOS="547" WIDTH="19"/>
						<String ID="P47_ST00065" HPOS="921" VPOS="516" WIDTH="88" HEIGHT="33" CONTENT="layers" WC="0.98" CC="100000"/>
					</TextLine>
					<TextLine ID="P47_TL00010" HPOS="149" VPOS="559" WIDTH="860" HEIGHT="34">
						<String ID="P47_ST00066" HPOS="149" VPOS="559" WIDTH="31" HEIGHT="24" CONTENT="of" WC="1.00" CC="00"/>
						<SP ID="P47_SP00057" HPOS="180" VPOS="583" WIDTH="19"/>
						<String ID="P47_ST00067" HPOS="199" VPOS="560" WIDTH="48" HEIGHT="24" CONTENT="the" WC="1.00" CC="000"/>
						<SP ID="P47_SP00058" HPOS="247" VPOS="584" WIDTH="22"/>
						<String ID="P47_ST00068" HPOS="269" VPOS="560" WIDTH="138" HEIGHT="24" CONTENT="Wealden" WC="0.91" CC="0000006"/>
						<SP ID="P47_SP00059" HPOS="407" VPOS="584" WIDTH="24"/>
						<String ID="P47_ST00069" HPOS="431" VPOS="568" WIDTH="65" HEIGHT="25" CONTENT="may" WC="1.00" CC="000"/>
						<SP ID="P47_SP00060" HPOS="496" VPOS="593" WIDTH="23"/>
						<String ID="P47_ST00070" HPOS="519" VPOS="560" WIDTH="34" HEIGHT="24" CONTENT="be" WC="1.00" CC="00"/>
						<SP ID="P47_SP00061" HPOS="553" VPOS="593" WIDTH="26"/>
						<String ID="P47_ST00071" HPOS="579" VPOS="560" WIDTH="143" HEIGHT="29" CONTENT="collected," WC="0.93" CC="0005001000"/>
						<SP ID="P47_SP00062" HPOS="722" VPOS="593" WIDTH="23"/>
						<String ID="P47_ST00072" HPOS="745" VPOS="560" WIDTH="113" HEIGHT="33" CONTENT="bearing" WC="0.89" CC="0002050"/>
						<SP ID="P47_SP00063" HPOS="858" VPOS="593" WIDTH="21"/>
						<String ID="P47_ST00073" HPOS="879" VPOS="570" WIDTH="36" HEIGHT="15" CONTENT="on" WC="1.00" CC="00"/>
						<SP ID="P47_SP00064" HPOS="915" VPOS="593" WIDTH="23"/>
						<String ID="P47_ST00074" HPOS="938" VPOS="560" WIDTH="71" HEIGHT="26" CONTENT="their" WC="0.87" CC="00032"/>
					</TextLine>
					<TextLine ID="P47_TL00011" HPOS="149" VPOS="604" WIDTH="860" HEIGHT="34">
						<String ID="P47_ST00075" HPOS="149" VPOS="604" WIDTH="124" HEIGHT="25" CONTENT="surfaces" WC="0.90" CC="04400000"/>
						<SP ID="P47_SP00065" HPOS="273" VPOS="629" WIDTH="30"/>
						<String ID="P47_ST00076" HPOS="303" VPOS="605" WIDTH="48" HEIGHT="24" CONTENT="the" WC="0.92" CC="020"/>
						<SP ID="P47_SP00066" HPOS="351" VPOS="629" WIDTH="35"/>
						<String ID="P47_ST00077" HPOS="386" VPOS="605" WIDTH="250" HEIGHT="33" CONTENT="diamond-shaped" WC="0.91" CC="00000400024000"/>
						<SP ID="P47_SP00067" HPOS="636" VPOS="638" WIDTH="31"/>
						<String ID="P47_ST00078" HPOS="667" VPOS="606" WIDTH="151" HEIGHT="24" CONTENT="enamelled" WC="0.92" CC="020400000"/>
						<SP ID="P47_SP00068" HPOS="818" VPOS="638" WIDTH="26"/>
						<String ID="P47_ST00079" HPOS="844" VPOS="606" WIDTH="87" HEIGHT="25" CONTENT="scales" WC="1.00" CC="000000"/>
						<SP ID="P47_SP00069" HPOS="931" VPOS="638" WIDTH="24"/>
						<String ID="P47_ST00080" HPOS="955" VPOS="606" WIDTH="54" HEIGHT="25" CONTENT="and" WC="0.98" CC="000"/>
					</TextLine>
					<TextLine ID="P47_TL00012" HPOS="149" VPOS="649" WIDTH="858" HEIGHT="34">
						<String ID="P47_ST00081" HPOS="149" VPOS="649" WIDTH="94" HEIGHT="33" CONTENT="spines" WC="0.90" CC="005000"/>
						<SP ID="P47_SP00070" HPOS="243" VPOS="682" WIDTH="24"/>
						<String ID="P47_ST00082" HPOS="267" VPOS="649" WIDTH="30" HEIGHT="26" CONTENT="of" WC="1.00" CC="00"/>
						<SP ID="P47_SP00071" HPOS="297" VPOS="682" WIDTH="22"/>
						<String ID="P47_ST00083" HPOS="319" VPOS="650" WIDTH="47" HEIGHT="25" CONTENT="the" WC="0.92" CC="020"/>
						<SP ID="P47_SP00072" HPOS="366" VPOS="682" WIDTH="26"/>
						<String ID="P47_ST00084" HPOS="392" VPOS="650" WIDTH="146" HEIGHT="33" CONTENT="Hybodus," WC="0.92" CC="30100100"/>
						<SP ID="P47_SP00073" HPOS="538" VPOS="683" WIDTH="26"/>
						<String ID="P47_ST00085" HPOS="564" VPOS="651" WIDTH="58" HEIGHT="25" CONTENT="also" WC="0.97" CC="0001"/>
						<SP ID="P47_SP00074" HPOS="622" VPOS="683" WIDTH="20"/>
						<String ID="P47_ST00086" HPOS="642" VPOS="651" WIDTH="99" HEIGHT="32" CONTENT="Cyclas" WC="0.99" CC="000000"/>
						<SP ID="P47_SP00075" HPOS="741" VPOS="683" WIDTH="19"/>
						<String ID="P47_ST00087" HPOS="760" VPOS="651" WIDTH="54" HEIGHT="25" CONTENT="and" WC="0.81" CC="500"/>
						<SP ID="P47_SP00076" HPOS="814" VPOS="683" WIDTH="25"/>
						<String ID="P47_ST00088" HPOS="839" VPOS="651" WIDTH="168" HEIGHT="25" CONTENT="Potamides." WC="0.90" CC="3100040000"/>
					</TextLine>
					<TextLine ID="P47_TL00013" HPOS="150" VPOS="695" WIDTH="858" HEIGHT="33">
						<String ID="P47_ST00089" HPOS="150" VPOS="696" WIDTH="61" HEIGHT="24" CONTENT="One" WC="0.87" CC="030"/>
						<SP ID="P47_SP00077" HPOS="211" VPOS="720" WIDTH="19"/>
						<String ID="P47_ST00090" HPOS="230" VPOS="695" WIDTH="30" HEIGHT="25" CONTENT="of" WC="1.00" CC="00"/>
						<SP ID="P47_SP00078" HPOS="260" VPOS="720" WIDTH="18"/>
						<String ID="P47_ST00091" HPOS="278" VPOS="696" WIDTH="48" HEIGHT="24" CONTENT="the" WC="1.00" CC="000"/>
						<SP ID="P47_SP00079" HPOS="326" VPOS="720" WIDTH="20"/>
						<String ID="P47_ST00092" HPOS="346" VPOS="696" WIDTH="90" HEIGHT="32" CONTENT="layers" WC="0.98" CC="000010"/>
						<SP ID="P47_SP00080" HPOS="436" VPOS="728" WIDTH="22"/>
						<String ID="P47_ST00093" HPOS="458" VPOS="695" WIDTH="29" HEIGHT="25" CONTENT="of" WC="1.00" CC="00"/>
						<SP ID="P47_SP00081" HPOS="487" VPOS="728" WIDTH="20"/>
						<String ID="P47_ST00094" HPOS="507" VPOS="696" WIDTH="121" HEIGHT="32" CONTENT="septaria" WC="0.96" CC="00000200"/>
						<SP ID="P47_SP00082" HPOS="628" VPOS="728" WIDTH="22"/>
						<String ID="P47_ST00095" HPOS="650" VPOS="696" WIDTH="125" HEIGHT="24" CONTENT="contains" WC="0.86" CC="00002350"/>
						<SP ID="P47_SP00083" HPOS="775" VPOS="728" WIDTH="21"/>
						<String ID="P47_ST00096" HPOS="796" VPOS="696" WIDTH="52" HEIGHT="24" CONTENT="fish" WC="0.94" CC="0000"/>
						<SP ID="P47_SP00084" HPOS="848" VPOS="728" WIDTH="24"/>
						<String ID="P47_ST00097" HPOS="872" VPOS="696" WIDTH="119" HEIGHT="25" CONTENT="remains" WC="0.85" CC="0000360"/>
						<SP ID="P47_SP00085" HPOS="991" VPOS="728" WIDTH="12"/>
						<String ID="P47_ST00098" HPOS="1003" VPOS="704" WIDTH="5" HEIGHT="22" CONTENT=";" WC="1.00" CC="0"/>
					</TextLine>
					<TextLine ID="P47_TL00014" HPOS="150" VPOS="740" WIDTH="823" HEIGHT="33">
						<String ID="P47_ST00099" HPOS="150" VPOS="741" WIDTH="59" HEIGHT="24" CONTENT="also" WC="0.93" CC="0002"/>
						<SP ID="P47_SP00086" HPOS="209" VPOS="765" WIDTH="22"/>
						<String ID="P47_ST00100" HPOS="231" VPOS="740" WIDTH="129" HEIGHT="33" CONTENT="reptilian" WC="0.86" CC="300230200"/>
						<SP ID="P47_SP00087" HPOS="360" VPOS="773" WIDTH="19"/>
						<String ID="P47_ST00101" HPOS="379" VPOS="740" WIDTH="120" HEIGHT="25" CONTENT="remains" WC="1.00" CC="0000000"/>
						<SP ID="P47_SP00088" HPOS="499" VPOS="773" WIDTH="20"/>
						<String ID="P47_ST00102" HPOS="519" VPOS="748" WIDTH="45" HEIGHT="17" CONTENT="are" WC="1.00" CC="000"/>
						<SP ID="P47_SP00089" HPOS="564" VPOS="773" WIDTH="19"/>
						<String ID="P47_ST00103" HPOS="583" VPOS="741" WIDTH="36" HEIGHT="32" CONTENT="by" WC="1.00" CC="00"/>
						<SP ID="P47_SP00090" HPOS="619" VPOS="773" WIDTH="13"/>
						<String ID="P47_ST00104" HPOS="632" VPOS="749" WIDTH="35" HEIGHT="16" CONTENT="no" WC="0.79" CC="04"/>
						<SP ID="P47_SP00091" HPOS="667" VPOS="773" WIDTH="19"/>
						<String ID="P47_ST00105" HPOS="686" VPOS="749" WIDTH="94" HEIGHT="16" CONTENT="means" WC="0.80" CC="00090"/>
						<SP ID="P47_SP00092" HPOS="780" VPOS="773" WIDTH="20"/>
						<String ID="P47_ST00106" HPOS="800" VPOS="749" WIDTH="173" HEIGHT="17" CONTENT="uncommon." WC="0.79" CC="400330060"/>
					</TextLine>
				</TextBlock>
				<TextBlock ID="P47_TB00004" HPOS="149" VPOS="785" WIDTH="863" HEIGHT="523" STYLEREFS="TXT_0 PAR_LEFT">
					<TextLine ID="P47_TL00015" HPOS="197" VPOS="786" WIDTH="810" HEIGHT="25">
						<String ID="P47_ST00107" HPOS="197" VPOS="786" WIDTH="61" HEIGHT="25" CONTENT="The" WC="0.84" CC="040"/>
						<SP ID="P47_SP00093" HPOS="258" VPOS="811" WIDTH="12"/>
						<String ID="P47_ST00108" HPOS="270" VPOS="787" WIDTH="96" HEIGHT="24" CONTENT="lowest" WC="0.85" CC="530000"/>
						<SP ID="P47_SP00094" HPOS="366" VPOS="811" WIDTH="15"/>
						<String ID="P47_ST00109" HPOS="381" VPOS="786" WIDTH="67" HEIGHT="25" CONTENT="beds" WC="1.00" CC="0000"/>
						<SP ID="P47_SP00095" HPOS="448" VPOS="811" WIDTH="14"/>
						<String ID="P47_ST00110" HPOS="462" VPOS="786" WIDTH="29" HEIGHT="24" CONTENT="of" WC="1.00" CC="00"/>
						<SP ID="P47_SP00096" HPOS="491" VPOS="811" WIDTH="11"/>
						<String ID="P47_ST00111" HPOS="502" VPOS="786" WIDTH="46" HEIGHT="24" CONTENT="the" WC="0.84" CC="040"/>
						<SP ID="P47_SP00097" HPOS="548" VPOS="811" WIDTH="15"/>
						<String ID="P47_ST00112" HPOS="563" VPOS="787" WIDTH="97" HEIGHT="24" CONTENT="Lower" WC="0.61" CC="50904"/>
						<SP ID="P47_SP00098" HPOS="660" VPOS="811" WIDTH="12"/>
						<String ID="P47_ST00113" HPOS="672" VPOS="787" WIDTH="162" HEIGHT="24" CONTENT="Greensand" WC="0.93" CC="010040000"/>
						<SP ID="P47_SP00099" HPOS="834" VPOS="811" WIDTH="12"/>
						<String ID="P47_ST00114" HPOS="846" VPOS="790" WIDTH="55" HEIGHT="21" CONTENT="rest" WC="0.95" CC="0001"/>
						<SP ID="P47_SP00100" HPOS="901" VPOS="811" WIDTH="14"/>
						<String ID="P47_ST00115" HPOS="915" VPOS="786" WIDTH="92" HEIGHT="25" CONTENT="imme" SUBS_TYPE="HypPart1" SUBS_CONTENT="immediately" WC="0.89" CC="50000"/>
						<HYP CONTENT="-"/>
					</TextLine>
					<TextLine ID="P47_TL00016" HPOS="150" VPOS="831" WIDTH="859" HEIGHT="33">
						<String ID="P47_ST00116" HPOS="150" VPOS="831" WIDTH="105" HEIGHT="33" CONTENT="diately" SUBS_TYPE="HypPart2" SUBS_CONTENT="immediately" WC="0.96" CC="0300000"/>
						<SP ID="P47_SP00101" HPOS="255" VPOS="864" WIDTH="13"/>
						<String ID="P47_ST00117" HPOS="268" VPOS="840" WIDTH="74" HEIGHT="24" CONTENT="upon" WC="1.00" CC="0000"/>
						<SP ID="P47_SP00102" HPOS="342" VPOS="864" WIDTH="18"/>
						<String ID="P47_ST00118" HPOS="360" VPOS="831" WIDTH="48" HEIGHT="25" CONTENT="the" WC="0.88" CC="300"/>
						<SP ID="P47_SP00103" HPOS="408" VPOS="864" WIDTH="19"/>
						<String ID="P47_ST00119" HPOS="427" VPOS="831" WIDTH="53" HEIGHT="25" CONTENT="last" WC="0.91" CC="0003"/>
						<SP ID="P47_SP00104" HPOS="480" VPOS="864" WIDTH="23"/>
						<String ID="P47_ST00120" HPOS="503" VPOS="831" WIDTH="99" HEIGHT="25" CONTENT="named" WC="1.00" CC="00000"/>
						<SP ID="P47_SP00105" HPOS="602" VPOS="864" WIDTH="20"/>
						<String ID="P47_ST00121" HPOS="622" VPOS="831" WIDTH="131" HEIGHT="33" CONTENT="deposits," WC="1.00" CC="000000000"/>
						<SP ID="P47_SP00106" HPOS="753" VPOS="864" WIDTH="20"/>
						<String ID="P47_ST00122" HPOS="773" VPOS="831" WIDTH="55" HEIGHT="24" CONTENT="and" WC="1.00" CC="000"/>
						<SP ID="P47_SP00107" HPOS="828" VPOS="864" WIDTH="18"/>
						<String ID="P47_ST00123" HPOS="846" VPOS="840" WIDTH="46" HEIGHT="15" CONTENT="are" WC="1.00" CC="000"/>
						<SP ID="P47_SP00108" HPOS="892" VPOS="864" WIDTH="19"/>
						<String ID="P47_ST00124" HPOS="911" VPOS="831" WIDTH="98" HEIGHT="25" CONTENT="named" WC="1.00" CC="00000"/>
					</TextLine>
					<TextLine ID="P47_TL00017" HPOS="150" VPOS="875" WIDTH="860" HEIGHT="30">
						<String ID="P47_ST00125" HPOS="150" VPOS="877" WIDTH="49" HEIGHT="25" CONTENT="the" WC="0.96" CC="010"/>
						<SP ID="P47_SP00109" HPOS="199" VPOS="902" WIDTH="21"/>
						<String ID="P47_ST00126" HPOS="220" VPOS="877" WIDTH="90" HEIGHT="25" CONTENT="Perna" WC="0.85" CC="20400"/>
						<SP ID="P47_SP00110" HPOS="310" VPOS="902" WIDTH="25"/>
						<String ID="P47_ST00127" HPOS="335" VPOS="876" WIDTH="76" HEIGHT="29" CONTENT="beds," WC="0.98" CC="10000"/>
						<SP ID="P47_SP00111" HPOS="411" VPOS="905" WIDTH="24"/>
						<String ID="P47_ST00128" HPOS="435" VPOS="876" WIDTH="47" HEIGHT="25" CONTENT="the" WC="1.00" CC="000"/>
						<SP ID="P47_SP00112" HPOS="482" VPOS="905" WIDTH="24"/>
						<String ID="P47_ST00129" HPOS="506" VPOS="876" WIDTH="95" HEIGHT="25" CONTENT="lowest" WC="0.94" CC="030000"/>
						<SP ID="P47_SP00113" HPOS="601" VPOS="905" WIDTH="25"/>
						<String ID="P47_ST00130" HPOS="626" VPOS="875" WIDTH="30" HEIGHT="26" CONTENT="of" WC="1.00" CC="00"/>
						<SP ID="P47_SP00114" HPOS="656" VPOS="905" WIDTH="22"/>
						<String ID="P47_ST00131" HPOS="678" VPOS="875" WIDTH="89" HEIGHT="26" CONTENT="which" WC="0.87" CC="02400"/>
						<SP ID="P47_SP00115" HPOS="767" VPOS="905" WIDTH="25"/>
						<String ID="P47_ST00132" HPOS="792" VPOS="875" WIDTH="53" HEIGHT="26" CONTENT="rise" WC="0.94" CC="2000"/>
						<SP ID="P47_SP00116" HPOS="845" VPOS="905" WIDTH="24"/>
						<String ID="P47_ST00133" HPOS="869" VPOS="876" WIDTH="69" HEIGHT="25" CONTENT="from" WC="1.00" CC="0000"/>
						<SP ID="P47_SP00117" HPOS="938" VPOS="905" WIDTH="24"/>
						<String ID="P47_ST00134" HPOS="962" VPOS="876" WIDTH="48" HEIGHT="25" CONTENT="the" WC="1.00" CC="000"/>
					</TextLine>
					<TextLine ID="P47_TL00018" HPOS="151" VPOS="920" WIDTH="861" HEIGHT="33">
						<String ID="P47_ST00135" HPOS="151" VPOS="923" WIDTH="68" HEIGHT="24" CONTENT="base" WC="1.00" CC="0000"/>
						<SP ID="P47_SP00118" HPOS="219" VPOS="947" WIDTH="18"/>
						<String ID="P47_ST00136" HPOS="237" VPOS="921" WIDTH="30" HEIGHT="26" CONTENT="of" WC="1.00" CC="00"/>
						<SP ID="P47_SP00119" HPOS="267" VPOS="947" WIDTH="17"/>
						<String ID="P47_ST00137" HPOS="284" VPOS="922" WIDTH="47" HEIGHT="25" CONTENT="the" WC="0.88" CC="030"/>
						<SP ID="P47_SP00120" HPOS="331" VPOS="947" WIDTH="14"/>
						<String ID="P47_ST00138" HPOS="345" VPOS="921" WIDTH="63" HEIGHT="29" CONTENT="cliff," WC="1.00" CC="000000"/>
						<SP ID="P47_SP00121" HPOS="408" VPOS="950" WIDTH="16"/>
						<String ID="P47_ST00139" HPOS="424" VPOS="930" WIDTH="15" HEIGHT="16" CONTENT="a" WC="1.00" CC="0"/>
						<SP ID="P47_SP00122" HPOS="439" VPOS="950" WIDTH="14"/>
						<String ID="P47_ST00140" HPOS="453" VPOS="921" WIDTH="77" HEIGHT="25" CONTENT="short" WC="0.91" CC="00040"/>
						<SP ID="P47_SP00123" HPOS="530" VPOS="950" WIDTH="14"/>
						<String ID="P47_ST00141" HPOS="544" VPOS="920" WIDTH="125" HEIGHT="26" CONTENT="distance" WC="0.91" CC="03000300"/>
						<SP ID="P47_SP00124" HPOS="669" VPOS="950" WIDTH="17"/>
						<String ID="P47_ST00142" HPOS="686" VPOS="921" WIDTH="87" HEIGHT="25" CONTENT="below" WC="0.97" CC="00010"/>
						<SP ID="P47_SP00125" HPOS="773" VPOS="950" WIDTH="13"/>
						<String ID="P47_ST00143" HPOS="786" VPOS="921" WIDTH="48" HEIGHT="25" CONTENT="the" WC="1.00" CC="000"/>
						<SP ID="P47_SP00126" HPOS="834" VPOS="950" WIDTH="13"/>
						<String ID="P47_ST00144" HPOS="847" VPOS="920" WIDTH="86" HEIGHT="33" CONTENT="signal" WC="0.93" CC="030000"/>
						<SP ID="P47_SP00127" HPOS="933" VPOS="953" WIDTH="14"/>
						<String ID="P47_ST00145" HPOS="947" VPOS="921" WIDTH="65" HEIGHT="25" CONTENT="staff" WC="0.93" CC="03000"/>
					</TextLine>
					<TextLine ID="P47_TL00019" HPOS="151" VPOS="966" WIDTH="858" HEIGHT="32">
						<String ID="P47_ST00146" HPOS="151" VPOS="968" WIDTH="30" HEIGHT="25" CONTENT="of" WC="0.93" CC="01"/>
						<SP ID="P47_SP00128" HPOS="181" VPOS="993" WIDTH="10"/>
						<String ID="P47_ST00147" HPOS="191" VPOS="968" WIDTH="47" HEIGHT="25" CONTENT="the" WC="0.82" CC="050"/>
						<SP ID="P47_SP00129" HPOS="238" VPOS="993" WIDTH="16"/>
						<String ID="P47_ST00148" HPOS="254" VPOS="968" WIDTH="85" HEIGHT="24" CONTENT="Coast" WC="1.00" CC="00000"/>
						<SP ID="P47_SP00130" HPOS="339" VPOS="993" WIDTH="14"/>
						<String ID="P47_ST00149" HPOS="353" VPOS="967" WIDTH="98" HEIGHT="25" CONTENT="Guard" WC="0.82" CC="03050"/>
						<SP ID="P47_SP00131" HPOS="451" VPOS="993" WIDTH="19"/>
						<String ID="P47_ST00150" HPOS="470" VPOS="966" WIDTH="118" HEIGHT="29" CONTENT="Station," WC="0.76" CC="02064050"/>
						<SP ID="P47_SP00132" HPOS="588" VPOS="995" WIDTH="15"/>
						<String ID="P47_ST00151" HPOS="603" VPOS="967" WIDTH="54" HEIGHT="24" CONTENT="and" WC="1.00" CC="000"/>
						<SP ID="P47_SP00133" HPOS="657" VPOS="995" WIDTH="20"/>
						<String ID="P47_ST00152" HPOS="677" VPOS="966" WIDTH="68" HEIGHT="25" CONTENT="form" WC="0.90" CC="0030"/>
						<SP ID="P47_SP00134" HPOS="745" VPOS="995" WIDTH="18"/>
						<String ID="P47_ST00153" HPOS="763" VPOS="975" WIDTH="16" HEIGHT="16" CONTENT="a" WC="1.00" CC="0"/>
						<SP ID="P47_SP00135" HPOS="779" VPOS="995" WIDTH="18"/>
						<String ID="P47_ST00154" HPOS="797" VPOS="966" WIDTH="86" HEIGHT="32" CONTENT="ledge," WC="1.00" CC="000000"/>
						<SP ID="P47_SP00136" HPOS="883" VPOS="998" WIDTH="15"/>
						<String ID="P47_ST00155" HPOS="898" VPOS="966" WIDTH="111" HEIGHT="25" CONTENT="extend" SUBS_TYPE="HypPart1" SUBS_CONTENT="extending" WC="0.94" CC="0000400"/>
						<HYP CONTENT="-"/>
					</TextLine>
					<TextLine ID="P47_TL00020" HPOS="151" VPOS="1011" WIDTH="858" HEIGHT="35">
						<String ID="P47_ST00156" HPOS="151" VPOS="1013" WIDTH="47" HEIGHT="33" CONTENT="ing" SUBS_TYPE="HypPart2" SUBS_CONTENT="extending" WC="0.73" CC="340"/>
						<SP ID="P47_SP00137" HPOS="198" VPOS="1046" WIDTH="21"/>
						<String ID="P47_ST00157" HPOS="219" VPOS="1017" WIDTH="29" HEIGHT="20" CONTENT="to" WC="1.00" CC="00"/>
						<SP ID="P47_SP00138" HPOS="248" VPOS="1046" WIDTH="22"/>
						<String ID="P47_ST00158" HPOS="270" VPOS="1021" WIDTH="17" HEIGHT="16" CONTENT="a" WC="1.00" CC="0"/>
						<SP ID="P47_SP00139" HPOS="287" VPOS="1046" WIDTH="21"/>
						<String ID="P47_ST00159" HPOS="308" VPOS="1013" WIDTH="64" HEIGHT="32" CONTENT="long" WC="0.94" CC="0020"/>
						<SP ID="P47_SP00140" HPOS="372" VPOS="1046" WIDTH="21"/>
						<String ID="P47_ST00160" HPOS="393" VPOS="1011" WIDTH="126" HEIGHT="25" CONTENT="distance" WC="0.99" CC="00000000"/>
						<SP ID="P47_SP00141" HPOS="519" VPOS="1046" WIDTH="24"/>
						<String ID="P47_ST00161" HPOS="543" VPOS="1015" WIDTH="48" HEIGHT="21" CONTENT="out" WC="0.97" CC="000"/>
						<SP ID="P47_SP00142" HPOS="591" VPOS="1046" WIDTH="25"/>
						<String ID="P47_ST00162" HPOS="616" VPOS="1015" WIDTH="29" HEIGHT="20" CONTENT="to" WC="0.98" CC="00"/>
						<SP ID="P47_SP00143" HPOS="645" VPOS="1046" WIDTH="25"/>
						<String ID="P47_ST00163" HPOS="670" VPOS="1019" WIDTH="55" HEIGHT="20" CONTENT="sea," WC="1.00" CC="0000"/>
						<SP ID="P47_SP00144" HPOS="725" VPOS="1046" WIDTH="23"/>
						<String ID="P47_ST00164" HPOS="748" VPOS="1011" WIDTH="88" HEIGHT="24" CONTENT="called" WC="0.87" CC="003400"/>
						<SP ID="P47_SP00145" HPOS="836" VPOS="1046" WIDTH="23"/>
						<String ID="P47_ST00165" HPOS="859" VPOS="1011" WIDTH="150" HEIGHT="24" CONTENT="Atherfield" WC="0.94" CC="0040000000"/>
					</TextLine>
					<TextLine ID="P47_TL00021" HPOS="152" VPOS="1056" WIDTH="858" HEIGHT="30">
						<String ID="P47_ST00166" HPOS="152" VPOS="1057" WIDTH="106" HEIGHT="29" CONTENT="Bench," WC="0.82" CC="600040"/>
						<SP ID="P47_SP00146" HPOS="258" VPOS="1086" WIDTH="21"/>
						<String ID="P47_ST00167" HPOS="279" VPOS="1057" WIDTH="91" HEIGHT="25" CONTENT="which" WC="0.98" CC="00000"/>
						<SP ID="P47_SP00147" HPOS="370" VPOS="1086" WIDTH="22"/>
						<String ID="P47_ST00168" HPOS="392" VPOS="1056" WIDTH="24" HEIGHT="25" CONTENT="is" WC="0.97" CC="00"/>
						<SP ID="P47_SP00148" HPOS="416" VPOS="1086" WIDTH="22"/>
						<String ID="P47_ST00169" HPOS="438" VPOS="1056" WIDTH="98" HEIGHT="25" CONTENT="visible" WC="0.86" CC="0306000"/>
						<SP ID="P47_SP00149" HPOS="536" VPOS="1086" WIDTH="25"/>
						<String ID="P47_ST00170" HPOS="561" VPOS="1060" WIDTH="28" HEIGHT="21" CONTENT="at" WC="0.77" CC="04"/>
						<SP ID="P47_SP00150" HPOS="589" VPOS="1086" WIDTH="25"/>
						<String ID="P47_ST00171" HPOS="614" VPOS="1057" WIDTH="54" HEIGHT="24" CONTENT="low" WC="0.82" CC="005"/>
						<SP ID="P47_SP00151" HPOS="668" VPOS="1086" WIDTH="22"/>
						<String ID="P47_ST00172" HPOS="690" VPOS="1059" WIDTH="92" HEIGHT="22" CONTENT="water." WC="0.97" CC="000010"/>
						<SP ID="P47_SP00152" HPOS="782" VPOS="1086" WIDTH="46"/>
						<String ID="P47_ST00173" HPOS="828" VPOS="1056" WIDTH="90" HEIGHT="24" CONTENT="These" WC="0.99" CC="00000"/>
						<SP ID="P47_SP00153" HPOS="918" VPOS="1086" WIDTH="25"/>
						<String ID="P47_ST00174" HPOS="943" VPOS="1056" WIDTH="67" HEIGHT="24" CONTENT="beds" WC="1.00" CC="0000"/>
					</TextLine>
					<TextLine ID="P47_TL00022" HPOS="150" VPOS="1100" WIDTH="860" HEIGHT="34">
						<String ID="P47_ST00175" HPOS="150" VPOS="1102" WIDTH="105" HEIGHT="26" CONTENT="consist" WC="0.83" CC="0420102"/>
						<SP ID="P47_SP00154" HPOS="255" VPOS="1128" WIDTH="14"/>
						<String ID="P47_ST00176" HPOS="269" VPOS="1101" WIDTH="29" HEIGHT="25" CONTENT="in" WC="0.73" CC="22"/>
						<SP ID="P47_SP00155" HPOS="298" VPOS="1128" WIDTH="12"/>
						<String ID="P47_ST00177" HPOS="310" VPOS="1106" WIDTH="62" HEIGHT="28" CONTENT="part" WC="0.93" CC="0020"/>
						<SP ID="P47_SP00156" HPOS="372" VPOS="1134" WIDTH="14"/>
						<String ID="P47_ST00178" HPOS="386" VPOS="1101" WIDTH="30" HEIGHT="25" CONTENT="of" WC="0.92" CC="10"/>
						<SP ID="P47_SP00157" HPOS="416" VPOS="1134" WIDTH="19"/>
						<String ID="P47_ST00179" HPOS="435" VPOS="1110" WIDTH="16" HEIGHT="15" CONTENT="a" WC="1.00" CC="0"/>
						<SP ID="P47_SP00158" HPOS="451" VPOS="1134" WIDTH="19"/>
						<String ID="P47_ST00180" HPOS="470" VPOS="1101" WIDTH="64" HEIGHT="25" CONTENT="blue" WC="0.88" CC="0040"/>
						<SP ID="P47_SP00159" HPOS="534" VPOS="1134" WIDTH="18"/>
						<String ID="P47_ST00181" HPOS="552" VPOS="1101" WIDTH="87" HEIGHT="33" CONTENT="sandy" WC="1.00" CC="00000"/>
						<SP ID="P47_SP00160" HPOS="639" VPOS="1134" WIDTH="12"/>
						<String ID="P47_ST00182" HPOS="651" VPOS="1101" WIDTH="62" HEIGHT="33" CONTENT="clay" WC="1.00" CC="0000"/>
						<SP ID="P47_SP00161" HPOS="713" VPOS="1134" WIDTH="13"/>
						<String ID="P47_ST00183" HPOS="726" VPOS="1101" WIDTH="54" HEIGHT="24" CONTENT="and" WC="1.00" CC="000"/>
						<SP ID="P47_SP00162" HPOS="780" VPOS="1134" WIDTH="13"/>
						<String ID="P47_ST00184" HPOS="793" VPOS="1100" WIDTH="125" HEIGHT="33" CONTENT="greenish" WC="0.86" CC="05000005"/>
						<SP ID="P47_SP00163" HPOS="918" VPOS="1134" WIDTH="15"/>
						<String ID="P47_ST00185" HPOS="933" VPOS="1101" WIDTH="77" HEIGHT="28" CONTENT="sand," WC="0.87" CC="00303"/>
					</TextLine>
					<TextLine ID="P47_TL00023" HPOS="152" VPOS="1145" WIDTH="858" HEIGHT="34">
						<String ID="P47_ST00186" HPOS="152" VPOS="1148" WIDTH="84" HEIGHT="25" CONTENT="much" WC="0.97" CC="0100"/>
						<SP ID="P47_SP00164" HPOS="236" VPOS="1173" WIDTH="12"/>
						<String ID="P47_ST00187" HPOS="248" VPOS="1147" WIDTH="101" HEIGHT="25" CONTENT="harder" WC="0.91" CC="003001"/>
						<SP ID="P47_SP00165" HPOS="349" VPOS="1173" WIDTH="14"/>
						<String ID="P47_ST00188" HPOS="363" VPOS="1155" WIDTH="28" HEIGHT="17" CONTENT="in" WC="0.75" CC="31"/>
						<SP ID="P47_SP00166" HPOS="391" VPOS="1173" WIDTH="14"/>
						<String ID="P47_ST00189" HPOS="405" VPOS="1146" WIDTH="48" HEIGHT="25" CONTENT="the" WC="1.00" CC="000"/>
						<SP ID="P47_SP00167" HPOS="453" VPOS="1173" WIDTH="19"/>
						<String ID="P47_ST00190" HPOS="472" VPOS="1154" WIDTH="87" HEIGHT="25" CONTENT="upper" WC="0.89" CC="20003"/>
						<SP ID="P47_SP00168" HPOS="559" VPOS="1179" WIDTH="21"/>
						<String ID="P47_ST00191" HPOS="580" VPOS="1146" WIDTH="66" HEIGHT="24" CONTENT="than" WC="0.85" CC="0005"/>
						<SP ID="P47_SP00169" HPOS="646" VPOS="1179" WIDTH="20"/>
						<String ID="P47_ST00192" HPOS="666" VPOS="1145" WIDTH="27" HEIGHT="25" CONTENT="in" WC="0.57" CC="35"/>
						<SP ID="P47_SP00170" HPOS="693" VPOS="1179" WIDTH="18"/>
						<String ID="P47_ST00193" HPOS="711" VPOS="1146" WIDTH="47" HEIGHT="24" CONTENT="the" WC="0.81" CC="050"/>
						<SP ID="P47_SP00171" HPOS="758" VPOS="1179" WIDTH="18"/>
						<String ID="P47_ST00194" HPOS="776" VPOS="1146" WIDTH="81" HEIGHT="24" CONTENT="lower" WC="0.94" CC="00002"/>
						<SP ID="P47_SP00172" HPOS="857" VPOS="1179" WIDTH="14"/>
						<String ID="P47_ST00195" HPOS="871" VPOS="1149" WIDTH="71" HEIGHT="28" CONTENT="part," WC="0.95" CC="00200"/>
						<SP ID="P47_SP00173" HPOS="942" VPOS="1179" WIDTH="15"/>
						<String ID="P47_ST00196" HPOS="957" VPOS="1146" WIDTH="53" HEIGHT="23" CONTENT="and" WC="1.00" CC="000"/>
					</TextLine>
					<TextLine ID="P47_TL00024" HPOS="151" VPOS="1190" WIDTH="860" HEIGHT="35">
						<String ID="P47_ST00197" HPOS="151" VPOS="1192" WIDTH="207" HEIGHT="26" CONTENT="characterised" WC="0.97" CC="0000000030000"/>
						<SP ID="P47_SP00174" HPOS="358" VPOS="1218" WIDTH="14"/>
						<String ID="P47_ST00198" HPOS="372" VPOS="1192" WIDTH="36" HEIGHT="33" CONTENT="by" WC="1.00" CC="00"/>
						<SP ID="P47_SP00175" HPOS="408" VPOS="1225" WIDTH="13"/>
						<String ID="P47_ST00199" HPOS="421" VPOS="1192" WIDTH="47" HEIGHT="24" CONTENT="the" WC="1.00" CC="000"/>
						<SP ID="P47_SP00176" HPOS="468" VPOS="1225" WIDTH="19"/>
						<String ID="P47_ST00200" HPOS="487" VPOS="1191" WIDTH="164" HEIGHT="32" CONTENT="prevalence" WC="0.97" CC="0300000000"/>
						<SP ID="P47_SP00177" HPOS="651" VPOS="1225" WIDTH="17"/>
						<String ID="P47_ST00201" HPOS="668" VPOS="1190" WIDTH="55" HEIGHT="25" CONTENT="and" WC="0.83" CC="050"/>
						<SP ID="P47_SP00178" HPOS="723" VPOS="1225" WIDTH="19"/>
						<String ID="P47_ST00202" HPOS="742" VPOS="1190" WIDTH="163" HEIGHT="25" CONTENT="abundance" WC="1.00" CC="000000000"/>
						<SP ID="P47_SP00179" HPOS="905" VPOS="1225" WIDTH="13"/>
						<String ID="P47_ST00203" HPOS="918" VPOS="1190" WIDTH="29" HEIGHT="24" CONTENT="of" WC="0.83" CC="03"/>
						<SP ID="P47_SP00180" HPOS="947" VPOS="1225" WIDTH="18"/>
						<String ID="P47_ST00204" HPOS="965" VPOS="1190" WIDTH="46" HEIGHT="24" CONTENT="the" WC="1.00" CC="000"/>
					</TextLine>
					<TextLine ID="P47_TL00025" HPOS="150" VPOS="1235" WIDTH="860" HEIGHT="34">
						<String ID="P47_ST00205" HPOS="150" VPOS="1240" WIDTH="80" HEIGHT="24" CONTENT="Perna" WC="0.52" CC="07960"/>
						<SP ID="P47_SP00181" HPOS="230" VPOS="1264" WIDTH="18"/>
						<String ID="P47_ST00206" HPOS="248" VPOS="1238" WIDTH="105" HEIGHT="29" CONTENT="Mulleti," WC="0.82" CC="06007000"/>
						<SP ID="P47_SP00182" HPOS="353" VPOS="1267" WIDTH="21"/>
						<String ID="P47_ST00207" HPOS="374" VPOS="1246" WIDTH="16" HEIGHT="16" CONTENT="a" WC="1.00" CC="0"/>
						<SP ID="P47_SP00183" HPOS="390" VPOS="1267" WIDTH="19"/>
						<String ID="P47_ST00208" HPOS="409" VPOS="1236" WIDTH="76" HEIGHT="26" CONTENT="fossil" WC="0.93" CC="000040"/>
						<SP ID="P47_SP00184" HPOS="485" VPOS="1267" WIDTH="19"/>
						<String ID="P47_ST00209" HPOS="504" VPOS="1240" WIDTH="48" HEIGHT="22" CONTENT="not" WC="0.98" CC="000"/>
						<SP ID="P47_SP00185" HPOS="552" VPOS="1267" WIDTH="16"/>
						<String ID="P47_ST00210" HPOS="568" VPOS="1236" WIDTH="146" HEIGHT="32" CONTENT="occurring" WC="0.84" CC="000400360"/>
						<SP ID="P47_SP00186" HPOS="714" VPOS="1268" WIDTH="19"/>
						<String ID="P47_ST00211" HPOS="733" VPOS="1235" WIDTH="27" HEIGHT="25" CONTENT="in" WC="0.69" CC="60"/>
						<SP ID="P47_SP00187" HPOS="760" VPOS="1268" WIDTH="22"/>
						<String ID="P47_ST00212" HPOS="782" VPOS="1245" WIDTH="52" HEIGHT="24" CONTENT="any" WC="1.00" CC="000"/>
						<SP ID="P47_SP00188" HPOS="834" VPOS="1269" WIDTH="17"/>
						<String ID="P47_ST00213" HPOS="851" VPOS="1235" WIDTH="78" HEIGHT="25" CONTENT="other" WC="0.93" CC="00300"/>
						<SP ID="P47_SP00189" HPOS="929" VPOS="1269" WIDTH="19"/>
						<String ID="P47_ST00214" HPOS="948" VPOS="1239" WIDTH="62" HEIGHT="28" CONTENT="part" WC="0.96" CC="0010"/>
					</TextLine>
					<TextLine ID="P47_TL00026" HPOS="151" VPOS="1283" WIDTH="273" HEIGHT="25">
						<String ID="P47_ST00215" HPOS="151" VPOS="1284" WIDTH="30" HEIGHT="24" CONTENT="of" WC="0.78" CC="40"/>
						<SP ID="P47_SP00190" HPOS="181" VPOS="1308" WIDTH="19"/>
						<String ID="P47_ST00216" HPOS="200" VPOS="1284" WIDTH="48" HEIGHT="24" CONTENT="the" WC="0.89" CC="030"/>
						<SP ID="P47_SP00191" HPOS="248" VPOS="1308" WIDTH="19"/>
						<String ID="P47_ST00217" HPOS="267" VPOS="1283" WIDTH="157" HEIGHT="25" CONTENT="formation." WC="0.96" CC="0010001000"/>
					</TextLine>
				</TextBlock>
				<TextBlock ID="P47_TB00005" HPOS="150" VPOS="1325" WIDTH="861" HEIGHT="399" STYLEREFS="TXT_0 PAR_LEFT">
					<TextLine ID="P47_TL00027" HPOS="200" VPOS="1326" WIDTH="810" HEIGHT="31">
						<String ID="P47_ST00218" HPOS="200" VPOS="1329" WIDTH="92" HEIGHT="26" CONTENT="These" WC="0.90" CC="00004"/>
						<SP ID="P47_SP00192" HPOS="292" VPOS="1355" WIDTH="22"/>
						<String ID="P47_ST00219" HPOS="314" VPOS="1328" WIDTH="77" HEIGHT="29" CONTENT="beds," WC="0.94" CC="10001"/>
						<SP ID="P47_SP00193" HPOS="391" VPOS="1357" WIDTH="23"/>
						<String ID="P47_ST00220" HPOS="414" VPOS="1328" WIDTH="27" HEIGHT="25" CONTENT="in" WC="0.73" CC="22"/>
						<SP ID="P47_SP00194" HPOS="441" VPOS="1357" WIDTH="25"/>
						<String ID="P47_ST00221" HPOS="466" VPOS="1335" WIDTH="129" HEIGHT="17" CONTENT="common" WC="0.80" CC="005014"/>
						<SP ID="P47_SP00195" HPOS="595" VPOS="1357" WIDTH="21"/>
						<String ID="P47_ST00222" HPOS="616" VPOS="1326" WIDTH="67" HEIGHT="25" CONTENT="with" WC="0.88" CC="0400"/>
						<SP ID="P47_SP00196" HPOS="683" VPOS="1357" WIDTH="24"/>
						<String ID="P47_ST00223" HPOS="707" VPOS="1326" WIDTH="48" HEIGHT="24" CONTENT="the" WC="1.00" CC="000"/>
						<SP ID="P47_SP00197" HPOS="755" VPOS="1357" WIDTH="21"/>
						<String ID="P47_ST00224" HPOS="776" VPOS="1326" WIDTH="78" HEIGHT="24" CONTENT="other" WC="0.92" CC="30000"/>
						<SP ID="P47_SP00198" HPOS="854" VPOS="1357" WIDTH="20"/>
						<String ID="P47_ST00225" HPOS="874" VPOS="1328" WIDTH="87" HEIGHT="22" CONTENT="strata" WC="0.86" CC="004004"/>
						<SP ID="P47_SP00199" HPOS="961" VPOS="1357" WIDTH="22"/>
						<String ID="P47_ST00226" HPOS="983" VPOS="1328" WIDTH="27" HEIGHT="22" CONTENT="at" WC="1.00" CC="00"/>
					</TextLine>
					<TextLine ID="P47_TL00028" HPOS="152" VPOS="1369" WIDTH="858" HEIGHT="34">
						<String ID="P47_ST00227" HPOS="152" VPOS="1374" WIDTH="162" HEIGHT="29" CONTENT="Atherfield," WC="0.95" CC="00000110000"/>
						<SP ID="P47_SP00200" HPOS="314" VPOS="1403" WIDTH="21"/>
						<String ID="P47_ST00228" HPOS="335" VPOS="1373" WIDTH="65" HEIGHT="26" CONTENT="take" WC="1.00" CC="0000"/>
						<SP ID="P47_SP00201" HPOS="400" VPOS="1403" WIDTH="21"/>
						<String ID="P47_ST00229" HPOS="421" VPOS="1372" WIDTH="71" HEIGHT="26" CONTENT="their" WC="0.84" CC="04030"/>
						<SP ID="P47_SP00202" HPOS="492" VPOS="1403" WIDTH="22"/>
						<String ID="P47_ST00230" HPOS="514" VPOS="1372" WIDTH="54" HEIGHT="25" CONTENT="rise" WC="0.84" CC="5100"/>
						<SP ID="P47_SP00203" HPOS="568" VPOS="1403" WIDTH="25"/>
						<String ID="P47_ST00231" HPOS="593" VPOS="1371" WIDTH="69" HEIGHT="25" CONTENT="from" WC="0.73" CC="0306"/>
						<SP ID="P47_SP00204" HPOS="662" VPOS="1403" WIDTH="20"/>
						<String ID="P47_ST00232" HPOS="682" VPOS="1371" WIDTH="47" HEIGHT="25" CONTENT="the" WC="0.96" CC="010"/>
						<SP ID="P47_SP00205" HPOS="729" VPOS="1403" WIDTH="22"/>
						<String ID="P47_ST00233" HPOS="751" VPOS="1371" WIDTH="66" HEIGHT="24" CONTENT="base" WC="1.00" CC="0000"/>
						<SP ID="P47_SP00206" HPOS="817" VPOS="1403" WIDTH="18"/>
						<String ID="P47_ST00234" HPOS="835" VPOS="1370" WIDTH="30" HEIGHT="25" CONTENT="of" WC="1.00" CC="00"/>
						<SP ID="P47_SP00207" HPOS="865" VPOS="1403" WIDTH="16"/>
						<String ID="P47_ST00235" HPOS="881" VPOS="1370" WIDTH="47" HEIGHT="24" CONTENT="the" WC="0.85" CC="040"/>
						<SP ID="P47_SP00208" HPOS="928" VPOS="1403" WIDTH="19"/>
						<String ID="P47_ST00236" HPOS="947" VPOS="1369" WIDTH="63" HEIGHT="30" CONTENT="cliff," WC="0.82" CC="046000"/>
					</TextLine>
					<TextLine ID="P47_TL00029" HPOS="152" VPOS="1415" WIDTH="858" HEIGHT="37">
						<String ID="P47_ST00237" HPOS="152" VPOS="1421" WIDTH="55" HEIGHT="24" CONTENT="and" WC="1.00" CC="000"/>
						<SP ID="P47_SP00209" HPOS="207" VPOS="1445" WIDTH="14"/>
						<String ID="P47_ST00238" HPOS="221" VPOS="1429" WIDTH="46" HEIGHT="15" CONTENT="are" WC="1.00" CC="000"/>
						<SP ID="P47_SP00210" HPOS="267" VPOS="1445" WIDTH="11"/>
						<String ID="P47_ST00239" HPOS="278" VPOS="1418" WIDTH="152" HEIGHT="34" CONTENT="prolonged" WC="0.91" CC="000007000"/>
						<SP ID="P47_SP00211" HPOS="430" VPOS="1452" WIDTH="13"/>
						<String ID="P47_ST00240" HPOS="443" VPOS="1417" WIDTH="27" HEIGHT="25" CONTENT="in" WC="0.72" CC="50"/>
						<SP ID="P47_SP00212" HPOS="470" VPOS="1452" WIDTH="14"/>
						<String ID="P47_ST00241" HPOS="484" VPOS="1426" WIDTH="35" HEIGHT="16" CONTENT="an" WC="1.00" CC="00"/>
						<SP ID="P47_SP00213" HPOS="519" VPOS="1452" WIDTH="14"/>
						<String ID="P47_ST00242" HPOS="533" VPOS="1416" WIDTH="113" HEIGHT="33" CONTENT="upward" WC="0.89" CC="000060"/>
						<SP ID="P47_SP00214" HPOS="646" VPOS="1452" WIDTH="11"/>
						<String ID="P47_ST00243" HPOS="657" VPOS="1416" WIDTH="132" HEIGHT="24" CONTENT="direction" WC="0.90" CC="011000003"/>
						<SP ID="P47_SP00215" HPOS="789" VPOS="1452" WIDTH="15"/>
						<String ID="P47_ST00244" HPOS="804" VPOS="1420" WIDTH="28" HEIGHT="20" CONTENT="to" WC="1.00" CC="00"/>
						<SP ID="P47_SP00216" HPOS="832" VPOS="1452" WIDTH="13"/>
						<String ID="P47_ST00245" HPOS="845" VPOS="1416" WIDTH="84" HEIGHT="24" CONTENT="about" WC="0.90" CC="02020"/>
						<SP ID="P47_SP00217" HPOS="929" VPOS="1452" WIDTH="14"/>
						<String ID="P47_ST00246" HPOS="943" VPOS="1415" WIDTH="67" HEIGHT="24" CONTENT="from" WC="0.80" CC="3400"/>
					</TextLine>
					<TextLine ID="P47_TL00030" HPOS="153" VPOS="1460" WIDTH="858" HEIGHT="38">
						<String ID="P47_ST00247" HPOS="153" VPOS="1474" WIDTH="51" HEIGHT="17" CONTENT="200" WC="0.96" CC="001"/>
						<SP ID="P47_SP00218" HPOS="204" VPOS="1491" WIDTH="12"/>
						<String ID="P47_ST00248" HPOS="216" VPOS="1469" WIDTH="29" HEIGHT="21" CONTENT="to" WC="1.00" CC="00"/>
						<SP ID="P47_SP00219" HPOS="245" VPOS="1491" WIDTH="14"/>
						<String ID="P47_ST00249" HPOS="259" VPOS="1473" WIDTH="50" HEIGHT="25" CONTENT="300" WC="1.00" CC="000"/>
						<SP ID="P47_SP00220" HPOS="309" VPOS="1498" WIDTH="13"/>
						<String ID="P47_ST00250" HPOS="322" VPOS="1464" WIDTH="83" HEIGHT="34" CONTENT="yards" WC="1.00" CC="00000"/>
						<SP ID="P47_SP00221" HPOS="405" VPOS="1498" WIDTH="14"/>
						<String ID="P47_ST00251" HPOS="419" VPOS="1462" WIDTH="108" HEIGHT="34" CONTENT="beyond" WC="0.98" CC="000000"/>
						<SP ID="P47_SP00222" HPOS="527" VPOS="1498" WIDTH="19"/>
						<String ID="P47_ST00252" HPOS="546" VPOS="1462" WIDTH="47" HEIGHT="25" CONTENT="the" WC="0.80" CC="050"/>
						<SP ID="P47_SP00223" HPOS="593" VPOS="1498" WIDTH="14"/>
						<String ID="P47_ST00253" HPOS="607" VPOS="1460" WIDTH="90" HEIGHT="30" CONTENT="Point," WC="0.93" CC="001200"/>
						<SP ID="P47_SP00224" HPOS="697" VPOS="1498" WIDTH="15"/>
						<String ID="P47_ST00254" HPOS="712" VPOS="1461" WIDTH="54" HEIGHT="25" CONTENT="and" WC="0.81" CC="050"/>
						<SP ID="P47_SP00225" HPOS="766" VPOS="1498" WIDTH="17"/>
						<String ID="P47_ST00255" HPOS="783" VPOS="1470" WIDTH="51" HEIGHT="15" CONTENT="run" WC="0.78" CC="050"/>
						<SP ID="P47_SP00226" HPOS="834" VPOS="1498" WIDTH="16"/>
						<String ID="P47_ST00256" HPOS="850" VPOS="1465" WIDTH="48" HEIGHT="20" CONTENT="out" WC="0.87" CC="030"/>
						<SP ID="P47_SP00227" HPOS="898" VPOS="1498" WIDTH="19"/>
						<String ID="P47_ST00257" HPOS="917" VPOS="1469" WIDTH="35" HEIGHT="16" CONTENT="on" WC="0.98" CC="00"/>
						<SP ID="P47_SP00228" HPOS="952" VPOS="1498" WIDTH="14"/>
						<String ID="P47_ST00258" HPOS="966" VPOS="1460" WIDTH="45" HEIGHT="25" CONTENT="the" WC="0.87" CC="300"/>
					</TextLine>
					<TextLine ID="P47_TL00031" HPOS="151" VPOS="1505" WIDTH="860" HEIGHT="38">
						<String ID="P47_ST00259" HPOS="151" VPOS="1516" WIDTH="49" HEIGHT="27" CONTENT="top" WC="0.86" CC="040"/>
						<SP ID="P47_SP00229" HPOS="200" VPOS="1543" WIDTH="14"/>
						<String ID="P47_ST00260" HPOS="214" VPOS="1510" WIDTH="29" HEIGHT="26" CONTENT="of" WC="1.00" CC="00"/>
						<SP ID="P47_SP00230" HPOS="243" VPOS="1543" WIDTH="11"/>
						<String ID="P47_ST00261" HPOS="254" VPOS="1510" WIDTH="47" HEIGHT="25" CONTENT="the" WC="1.00" CC="000"/>
						<SP ID="P47_SP00231" HPOS="301" VPOS="1543" WIDTH="13"/>
						<String ID="P47_ST00262" HPOS="314" VPOS="1509" WIDTH="60" HEIGHT="25" CONTENT="cliff" WC="0.97" CC="00100"/>
						<SP ID="P47_SP00232" HPOS="374" VPOS="1543" WIDTH="10"/>
						<String ID="P47_ST00263" HPOS="384" VPOS="1512" WIDTH="27" HEIGHT="21" CONTENT="at" WC="1.00" CC="00"/>
						<SP ID="P47_SP00233" HPOS="411" VPOS="1543" WIDTH="14"/>
						<String ID="P47_ST00264" HPOS="425" VPOS="1517" WIDTH="16" HEIGHT="15" CONTENT="a" WC="0.07" CC="9"/>
						<SP ID="P47_SP00234" HPOS="441" VPOS="1543" WIDTH="15"/>
						<String ID="P47_ST00265" HPOS="456" VPOS="1511" WIDTH="62" HEIGHT="29" CONTENT="spot" WC="1.00" CC="0000"/>
						<SP ID="P47_SP00235" HPOS="518" VPOS="1543" WIDTH="13"/>
						<String ID="P47_ST00266" HPOS="531" VPOS="1507" WIDTH="88" HEIGHT="25" CONTENT="called" WC="0.87" CC="070000"/>
						<SP ID="P47_SP00236" HPOS="619" VPOS="1543" WIDTH="15"/>
						<String ID="P47_ST00267" HPOS="634" VPOS="1511" WIDTH="15" HEIGHT="10" CONTENT='"' WC="0.38" CC="6"/>
						<SP ID="P47_SP00237" HPOS="649" VPOS="1543" WIDTH="11"/>
						<String ID="P47_ST00268" HPOS="660" VPOS="1506" WIDTH="49" HEIGHT="25" CONTENT="Tie" WC="0.85" CC="040"/>
						<SP ID="P47_SP00238" HPOS="709" VPOS="1543" WIDTH="12"/>
						<String ID="P47_ST00269" HPOS="721" VPOS="1505" WIDTH="87" HEIGHT="26" CONTENT='Pits."' WC="0.74" CC="403024"/>
						<SP ID="P47_SP00239" HPOS="808" VPOS="1543" WIDTH="36"/>
						<String ID="P47_ST00270" HPOS="844" VPOS="1505" WIDTH="123" HEIGHT="33" CONTENT="Resting," WC="0.92" CC="30000300"/>
						<SP ID="P47_SP00240" HPOS="967" VPOS="1543" WIDTH="15"/>
						<String ID="P47_ST00271" HPOS="982" VPOS="1514" WIDTH="29" HEIGHT="16" CONTENT="as" WC="1.00" CC="00"/>
					</TextLine>
					<TextLine ID="P47_TL00032" HPOS="151" VPOS="1550" WIDTH="860" HEIGHT="40">
						<String ID="P47_ST00272" HPOS="151" VPOS="1557" WIDTH="68" HEIGHT="33" CONTENT="they" WC="0.98" CC="0000"/>
						<SP ID="P47_SP00241" HPOS="219" VPOS="1590" WIDTH="18"/>
						<String ID="P47_ST00273" HPOS="237" VPOS="1556" WIDTH="44" HEIGHT="30" CONTENT="do," WC="1.00" CC="000"/>
						<SP ID="P47_SP00242" HPOS="281" VPOS="1590" WIDTH="21"/>
						<String ID="P47_ST00274" HPOS="302" VPOS="1564" WIDTH="35" HEIGHT="17" CONTENT="on" WC="1.00" CC="00"/>
						<SP ID="P47_SP00243" HPOS="337" VPOS="1590" WIDTH="19"/>
						<String ID="P47_ST00275" HPOS="356" VPOS="1554" WIDTH="47" HEIGHT="26" CONTENT="the" WC="0.85" CC="040"/>
						<SP ID="P47_SP00244" HPOS="403" VPOS="1590" WIDTH="15"/>
						<String ID="P47_ST00276" HPOS="418" VPOS="1553" WIDTH="135" HEIGHT="25" CONTENT="Wealden" WC="0.95" CC="0003000"/>
						<SP ID="P47_SP00245" HPOS="553" VPOS="1590" WIDTH="20"/>
						<String ID="P47_ST00277" HPOS="573" VPOS="1552" WIDTH="84" HEIGHT="33" CONTENT="clays," WC="1.00" CC="000000"/>
						<SP ID="P47_SP00246" HPOS="657" VPOS="1590" WIDTH="18"/>
						<String ID="P47_ST00278" HPOS="675" VPOS="1552" WIDTH="47" HEIGHT="24" CONTENT="the" WC="0.92" CC="020"/>
						<SP ID="P47_SP00247" HPOS="722" VPOS="1590" WIDTH="19"/>
						<String ID="P47_ST00279" HPOS="741" VPOS="1555" WIDTH="116" HEIGHT="21" CONTENT="stratum" WC="0.95" CC="0030000"/>
						<SP ID="P47_SP00248" HPOS="857" VPOS="1590" WIDTH="20"/>
						<String ID="P47_ST00280" HPOS="877" VPOS="1550" WIDTH="29" HEIGHT="25" CONTENT="of" WC="0.98" CC="00"/>
						<SP ID="P47_SP00249" HPOS="906" VPOS="1590" WIDTH="16"/>
						<String ID="P47_ST00281" HPOS="922" VPOS="1550" WIDTH="89" HEIGHT="26" CONTENT="which" WC="0.98" CC="00000"/>
					</TextLine>
					<TextLine ID="P47_TL00033" HPOS="151" VPOS="1596" WIDTH="859" HEIGHT="40">
						<String ID="P47_ST00282" HPOS="151" VPOS="1603" WIDTH="67" HEIGHT="33" CONTENT="they" WC="1.00" CC="0000"/>
						<SP ID="P47_SP00250" HPOS="218" VPOS="1636" WIDTH="11"/>
						<String ID="P47_ST00283" HPOS="229" VPOS="1610" WIDTH="46" HEIGHT="16" CONTENT="are" WC="1.00" CC="000"/>
						<SP ID="P47_SP00251" HPOS="275" VPOS="1636" WIDTH="11"/>
						<String ID="P47_ST00284" HPOS="286" VPOS="1599" WIDTH="150" HEIGHT="33" CONTENT="composed" WC="1.00" CC="00000000"/>
						<SP ID="P47_SP00252" HPOS="436" VPOS="1636" WIDTH="11"/>
						<String ID="P47_ST00285" HPOS="447" VPOS="1598" WIDTH="22" HEIGHT="25" CONTENT="is" WC="0.73" CC="50"/>
						<SP ID="P47_SP00253" HPOS="469" VPOS="1636" WIDTH="14"/>
						<String ID="P47_ST00286" HPOS="483" VPOS="1599" WIDTH="102" HEIGHT="32" CONTENT="always" WC="1.00" CC="000000"/>
						<SP ID="P47_SP00254" HPOS="585" VPOS="1636" WIDTH="13"/>
						<String ID="P47_ST00287" HPOS="598" VPOS="1597" WIDTH="27" HEIGHT="24" CONTENT="in" WC="0.60" CC="43"/>
						<SP ID="P47_SP00255" HPOS="625" VPOS="1636" WIDTH="15"/>
						<String ID="P47_ST00288" HPOS="640" VPOS="1606" WIDTH="15" HEIGHT="15" CONTENT="a" WC="1.00" CC="0"/>
						<SP ID="P47_SP00256" HPOS="655" VPOS="1636" WIDTH="14"/>
						<String ID="P47_ST00289" HPOS="669" VPOS="1600" WIDTH="71" HEIGHT="21" CONTENT="state" WC="1.00" CC="00000"/>
						<SP ID="P47_SP00257" HPOS="740" VPOS="1636" WIDTH="14"/>
						<String ID="P47_ST00290" HPOS="754" VPOS="1596" WIDTH="29" HEIGHT="25" CONTENT="of" WC="0.98" CC="00"/>
						<SP ID="P47_SP00258" HPOS="783" VPOS="1636" WIDTH="10"/>
						<String ID="P47_ST00291" HPOS="793" VPOS="1596" WIDTH="217" HEIGHT="32" CONTENT="disintegration," WC="0.91" CC="030003004000010"/>
					</TextLine>
					<TextLine ID="P47_TL00034" HPOS="152" VPOS="1641" WIDTH="859" HEIGHT="33">
						<String ID="P47_ST00292" HPOS="152" VPOS="1648" WIDTH="55" HEIGHT="25" CONTENT="and" WC="1.00" CC="000"/>
						<SP ID="P47_SP00259" HPOS="207" VPOS="1673" WIDTH="21"/>
						<String ID="P47_ST00293" HPOS="228" VPOS="1651" WIDTH="63" HEIGHT="21" CONTENT="vast" WC="1.00" CC="0000"/>
						<SP ID="P47_SP00260" HPOS="291" VPOS="1673" WIDTH="19"/>
						<String ID="P47_ST00294" HPOS="310" VPOS="1645" WIDTH="97" HEIGHT="26" CONTENT="blocks" WC="0.99" CC="000000"/>
						<SP ID="P47_SP00261" HPOS="407" VPOS="1673" WIDTH="23"/>
						<String ID="P47_ST00295" HPOS="430" VPOS="1643" WIDTH="28" HEIGHT="27" CONTENT="of" WC="1.00" CC="00"/>
						<SP ID="P47_SP00262" HPOS="458" VPOS="1673" WIDTH="22"/>
						<String ID="P47_ST00296" HPOS="480" VPOS="1643" WIDTH="31" HEIGHT="29" CONTENT="it," WC="0.87" CC="300"/>
						<SP ID="P47_SP00263" HPOS="511" VPOS="1673" WIDTH="23"/>
						<String ID="P47_ST00297" HPOS="534" VPOS="1643" WIDTH="48" HEIGHT="24" CONTENT="full" WC="0.90" CC="0400"/>
						<SP ID="P47_SP00264" HPOS="582" VPOS="1673" WIDTH="22"/>
						<String ID="P47_ST00298" HPOS="604" VPOS="1642" WIDTH="30" HEIGHT="25" CONTENT="of" WC="0.90" CC="01"/>
						<SP ID="P47_SP00265" HPOS="634" VPOS="1673" WIDTH="16"/>
						<String ID="P47_ST00299" HPOS="650" VPOS="1641" WIDTH="99" HEIGHT="29" CONTENT="fossils," WC="0.91" CC="02000300"/>
						<SP ID="P47_SP00266" HPOS="749" VPOS="1673" WIDTH="26"/>
						<String ID="P47_ST00300" HPOS="775" VPOS="1650" WIDTH="47" HEIGHT="16" CONTENT="are" WC="0.88" CC="030"/>
						<SP ID="P47_SP00267" HPOS="822" VPOS="1673" WIDTH="22"/>
						<String ID="P47_ST00301" HPOS="844" VPOS="1641" WIDTH="167" HEIGHT="33" CONTENT="continually" WC="0.83" CC="00504050300"/>
					</TextLine>
					<TextLine ID="P47_TL00035" HPOS="151" VPOS="1687" WIDTH="860" HEIGHT="37">
						<String ID="P47_ST00302" HPOS="151" VPOS="1692" WIDTH="97" HEIGHT="32" CONTENT="falling" WC="0.83" CC="2300006"/>
						<SP ID="P47_SP00268" HPOS="248" VPOS="1724" WIDTH="21"/>
						<String ID="P47_ST00303" HPOS="269" VPOS="1701" WIDTH="35" HEIGHT="16" CONTENT="on" WC="0.91" CC="10"/>
						<SP ID="P47_SP00269" HPOS="304" VPOS="1724" WIDTH="20"/>
						<String ID="P47_ST00304" HPOS="324" VPOS="1692" WIDTH="47" HEIGHT="24" CONTENT="the" WC="1.00" CC="000"/>
						<SP ID="P47_SP00270" HPOS="371" VPOS="1724" WIDTH="19"/>
						<String ID="P47_ST00305" HPOS="390" VPOS="1690" WIDTH="98" HEIGHT="28" CONTENT="beach," WC="0.88" CC="007000"/>
						<SP ID="P47_SP00271" HPOS="488" VPOS="1724" WIDTH="18"/>
						<String ID="P47_ST00306" HPOS="506" VPOS="1688" WIDTH="90" HEIGHT="26" CONTENT="where" WC="0.82" CC="05030"/>
						<SP ID="P47_SP00272" HPOS="596" VPOS="1724" WIDTH="18"/>
						<String ID="P47_ST00307" HPOS="614" VPOS="1687" WIDTH="65" HEIGHT="33" CONTENT="they" WC="1.00" CC="0000"/>
						<SP ID="P47_SP00273" HPOS="679" VPOS="1724" WIDTH="19"/>
						<String ID="P47_ST00308" HPOS="698" VPOS="1695" WIDTH="47" HEIGHT="17" CONTENT="are" WC="0.94" CC="010"/>
						<SP ID="P47_SP00274" HPOS="745" VPOS="1724" WIDTH="18"/>
						<String ID="P47_ST00309" HPOS="763" VPOS="1687" WIDTH="130" HEIGHT="25" CONTENT="attacked" WC="1.00" CC="00000000"/>
						<SP ID="P47_SP00275" HPOS="893" VPOS="1724" WIDTH="18"/>
						<String ID="P47_ST00310" HPOS="911" VPOS="1687" WIDTH="37" HEIGHT="33" CONTENT="by" WC="0.87" CC="20"/>
						<SP ID="P47_SP00276" HPOS="948" VPOS="1724" WIDTH="17"/>
						<String ID="P47_ST00311" HPOS="965" VPOS="1687" WIDTH="46" HEIGHT="24" CONTENT="the" WC="1.00" CC="000"/>
					</TextLine>
				</TextBlock>
			</PrintSpace>
		</Page>
	</Layout>
</alto>
