<?xml version="1.0" encoding="UTF-8"?>
<alto xmlns:xsi="http://www.w3.org/2001/XMLSchema-instance" xsi:noNamespaceSchemaLocation="http://www.bl.uk/schemas/alto/alto-1-4.xsd" xmlns:xlink="http://www.w3.org/1999/xlink">
	<Description>
		<MeasurementUnit>mm10</MeasurementUnit>
		<sourceImageInformation>
			<fileName>//head1/IN/2008-16/A0011467890/006690.jp2</fileName>
		</sourceImageInformation>
		<OCRProcessing ID="OCRPROCESSING_1">
			<preProcessingStep>
				<processingSoftware>
					<softwareCreator>CCS Content Conversion Specialists GmbH, Germany</softwareCreator>
					<softwareName>CCS docWORKS</softwareName>
					<softwareVersion>6.1-0.67</softwareVersion>
				</processingSoftware>
			</preProcessingStep>
			<ocrProcessingStep>
				<processingSoftware>
					<softwareCreator>ABBYY (BIT Software), Russia</softwareCreator>
					<softwareName>Finereader</softwareName>
				</processingSoftware>
			</ocrProcessingStep>
		</OCRProcessing>
	</Description>
	<Styles>
		<TextStyle ID="TXT_0" FONTSIZE="11" FONTFAMILY="Courier New"/>
		<TextStyle ID="TXT_1" FONTSIZE="9" FONTFAMILY="Courier New"/>
		<ParagraphStyle ID="PAR_LEFT" ALIGN="Left"/>
		<ParagraphStyle ID="PAR_CENTER" ALIGN="Center"/>
	</Styles>
	<Layout>
		<Page ID="P194" PHYSICAL_IMG_NR="194" HEIGHT="1922" WIDTH="1117" PRINTED_IMG_NR="140" POSITION="Left" ACCURACY="85.49">
			<TopMargin ID="P194_TM00001" HPOS="0" VPOS="0" WIDTH="1116" HEIGHT="209">
				<TextBlock ID="P194_TB00001" HPOS="148" VPOS="182" WIDTH="46" HEIGHT="26" STYLEREFS="TXT_0 PAR_LEFT">
					<TextLine ID="P194_TL00001" HPOS="148" VPOS="182" WIDTH="46" HEIGHT="26">
						<String ID="P194_ST00001" HPOS="148" VPOS="182" WIDTH="46" HEIGHT="26" CONTENT="140" WC="1.00" CC="000"/>
					</TextLine>
				</TextBlock>
				<TextBlock ID="P194_TB00002" HPOS="445" VPOS="182" WIDTH="253" HEIGHT="18" STYLEREFS="TXT_1 PAR_CENTER">
					<TextLine ID="P194_TL00002" HPOS="446" VPOS="182" WIDTH="252" HEIGHT="18">
						<String ID="P194_ST00002" HPOS="446" VPOS="182" WIDTH="137" HEIGHT="18" CONTENT="TERTIARY" WC="0.40" CC="90496096"/>
						<SP ID="P194_SP00001" HPOS="583" VPOS="200" WIDTH="21"/>
						<String ID="P194_ST00003" HPOS="604" VPOS="183" WIDTH="94" HEIGHT="17" CONTENT="SERIES" WC="0.58" CC="093371"/>
					</TextLine>
				</TextBlock>
			</TopMargin>
			<LeftMargin ID="P194_LM00001" HPOS="0" VPOS="209" WIDTH="146" HEIGHT="1518"/>
			<RightMargin ID="P194_RM00001" HPOS="1011" VPOS="209" WIDTH="105" HEIGHT="1518"/>
			<BottomMargin ID="P194_BM00001" HPOS="0" VPOS="1727" WIDTH="1116" HEIGHT="194"/>
			<PrintSpace ID="P194_PS00001" HPOS="146" VPOS="209" WIDTH="865" HEIGHT="1518">
				<TextBlock ID="P194_TB00003" HPOS="146" VPOS="251" WIDTH="864" HEIGHT="126" STYLEREFS="TXT_1 PAR_LEFT">
					<TextLine ID="P194_TL00003" HPOS="148" VPOS="251" WIDTH="861" HEIGHT="36">
						<String ID="P194_ST00004" HPOS="148" VPOS="255" WIDTH="119" HEIGHT="28" CONTENT="stitutes," WC="0.89" CC="004040000"/>
						<SP ID="P194_SP00002" HPOS="267" VPOS="283" WIDTH="23"/>
						<String ID="P194_ST00005" HPOS="290" VPOS="255" WIDTH="105" HEIGHT="25" CONTENT="formed" WC="0.98" CC="000000"/>
						<SP ID="P194_SP00003" HPOS="395" VPOS="283" WIDTH="22"/>
						<String ID="P194_ST00006" HPOS="417" VPOS="255" WIDTH="29" HEIGHT="25" CONTENT="of" WC="1.00" CC="00"/>
						<SP ID="P194_SP00004" HPOS="446" VPOS="283" WIDTH="17"/>
						<String ID="P194_ST00007" HPOS="463" VPOS="255" WIDTH="84" HEIGHT="26" CONTENT="Ostrea" WC="0.84" CC="000900"/>
						<SP ID="P194_SP00005" HPOS="547" VPOS="283" WIDTH="17"/>
						<String ID="P194_ST00008" HPOS="564" VPOS="255" WIDTH="135" HEIGHT="32" CONTENT="flabellula," WC="0.93" CC="00000110004"/>
						<SP ID="P194_SP00006" HPOS="699" VPOS="287" WIDTH="22"/>
						<String ID="P194_ST00009" HPOS="721" VPOS="252" WIDTH="128" HEIGHT="26" CONTENT="crowded" WC="0.93" CC="0103000"/>
						<SP ID="P194_SP00007" HPOS="849" VPOS="287" WIDTH="23"/>
						<String ID="P194_ST00010" HPOS="872" VPOS="251" WIDTH="137" HEIGHT="33" CONTENT="together," WC="0.93" CC="000005000"/>
					</TextLine>
					<TextLine ID="P194_TL00004" HPOS="148" VPOS="296" WIDTH="862" HEIGHT="35">
						<String ID="P194_ST00011" HPOS="148" VPOS="299" WIDTH="66" HEIGHT="25" CONTENT="with" WC="1.00" CC="0000"/>
						<SP ID="P194_SP00008" HPOS="214" VPOS="324" WIDTH="14"/>
						<String ID="P194_ST00012" HPOS="228" VPOS="308" WIDTH="147" HEIGHT="16" CONTENT="numerous" WC="0.93" CC="30002000"/>
						<SP ID="P194_SP00009" HPOS="375" VPOS="324" WIDTH="18"/>
						<String ID="P194_ST00013" HPOS="393" VPOS="300" WIDTH="78" HEIGHT="25" CONTENT="other" WC="0.96" CC="00100"/>
						<SP ID="P194_SP00010" HPOS="471" VPOS="325" WIDTH="14"/>
						<String ID="P194_ST00014" HPOS="485" VPOS="299" WIDTH="105" HEIGHT="25" CONTENT="marine" WC="0.97" CC="000010"/>
						<SP ID="P194_SP00011" HPOS="590" VPOS="325" WIDTH="19"/>
						<String ID="P194_ST00015" HPOS="609" VPOS="299" WIDTH="92" HEIGHT="28" CONTENT="shells," WC="0.95" CC="0200000"/>
						<SP ID="P194_SP00012" HPOS="701" VPOS="327" WIDTH="16"/>
						<String ID="P194_ST00016" HPOS="717" VPOS="306" WIDTH="82" HEIGHT="25" CONTENT="many" WC="0.94" CC="0020"/>
						<SP ID="P194_SP00013" HPOS="799" VPOS="331" WIDTH="14"/>
						<String ID="P194_ST00017" HPOS="813" VPOS="297" WIDTH="30" HEIGHT="24" CONTENT="of" WC="0.82" CC="30"/>
						<SP ID="P194_SP00014" HPOS="843" VPOS="331" WIDTH="16"/>
						<String ID="P194_ST00018" HPOS="859" VPOS="296" WIDTH="91" HEIGHT="25" CONTENT="which" WC="0.91" CC="04000"/>
						<SP ID="P194_SP00015" HPOS="950" VPOS="331" WIDTH="15"/>
						<String ID="P194_ST00019" HPOS="965" VPOS="304" WIDTH="45" HEIGHT="17" CONTENT="are" WC="0.98" CC="000"/>
					</TextLine>
					<TextLine ID="P194_TL00005" HPOS="147" VPOS="344" WIDTH="292" HEIGHT="33">
						<String ID="P194_ST00020" HPOS="147" VPOS="344" WIDTH="29" HEIGHT="25" CONTENT="of" WC="0.91" CC="01"/>
						<SP ID="P194_SP00016" HPOS="176" VPOS="369" WIDTH="17"/>
						<String ID="P194_ST00021" HPOS="193" VPOS="346" WIDTH="105" HEIGHT="26" CONTENT="Barton" WC="0.83" CC="009000"/>
						<SP ID="P194_SP00017" HPOS="298" VPOS="372" WIDTH="15"/>
						<String ID="P194_ST00022" HPOS="313" VPOS="345" WIDTH="126" HEIGHT="32" CONTENT='types."*' WC="0.94" CC="00000040"/>
					</TextLine>
				</TextBlock>
				<TextBlock ID="P194_TB00004" HPOS="147" VPOS="386" WIDTH="864" HEIGHT="712" STYLEREFS="TXT_1 PAR_LEFT">
					<TextLine ID="P194_TL00006" HPOS="184" VPOS="387" WIDTH="826" HEIGHT="35">
						<String ID="P194_ST00023" HPOS="184" VPOS="390" WIDTH="24" HEIGHT="25" CONTENT="It" WC="1.00" CC="00"/>
						<SP ID="P194_SP00018" HPOS="208" VPOS="415" WIDTH="21"/>
						<String ID="P194_ST00024" HPOS="229" VPOS="398" WIDTH="63" HEIGHT="24" CONTENT="may" WC="0.84" CC="040"/>
						<SP ID="P194_SP00019" HPOS="292" VPOS="422" WIDTH="22"/>
						<String ID="P194_ST00025" HPOS="314" VPOS="390" WIDTH="65" HEIGHT="25" CONTENT="here" WC="0.83" CC="2030"/>
						<SP ID="P194_SP00020" HPOS="379" VPOS="422" WIDTH="22"/>
						<String ID="P194_ST00026" HPOS="401" VPOS="391" WIDTH="34" HEIGHT="24" CONTENT="be" WC="1.00" CC="00"/>
						<SP ID="P194_SP00021" HPOS="435" VPOS="422" WIDTH="22"/>
						<String ID="P194_ST00027" HPOS="457" VPOS="390" WIDTH="144" HEIGHT="25" CONTENT="remarked" WC="0.99" CC="00001000"/>
						<SP ID="P194_SP00022" HPOS="601" VPOS="422" WIDTH="22"/>
						<String ID="P194_ST00028" HPOS="623" VPOS="389" WIDTH="61" HEIGHT="25" CONTENT="that" WC="0.88" CC="0400"/>
						<SP ID="P194_SP00023" HPOS="684" VPOS="422" WIDTH="27"/>
						<String ID="P194_ST00029" HPOS="711" VPOS="388" WIDTH="69" HEIGHT="25" CONTENT="from" WC="0.78" CC="4400"/>
						<SP ID="P194_SP00024" HPOS="780" VPOS="422" WIDTH="23"/>
						<String ID="P194_ST00030" HPOS="803" VPOS="387" WIDTH="48" HEIGHT="25" CONTENT="the" WC="0.94" CC="010"/>
						<SP ID="P194_SP00025" HPOS="851" VPOS="422" WIDTH="23"/>
						<String ID="P194_ST00031" HPOS="874" VPOS="387" WIDTH="89" HEIGHT="25" CONTENT="Chalk" WC="0.96" CC="00020"/>
						<SP ID="P194_SP00026" HPOS="963" VPOS="422" WIDTH="19"/>
						<String ID="P194_ST00032" HPOS="982" VPOS="392" WIDTH="28" HEIGHT="20" CONTENT="to" WC="1.00" CC="00"/>
					</TextLine>
					<TextLine ID="P194_TL00007" HPOS="149" VPOS="432" WIDTH="861" HEIGHT="36">
						<String ID="P194_ST00033" HPOS="149" VPOS="435" WIDTH="112" HEIGHT="24" CONTENT="Colwell" WC="1.00" CC="0000000"/>
						<SP ID="P194_SP00027" HPOS="261" VPOS="459" WIDTH="26"/>
						<String ID="P194_ST00034" HPOS="287" VPOS="436" WIDTH="68" HEIGHT="32" CONTENT="Bay," WC="0.87" CC="5000"/>
						<SP ID="P194_SP00028" HPOS="355" VPOS="468" WIDTH="27"/>
						<String ID="P194_ST00035" HPOS="382" VPOS="435" WIDTH="87" HEIGHT="24" CONTENT="round" WC="0.90" CC="10300"/>
						<SP ID="P194_SP00029" HPOS="469" VPOS="468" WIDTH="25"/>
						<String ID="P194_ST00036" HPOS="494" VPOS="435" WIDTH="47" HEIGHT="24" CONTENT="the" WC="1.00" CC="000"/>
						<SP ID="P194_SP00030" HPOS="541" VPOS="468" WIDTH="25"/>
						<String ID="P194_ST00037" HPOS="566" VPOS="435" WIDTH="67" HEIGHT="24" CONTENT="base" WC="1.00" CC="0000"/>
						<SP ID="P194_SP00031" HPOS="633" VPOS="468" WIDTH="25"/>
						<String ID="P194_ST00038" HPOS="658" VPOS="433" WIDTH="29" HEIGHT="25" CONTENT="of" WC="1.00" CC="00"/>
						<SP ID="P194_SP00032" HPOS="687" VPOS="468" WIDTH="30"/>
						<String ID="P194_ST00039" HPOS="717" VPOS="433" WIDTH="119" HEIGHT="25" CONTENT="Headon" WC="0.99" CC="000000"/>
						<SP ID="P194_SP00033" HPOS="836" VPOS="468" WIDTH="27"/>
						<String ID="P194_ST00040" HPOS="863" VPOS="432" WIDTH="67" HEIGHT="29" CONTENT="Hill," WC="0.83" CC="03040"/>
						<SP ID="P194_SP00034" HPOS="930" VPOS="468" WIDTH="27"/>
						<String ID="P194_ST00041" HPOS="957" VPOS="433" WIDTH="53" HEIGHT="25" CONTENT="and" WC="1.00" CC="000"/>
					</TextLine>
					<TextLine ID="P194_TL00008" HPOS="148" VPOS="477" WIDTH="862" HEIGHT="35">
						<String ID="P194_ST00042" HPOS="148" VPOS="479" WIDTH="112" HEIGHT="32" CONTENT="passing" WC="0.88" CC="0000340"/>
						<SP ID="P194_SP00035" HPOS="260" VPOS="511" WIDTH="20"/>
						<String ID="P194_ST00043" HPOS="280" VPOS="488" WIDTH="66" HEIGHT="16" CONTENT="over" WC="0.86" CC="0500"/>
						<SP ID="P194_SP00036" HPOS="346" VPOS="511" WIDTH="22"/>
						<String ID="P194_ST00044" HPOS="368" VPOS="480" WIDTH="46" HEIGHT="24" CONTENT="the" WC="0.84" CC="040"/>
						<SP ID="P194_SP00037" HPOS="414" VPOS="511" WIDTH="24"/>
						<String ID="P194_ST00045" HPOS="438" VPOS="480" WIDTH="124" HEIGHT="32" CONTENT="Bagshot" WC="0.78" CC="6300500"/>
						<SP ID="P194_SP00038" HPOS="562" VPOS="512" WIDTH="22"/>
						<String ID="P194_ST00046" HPOS="584" VPOS="479" WIDTH="99" HEIGHT="28" CONTENT="Sands," WC="0.85" CC="000503"/>
						<SP ID="P194_SP00039" HPOS="683" VPOS="512" WIDTH="16"/>
						<String ID="P194_ST00047" HPOS="699" VPOS="478" WIDTH="84" HEIGHT="25" CONTENT="noted" WC="0.92" CC="40000"/>
						<SP ID="P194_SP00040" HPOS="783" VPOS="512" WIDTH="19"/>
						<String ID="P194_ST00048" HPOS="802" VPOS="477" WIDTH="158" HEIGHT="34" CONTENT="previously" WC="0.86" CC="0303300030"/>
						<SP ID="P194_SP00041" HPOS="960" VPOS="512" WIDTH="19"/>
						<String ID="P194_ST00049" HPOS="979" VPOS="487" WIDTH="31" HEIGHT="16" CONTENT="as" WC="0.46" CC="63"/>
					</TextLine>
					<TextLine ID="P194_TL00009" HPOS="149" VPOS="522" WIDTH="861" HEIGHT="34">
						<String ID="P194_ST00050" HPOS="149" VPOS="523" WIDTH="225" HEIGHT="30" CONTENT="unfossiliferous," WC="0.95" CC="3000002001000000"/>
						<SP ID="P194_SP00042" HPOS="374" VPOS="553" WIDTH="22"/>
						<String ID="P194_ST00051" HPOS="396" VPOS="524" WIDTH="66" HEIGHT="24" CONTENT="with" WC="0.61" CC="9006"/>
						<SP ID="P194_SP00043" HPOS="462" VPOS="553" WIDTH="21"/>
						<String ID="P194_ST00052" HPOS="483" VPOS="525" WIDTH="47" HEIGHT="23" CONTENT="the" WC="0.80" CC="050"/>
						<SP ID="P194_SP00044" HPOS="530" VPOS="553" WIDTH="22"/>
						<String ID="P194_ST00053" HPOS="552" VPOS="523" WIDTH="147" HEIGHT="33" CONTENT="exception" WC="0.86" CC="000090300"/>
						<SP ID="P194_SP00045" HPOS="699" VPOS="556" WIDTH="23"/>
						<String ID="P194_ST00054" HPOS="722" VPOS="522" WIDTH="28" HEIGHT="25" CONTENT="of" WC="1.00" CC="00"/>
						<SP ID="P194_SP00046" HPOS="750" VPOS="556" WIDTH="21"/>
						<String ID="P194_ST00055" HPOS="771" VPOS="523" WIDTH="46" HEIGHT="24" CONTENT="the" WC="0.87" CC="030"/>
						<SP ID="P194_SP00047" HPOS="817" VPOS="556" WIDTH="23"/>
						<String ID="P194_ST00056" HPOS="840" VPOS="523" WIDTH="170" HEIGHT="24" CONTENT="remarkable" WC="0.94" CC="0000005000"/>
					</TextLine>
					<TextLine ID="P194_TL00010" HPOS="148" VPOS="568" WIDTH="862" HEIGHT="29">
						<String ID="P194_ST00057" HPOS="148" VPOS="568" WIDTH="127" HEIGHT="29" CONTENT="leaf-bed," WC="1.00" CC="000000000"/>
						<SP ID="P194_SP00048" HPOS="275" VPOS="597" WIDTH="28"/>
						<String ID="P194_ST00058" HPOS="303" VPOS="569" WIDTH="48" HEIGHT="24" CONTENT="the" WC="0.82" CC="220"/>
						<SP ID="P194_SP00049" HPOS="351" VPOS="597" WIDTH="25"/>
						<String ID="P194_ST00059" HPOS="376" VPOS="569" WIDTH="80" HEIGHT="24" CONTENT="shore" WC="0.95" CC="00020"/>
						<SP ID="P194_SP00050" HPOS="456" VPOS="597" WIDTH="23"/>
						<String ID="P194_ST00060" HPOS="479" VPOS="569" WIDTH="22" HEIGHT="24" CONTENT="is" WC="0.86" CC="20"/>
						<SP ID="P194_SP00051" HPOS="501" VPOS="597" WIDTH="26"/>
						<String ID="P194_ST00061" HPOS="527" VPOS="573" WIDTH="99" HEIGHT="20" CONTENT="strewn" WC="0.78" CC="000093"/>
						<SP ID="P194_SP00052" HPOS="626" VPOS="597" WIDTH="26"/>
						<String ID="P194_ST00062" HPOS="652" VPOS="568" WIDTH="67" HEIGHT="25" CONTENT="with" WC="0.76" CC="9000"/>
						<SP ID="P194_SP00053" HPOS="719" VPOS="597" WIDTH="25"/>
						<String ID="P194_ST00063" HPOS="744" VPOS="568" WIDTH="48" HEIGHT="24" CONTENT="the" WC="1.00" CC="000"/>
						<SP ID="P194_SP00054" HPOS="792" VPOS="597" WIDTH="21"/>
						<String ID="P194_ST00064" HPOS="813" VPOS="569" WIDTH="75" HEIGHT="23" CONTENT="debris" WC="0.84" CC="000009"/>
						<SP ID="P194_SP00055" HPOS="888" VPOS="597" WIDTH="26"/>
						<String ID="P194_ST00065" HPOS="914" VPOS="568" WIDTH="29" HEIGHT="24" CONTENT="of" WC="0.94" CC="10"/>
						<SP ID="P194_SP00056" HPOS="943" VPOS="597" WIDTH="21"/>
						<String ID="P194_ST00066" HPOS="964" VPOS="569" WIDTH="46" HEIGHT="24" CONTENT="the" WC="0.82" CC="050"/>
					</TextLine>
					<TextLine ID="P194_TL00011" HPOS="149" VPOS="613" WIDTH="860" HEIGHT="29">
						<String ID="P194_ST00067" HPOS="149" VPOS="618" WIDTH="95" HEIGHT="20" CONTENT="strata." WC="0.84" CC="0020080"/>
						<SP ID="P194_SP00057" HPOS="244" VPOS="638" WIDTH="47"/>
						<String ID="P194_ST00068" HPOS="291" VPOS="613" WIDTH="68" HEIGHT="25" CONTENT="This" WC="0.92" CC="0030"/>
						<SP ID="P194_SP00058" HPOS="359" VPOS="638" WIDTH="23"/>
						<String ID="P194_ST00069" HPOS="382" VPOS="614" WIDTH="51" HEIGHT="24" CONTENT="has" WC="1.00" CC="000"/>
						<SP ID="P194_SP00059" HPOS="433" VPOS="638" WIDTH="22"/>
						<String ID="P194_ST00070" HPOS="455" VPOS="614" WIDTH="87" HEIGHT="24" CONTENT="either" WC="0.94" CC="030000"/>
						<SP ID="P194_SP00060" HPOS="542" VPOS="638" WIDTH="23"/>
						<String ID="P194_ST00071" HPOS="565" VPOS="614" WIDTH="82" HEIGHT="24" CONTENT="fallen" WC="0.92" CC="020200"/>
						<SP ID="P194_SP00061" HPOS="647" VPOS="638" WIDTH="26"/>
						<String ID="P194_ST00072" HPOS="673" VPOS="613" WIDTH="68" HEIGHT="24" CONTENT="from" WC="0.86" CC="2003"/>
						<SP ID="P194_SP00062" HPOS="741" VPOS="638" WIDTH="25"/>
						<String ID="P194_ST00073" HPOS="766" VPOS="614" WIDTH="97" HEIGHT="28" CONTENT="above," WC="0.82" CC="300502"/>
						<SP ID="P194_SP00063" HPOS="863" VPOS="642" WIDTH="24"/>
						<String ID="P194_ST00074" HPOS="887" VPOS="622" WIDTH="29" HEIGHT="16" CONTENT="or" WC="0.96" CC="00"/>
						<SP ID="P194_SP00064" HPOS="916" VPOS="642" WIDTH="26"/>
						<String ID="P194_ST00075" HPOS="942" VPOS="614" WIDTH="67" HEIGHT="24" CONTENT="been" WC="1.00" CC="0000"/>
					</TextLine>
					<TextLine ID="P194_TL00012" HPOS="149" VPOS="658" WIDTH="860" HEIGHT="33">
						<String ID="P194_ST00076" HPOS="149" VPOS="659" WIDTH="112" HEIGHT="25" CONTENT="washed" WC="1.00" CC="000000"/>
						<SP ID="P194_SP00065" HPOS="261" VPOS="684" WIDTH="14"/>
						<String ID="P194_ST00077" HPOS="275" VPOS="659" WIDTH="36" HEIGHT="32" CONTENT="by" WC="1.00" CC="00"/>
						<SP ID="P194_SP00066" HPOS="311" VPOS="691" WIDTH="14"/>
						<String ID="P194_ST00078" HPOS="325" VPOS="658" WIDTH="46" HEIGHT="25" CONTENT="the" WC="0.81" CC="050"/>
						<SP ID="P194_SP00067" HPOS="371" VPOS="691" WIDTH="23"/>
						<String ID="P194_ST00079" HPOS="394" VPOS="668" WIDTH="46" HEIGHT="15" CONTENT="sea" WC="1.00" CC="000"/>
						<SP ID="P194_SP00068" HPOS="440" VPOS="691" WIDTH="21"/>
						<String ID="P194_ST00080" HPOS="461" VPOS="658" WIDTH="68" HEIGHT="25" CONTENT="from" WC="0.97" CC="0001"/>
						<SP ID="P194_SP00069" HPOS="529" VPOS="691" WIDTH="22"/>
						<String ID="P194_ST00081" HPOS="551" VPOS="658" WIDTH="48" HEIGHT="25" CONTENT="the" WC="0.85" CC="040"/>
						<SP ID="P194_SP00070" HPOS="599" VPOS="691" WIDTH="22"/>
						<String ID="P194_ST00082" HPOS="621" VPOS="658" WIDTH="121" HEIGHT="33" CONTENT="yielding" WC="0.82" CC="03020340"/>
						<SP ID="P194_SP00071" HPOS="742" VPOS="691" WIDTH="19"/>
						<String ID="P194_ST00083" HPOS="761" VPOS="658" WIDTH="75" HEIGHT="33" CONTENT="clays" WC="0.88" CC="32000"/>
						<SP ID="P194_SP00072" HPOS="836" VPOS="691" WIDTH="14"/>
						<String ID="P194_ST00084" HPOS="850" VPOS="658" WIDTH="54" HEIGHT="25" CONTENT="and" WC="0.75" CC="430"/>
						<SP ID="P194_SP00073" HPOS="904" VPOS="691" WIDTH="14"/>
						<String ID="P194_ST00085" HPOS="918" VPOS="659" WIDTH="91" HEIGHT="25" CONTENT="sands." WC="0.97" CC="001000"/>
					</TextLine>
					<TextLine ID="P194_TL00013" HPOS="153" VPOS="703" WIDTH="857" HEIGHT="33">
						<String ID="P194_ST00086" HPOS="153" VPOS="704" WIDTH="25" HEIGHT="25" CONTENT="It" WC="1.00" CC="00"/>
						<SP ID="P194_SP00074" HPOS="178" VPOS="729" WIDTH="21"/>
						<String ID="P194_ST00087" HPOS="199" VPOS="703" WIDTH="69" HEIGHT="25" CONTENT="lines" WC="0.92" CC="03000"/>
						<SP ID="P194_SP00075" HPOS="268" VPOS="729" WIDTH="19"/>
						<String ID="P194_ST00088" HPOS="287" VPOS="703" WIDTH="48" HEIGHT="25" CONTENT="the" WC="0.86" CC="040"/>
						<SP ID="P194_SP00076" HPOS="335" VPOS="729" WIDTH="23"/>
						<String ID="P194_ST00089" HPOS="358" VPOS="703" WIDTH="79" HEIGHT="25" CONTENT="shore" WC="0.80" CC="60200"/>
						<SP ID="P194_SP00077" HPOS="437" VPOS="729" WIDTH="23"/>
						<String ID="P194_ST00090" HPOS="460" VPOS="703" WIDTH="26" HEIGHT="25" CONTENT="in" WC="0.83" CC="21"/>
						<SP ID="P194_SP00078" HPOS="486" VPOS="729" WIDTH="23"/>
						<String ID="P194_ST00091" HPOS="509" VPOS="703" WIDTH="201" HEIGHT="32" CONTENT="heterogenous" WC="0.95" CC="000010004000"/>
						<SP ID="P194_SP00079" HPOS="710" VPOS="735" WIDTH="21"/>
						<String ID="P194_ST00092" HPOS="731" VPOS="703" WIDTH="151" HEIGHT="25" CONTENT="confusion." WC="0.86" CC="0003003031"/>
						<SP ID="P194_SP00080" HPOS="882" VPOS="735" WIDTH="39"/>
						<String ID="P194_ST00093" HPOS="921" VPOS="704" WIDTH="89" HEIGHT="32" CONTENT="Large" WC="0.91" CC="04000"/>
					</TextLine>
					<TextLine ID="P194_TL00014" HPOS="152" VPOS="748" WIDTH="857" HEIGHT="30">
						<String ID="P194_ST00094" HPOS="152" VPOS="749" WIDTH="95" HEIGHT="25" CONTENT="blocks" WC="0.88" CC="402000"/>
						<SP ID="P194_SP00081" HPOS="247" VPOS="774" WIDTH="26"/>
						<String ID="P194_ST00095" HPOS="273" VPOS="748" WIDTH="29" HEIGHT="25" CONTENT="of" WC="1.00" CC="00"/>
						<SP ID="P194_SP00082" HPOS="302" VPOS="774" WIDTH="29"/>
						<String ID="P194_ST00096" HPOS="331" VPOS="748" WIDTH="160" HEIGHT="26" CONTENT="Limestone" WC="0.88" CC="300000240"/>
						<SP ID="P194_SP00083" HPOS="491" VPOS="774" WIDTH="26"/>
						<String ID="P194_ST00097" HPOS="517" VPOS="749" WIDTH="34" HEIGHT="24" CONTENT="lie" WC="0.77" CC="240"/>
						<SP ID="P194_SP00084" HPOS="551" VPOS="774" WIDTH="30"/>
						<String ID="P194_ST00098" HPOS="581" VPOS="749" WIDTH="138" HEIGHT="25" CONTENT="scattered" WC="0.85" CC="309000000"/>
						<SP ID="P194_SP00085" HPOS="719" VPOS="774" WIDTH="27"/>
						<String ID="P194_ST00099" HPOS="746" VPOS="749" WIDTH="64" HEIGHT="25" CONTENT="here" WC="1.00" CC="0000"/>
						<SP ID="P194_SP00086" HPOS="810" VPOS="774" WIDTH="31"/>
						<String ID="P194_ST00100" HPOS="841" VPOS="749" WIDTH="54" HEIGHT="25" CONTENT="and" WC="0.83" CC="050"/>
						<SP ID="P194_SP00087" HPOS="895" VPOS="774" WIDTH="30"/>
						<String ID="P194_ST00101" HPOS="925" VPOS="749" WIDTH="84" HEIGHT="29" CONTENT="there," WC="0.96" CC="010001"/>
					</TextLine>
					<TextLine ID="P194_TL00015" HPOS="148" VPOS="793" WIDTH="860" HEIGHT="34">
						<String ID="P194_ST00102" HPOS="148" VPOS="793" WIDTH="69" HEIGHT="25" CONTENT="from" WC="0.71" CC="0209"/>
						<SP ID="P194_SP00088" HPOS="217" VPOS="818" WIDTH="14"/>
						<String ID="P194_ST00103" HPOS="231" VPOS="794" WIDTH="48" HEIGHT="24" CONTENT="the" WC="0.88" CC="030"/>
						<SP ID="P194_SP00089" HPOS="279" VPOS="818" WIDTH="14"/>
						<String ID="P194_ST00104" HPOS="293" VPOS="793" WIDTH="225" HEIGHT="25" CONTENT="semi-tufaceous" WC="0.93" CC="00050000000050"/>
						<SP ID="P194_SP00090" HPOS="518" VPOS="818" WIDTH="14"/>
						<String ID="P194_ST00105" HPOS="532" VPOS="798" WIDTH="28" HEIGHT="20" CONTENT="to" WC="1.00" CC="00"/>
						<SP ID="P194_SP00091" HPOS="560" VPOS="818" WIDTH="14"/>
						<String ID="P194_ST00106" HPOS="574" VPOS="795" WIDTH="47" HEIGHT="23" CONTENT="the" WC="0.83" CC="050"/>
						<SP ID="P194_SP00092" HPOS="621" VPOS="818" WIDTH="14"/>
						<String ID="P194_ST00107" HPOS="635" VPOS="803" WIDTH="75" HEIGHT="16" CONTENT="more" WC="0.96" CC="0010"/>
						<SP ID="P194_SP00093" HPOS="710" VPOS="819" WIDTH="19"/>
						<String ID="P194_ST00108" HPOS="729" VPOS="795" WIDTH="70" HEIGHT="24" CONTENT="solid" WC="0.91" CC="00300"/>
						<SP ID="P194_SP00094" HPOS="799" VPOS="819" WIDTH="15"/>
						<String ID="P194_ST00109" HPOS="814" VPOS="795" WIDTH="53" HEIGHT="24" CONTENT="and" WC="0.81" CC="310"/>
						<SP ID="P194_SP00095" HPOS="867" VPOS="819" WIDTH="15"/>
						<String ID="P194_ST00110" HPOS="882" VPOS="800" WIDTH="126" HEIGHT="27" CONTENT="compact" WC="0.89" CC="0070000"/>
					</TextLine>
					<TextLine ID="P194_TL00016" HPOS="148" VPOS="839" WIDTH="861" HEIGHT="29">
						<String ID="P194_ST00111" HPOS="148" VPOS="839" WIDTH="90" HEIGHT="29" CONTENT="kinds," WC="0.80" CC="038000"/>
						<SP ID="P194_SP00096" HPOS="238" VPOS="868" WIDTH="26"/>
						<String ID="P194_ST00112" HPOS="264" VPOS="840" WIDTH="36" HEIGHT="23" CONTENT="all" WC="1.00" CC="000"/>
						<SP ID="P194_SP00097" HPOS="300" VPOS="868" WIDTH="31"/>
						<String ID="P194_ST00113" HPOS="331" VPOS="839" WIDTH="127" HEIGHT="24" CONTENT="crowded" WC="0.84" CC="0126000"/>
						<SP ID="P194_SP00098" HPOS="458" VPOS="868" WIDTH="26"/>
						<String ID="P194_ST00114" HPOS="484" VPOS="839" WIDTH="66" HEIGHT="25" CONTENT="with" WC="0.96" CC="0001"/>
						<SP ID="P194_SP00099" HPOS="550" VPOS="868" WIDTH="32"/>
						<String ID="P194_ST00115" HPOS="582" VPOS="840" WIDTH="46" HEIGHT="23" CONTENT="the" WC="0.88" CC="030"/>
						<SP ID="P194_SP00100" HPOS="628" VPOS="868" WIDTH="32"/>
						<String ID="P194_ST00116" HPOS="660" VPOS="839" WIDTH="75" HEIGHT="25" CONTENT="fossil" WC="0.94" CC="000030"/>
						<SP ID="P194_SP00101" HPOS="735" VPOS="868" WIDTH="26"/>
						<String ID="P194_ST00117" HPOS="761" VPOS="840" WIDTH="83" HEIGHT="24" CONTENT="shells" WC="1.00" CC="000000"/>
						<SP ID="P194_SP00102" HPOS="844" VPOS="868" WIDTH="25"/>
						<String ID="P194_ST00118" HPOS="869" VPOS="840" WIDTH="30" HEIGHT="25" CONTENT="of" WC="1.00" CC="00"/>
						<SP ID="P194_SP00103" HPOS="899" VPOS="868" WIDTH="23"/>
						<String ID="P194_ST00119" HPOS="922" VPOS="840" WIDTH="87" HEIGHT="28" CONTENT="Helix," WC="0.71" CC="004084"/>
					</TextLine>
					<TextLine ID="P194_TL00017" HPOS="151" VPOS="884" WIDTH="860" HEIGHT="33">
						<String ID="P194_ST00120" HPOS="151" VPOS="884" WIDTH="112" HEIGHT="25" CONTENT="Limnæa" WC="0.78" CC="300810"/>
						<SP ID="P194_SP00104" HPOS="263" VPOS="909" WIDTH="23"/>
						<String ID="P194_ST00121" HPOS="286" VPOS="884" WIDTH="54" HEIGHT="25" CONTENT="and" WC="0.82" CC="050"/>
						<SP ID="P194_SP00105" HPOS="340" VPOS="909" WIDTH="24"/>
						<String ID="P194_ST00122" HPOS="364" VPOS="885" WIDTH="135" HEIGHT="28" CONTENT="Planorbis," WC="0.86" CC="0007007000"/>
						<SP ID="P194_SP00106" HPOS="499" VPOS="913" WIDTH="27"/>
						<String ID="P194_ST00123" HPOS="526" VPOS="885" WIDTH="54" HEIGHT="24" CONTENT="and" WC="1.00" CC="000"/>
						<SP ID="P194_SP00107" HPOS="580" VPOS="913" WIDTH="26"/>
						<String ID="P194_ST00124" HPOS="606" VPOS="884" WIDTH="159" HEIGHT="33" CONTENT="containing" WC="0.81" CC="0050044400"/>
						<SP ID="P194_SP00108" HPOS="765" VPOS="917" WIDTH="24"/>
						<String ID="P194_ST00125" HPOS="789" VPOS="886" WIDTH="58" HEIGHT="24" CONTENT="also" WC="0.88" CC="0400"/>
						<SP ID="P194_SP00109" HPOS="847" VPOS="917" WIDTH="35"/>
						<String ID="P194_ST00126" HPOS="882" VPOS="885" WIDTH="78" HEIGHT="25" CONTENT="seeds" WC="0.96" CC="00002"/>
						<SP ID="P194_SP00110" HPOS="960" VPOS="917" WIDTH="24"/>
						<String ID="P194_ST00127" HPOS="984" VPOS="885" WIDTH="27" HEIGHT="25" CONTENT="of" WC="0.82" CC="03"/>
					</TextLine>
					<TextLine ID="P194_TL00018" HPOS="152" VPOS="929" WIDTH="857" HEIGHT="27">
						<String ID="P194_ST00128" HPOS="152" VPOS="930" WIDTH="90" HEIGHT="26" CONTENT="Chara." WC="0.80" CC="020900"/>
						<SP ID="P194_SP00111" HPOS="242" VPOS="956" WIDTH="39"/>
						<String ID="P194_ST00129" HPOS="281" VPOS="929" WIDTH="60" HEIGHT="26" CONTENT="The" WC="0.90" CC="020"/>
						<SP ID="P194_SP00112" HPOS="341" VPOS="956" WIDTH="14"/>
						<String ID="P194_ST00130" HPOS="355" VPOS="930" WIDTH="83" HEIGHT="24" CONTENT="shells" WC="0.96" CC="010000"/>
						<SP ID="P194_SP00113" HPOS="438" VPOS="956" WIDTH="19"/>
						<String ID="P194_ST00131" HPOS="457" VPOS="929" WIDTH="27" HEIGHT="25" CONTENT="in" WC="1.00" CC="00"/>
						<SP ID="P194_SP00114" HPOS="484" VPOS="956" WIDTH="19"/>
						<String ID="P194_ST00132" HPOS="503" VPOS="930" WIDTH="48" HEIGHT="25" CONTENT="the" WC="0.85" CC="040"/>
						<SP ID="P194_SP00115" HPOS="551" VPOS="956" WIDTH="17"/>
						<String ID="P194_ST00133" HPOS="568" VPOS="929" WIDTH="145" HEIGHT="26" CONTENT="limestone" WC="0.91" CC="120000040"/>
						<SP ID="P194_SP00116" HPOS="713" VPOS="956" WIDTH="15"/>
						<String ID="P194_ST00134" HPOS="728" VPOS="939" WIDTH="44" HEIGHT="16" CONTENT="are" WC="0.87" CC="030"/>
						<SP ID="P194_SP00117" HPOS="772" VPOS="956" WIDTH="15"/>
						<String ID="P194_ST00135" HPOS="787" VPOS="930" WIDTH="27" HEIGHT="25" CONTENT="in" WC="0.52" CC="54"/>
						<SP ID="P194_SP00118" HPOS="814" VPOS="956" WIDTH="13"/>
						<String ID="P194_ST00136" HPOS="827" VPOS="939" WIDTH="35" HEIGHT="16" CONTENT="an" WC="0.88" CC="02"/>
						<SP ID="P194_SP00119" HPOS="862" VPOS="956" WIDTH="14"/>
						<String ID="P194_ST00137" HPOS="876" VPOS="931" WIDTH="133" HEIGHT="25" CONTENT="excellent" WC="1.00" CC="000000000"/>
					</TextLine>
					<TextLine ID="P194_TL00019" HPOS="150" VPOS="975" WIDTH="859" HEIGHT="33">
						<String ID="P194_ST00138" HPOS="150" VPOS="979" WIDTH="71" HEIGHT="21" CONTENT="state" WC="0.96" CC="20000"/>
						<SP ID="P194_SP00120" HPOS="221" VPOS="1000" WIDTH="14"/>
						<String ID="P194_ST00139" HPOS="235" VPOS="975" WIDTH="29" HEIGHT="25" CONTENT="of" WC="0.89" CC="20"/>
						<SP ID="P194_SP00121" HPOS="264" VPOS="1000" WIDTH="11"/>
						<String ID="P194_ST00140" HPOS="275" VPOS="975" WIDTH="198" HEIGHT="33" CONTENT="preservation," WC="0.96" CC="0000000002300"/>
						<SP ID="P194_SP00122" HPOS="473" VPOS="1008" WIDTH="15"/>
						<String ID="P194_ST00141" HPOS="488" VPOS="976" WIDTH="48" HEIGHT="24" CONTENT="but" WC="1.00" CC="000"/>
						<SP ID="P194_SP00123" HPOS="536" VPOS="1008" WIDTH="20"/>
						<String ID="P194_ST00142" HPOS="556" VPOS="975" WIDTH="72" HEIGHT="25" CONTENT="their" WC="0.80" CC="04050"/>
						<SP ID="P194_SP00124" HPOS="628" VPOS="1008" WIDTH="18"/>
						<String ID="P194_ST00143" HPOS="646" VPOS="975" WIDTH="96" HEIGHT="33" CONTENT="fragile" WC="0.96" CC="0000200"/>
						<SP ID="P194_SP00125" HPOS="742" VPOS="1008" WIDTH="19"/>
						<String ID="P194_ST00144" HPOS="761" VPOS="980" WIDTH="98" HEIGHT="20" CONTENT="nature" WC="0.96" CC="000200"/>
						<SP ID="P194_SP00126" HPOS="859" VPOS="1008" WIDTH="18"/>
						<String ID="P194_ST00145" HPOS="877" VPOS="976" WIDTH="132" HEIGHT="24" CONTENT="demands" WC="0.96" CC="0000200"/>
					</TextLine>
					<TextLine ID="P194_TL00020" HPOS="149" VPOS="1020" WIDTH="860" HEIGHT="33">
						<String ID="P194_ST00146" HPOS="149" VPOS="1021" WIDTH="47" HEIGHT="24" CONTENT="the" WC="1.00" CC="000"/>
						<SP ID="P194_SP00127" HPOS="196" VPOS="1045" WIDTH="13"/>
						<String ID="P194_ST00147" HPOS="209" VPOS="1024" WIDTH="104" HEIGHT="21" CONTENT="utmost" WC="0.82" CC="504000"/>
						<SP ID="P194_SP00128" HPOS="313" VPOS="1045" WIDTH="21"/>
						<String ID="P194_ST00148" HPOS="334" VPOS="1029" WIDTH="62" HEIGHT="16" CONTENT="care" WC="1.00" CC="0000"/>
						<SP ID="P194_SP00129" HPOS="396" VPOS="1045" WIDTH="22"/>
						<String ID="P194_ST00149" HPOS="418" VPOS="1020" WIDTH="28" HEIGHT="24" CONTENT="in" WC="0.71" CC="31"/>
						<SP ID="P194_SP00130" HPOS="446" VPOS="1045" WIDTH="18"/>
						<String ID="P194_ST00150" HPOS="464" VPOS="1021" WIDTH="156" HEIGHT="32" CONTENT="extracting" WC="0.81" CC="0700300340"/>
						<SP ID="P194_SP00131" HPOS="620" VPOS="1053" WIDTH="19"/>
						<String ID="P194_ST00151" HPOS="639" VPOS="1021" WIDTH="83" HEIGHT="24" CONTENT="them." WC="0.96" CC="02000"/>
						<SP ID="P194_SP00132" HPOS="722" VPOS="1053" WIDTH="42"/>
						<String ID="P194_ST00152" HPOS="764" VPOS="1021" WIDTH="123" HEIGHT="24" CONTENT="Paludina" WC="0.79" CC="00070250"/>
						<SP ID="P194_SP00133" HPOS="887" VPOS="1053" WIDTH="18"/>
						<String ID="P194_ST00153" HPOS="905" VPOS="1022" WIDTH="62" HEIGHT="23" CONTENT="lenta" WC="0.57" CC="49700"/>
						<SP ID="P194_SP00134" HPOS="967" VPOS="1053" WIDTH="20"/>
						<String ID="P194_ST00154" HPOS="987" VPOS="1020" WIDTH="22" HEIGHT="25" CONTENT="is" WC="0.76" CC="40"/>
					</TextLine>
					<TextLine ID="P194_TL00021" HPOS="152" VPOS="1066" WIDTH="822" HEIGHT="32">
						<String ID="P194_ST00155" HPOS="152" VPOS="1066" WIDTH="84" HEIGHT="25" CONTENT="found" WC="0.61" CC="00539"/>
						<SP ID="P194_SP00135" HPOS="236" VPOS="1091" WIDTH="14"/>
						<String ID="P194_ST00156" HPOS="250" VPOS="1066" WIDTH="26" HEIGHT="24" CONTENT="in" WC="0.70" CC="23"/>
						<SP ID="P194_SP00136" HPOS="276" VPOS="1091" WIDTH="14"/>
						<String ID="P194_ST00157" HPOS="290" VPOS="1075" WIDTH="102" HEIGHT="23" CONTENT="groups" WC="0.94" CC="300000"/>
						<SP ID="P194_SP00137" HPOS="392" VPOS="1098" WIDTH="15"/>
						<String ID="P194_ST00158" HPOS="407" VPOS="1075" WIDTH="33" HEIGHT="15" CONTENT="on" WC="0.82" CC="03"/>
						<SP ID="P194_SP00138" HPOS="440" VPOS="1098" WIDTH="16"/>
						<String ID="P194_ST00159" HPOS="456" VPOS="1066" WIDTH="95" HEIGHT="25" CONTENT="blocks" WC="0.97" CC="100000"/>
						<SP ID="P194_SP00139" HPOS="551" VPOS="1098" WIDTH="13"/>
						<String ID="P194_ST00160" HPOS="564" VPOS="1066" WIDTH="30" HEIGHT="25" CONTENT="of" WC="1.00" CC="00"/>
						<SP ID="P194_SP00140" HPOS="594" VPOS="1098" WIDTH="10"/>
						<String ID="P194_ST00161" HPOS="604" VPOS="1066" WIDTH="220" HEIGHT="26" CONTENT="reddish-brown" WC="0.86" CC="4000002000090"/>
						<SP ID="P194_SP00141" HPOS="824" VPOS="1098" WIDTH="15"/>
						<String ID="P194_ST00162" HPOS="839" VPOS="1066" WIDTH="135" HEIGHT="32" CONTENT="Septaria." WC="0.95" CC="000000300"/>
					</TextLine>
				</TextBlock>
				<TextBlock ID="P194_TB00005" HPOS="148" VPOS="1111" WIDTH="861" HEIGHT="169" STYLEREFS="TXT_1 PAR_LEFT">
					<TextLine ID="P194_TL00022" HPOS="194" VPOS="1112" WIDTH="815" HEIGHT="33">
						<String ID="P194_ST00163" HPOS="194" VPOS="1116" WIDTH="15" HEIGHT="11" CONTENT='"' WC="0.51" CC="4"/>
						<SP ID="P194_SP00142" HPOS="209" VPOS="1127" WIDTH="12"/>
						<String ID="P194_ST00164" HPOS="221" VPOS="1112" WIDTH="82" HEIGHT="25" CONTENT="Chara" WC="0.67" CC="00870"/>
						<SP ID="P194_SP00143" HPOS="303" VPOS="1137" WIDTH="18"/>
						<String ID="P194_ST00165" HPOS="321" VPOS="1112" WIDTH="120" HEIGHT="32" CONTENT="Wrightii" WC="0.84" CC="08000300"/>
						<SP ID="P194_SP00144" HPOS="441" VPOS="1144" WIDTH="22"/>
						<String ID="P194_ST00166" HPOS="463" VPOS="1121" WIDTH="99" HEIGHT="16" CONTENT="occurs" WC="0.81" CC="400700"/>
						<SP ID="P194_SP00145" HPOS="562" VPOS="1144" WIDTH="25"/>
						<String ID="P194_ST00167" HPOS="587" VPOS="1112" WIDTH="172" HEIGHT="33" CONTENT="abundantly" WC="0.71" CC="0284500070"/>
						<SP ID="P194_SP00146" HPOS="759" VPOS="1145" WIDTH="19"/>
						<String ID="P194_ST00168" HPOS="778" VPOS="1112" WIDTH="168" HEIGHT="32" CONTENT="throughout" WC="0.82" CC="0210094000"/>
						<SP ID="P194_SP00147" HPOS="946" VPOS="1145" WIDTH="18"/>
						<String ID="P194_ST00169" HPOS="964" VPOS="1112" WIDTH="45" HEIGHT="24" CONTENT="the" WC="0.93" CC="020"/>
					</TextLine>
					<TextLine ID="P194_TL00023" HPOS="150" VPOS="1157" WIDTH="859" HEIGHT="33">
						<String ID="P194_ST00170" HPOS="150" VPOS="1157" WIDTH="119" HEIGHT="25" CONTENT="Headon" WC="0.85" CC="400003"/>
						<SP ID="P194_SP00148" HPOS="269" VPOS="1182" WIDTH="22"/>
						<String ID="P194_ST00171" HPOS="291" VPOS="1157" WIDTH="94" HEIGHT="29" CONTENT="series," WC="1.00" CC="0000000"/>
						<SP ID="P194_SP00149" HPOS="385" VPOS="1186" WIDTH="26"/>
						<String ID="P194_ST00172" HPOS="411" VPOS="1158" WIDTH="48" HEIGHT="24" CONTENT="but" WC="0.97" CC="000"/>
						<SP ID="P194_SP00150" HPOS="459" VPOS="1186" WIDTH="32"/>
						<String ID="P194_ST00173" HPOS="491" VPOS="1157" WIDTH="148" HEIGHT="33" CONTENT="especially" WC="1.00" CC="0000000000"/>
						<SP ID="P194_SP00151" HPOS="639" VPOS="1190" WIDTH="26"/>
						<String ID="P194_ST00174" HPOS="665" VPOS="1157" WIDTH="27" HEIGHT="25" CONTENT="in" WC="0.79" CC="40"/>
						<SP ID="P194_SP00152" HPOS="692" VPOS="1190" WIDTH="25"/>
						<String ID="P194_ST00175" HPOS="717" VPOS="1157" WIDTH="48" HEIGHT="25" CONTENT="the" WC="1.00" CC="000"/>
						<SP ID="P194_SP00153" HPOS="765" VPOS="1190" WIDTH="25"/>
						<String ID="P194_ST00176" HPOS="790" VPOS="1158" WIDTH="106" HEIGHT="24" CONTENT="bottom" WC="0.84" CC="000009"/>
						<SP ID="P194_SP00154" HPOS="896" VPOS="1190" WIDTH="26"/>
						<String ID="P194_ST00177" HPOS="922" VPOS="1158" WIDTH="87" HEIGHT="32" CONTENT="layers" WC="0.98" CC="000000"/>
					</TextLine>
					<TextLine ID="P194_TL00024" HPOS="148" VPOS="1202" WIDTH="861" HEIGHT="35">
						<String ID="P194_ST00178" HPOS="148" VPOS="1202" WIDTH="139" HEIGHT="33" CONTENT="(Neritina" WC="0.87" CC="200010340"/>
						<SP ID="P194_SP00155" HPOS="287" VPOS="1235" WIDTH="23"/>
						<String ID="P194_ST00179" HPOS="310" VPOS="1203" WIDTH="64" HEIGHT="32" CONTENT="bed)" WC="0.99" CC="0000"/>
						<SP ID="P194_SP00156" HPOS="374" VPOS="1235" WIDTH="22"/>
						<String ID="P194_ST00180" HPOS="396" VPOS="1203" WIDTH="30" HEIGHT="24" CONTENT="of" WC="1.00" CC="00"/>
						<SP ID="P194_SP00157" HPOS="426" VPOS="1235" WIDTH="24"/>
						<String ID="P194_ST00181" HPOS="450" VPOS="1203" WIDTH="46" HEIGHT="24" CONTENT="the" WC="0.83" CC="040"/>
						<SP ID="P194_SP00158" HPOS="496" VPOS="1235" WIDTH="22"/>
						<String ID="P194_ST00182" HPOS="518" VPOS="1203" WIDTH="105" HEIGHT="24" CONTENT="Middle" WC="0.94" CC="030000"/>
						<SP ID="P194_SP00159" HPOS="623" VPOS="1235" WIDTH="24"/>
						<String ID="P194_ST00183" HPOS="647" VPOS="1203" WIDTH="119" HEIGHT="24" CONTENT="Headon" WC="0.94" CC="300000"/>
						<SP ID="P194_SP00160" HPOS="766" VPOS="1235" WIDTH="22"/>
						<String ID="P194_ST00184" HPOS="788" VPOS="1203" WIDTH="77" HEIGHT="24" CONTENT="beds." WC="1.00" CC="00000"/>
						<SP ID="P194_SP00161" HPOS="865" VPOS="1235" WIDTH="39"/>
						<String ID="P194_ST00185" HPOS="904" VPOS="1204" WIDTH="36" HEIGHT="33" CONTENT="(J." WC="0.87" CC="200"/>
						<SP ID="P194_SP00162" HPOS="940" VPOS="1237" WIDTH="24"/>
						<String ID="P194_ST00186" HPOS="964" VPOS="1203" WIDTH="45" HEIGHT="23" CONTENT="W." WC="1.00" CC="00"/>
					</TextLine>
					<TextLine ID="P194_TL00025" HPOS="149" VPOS="1248" WIDTH="110" HEIGHT="32">
						<String ID="P194_ST00187" HPOS="149" VPOS="1248" WIDTH="110" HEIGHT="32" CONTENT="Salter.)" WC="0.95" CC="00000003"/>
					</TextLine>
				</TextBlock>
				<TextBlock ID="P194_TB00006" HPOS="147" VPOS="1292" WIDTH="862" HEIGHT="124" STYLEREFS="TXT_1 PAR_LEFT">
					<TextLine ID="P194_TL00026" HPOS="194" VPOS="1293" WIDTH="815" HEIGHT="33">
						<String ID="P194_ST00188" HPOS="194" VPOS="1293" WIDTH="59" HEIGHT="24" CONTENT="The" WC="0.82" CC="050"/>
						<SP ID="P194_SP00163" HPOS="253" VPOS="1317" WIDTH="19"/>
						<String ID="P194_ST00189" HPOS="272" VPOS="1293" WIDTH="139" HEIGHT="33" CONTENT="following" WC="0.85" CC="002000460"/>
						<SP ID="P194_SP00164" HPOS="411" VPOS="1326" WIDTH="20"/>
						<String ID="P194_ST00190" HPOS="431" VPOS="1294" WIDTH="83" HEIGHT="25" CONTENT="shells" WC="1.00" CC="000000"/>
						<SP ID="P194_SP00165" HPOS="514" VPOS="1326" WIDTH="14"/>
						<String ID="P194_ST00191" HPOS="528" VPOS="1303" WIDTH="70" HEIGHT="16" CONTENT="were" WC="1.00" CC="0000"/>
						<SP ID="P194_SP00166" HPOS="598" VPOS="1326" WIDTH="19"/>
						<String ID="P194_ST00192" HPOS="617" VPOS="1294" WIDTH="135" HEIGHT="25" CONTENT="collected" WC="0.86" CC="000600006"/>
						<SP ID="P194_SP00167" HPOS="752" VPOS="1326" WIDTH="20"/>
						<String ID="P194_ST00193" HPOS="772" VPOS="1293" WIDTH="69" HEIGHT="26" CONTENT="from" WC="1.00" CC="0000"/>
						<SP ID="P194_SP00168" HPOS="841" VPOS="1326" WIDTH="14"/>
						<String ID="P194_ST00194" HPOS="855" VPOS="1294" WIDTH="47" HEIGHT="24" CONTENT="the" WC="0.88" CC="030"/>
						<SP ID="P194_SP00169" HPOS="902" VPOS="1326" WIDTH="14"/>
						<String ID="P194_ST00195" HPOS="916" VPOS="1294" WIDTH="93" HEIGHT="24" CONTENT="Venus" WC="0.82" CC="00720"/>
					</TextLine>
					<TextLine ID="P194_TL00027" HPOS="148" VPOS="1337" WIDTH="861" HEIGHT="35">
						<String ID="P194_ST00196" HPOS="148" VPOS="1338" WIDTH="52" HEIGHT="25" CONTENT="bed" WC="0.98" CC="000"/>
						<SP ID="P194_SP00170" HPOS="200" VPOS="1363" WIDTH="31"/>
						<String ID="P194_ST00197" HPOS="231" VPOS="1337" WIDTH="27" HEIGHT="25" CONTENT="in" WC="0.94" CC="10"/>
						<SP ID="P194_SP00171" HPOS="258" VPOS="1363" WIDTH="35"/>
						<String ID="P194_ST00198" HPOS="293" VPOS="1339" WIDTH="113" HEIGHT="25" CONTENT="Cohvell" WC="0.89" CC="0070000"/>
						<SP ID="P194_SP00172" HPOS="406" VPOS="1364" WIDTH="34"/>
						<String ID="P194_ST00199" HPOS="440" VPOS="1340" WIDTH="61" HEIGHT="32" CONTENT="Bay" WC="0.77" CC="600"/>
						<SP ID="P194_SP00173" HPOS="501" VPOS="1372" WIDTH="30"/>
						<String ID="P194_ST00200" HPOS="531" VPOS="1339" WIDTH="27" HEIGHT="25" CONTENT="in" WC="0.78" CC="31"/>
						<SP ID="P194_SP00174" HPOS="558" VPOS="1372" WIDTH="35"/>
						<String ID="P194_ST00201" HPOS="593" VPOS="1340" WIDTH="163" HEIGHT="29" CONTENT="December," WC="0.90" CC="200005000"/>
						<SP ID="P194_SP00175" HPOS="756" VPOS="1372" WIDTH="35"/>
						<String ID="P194_ST00202" HPOS="791" VPOS="1342" WIDTH="73" HEIGHT="29" CONTENT="1852," WC="0.80" CC="00530"/>
						<SP ID="P194_SP00176" HPOS="864" VPOS="1372" WIDTH="34"/>
						<String ID="P194_ST00203" HPOS="898" VPOS="1340" WIDTH="35" HEIGHT="32" CONTENT="by" WC="0.96" CC="00"/>
						<SP ID="P194_SP00177" HPOS="933" VPOS="1372" WIDTH="31"/>
						<String ID="P194_ST00204" HPOS="964" VPOS="1339" WIDTH="45" HEIGHT="25" CONTENT="the" WC="1.00" CC="000"/>
					</TextLine>
					<TextLine ID="P194_TL00028" HPOS="148" VPOS="1383" WIDTH="342" HEIGHT="33">
						<String ID="P194_ST00205" HPOS="148" VPOS="1383" WIDTH="161" HEIGHT="32" CONTENT="Geological" WC="0.93" CC="0006000000"/>
						<SP ID="P194_SP00178" HPOS="309" VPOS="1415" WIDTH="21"/>
						<String ID="P194_ST00206" HPOS="330" VPOS="1384" WIDTH="105" HEIGHT="32" CONTENT="Survey" WC="0.92" CC="004000"/>
						<SP ID="P194_SP00179" HPOS="435" VPOS="1416" WIDTH="13"/>
						<String ID="P194_ST00207" HPOS="448" VPOS="1394" WIDTH="4" HEIGHT="15" CONTENT=":" WC="1.00" CC="0"/>
						<String ID="P194_ST00208" HPOS="456" VPOS="1400" WIDTH="34" HEIGHT="3" CONTENT="—" WC="0.20" CC="8"/>
					</TextLine>
				</TextBlock>
				<TextBlock ID="P194_TB00007" HPOS="248" VPOS="1463" WIDTH="599" HEIGHT="92" STYLEREFS="TXT_1 PAR_LEFT">
					<TextLine ID="P194_TL00029" HPOS="250" VPOS="1463" WIDTH="597" HEIGHT="35">
						<String ID="P194_ST00209" HPOS="250" VPOS="1463" WIDTH="93" HEIGHT="24" CONTENT="Ostrea" WC="0.57" CC="067901"/>
						<SP ID="P194_SP00180" HPOS="343" VPOS="1487" WIDTH="12"/>
						<String ID="P194_ST00210" HPOS="355" VPOS="1464" WIDTH="130" HEIGHT="24" CONTENT="flabellula" WC="0.83" CC="0000060630"/>
						<SP ID="P194_SP00181" HPOS="485" VPOS="1488" WIDTH="14"/>
						<String ID="P194_ST00211" HPOS="499" VPOS="1465" WIDTH="148" HEIGHT="32" CONTENT="(crepidula" WC="0.59" CC="3090039607"/>
						<SP ID="P194_SP00182" HPOS="647" VPOS="1497" WIDTH="13"/>
						<String ID="P194_ST00212" HPOS="660" VPOS="1466" WIDTH="27" HEIGHT="24" CONTENT="of" WC="0.51" CC="27"/>
						<SP ID="P194_SP00183" HPOS="687" VPOS="1497" WIDTH="13"/>
						<String ID="P194_ST00213" HPOS="700" VPOS="1465" WIDTH="147" HEIGHT="33" CONTENT="Deshayes)" WC="0.45" CC="600799157"/>
					</TextLine>
					<TextLine ID="P194_TL00030" HPOS="248" VPOS="1497" WIDTH="413" HEIGHT="34">
						<String ID="P194_ST00214" HPOS="248" VPOS="1497" WIDTH="91" HEIGHT="24" CONTENT="Venus" WC="0.56" CC="60680"/>
						<SP ID="P194_SP00184" HPOS="339" VPOS="1521" WIDTH="13"/>
						<String ID="P194_ST00215" HPOS="352" VPOS="1497" WIDTH="143" HEIGHT="25" CONTENT="incrassata" WC="0.64" CC="5700764005"/>
						<SP ID="P194_SP00185" HPOS="495" VPOS="1522" WIDTH="15"/>
						<String ID="P194_ST00216" HPOS="510" VPOS="1498" WIDTH="151" HEIGHT="33" CONTENT="(Sowerby)" WC="0.71" CC="216707000"/>
					</TextLine>
					<TextLine ID="P194_TL00031" HPOS="250" VPOS="1530" WIDTH="276" HEIGHT="25">
						<String ID="P194_ST00217" HPOS="250" VPOS="1530" WIDTH="146" HEIGHT="25" CONTENT="Cerithium" WC="0.62" CC="500227087"/>
						<SP ID="P194_SP00186" HPOS="396" VPOS="1555" WIDTH="14"/>
						<String ID="P194_ST00218" HPOS="410" VPOS="1532" WIDTH="116" HEIGHT="23" CONTENT="cinctum" WC="0.69" CC="0070363"/>
					</TextLine>
				</TextBlock>
				<TextBlock ID="P194_TB00008" HPOS="248" VPOS="1564" WIDTH="298" HEIGHT="99" STYLEREFS="TXT_1 PAR_LEFT">
					<TextLine ID="P194_TL00032" HPOS="249" VPOS="1564" WIDTH="209" HEIGHT="25">
						<String ID="P194_ST00219" HPOS="249" VPOS="1564" WIDTH="85" HEIGHT="24" CONTENT="Fusus" WC="0.50" CC="78071"/>
						<SP ID="P194_SP00187" HPOS="334" VPOS="1588" WIDTH="13"/>
						<String ID="P194_ST00220" HPOS="347" VPOS="1565" WIDTH="111" HEIGHT="24" CONTENT="labiatus" WC="0.55" CC="09570471"/>
					</TextLine>
					<TextLine ID="P194_TL00033" HPOS="250" VPOS="1598" WIDTH="225" HEIGHT="32">
						<String ID="P194_ST00221" HPOS="250" VPOS="1598" WIDTH="102" HEIGHT="32" CONTENT="Cyrena" WC="0.80" CC="202070"/>
						<SP ID="P194_SP00188" HPOS="352" VPOS="1630" WIDTH="13"/>
						<String ID="P194_ST00222" HPOS="365" VPOS="1599" WIDTH="110" HEIGHT="24" CONTENT="obovata" WC="0.77" CC="0626000"/>
					</TextLine>
					<TextLine ID="P194_TL00034" HPOS="248" VPOS="1631" WIDTH="298" HEIGHT="32">
						<String ID="P194_ST00223" HPOS="248" VPOS="1631" WIDTH="95" HEIGHT="24" CONTENT="Natica" WC="0.48" CC="973009"/>
						<SP ID="P194_SP00189" HPOS="343" VPOS="1655" WIDTH="13"/>
						<String ID="P194_ST00224" HPOS="356" VPOS="1632" WIDTH="156" HEIGHT="31" CONTENT="(epiglotum" WC="0.79" CC="0090022051"/>
						<SP ID="P194_SP00190" HPOS="512" VPOS="1663" WIDTH="10"/>
						<String ID="P194_ST00225" HPOS="522" VPOS="1633" WIDTH="24" HEIGHT="30" CONTENT="?)" WC="1.00" CC="00"/>
					</TextLine>
				</TextBlock>
				<TextBlock ID="P194_TB00009" HPOS="285" VPOS="1701" WIDTH="582" HEIGHT="26" STYLEREFS="TXT_1 PAR_CENTER">
					<TextLine ID="P194_TL00035" HPOS="286" VPOS="1701" WIDTH="581" HEIGHT="26">
						<String ID="P194_ST00226" HPOS="286" VPOS="1701" WIDTH="9" HEIGHT="9" CONTENT="*" WC="0.56" CC="4"/>
						<SP ID="P194_SP00191" HPOS="295" VPOS="1710" WIDTH="8"/>
						<String ID="P194_ST00227" HPOS="303" VPOS="1701" WIDTH="58" HEIGHT="17" CONTENT="Mem." WC="0.60" CC="0690"/>
						<SP ID="P194_SP00192" HPOS="361" VPOS="1718" WIDTH="10"/>
						<String ID="P194_ST00228" HPOS="371" VPOS="1702" WIDTH="52" HEIGHT="18" CONTENT="Geol." WC="0.62" CC="76040"/>
						<SP ID="P194_SP00193" HPOS="423" VPOS="1720" WIDTH="8"/>
						<String ID="P194_ST00229" HPOS="431" VPOS="1703" WIDTH="61" HEIGHT="19" CONTENT="Surv.," WC="0.61" CC="319800"/>
						<SP ID="P194_SP00194" HPOS="492" VPOS="1722" WIDTH="10"/>
						<String ID="P194_ST00230" HPOS="502" VPOS="1702" WIDTH="87" HEIGHT="21" CONTENT="Bristow," WC="0.74" CC="51164000"/>
						<SP ID="P194_SP00195" HPOS="589" VPOS="1723" WIDTH="9"/>
						<String ID="P194_ST00231" HPOS="598" VPOS="1704" WIDTH="37" HEIGHT="16" CONTENT="Isle" WC="0.81" CC="1600"/>
						<SP ID="P194_SP00196" HPOS="635" VPOS="1723" WIDTH="8"/>
						<String ID="P194_ST00232" HPOS="643" VPOS="1705" WIDTH="20" HEIGHT="16" CONTENT="of" WC="0.31" CC="66"/>
						<SP ID="P194_SP00197" HPOS="663" VPOS="1723" WIDTH="9"/>
						<String ID="P194_ST00233" HPOS="672" VPOS="1705" WIDTH="73" HEIGHT="21" CONTENT="Wight," WC="0.61" CC="900750"/>
						<SP ID="P194_SP00198" HPOS="745" VPOS="1726" WIDTH="10"/>
						<String ID="P194_ST00234" HPOS="755" VPOS="1707" WIDTH="50" HEIGHT="19" CONTENT="1862," WC="0.73" CC="06070"/>
						<SP ID="P194_SP00199" HPOS="805" VPOS="1726" WIDTH="9"/>
						<String ID="P194_ST00235" HPOS="814" VPOS="1712" WIDTH="18" HEIGHT="15" CONTENT="p." WC="0.50" CC="90"/>
						<SP ID="P194_SP00200" HPOS="832" VPOS="1727" WIDTH="9"/>
						<String ID="P194_ST00236" HPOS="841" VPOS="1709" WIDTH="26" HEIGHT="15" CONTENT="60." WC="0.66" CC="550"/>
					</TextLine>
				</TextBlock>
			</PrintSpace>
		</Page>
	</Layout>
</alto>
