1117 1922
132 201 47 22 228

475 204 167 18 ADDENDUM.

547 285 21 15 2.

179 351 51 26 The
250 353 80 25 Perna
348 355 111 24 Beds.—
460 355 60 24 The
540 354 69 32 Clay
629 351 74 27 Beds
723 350 55 25 and
795 349 50 25 the
862 346 137 27 Crackers

238 397 100 30 Rocks,
370 399 66 24 with
470 406 148 17 numerous
648 395 101 29 fossils,
775 393 127 33 together
932 390 67 27 with

235 443 80 24 those
336 443 68 25 from
425 445 47 24 the
491 452 87 24 upper
598 443 77 24 beds.
719 441 61 25 The
798 438 75 27 chief
889 436 110 34 portion

235 488 30 24 of
280 489 47 23 the
346 489 91 24 fossils
457 498 46 15 are
521 489 70 24 from
606 486 154 27 Atherfield
779 485 55 26 and
849 483 150 27 Sandown.

556 607 21 22 3-

185 673 50 25 The
253 674 85 25 Gault.
341 689 35 3 —
378 674 23 24 A
420 673 51 26 few
490 673 29 26 of
538 674 48 25 the
605 671 219 35 representative
845 670 155 33 specimens

238 718 67 25 from
321 719 46 24 the
381 719 97 29 Gault,
492 718 100 32 chiefly
607 722 85 21 casts.

552 839 23 22 4-

187 898 49 25 The
259 898 83 31 Upper
360 898 146 25 Greensand.
512 914 31 2 —
545 898 68 25 This
628 906 63 17 case
709 898 128 25 contains
850 906 149 17 numerous

237 942 100 30 fossils,
372 952 101 24 among
510 942 92 27 which
636 952 46 16 are
717 952 75 16 some
826 951 67 25 very
925 943 75 32 large

238 988 183 29 Ammonites,
442 988 100 34 chiefly
560 988 70 26 from
653 989 48 25 the
723 988 229 33 neighbourhood
974 988 29 25 of

237 1035 133 24 Ventnor.
420 1034 87 33 Many
531 1034 30 24 of
589 1035 47 24 the
662 1034 156 33 specimens
844 1042 72 17 were
940 1042 59 25 pre-

236 1080 96 25 sented
358 1080 36 31 by
412 1080 47 25 the
481 1080 68 25 Rev.
571 1080 31 25 C.
624 1080 37 25 H.
683 1080 123 29 Maiden,
829 1088 49 17 son
900 1080 30 25 of
952 1080 48 25 the

237 1125 56 24 late
311 1129 90 20 rector
420 1124 30 24 of
467 1125 40 24 St.
529 1125 160 24 Lawrence.

553 1242 22 22 5-

180 1302 50 24 The
243 1301 119 26 Chloritic
381 1301 70 24 Marl
470 1301 49 24 and
530 1301 170 33 Fossiliferous
713 1303 78 25 Marl.
795 1319 34 4 —
831 1304 60 26 The
910 1304 90 26 fossils

238 1345 68 26 from
317 1345 78 25 these
406 1345 68 25 beds
484 1354 46 16 are
541 1346 60 25 well
614 1349 179 30 represented
805 1350 36 33 by
851 1359 149 16 numerous

238 1389 163 32 specimens.

560 1467 22 21 6.

169 1523 50 24 The
230 1522 80 25 Chalk
319 1522 78 24 Marl.
400 1537 34 2 —
436 1522 90 24 These
540 1523 156 32 specimens
710 1533 47 17 are
770 1527 70 25 from
851 1528 48 26 the
911 1529 89 26 Chalk

238 1566 81 29 Marl,
341 1566 54 25 and
414 1566 104 25 consist
544 1567 101 34 chiefly
668 1570 31 24 of
721 1571 47 25 the
789 1572 211 35 Cephalopoda,

235 1610 130 29 nautilus,
382 1611 175 30 ammonites,
572 1621 128 25 sponges,
714 1620 54 22 etc.
807 1618 88 35 Many
906 1621 32 24 of
953 1621 47 26 the

235 1654 91 26 fossils
344 1654 68 26 from
433 1655 47 25 the
506 1656 90 25 Chalk
616 1658 98 33 (upper
734 1662 55 25 and
814 1663 94 35 lower)
928 1675 72 18 were

237 1701 57 24 also
316 1700 146 34 presented
485 1700 36 36 by
539 1701 47 25 the
607 1703 67 26 Rev.
696 1705 31 26 C.
749 1706 37 26 H.
809 1709 123 27 Maiden.
