1117 1922
350 159 107 16 MIDDLE
479 159 124 17 BAGSHOT
625 160 104 16 SERIES.

960 182 2 2 131

157 229 82 24 Some
259 230 91 24 leaves
370 231 133 24 collected
520 231 68 25 from
608 231 77 25 these
698 231 67 25 beds
779 241 62 23 may
854 232 33 24 be
901 240 62 16 seen

112 273 27 24 in
153 274 47 24 the
219 275 145 24 collection
384 279 27 21 at
432 275 45 25 the
493 275 127 33 Literary
634 276 138 29 Institute,
787 280 26 21 at
828 277 122 24 Ventnor
962 286 4 20 ;

112 319 48 24 but
183 319 66 33 they
270 329 55 19 are,
348 329 30 16 as
399 330 15 15 a
437 322 66 25 rule,
526 321 82 25 much
628 322 146 31 deranged,
797 322 54 24 and
870 321 96 25 render

112 364 169 32 description
306 365 123 26 difficult.
483 367 60 24 The
569 366 104 25 Middle
699 367 123 31 Bagshot
847 367 67 24 beds
939 366 27 25 in

112 409 158 26 Whitecliff
286 411 60 31 Bay
360 412 166 30 correspond
544 411 65 25 with
629 412 79 24 those
726 412 27 23 in
768 413 81 23 Alum
864 413 67 29 Bay.

165 455 30 24 In
233 456 151 33 February,
419 457 72 31 1873,
529 457 97 31 during
664 457 46 23 the
744 457 161 31 prevalence
941 456 29 24 of

113 501 225 31 long-continued
352 501 162 25 north-west
525 501 95 28 winds,
635 501 46 25 the
694 502 66 24 floor
774 501 28 25 of
813 502 46 24 the
869 501 99 25 former

113 545 115 24 became
245 546 98 29 totally
362 546 126 24 denuded
508 546 29 24 of
556 546 35 24 its
611 546 76 28 sand,
703 546 53 24 and
774 546 46 25 the
840 546 89 32 ridges
942 545 29 25 of

113 590 100 24 harder
233 595 87 20 strata
339 591 148 32 extending
507 591 137 25 seawards
663 595 28 21 to
709 591 53 25 low
780 595 84 21 water
882 591 86 28 mark,

113 643 71 16 were
207 634 27 25 in
257 644 191 23 consequence
466 634 56 26 laid
541 636 73 24 bare.
653 636 133 31 Amongst
806 635 84 28 them,
907 644 61 15 con-

115 678 130 33 spicuous
265 680 35 32 by
322 679 34 26 its
376 680 154 29 blackness,
553 689 56 16 was
627 681 47 24 the
693 680 94 32 lignite
806 680 52 25 bed
878 679 29 25 of
923 680 45 24 the

116 724 124 31 Bagshot
255 724 91 25 series.
385 725 59 24 The
458 724 151 33 discovery,
625 733 33 16 on
673 724 81 32 being
767 725 79 24 made
860 725 107 28 known,

115 770 111 24 created
239 770 46 24 the
299 774 103 20 utmost
416 769 165 25 excitement
601 773 124 28 amongst
740 770 45 24 the
799 769 170 25 inhabitants

114 814 30 24 of
163 814 47 24 the
229 814 201 32 neighbouring
448 818 88 20 towns
556 814 53 24 and
627 814 121 31 villages,
763 814 54 24 and
835 814 47 24 the
900 813 69 25 little

115 860 69 32 Ba}',
199 858 150 29 ordinarily
363 867 30 15 so
414 858 83 32 quiet,
511 866 57 16 was
587 858 127 24 crowded
727 857 65 25 with
813 857 155 32 sightseers.

115 904 37 24 So
183 907 77 28 great
285 911 57 17 was
367 903 47 24 the
439 902 165 24 excitement
627 902 59 24 that
713 910 50 16 one
788 902 86 31 might
899 902 70 24 have

115 948 139 32 imagined
277 948 46 23 the
345 947 145 33 discovery
512 947 29 24 of
560 955 16 16 a
601 947 101 24 second
728 946 156 25 California.
923 947 47 31 My

114 997 158 23 statement,
296 993 82 23 much
399 992 122 24 doubted
543 995 27 20 at
593 992 47 23 the
659 990 66 25 time
751 992 34 31 by
807 991 78 24 those
907 990 61 25 who

115 1038 144 25 consulted
273 1047 51 19 me,
339 1037 60 25 that
417 1037 27 24 in
459 1037 71 32 spite
543 1036 29 24 of
587 1036 36 24 its
636 1040 94 27 strong
743 1036 186 23 resemblance
941 1038 28 21 to

115 1084 60 25 coal
198 1083 19 25 it
232 1092 57 17 was
309 1082 90 25 unlike
420 1082 47 25 the
489 1086 60 20 true
568 1081 60 24 coal
648 1081 29 24 of
697 1081 45 24 the
763 1080 203 24 carboniferous

115 1128 147 25 formation
273 1136 71 17 were
355 1127 104 32 proved
469 1127 35 32 by
515 1126 167 31 subsequent
693 1125 63 24 trial
769 1129 28 20 to
812 1125 32 24 be
855 1128 113 25 correct;

115 1174 54 23 and
195 1173 35 24 its
255 1171 189 33 comparative
471 1171 209 25 worthlessness
710 1178 30 16 as
764 1169 62 28 fuel,
849 1174 48 28 put
924 1169 45 24 the

116 1221 100 20 matter
236 1216 108 33 beyond
363 1215 119 32 dispute.
520 1214 118 25 Further
662 1213 126 25 research
813 1213 111 25 showed
949 1213 19 24 it

115 1266 29 21 to
166 1263 100 31 belong
287 1265 29 20 to
335 1262 47 23 the
408 1259 197 26 Bracklesham
629 1258 91 28 series,
741 1258 53 24 and
819 1263 27 19 to
868 1258 34 24 be
924 1258 46 24 the

116 1316 76 16 same
210 1306 95 32 lignite
324 1305 53 25 bed
396 1313 30 16 as
444 1313 98 16 occurs
561 1303 27 25 in
609 1304 80 23 Alum
711 1303 68 32 Bay.
817 1302 58 25 The
896 1311 73 15 seam

115 1352 30 25 of
163 1352 96 33 lignite
278 1359 57 17 was
360 1351 85 23 about
467 1349 47 32 4ft.
537 1348 77 25 thick
626 1357 5 20 ;
660 1347 35 25 its
716 1346 113 26 vertical
852 1346 118 33 position

115 1397 151 33 prevented
283 1396 36 25 its
338 1399 93 21 extent
451 1395 68 23 from
540 1394 81 31 being
639 1393 107 25 known.
784 1391 187 26 Excavations

115 1451 70 16 were
200 1441 106 26 carried
320 1450 35 16 on
375 1440 65 25 with
460 1444 76 28 great
556 1439 105 31 vigour,
682 1437 67 25 until
770 1436 142 26 forbidden
935 1437 36 32 by

115 1488 46 24 the
186 1487 58 25 lord
270 1486 30 25 of
327 1486 47 24 the
405 1493 95 16 manor
526 1484 53 24 and
611 1484 47 23 the
683 1481 162 25 authorities
870 1486 27 20 at
923 1481 46 25 the

116 1532 164 32 Admiralty.
320 1531 75 24 Keen
413 1528 235 33 disappointment
663 1535 56 16 was
738 1526 180 32 experienced
937 1526 34 32 by

115 1578 47 25 the
176 1577 129 32 villagers
320 1575 54 25 and
393 1574 147 25 fishermen
559 1572 79 26 when
658 1572 63 32 they
741 1571 83 24 found
844 1571 60 23 that
926 1570 45 24 the

144 1623 60 24 coal
255 1630 56 16 was
336 1621 103 24 useless
462 1619 91 25 unless
576 1617 91 25 mixed
685 1617 65 24 with
765 1617 47 23 the
830 1620 60 20 true
903 1616 68 24 coal.

117 1667 128 27 Without
266 1666 46 26 the
336 1666 80 23 latter
439 1664 20 24 it
482 1664 64 32 only
565 1661 181 27 smouldered,
769 1669 30 16 or
821 1669 30 15 as
876 1661 95 24 house-
