1117 1922
441 140 56 17 THE
519 139 184 18 UNDERCLIFF.

953 137 42 22 181

187 211 91 26 There
303 221 47 16 are
374 221 148 16 numerous
543 218 121 20 terraces
686 222 34 16 on
740 215 46 23 the
808 214 73 25 sides
900 214 29 25 of
952 215 45 24 the

142 257 103 24 Downs
256 265 5 21 ;
284 258 81 24 those
389 266 34 16 on
450 259 134 32 Steephill
607 259 97 28 Down,
731 259 121 25 between
875 260 123 25 Ventnor

140 301 55 25 and
210 302 40 24 St.
263 302 159 29 Lawrence,
433 311 46 16 are
492 303 60 24 well
565 303 116 25 defined.
720 303 71 26 Seen
804 308 27 20 at
846 313 16 16 a
874 304 125 25 distance

140 346 66 33 they
224 346 62 24 look
309 346 53 25 like
383 348 82 24 roads
485 351 47 21 cut
551 348 156 33 artificially
725 348 28 24 in
774 348 46 25 the
840 349 98 32 slopes.
975 349 24 24 A

140 399 66 15 near
221 391 78 28 view,
314 392 91 24 shows
424 392 60 24 that
504 392 71 24 their
594 392 130 28 surfaces,
738 392 92 25 unlike
847 393 90 29 roads,
952 402 44 16 are

139 439 47 21 not
206 435 164 29 horizontal,
390 436 49 25 but
459 436 99 25 almost
578 436 124 25 coincide
721 436 66 26 with
807 437 46 25 the
874 438 75 31 slope
972 437 28 25 of

139 480 46 24 the
206 480 63 24 hills
290 489 35 16 on
346 480 91 25 which
457 481 65 32 they
541 490 91 16 occur.
670 481 78 33 They
762 481 70 26 have
852 482 58 24 also
929 482 68 25 been

142 524 106 25 formed
267 525 36 31 by
322 525 177 25 denudation.

186 569 160 33 Landslips,
361 569 54 25 like
433 570 81 25 those
526 570 91 25 which
637 570 63 25 take
720 571 79 31 place
813 570 185 33 occasionally

139 614 89 25 round
242 615 47 24 the
303 618 77 21 coast
391 614 30 25 of
431 615 47 25 the
491 615 104 25 British
611 616 116 28 Islands,
739 624 51 16 can
804 616 33 24 be
851 616 146 31 compared

139 659 67 25 with
221 660 195 32 earthquakes,
426 660 27 24 in
466 660 71 24 their
546 660 74 24 work
634 660 29 24 of
674 660 173 24 devastation
862 661 53 23 and
929 660 68 24 ruin.

140 705 80 24 Alike
241 705 71 24 their
328 705 75 25 work
422 705 30 24 of
471 705 170 25 destruction
661 705 23 24 is
705 706 105 24 carried
830 710 47 20 out
900 706 98 33 swiftly

140 750 55 25 and
220 750 117 25 without
362 750 131 33 warning.
543 751 60 24 The
627 751 73 27 land,
724 751 111 32 already
857 751 140 24 saturated

140 795 36 33 by
193 795 65 24 land
278 795 118 32 springs,
411 795 55 24 and
486 795 102 25 broken
609 804 37 23 up
666 795 37 33 by
717 795 61 24 falls
798 795 68 24 from
885 795 34 24 its
936 803 60 17 own

140 839 101 33 weight
256 840 55 25 and
331 839 91 29 frosts,
437 839 86 33 yields
543 839 76 25 itself
637 849 15 15 a
671 839 120 33 helpless
811 848 74 16 mass
903 843 29 21 to
951 839 46 25 the

140 894 83 16 never
238 885 112 31 ceasing
363 885 109 25 attacks
486 884 29 25 of
526 885 46 24 the
587 893 44 16 sea
646 884 26 24 in
686 884 35 25 its
735 884 79 25 front.

214 931 60 24 The
300 938 114 24 scenery
438 929 29 25 of
489 929 48 25 the
560 929 132 32 irregular
718 933 106 21 terrace
850 929 148 32 (strangely

140 976 89 24 called
250 976 47 24 the
317 975 176 33 Undercliff),
507 975 66 24 with
593 975 35 24 its
648 975 143 32 boundary
810 973 68 25 lines
897 973 29 25 of
944 973 56 25 cliff

140 1021 89 24 above
251 1021 54 23 and
327 1021 96 28 below,
438 1019 22 25 is
481 1023 46 21 too
546 1020 60 24 well
625 1019 99 24 known
742 1022 29 21 to
790 1018 106 32 require
910 1027 15 16 a
939 1019 58 24 des-

140 1065 119 33 cription
412 1065 59 23 The
491 1072 86 24 upper
597 1063 63 29 cliff,
677 1071 30 17 or
725 1067 132 28 rampart,
871 1062 29 25 of
917 1063 80 24 chalk

140 1110 55 25 and
221 1110 154 33 greensand
397 1109 23 24 is
440 1117 66 25 very
527 1108 173 29 instructive,
721 1116 30 16 as
772 1108 135 32 throwing
929 1107 67 32 light

140 1164 35 17 on
197 1155 48 25 the
265 1154 80 25 mode
364 1154 28 24 in
405 1154 91 25 which
518 1162 82 24 many
615 1153 94 24 inland
729 1156 187 28 escarpments
935 1160 63 24 may

140 1200 71 25 have
233 1199 162 33 originated.
443 1198 24 25 It
493 1198 22 24 is
540 1202 61 20 true
627 1198 60 23 that
713 1198 77 24 there
814 1197 22 24 is
861 1205 76 16 room
957 1196 40 24 for

140 1245 161 25 differences
316 1244 29 25 of
361 1243 113 33 opinion
492 1242 166 33 concerning
671 1242 47 25 the
731 1242 114 24 relative
858 1242 80 24 share
951 1242 46 24 the

140 1298 46 16 sea
201 1290 54 24 and
274 1289 73 25 fresh
361 1292 85 22 water
460 1297 64 23 may
537 1287 71 25 have
626 1287 55 24 had
701 1286 27 25 in
747 1286 47 25 the
812 1286 145 25 formation
971 1285 29 25 of

140 1336 56 24 this
210 1335 173 25 remarkable
396 1335 62 24 wall
471 1333 30 25 of
516 1333 66 25 rock
593 1342 5 20 ;
619 1334 48 24 but
687 1333 11 23 I
718 1331 79 26 think
810 1332 77 24 there
900 1340 51 16 can
964 1332 34 24 be

140 1380 72 26 little
233 1380 87 26 doubt
343 1380 70 28 that,
427 1379 22 24 if
466 1379 48 24 the
534 1386 46 17 sea
600 1378 55 24 had
675 1386 82 16 never
775 1376 171 26 encroached
963 1385 35 16 on

140 1427 49 24 the
202 1426 82 25 south
299 1429 77 21 coast
390 1424 30 25 of
439 1424 47 25 the
500 1424 54 24 Isle
567 1423 30 25 of
614 1423 106 32 Wight,
736 1423 45 23 the
801 1430 86 24 upper
906 1422 53 24 line
973 1421 27 25 of

144 1472 60 24 cliff
220 1471 91 25 would
333 1479 83 16 never
437 1470 71 24 have
527 1469 115 24 existed.
681 1469 24 23 It
726 1468 23 23 is
769 1468 47 23 the
837 1467 78 24 effect
936 1466 29 25 of
985 1475 15 16 a

142 1520 78 21 coast
235 1516 53 32 slip
301 1524 30 16 or
345 1524 16 15 a
381 1514 83 25 series
483 1513 30 26 of
529 1517 77 21 coast
626 1513 76 32 slips,
717 1513 53 23 and
790 1520 63 25 may
866 1512 134 32 correctly

142 1563 34 25 be
190 1562 88 25 called
293 1569 35 16 an
341 1560 126 28 indirect,
482 1568 30 16 or
526 1557 201 32 supra-marine

296 1662 129 19 Mackintosh,
462 1662 79 19 Scenery
549 1661 20 17 of
577 1659 87 22 England
673 1659 38 18 and
817 1663 19 16 p.
845 1660 25 16 38.
