<?xml version="1.0" encoding="UTF-8"?>
<alto xmlns:xsi="http://www.w3.org/2001/XMLSchema-instance" xsi:noNamespaceSchemaLocation="http://www.bl.uk/schemas/alto/alto-1-4.xsd" xmlns:xlink="http://www.w3.org/1999/xlink">
	<Description>
		<MeasurementUnit>mm10</MeasurementUnit>
		<sourceImageInformation>
			<fileName>//head1/IN/2008-16/A0011467890/006508.jp2</fileName>
		</sourceImageInformation>
		<OCRProcessing ID="OCRPROCESSING_1">
			<preProcessingStep>
				<processingSoftware>
					<softwareCreator>CCS Content Conversion Specialists GmbH, Germany</softwareCreator>
					<softwareName>CCS docWORKS</softwareName>
					<softwareVersion>6.1-0.67</softwareVersion>
				</processingSoftware>
			</preProcessingStep>
			<ocrProcessingStep>
				<processingSoftware>
					<softwareCreator>ABBYY (BIT Software), Russia</softwareCreator>
					<softwareName>Finereader</softwareName>
				</processingSoftware>
			</ocrProcessingStep>
		</OCRProcessing>
	</Description>
	<Styles>
		<TextStyle ID="TXT_0" FONTSIZE="9" FONTFAMILY="Courier New"/>
		<TextStyle ID="TXT_1" FONTSIZE="10" FONTFAMILY="Courier New"/>
		<ParagraphStyle ID="PAR_CENTER" ALIGN="Center"/>
		<ParagraphStyle ID="PAR_LEFT" ALIGN="Left"/>
	</Styles>
	<Layout>
		<Page ID="P24" PHYSICAL_IMG_NR="24" HEIGHT="1922" WIDTH="1117" PRINTED_IMG_NR="10" POSITION="Left" ACCURACY="84.36">
			<TopMargin ID="P24_TM00001" HPOS="0" VPOS="0" WIDTH="1116" HEIGHT="182">
				<TextBlock ID="P24_TB00001" HPOS="398" VPOS="160" WIDTH="336" HEIGHT="20" STYLEREFS="TXT_0 PAR_CENTER">
					<TextLine ID="P24_TL00001" HPOS="399" VPOS="160" WIDTH="335" HEIGHT="20">
						<String ID="P24_ST00001" HPOS="399" VPOS="162" WIDTH="137" HEIGHT="18" CONTENT="WEALDEN" WC="0.59" CC="2094612"/>
						<SP ID="P24_SP00001" HPOS="536" VPOS="180" WIDTH="28"/>
						<String ID="P24_ST00002" HPOS="564" VPOS="160" WIDTH="170" HEIGHT="20" CONTENT="FORMATION," WC="0.68" CC="3037804400"/>
					</TextLine>
				</TextBlock>
				<TextBlock ID="P24_TB00002" HPOS="140" VPOS="164" WIDTH="31" HEIGHT="17" STYLEREFS="TXT_1 PAR_LEFT">
					<TextLine ID="P24_TL00002" HPOS="142" VPOS="165" WIDTH="29" HEIGHT="16">
						<String ID="P24_ST00003" HPOS="142" VPOS="165" WIDTH="29" HEIGHT="16" CONTENT="10" WC="0.82" CC="02"/>
					</TextLine>
				</TextBlock>
			</TopMargin>
			<LeftMargin ID="P24_LM00001" HPOS="0" VPOS="182" WIDTH="136" HEIGHT="1529"/>
			<RightMargin ID="P24_RM00001" HPOS="1007" VPOS="182" WIDTH="109" HEIGHT="1529"/>
			<BottomMargin ID="P24_BM00001" HPOS="0" VPOS="1711" WIDTH="1116" HEIGHT="210"/>
			<PrintSpace ID="P24_PS00001" HPOS="136" VPOS="182" WIDTH="871" HEIGHT="1529">
				<TextBlock ID="P24_TB00003" HPOS="136" VPOS="224" WIDTH="871" HEIGHT="984" STYLEREFS="TXT_0 PAR_LEFT">
					<TextLine ID="P24_TL00003" HPOS="137" VPOS="227" WIDTH="866" HEIGHT="38">
						<String ID="P24_ST00004" HPOS="137" VPOS="234" WIDTH="118" HEIGHT="26" CONTENT="vitation" WC="0.69" CC="86000630"/>
						<SP ID="P24_SP00002" HPOS="255" VPOS="260" WIDTH="21"/>
						<String ID="P24_ST00005" HPOS="276" VPOS="243" WIDTH="72" HEIGHT="17" CONTENT="were" WC="0.90" CC="0030"/>
						<SP ID="P24_SP00003" HPOS="348" VPOS="260" WIDTH="18"/>
						<String ID="P24_ST00006" HPOS="366" VPOS="233" WIDTH="93" HEIGHT="26" CONTENT="issued" WC="0.89" CC="400200"/>
						<SP ID="P24_SP00004" HPOS="459" VPOS="260" WIDTH="22"/>
						<String ID="P24_ST00007" HPOS="481" VPOS="242" WIDTH="31" HEIGHT="16" CONTENT="as" WC="1.00" CC="00"/>
						<SP ID="P24_SP00005" HPOS="512" VPOS="260" WIDTH="22"/>
						<String ID="P24_ST00008" HPOS="534" VPOS="233" WIDTH="106" HEIGHT="25" CONTENT="follows" WC="0.97" CC="0200000"/>
						<SP ID="P24_SP00006" HPOS="640" VPOS="260" WIDTH="22"/>
						<String ID="P24_ST00009" HPOS="662" VPOS="231" WIDTH="23" HEIGHT="34" CONTENT="(I" WC="0.90" CC="01"/>
						<SP ID="P24_SP00007" HPOS="685" VPOS="265" WIDTH="22"/>
						<String ID="P24_ST00010" HPOS="707" VPOS="230" WIDTH="86" HEIGHT="25" CONTENT="relate" WC="1.00" CC="000000"/>
						<SP ID="P24_SP00008" HPOS="793" VPOS="265" WIDTH="22"/>
						<String ID="P24_ST00011" HPOS="815" VPOS="227" WIDTH="57" HEIGHT="26" CONTENT="this" WC="0.81" CC="0060"/>
						<SP ID="P24_SP00009" HPOS="872" VPOS="265" WIDTH="19"/>
						<String ID="P24_ST00012" HPOS="891" VPOS="231" WIDTH="30" HEIGHT="21" CONTENT="to" WC="1.00" CC="00"/>
						<SP ID="P24_SP00010" HPOS="921" VPOS="265" WIDTH="17"/>
						<String ID="P24_ST00013" HPOS="938" VPOS="233" WIDTH="65" HEIGHT="26" CONTENT="give" WC="0.72" CC="5500"/>
					</TextLine>
					<TextLine ID="P24_TL00004" HPOS="138" VPOS="271" WIDTH="866" HEIGHT="40">
						<String ID="P24_ST00014" HPOS="138" VPOS="288" WIDTH="35" HEIGHT="16" CONTENT="an" WC="0.96" CC="00"/>
						<SP ID="P24_SP00011" HPOS="173" VPOS="304" WIDTH="21"/>
						<String ID="P24_ST00015" HPOS="194" VPOS="279" WIDTH="62" HEIGHT="25" CONTENT="idea" WC="0.93" CC="2000"/>
						<SP ID="P24_SP00012" HPOS="256" VPOS="304" WIDTH="24"/>
						<String ID="P24_ST00016" HPOS="280" VPOS="279" WIDTH="29" HEIGHT="25" CONTENT="of" WC="1.00" CC="00"/>
						<SP ID="P24_SP00013" HPOS="309" VPOS="304" WIDTH="16"/>
						<String ID="P24_ST00017" HPOS="325" VPOS="279" WIDTH="48" HEIGHT="25" CONTENT="the" WC="0.78" CC="060"/>
						<SP ID="P24_SP00014" HPOS="373" VPOS="304" WIDTH="21"/>
						<String ID="P24_ST00018" HPOS="394" VPOS="278" WIDTH="140" HEIGHT="33" CONTENT="supposed" WC="0.93" CC="05000000"/>
						<SP ID="P24_SP00015" HPOS="534" VPOS="311" WIDTH="24"/>
						<String ID="P24_ST00019" HPOS="558" VPOS="276" WIDTH="131" HEIGHT="34" CONTENT="capacity" WC="0.91" CC="00000240"/>
						<SP ID="P24_SP00016" HPOS="689" VPOS="311" WIDTH="21"/>
						<String ID="P24_ST00020" HPOS="710" VPOS="274" WIDTH="30" HEIGHT="25" CONTENT="of" WC="1.00" CC="00"/>
						<SP ID="P24_SP00017" HPOS="740" VPOS="311" WIDTH="22"/>
						<String ID="P24_ST00021" HPOS="762" VPOS="282" WIDTH="77" HEIGHT="17" CONTENT="some" WC="0.82" CC="0070"/>
						<SP ID="P24_SP00018" HPOS="839" VPOS="311" WIDTH="26"/>
						<String ID="P24_ST00022" HPOS="865" VPOS="271" WIDTH="30" HEIGHT="26" CONTENT="of" WC="1.00" CC="00"/>
						<SP ID="P24_SP00019" HPOS="895" VPOS="311" WIDTH="28"/>
						<String ID="P24_ST00023" HPOS="923" VPOS="271" WIDTH="81" HEIGHT="25" CONTENT="these" WC="1.00" CC="00000"/>
					</TextLine>
					<TextLine ID="P24_TL00005" HPOS="138" VPOS="315" WIDTH="864" HEIGHT="39">
						<String ID="P24_ST00024" HPOS="138" VPOS="324" WIDTH="126" HEIGHT="30" CONTENT="animals," WC="0.92" CC="00600000"/>
						<SP ID="P24_SP00020" HPOS="264" VPOS="354" WIDTH="36"/>
						<String ID="P24_ST00025" HPOS="300" VPOS="324" WIDTH="86" HEIGHT="25" CONTENT="based" WC="1.00" CC="00000"/>
						<SP ID="P24_SP00021" HPOS="386" VPOS="354" WIDTH="37"/>
						<String ID="P24_ST00026" HPOS="423" VPOS="332" WIDTH="35" HEIGHT="17" CONTENT="on" WC="0.82" CC="30"/>
						<SP ID="P24_SP00022" HPOS="458" VPOS="354" WIDTH="37"/>
						<String ID="P24_ST00027" HPOS="495" VPOS="321" WIDTH="190" HEIGHT="33" CONTENT="comparative" WC="0.96" CC="00000000400"/>
						<SP ID="P24_SP00023" HPOS="685" VPOS="354" WIDTH="38"/>
						<String ID="P24_ST00028" HPOS="723" VPOS="318" WIDTH="142" HEIGHT="33" CONTENT="anatomy)" WC="0.91" CC="07000000"/>
						<SP ID="P24_SP00024" HPOS="865" VPOS="354" WIDTH="16"/>
						<String ID="P24_ST00029" HPOS="881" VPOS="326" WIDTH="6" HEIGHT="17" CONTENT=":" WC="1.00" CC="0"/>
						<String ID="P24_ST00030" HPOS="890" VPOS="332" WIDTH="34" HEIGHT="4" CONTENT="—" WC="0.20" CC="8"/>
						<String ID="P24_ST00031" HPOS="926" VPOS="321" WIDTH="5" HEIGHT="11" CONTENT="'" WC="1.00" CC="0"/>
						<SP ID="P24_SP00025" HPOS="931" VPOS="354" WIDTH="17"/>
						<String ID="P24_ST00032" HPOS="948" VPOS="315" WIDTH="54" HEIGHT="26" CONTENT="Mr." WC="0.82" CC="130"/>
					</TextLine>
					<TextLine ID="P24_TL00006" HPOS="139" VPOS="360" WIDTH="866" HEIGHT="34">
						<String ID="P24_ST00033" HPOS="139" VPOS="369" WIDTH="136" HEIGHT="25" CONTENT="Hawkins" WC="0.89" CC="2000400"/>
						<SP ID="P24_SP00026" HPOS="275" VPOS="394" WIDTH="28"/>
						<String ID="P24_ST00034" HPOS="303" VPOS="368" WIDTH="105" HEIGHT="25" CONTENT="solicits" WC="0.93" CC="00030200"/>
						<SP ID="P24_SP00027" HPOS="408" VPOS="394" WIDTH="28"/>
						<String ID="P24_ST00035" HPOS="436" VPOS="368" WIDTH="47" HEIGHT="25" CONTENT="the" WC="1.00" CC="000"/>
						<SP ID="P24_SP00028" HPOS="483" VPOS="394" WIDTH="25"/>
						<String ID="P24_ST00036" HPOS="508" VPOS="368" WIDTH="108" HEIGHT="24" CONTENT="honour" WC="0.82" CC="300041"/>
						<SP ID="P24_SP00029" HPOS="616" VPOS="394" WIDTH="32"/>
						<String ID="P24_ST00037" HPOS="648" VPOS="365" WIDTH="30" HEIGHT="25" CONTENT="of" WC="0.93" CC="10"/>
						<SP ID="P24_SP00030" HPOS="678" VPOS="394" WIDTH="29"/>
						<String ID="P24_ST00038" HPOS="707" VPOS="364" WIDTH="143" HEIGHT="26" CONTENT="Professor" WC="0.85" CC="322000004"/>
						<SP ID="P24_SP00031" HPOS="850" VPOS="394" WIDTH="132"/>
						<String ID="P24_ST00039" HPOS="982" VPOS="360" WIDTH="23" HEIGHT="27" CONTENT="'s" WC="1.00" CC="00"/>
					</TextLine>
					<TextLine ID="P24_TL00007" HPOS="139" VPOS="406" WIDTH="866" HEIGHT="40">
						<String ID="P24_ST00040" HPOS="139" VPOS="422" WIDTH="137" HEIGHT="24" CONTENT="company" WC="0.89" CC="0102020"/>
						<SP ID="P24_SP00032" HPOS="276" VPOS="446" WIDTH="32"/>
						<String ID="P24_ST00041" HPOS="308" VPOS="416" WIDTH="29" HEIGHT="21" CONTENT="to" WC="0.97" CC="00"/>
						<SP ID="P24_SP00033" HPOS="337" VPOS="446" WIDTH="33"/>
						<String ID="P24_ST00042" HPOS="370" VPOS="421" WIDTH="16" HEIGHT="16" CONTENT="a" WC="1.00" CC="0"/>
						<SP ID="P24_SP00034" HPOS="386" VPOS="446" WIDTH="32"/>
						<String ID="P24_ST00043" HPOS="418" VPOS="412" WIDTH="96" HEIGHT="25" CONTENT="dinner" WC="0.94" CC="010100"/>
						<SP ID="P24_SP00035" HPOS="514" VPOS="446" WIDTH="32"/>
						<String ID="P24_ST00044" HPOS="546" VPOS="411" WIDTH="28" HEIGHT="25" CONTENT="in" WC="0.83" CC="30"/>
						<SP ID="P24_SP00036" HPOS="574" VPOS="446" WIDTH="33"/>
						<String ID="P24_ST00045" HPOS="607" VPOS="410" WIDTH="48" HEIGHT="25" CONTENT="the" WC="0.81" CC="050"/>
						<SP ID="P24_SP00037" HPOS="655" VPOS="446" WIDTH="34"/>
						<String ID="P24_ST00046" HPOS="689" VPOS="408" WIDTH="172" HEIGHT="34" CONTENT="Iguanodon," WC="0.88" CC="1050010020"/>
						<SP ID="P24_SP00038" HPOS="861" VPOS="446" WIDTH="32"/>
						<String ID="P24_ST00047" HPOS="893" VPOS="415" WIDTH="35" HEIGHT="16" CONTENT="on" WC="1.00" CC="00"/>
						<SP ID="P24_SP00039" HPOS="928" VPOS="446" WIDTH="28"/>
						<String ID="P24_ST00048" HPOS="956" VPOS="406" WIDTH="49" HEIGHT="25" CONTENT="the" WC="0.79" CC="060"/>
					</TextLine>
					<TextLine ID="P24_TL00008" HPOS="139" VPOS="451" WIDTH="866" HEIGHT="40">
						<String ID="P24_ST00049" HPOS="139" VPOS="462" WIDTH="61" HEIGHT="29" CONTENT="31st" WC="1.00" CC="0000"/>
						<SP ID="P24_SP00040" HPOS="200" VPOS="491" WIDTH="33"/>
						<String ID="P24_ST00050" HPOS="233" VPOS="458" WIDTH="164" HEIGHT="28" CONTENT="December," WC="0.94" CC="200000020"/>
						<SP ID="P24_SP00041" HPOS="397" VPOS="491" WIDTH="36"/>
						<String ID="P24_ST00051" HPOS="433" VPOS="458" WIDTH="74" HEIGHT="30" CONTENT="1853," WC="0.75" CC="10630"/>
						<SP ID="P24_SP00042" HPOS="507" VPOS="491" WIDTH="34"/>
						<String ID="P24_ST00052" HPOS="541" VPOS="459" WIDTH="28" HEIGHT="22" CONTENT="at" WC="0.78" CC="04"/>
						<SP ID="P24_SP00043" HPOS="569" VPOS="491" WIDTH="33"/>
						<String ID="P24_ST00053" HPOS="602" VPOS="455" WIDTH="60" HEIGHT="25" CONTENT="four" WC="0.81" CC="2040"/>
						<SP ID="P24_SP00044" HPOS="662" VPOS="491" WIDTH="29"/>
						<String ID="P24_ST00054" HPOS="691" VPOS="453" WIDTH="76" HEIGHT="34" CONTENT="p.m.'" WC="0.97" CC="00001"/>
						<SP ID="P24_SP00045" HPOS="767" VPOS="491" WIDTH="57"/>
						<String ID="P24_ST00055" HPOS="824" VPOS="452" WIDTH="70" HEIGHT="25" CONTENT="This" WC="0.89" CC="0400"/>
						<SP ID="P24_SP00046" HPOS="894" VPOS="491" WIDTH="28"/>
						<String ID="P24_ST00056" HPOS="922" VPOS="451" WIDTH="83" HEIGHT="25" CONTENT="novel" WC="1.00" CC="00000"/>
					</TextLine>
					<TextLine ID="P24_TL00009" HPOS="138" VPOS="497" WIDTH="866" HEIGHT="39">
						<String ID="P24_ST00057" HPOS="138" VPOS="506" WIDTH="110" HEIGHT="30" CONTENT="request" WC="0.94" CC="0003000"/>
						<SP ID="P24_SP00047" HPOS="248" VPOS="536" WIDTH="20"/>
						<String ID="P24_ST00058" HPOS="268" VPOS="510" WIDTH="57" HEIGHT="17" CONTENT="was" WC="1.00" CC="000"/>
						<SP ID="P24_SP00048" HPOS="325" VPOS="536" WIDTH="18"/>
						<String ID="P24_ST00059" HPOS="343" VPOS="501" WIDTH="110" HEIGHT="25" CONTENT="written" WC="0.88" CC="0250000"/>
						<SP ID="P24_SP00049" HPOS="453" VPOS="536" WIDTH="20"/>
						<String ID="P24_ST00060" HPOS="473" VPOS="510" WIDTH="36" HEIGHT="15" CONTENT="on" WC="1.00" CC="00"/>
						<SP ID="P24_SP00050" HPOS="509" VPOS="536" WIDTH="19"/>
						<String ID="P24_ST00061" HPOS="528" VPOS="501" WIDTH="47" HEIGHT="24" CONTENT="the" WC="0.85" CC="040"/>
						<SP ID="P24_SP00051" HPOS="575" VPOS="536" WIDTH="19"/>
						<String ID="P24_ST00062" HPOS="594" VPOS="500" WIDTH="73" HEIGHT="32" CONTENT="wing" WC="0.74" CC="0460"/>
						<SP ID="P24_SP00052" HPOS="667" VPOS="536" WIDTH="18"/>
						<String ID="P24_ST00063" HPOS="685" VPOS="498" WIDTH="30" HEIGHT="26" CONTENT="of" WC="0.90" CC="20"/>
						<SP ID="P24_SP00053" HPOS="715" VPOS="536" WIDTH="23"/>
						<String ID="P24_ST00064" HPOS="738" VPOS="508" WIDTH="15" HEIGHT="15" CONTENT="a" WC="1.00" CC="0"/>
						<SP ID="P24_SP00054" HPOS="753" VPOS="536" WIDTH="26"/>
						<String ID="P24_ST00065" HPOS="779" VPOS="497" WIDTH="225" HEIGHT="33" CONTENT="Pterodactyle,*" WC="0.88" CC="60030000033000"/>
					</TextLine>
					<TextLine ID="P24_TL00010" HPOS="138" VPOS="543" WIDTH="867" HEIGHT="37">
						<String ID="P24_ST00066" HPOS="138" VPOS="547" WIDTH="100" HEIGHT="33" CONTENT="spread" WC="0.93" CC="004000"/>
						<SP ID="P24_SP00055" HPOS="238" VPOS="580" WIDTH="22"/>
						<String ID="P24_ST00067" HPOS="260" VPOS="547" WIDTH="93" HEIGHT="25" CONTENT="before" WC="0.94" CC="000030"/>
						<SP ID="P24_SP00056" HPOS="353" VPOS="580" WIDTH="22"/>
						<String ID="P24_ST00068" HPOS="375" VPOS="555" WIDTH="16" HEIGHT="16" CONTENT="a" WC="0.45" CC="5"/>
						<SP ID="P24_SP00057" HPOS="391" VPOS="580" WIDTH="20"/>
						<String ID="P24_ST00069" HPOS="411" VPOS="550" WIDTH="72" HEIGHT="21" CONTENT="most" WC="0.93" CC="2000"/>
						<SP ID="P24_SP00058" HPOS="483" VPOS="580" WIDTH="21"/>
						<String ID="P24_ST00070" HPOS="504" VPOS="545" WIDTH="116" HEIGHT="34" CONTENT="graphic" WC="0.85" CC="0000540"/>
						<SP ID="P24_SP00059" HPOS="620" VPOS="580" WIDTH="22"/>
						<String ID="P24_ST00071" HPOS="642" VPOS="544" WIDTH="114" HEIGHT="32" CONTENT="etching" WC="0.94" CC="0000400"/>
						<SP ID="P24_SP00060" HPOS="756" VPOS="580" WIDTH="17"/>
						<String ID="P24_ST00072" HPOS="773" VPOS="543" WIDTH="29" HEIGHT="26" CONTENT="of" WC="0.65" CC="33"/>
						<SP ID="P24_SP00061" HPOS="802" VPOS="580" WIDTH="15"/>
						<String ID="P24_ST00073" HPOS="817" VPOS="543" WIDTH="49" HEIGHT="25" CONTENT="the" WC="0.80" CC="050"/>
						<SP ID="P24_SP00062" HPOS="866" VPOS="580" WIDTH="20"/>
						<String ID="P24_ST00074" HPOS="886" VPOS="543" WIDTH="119" HEIGHT="32" CONTENT="Iguano" SUBS_TYPE="HypPart1" SUBS_CONTENT="Iguanodon," WC="0.86" CC="0000900"/>
						<HYP CONTENT="-"/>
					</TextLine>
					<TextLine ID="P24_TL00011" HPOS="138" VPOS="587" WIDTH="867" HEIGHT="37">
						<String ID="P24_ST00075" HPOS="138" VPOS="592" WIDTH="64" HEIGHT="29" CONTENT="don," SUBS_TYPE="HypPart2" SUBS_CONTENT="Iguanodon," WC="0.83" CC="0060"/>
						<SP ID="P24_SP00063" HPOS="202" VPOS="621" WIDTH="19"/>
						<String ID="P24_ST00076" HPOS="221" VPOS="592" WIDTH="68" HEIGHT="26" CONTENT="with" WC="0.77" CC="0206"/>
						<SP ID="P24_SP00064" HPOS="289" VPOS="621" WIDTH="22"/>
						<String ID="P24_ST00077" HPOS="311" VPOS="592" WIDTH="36" HEIGHT="25" CONTENT="its" WC="0.97" CC="000"/>
						<SP ID="P24_SP00065" HPOS="347" VPOS="621" WIDTH="28"/>
						<String ID="P24_ST00078" HPOS="375" VPOS="592" WIDTH="116" HEIGHT="32" CONTENT="socially" WC="0.84" CC="00050007"/>
						<SP ID="P24_SP00066" HPOS="491" VPOS="624" WIDTH="23"/>
						<String ID="P24_ST00079" HPOS="514" VPOS="591" WIDTH="100" HEIGHT="24" CONTENT="loaded" WC="1.00" CC="000000"/>
						<SP ID="P24_SP00067" HPOS="614" VPOS="624" WIDTH="22"/>
						<String ID="P24_ST00080" HPOS="636" VPOS="590" WIDTH="129" HEIGHT="25" CONTENT="stomach" WC="0.91" CC="0000005"/>
						<SP ID="P24_SP00068" HPOS="765" VPOS="624" WIDTH="19"/>
						<String ID="P24_ST00081" HPOS="784" VPOS="597" WIDTH="31" HEIGHT="17" CONTENT="so" WC="1.00" CC="00"/>
						<SP ID="P24_SP00069" HPOS="815" VPOS="624" WIDTH="24"/>
						<String ID="P24_ST00082" HPOS="839" VPOS="587" WIDTH="166" HEIGHT="35" CONTENT="practically" WC="0.87" CC="00000600007"/>
					</TextLine>
					<TextLine ID="P24_TL00012" HPOS="138" VPOS="633" WIDTH="867" HEIGHT="37">
						<String ID="P24_ST00083" HPOS="138" VPOS="636" WIDTH="55" HEIGHT="26" CONTENT="and" WC="1.00" CC="000"/>
						<SP ID="P24_SP00070" HPOS="193" VPOS="662" WIDTH="22"/>
						<String ID="P24_ST00084" HPOS="215" VPOS="636" WIDTH="87" HEIGHT="34" CONTENT="easily" WC="0.97" CC="000100"/>
						<SP ID="P24_SP00071" HPOS="302" VPOS="670" WIDTH="21"/>
						<String ID="P24_ST00085" HPOS="323" VPOS="636" WIDTH="74" HEIGHT="25" CONTENT="filled" WC="1.00" CC="000000"/>
						<SP ID="P24_SP00072" HPOS="397" VPOS="670" WIDTH="20"/>
						<String ID="P24_ST00086" HPOS="417" VPOS="645" WIDTH="30" HEIGHT="16" CONTENT="as" WC="1.00" CC="00"/>
						<SP ID="P24_SP00073" HPOS="447" VPOS="670" WIDTH="25"/>
						<String ID="P24_ST00087" HPOS="472" VPOS="640" WIDTH="29" HEIGHT="21" CONTENT="to" WC="1.00" CC="00"/>
						<SP ID="P24_SP00074" HPOS="501" VPOS="670" WIDTH="19"/>
						<String ID="P24_ST00088" HPOS="520" VPOS="639" WIDTH="88" HEIGHT="29" CONTENT="tempt" WC="0.95" CC="00002"/>
						<SP ID="P24_SP00075" HPOS="608" VPOS="670" WIDTH="27"/>
						<String ID="P24_ST00089" HPOS="635" VPOS="636" WIDTH="36" HEIGHT="24" CONTENT="all" WC="0.76" CC="700"/>
						<SP ID="P24_SP00076" HPOS="671" VPOS="670" WIDTH="22"/>
						<String ID="P24_ST00090" HPOS="693" VPOS="635" WIDTH="63" HEIGHT="25" CONTENT="who" WC="0.84" CC="040"/>
						<SP ID="P24_SP00077" HPOS="756" VPOS="670" WIDTH="22"/>
						<String ID="P24_ST00091" HPOS="778" VPOS="634" WIDTH="126" HEIGHT="33" CONTENT="possibly" WC="0.98" CC="01000000"/>
						<SP ID="P24_SP00078" HPOS="904" VPOS="670" WIDTH="18"/>
						<String ID="P24_ST00092" HPOS="922" VPOS="633" WIDTH="83" HEIGHT="25" CONTENT="could" WC="0.93" CC="00300"/>
					</TextLine>
					<TextLine ID="P24_TL00013" HPOS="138" VPOS="679" WIDTH="867" HEIGHT="34">
						<String ID="P24_ST00093" HPOS="138" VPOS="681" WIDTH="36" HEIGHT="26" CONTENT="do" WC="0.55" CC="62"/>
						<SP ID="P24_SP00079" HPOS="174" VPOS="707" WIDTH="19"/>
						<String ID="P24_ST00094" HPOS="193" VPOS="690" WIDTH="31" HEIGHT="16" CONTENT="so" WC="1.00" CC="00"/>
						<SP ID="P24_SP00080" HPOS="224" VPOS="707" WIDTH="17"/>
						<String ID="P24_ST00095" HPOS="241" VPOS="685" WIDTH="29" HEIGHT="21" CONTENT="to" WC="0.83" CC="02"/>
						<SP ID="P24_SP00081" HPOS="270" VPOS="707" WIDTH="22"/>
						<String ID="P24_ST00096" HPOS="292" VPOS="685" WIDTH="98" HEIGHT="28" CONTENT="accept" WC="1.00" CC="000000"/>
						<SP ID="P24_SP00082" HPOS="390" VPOS="713" WIDTH="19"/>
						<String ID="P24_ST00097" HPOS="409" VPOS="680" WIDTH="57" HEIGHT="26" CONTENT="this" WC="0.70" CC="0650"/>
						<SP ID="P24_SP00083" HPOS="466" VPOS="713" WIDTH="20"/>
						<String ID="P24_ST00098" HPOS="486" VPOS="680" WIDTH="121" HEIGHT="33" CONTENT="singular" WC="0.68" CC="05405073"/>
						<SP ID="P24_SP00084" HPOS="607" VPOS="713" WIDTH="22"/>
						<String ID="P24_ST00099" HPOS="629" VPOS="680" WIDTH="156" HEIGHT="25" CONTENT="invitation." WC="0.85" CC="04005003200"/>
						<SP ID="P24_SP00085" HPOS="785" VPOS="713" WIDTH="39"/>
						<String ID="P24_ST00100" HPOS="824" VPOS="679" WIDTH="92" HEIGHT="24" CONTENT="There" WC="0.80" CC="05040"/>
						<SP ID="P24_SP00086" HPOS="916" VPOS="713" WIDTH="18"/>
						<String ID="P24_ST00101" HPOS="934" VPOS="687" WIDTH="71" HEIGHT="17" CONTENT="were" WC="0.74" CC="7020"/>
					</TextLine>
					<TextLine ID="P24_TL00014" HPOS="139" VPOS="724" WIDTH="868" HEIGHT="36">
						<String ID="P24_ST00102" HPOS="139" VPOS="730" WIDTH="169" HEIGHT="30" CONTENT="twenty-one" WC="0.95" CC="0004000000"/>
						<SP ID="P24_SP00087" HPOS="308" VPOS="760" WIDTH="13"/>
						<String ID="P24_ST00103" HPOS="321" VPOS="730" WIDTH="95" HEIGHT="29" CONTENT="guests" WC="0.93" CC="040000"/>
						<SP ID="P24_SP00088" HPOS="416" VPOS="760" WIDTH="20"/>
						<String ID="P24_ST00104" HPOS="436" VPOS="726" WIDTH="106" HEIGHT="25" CONTENT="around" WC="0.84" CC="050300"/>
						<SP ID="P24_SP00089" HPOS="542" VPOS="760" WIDTH="21"/>
						<String ID="P24_ST00105" HPOS="563" VPOS="726" WIDTH="52" HEIGHT="24" CONTENT="Mr." WC="0.86" CC="040"/>
						<SP ID="P24_SP00090" HPOS="615" VPOS="760" WIDTH="17"/>
						<String ID="P24_ST00106" HPOS="632" VPOS="724" WIDTH="137" HEIGHT="26" CONTENT="Hawkins" WC="0.94" CC="3000001"/>
						<SP ID="P24_SP00091" HPOS="769" VPOS="760" WIDTH="14"/>
						<String ID="P24_ST00107" HPOS="783" VPOS="724" WIDTH="28" HEIGHT="25" CONTENT="in" WC="0.91" CC="10"/>
						<SP ID="P24_SP00092" HPOS="811" VPOS="760" WIDTH="18"/>
						<String ID="P24_ST00108" HPOS="829" VPOS="724" WIDTH="49" HEIGHT="26" CONTENT="the" WC="0.83" CC="130"/>
						<SP ID="P24_SP00093" HPOS="878" VPOS="760" WIDTH="13"/>
						<String ID="P24_ST00109" HPOS="891" VPOS="724" WIDTH="75" HEIGHT="33" CONTENT="body" WC="0.88" CC="0301"/>
						<SP ID="P24_SP00094" HPOS="966" VPOS="760" WIDTH="12"/>
						<String ID="P24_ST00110" HPOS="978" VPOS="724" WIDTH="29" HEIGHT="25" CONTENT="of" WC="0.86" CC="02"/>
					</TextLine>
					<TextLine ID="P24_TL00015" HPOS="138" VPOS="769" WIDTH="867" HEIGHT="35">
						<String ID="P24_ST00111" HPOS="138" VPOS="772" WIDTH="49" HEIGHT="25" CONTENT="the" WC="0.73" CC="250"/>
						<SP ID="P24_SP00095" HPOS="187" VPOS="797" WIDTH="14"/>
						<String ID="P24_ST00112" HPOS="201" VPOS="772" WIDTH="171" HEIGHT="32" CONTENT="Iguanodon," WC="0.92" CC="1030200000"/>
						<SP ID="P24_SP00096" HPOS="372" VPOS="804" WIDTH="14"/>
						<String ID="P24_ST00113" HPOS="386" VPOS="770" WIDTH="94" HEIGHT="26" CONTENT="before" WC="0.85" CC="600200"/>
						<SP ID="P24_SP00097" HPOS="480" VPOS="804" WIDTH="19"/>
						<String ID="P24_ST00114" HPOS="499" VPOS="771" WIDTH="47" HEIGHT="25" CONTENT="the" WC="1.00" CC="000"/>
						<SP ID="P24_SP00098" HPOS="546" VPOS="804" WIDTH="19"/>
						<String ID="P24_ST00115" HPOS="565" VPOS="779" WIDTH="88" HEIGHT="24" CONTENT="upper" WC="0.76" CC="50204"/>
						<SP ID="P24_SP00099" HPOS="653" VPOS="804" WIDTH="19"/>
						<String ID="P24_ST00116" HPOS="672" VPOS="774" WIDTH="63" HEIGHT="29" CONTENT="part" WC="0.81" CC="0060"/>
						<SP ID="P24_SP00100" HPOS="735" VPOS="804" WIDTH="20"/>
						<String ID="P24_ST00117" HPOS="755" VPOS="769" WIDTH="29" HEIGHT="26" CONTENT="of" WC="0.97" CC="00"/>
						<SP ID="P24_SP00101" HPOS="784" VPOS="804" WIDTH="16"/>
						<String ID="P24_ST00118" HPOS="800" VPOS="770" WIDTH="48" HEIGHT="25" CONTENT="the" WC="0.82" CC="050"/>
						<SP ID="P24_SP00102" HPOS="848" VPOS="804" WIDTH="18"/>
						<String ID="P24_ST00119" HPOS="866" VPOS="770" WIDTH="72" HEIGHT="25" CONTENT="back" WC="1.00" CC="0000"/>
						<SP ID="P24_SP00103" HPOS="938" VPOS="804" WIDTH="13"/>
						<String ID="P24_ST00120" HPOS="951" VPOS="770" WIDTH="54" HEIGHT="25" CONTENT="and" WC="0.77" CC="060"/>
					</TextLine>
					<TextLine ID="P24_TL00016" HPOS="139" VPOS="815" WIDTH="867" HEIGHT="34">
						<String ID="P24_ST00121" HPOS="139" VPOS="817" WIDTH="72" HEIGHT="24" CONTENT="head" WC="0.89" CC="4000"/>
						<SP ID="P24_SP00104" HPOS="211" VPOS="841" WIDTH="14"/>
						<String ID="P24_ST00122" HPOS="225" VPOS="825" WIDTH="70" HEIGHT="17" CONTENT="were" WC="0.84" CC="4010"/>
						<SP ID="P24_SP00105" HPOS="295" VPOS="842" WIDTH="14"/>
						<String ID="P24_ST00123" HPOS="309" VPOS="816" WIDTH="166" HEIGHT="33" CONTENT="completed." WC="0.99" CC="0000000000"/>
						<SP ID="P24_SP00106" HPOS="475" VPOS="849" WIDTH="38"/>
						<String ID="P24_ST00124" HPOS="513" VPOS="816" WIDTH="33" HEIGHT="24" CONTENT="In" WC="0.44" CC="37"/>
						<SP ID="P24_SP00107" HPOS="546" VPOS="849" WIDTH="13"/>
						<String ID="P24_ST00125" HPOS="559" VPOS="816" WIDTH="48" HEIGHT="25" CONTENT="the" WC="1.00" CC="000"/>
						<SP ID="P24_SP00108" HPOS="607" VPOS="849" WIDTH="13"/>
						<String ID="P24_ST00126" HPOS="620" VPOS="815" WIDTH="77" HEIGHT="25" CONTENT="chair" WC="0.89" CC="00013"/>
						<SP ID="P24_SP00109" HPOS="697" VPOS="849" WIDTH="15"/>
						<String ID="P24_ST00127" HPOS="712" VPOS="819" WIDTH="72" HEIGHT="21" CONTENT="most" WC="0.88" CC="0400"/>
						<SP ID="P24_SP00110" HPOS="784" VPOS="849" WIDTH="14"/>
						<String ID="P24_ST00128" HPOS="798" VPOS="815" WIDTH="208" HEIGHT="34" CONTENT="appropriately" WC="0.82" CC="8605000200000"/>
					</TextLine>
					<TextLine ID="P24_TL00017" HPOS="140" VPOS="861" WIDTH="867" HEIGHT="33">
						<String ID="P24_ST00129" HPOS="140" VPOS="866" WIDTH="42" HEIGHT="21" CONTENT="sat" WC="0.94" CC="001"/>
						<SP ID="P24_SP00111" HPOS="182" VPOS="887" WIDTH="16"/>
						<String ID="P24_ST00130" HPOS="198" VPOS="862" WIDTH="143" HEIGHT="25" CONTENT="Professor" WC="0.86" CC="140000013"/>
						<SP ID="P24_SP00112" HPOS="341" VPOS="887" WIDTH="14"/>
						<String ID="P24_ST00131" HPOS="355" VPOS="862" WIDTH="95" HEIGHT="28" CONTENT="Owen," WC="0.81" CC="08000"/>
						<SP ID="P24_SP00113" HPOS="450" VPOS="890" WIDTH="14"/>
						<String ID="P24_ST00132" HPOS="464" VPOS="862" WIDTH="63" HEIGHT="25" CONTENT="who" WC="0.98" CC="000"/>
						<SP ID="P24_SP00114" HPOS="527" VPOS="890" WIDTH="19"/>
						<String ID="P24_ST00133" HPOS="546" VPOS="861" WIDTH="136" HEIGHT="33" CONTENT="occupied" WC="0.81" CC="00050503"/>
						<SP ID="P24_SP00115" HPOS="682" VPOS="894" WIDTH="19"/>
						<String ID="P24_ST00134" HPOS="701" VPOS="865" WIDTH="63" HEIGHT="29" CONTENT="part" WC="0.62" CC="0356"/>
						<SP ID="P24_SP00116" HPOS="764" VPOS="894" WIDTH="17"/>
						<String ID="P24_ST00135" HPOS="781" VPOS="861" WIDTH="30" HEIGHT="25" CONTENT="of" WC="1.00" CC="00"/>
						<SP ID="P24_SP00117" HPOS="811" VPOS="894" WIDTH="16"/>
						<String ID="P24_ST00136" HPOS="827" VPOS="862" WIDTH="47" HEIGHT="25" CONTENT="the" WC="1.00" CC="000"/>
						<SP ID="P24_SP00118" HPOS="874" VPOS="894" WIDTH="19"/>
						<String ID="P24_ST00137" HPOS="893" VPOS="862" WIDTH="73" HEIGHT="24" CONTENT="head" WC="0.85" CC="5000"/>
						<SP ID="P24_SP00119" HPOS="966" VPOS="894" WIDTH="12"/>
						<String ID="P24_ST00138" HPOS="978" VPOS="861" WIDTH="29" HEIGHT="25" CONTENT="of" WC="1.00" CC="00"/>
					</TextLine>
					<TextLine ID="P24_TL00018" HPOS="139" VPOS="906" WIDTH="866" HEIGHT="34">
						<String ID="P24_ST00139" HPOS="139" VPOS="907" WIDTH="56" HEIGHT="26" CONTENT="this" WC="0.98" CC="0000"/>
						<SP ID="P24_SP00120" HPOS="195" VPOS="933" WIDTH="18"/>
						<String ID="P24_ST00140" HPOS="213" VPOS="907" WIDTH="122" HEIGHT="33" CONTENT="gigantic" WC="0.86" CC="01005030"/>
						<SP ID="P24_SP00121" HPOS="335" VPOS="940" WIDTH="22"/>
						<String ID="P24_ST00141" HPOS="357" VPOS="906" WIDTH="111" HEIGHT="26" CONTENT="animal." WC="0.89" CC="0330000"/>
						<SP ID="P24_SP00122" HPOS="468" VPOS="940" WIDTH="39"/>
						<String ID="P24_ST00142" HPOS="507" VPOS="907" WIDTH="45" HEIGHT="25" CONTENT="He" WC="1.00" CC="00"/>
						<SP ID="P24_SP00123" HPOS="552" VPOS="940" WIDTH="22"/>
						<String ID="P24_ST00143" HPOS="574" VPOS="915" WIDTH="57" HEIGHT="17" CONTENT="was" WC="1.00" CC="000"/>
						<SP ID="P24_SP00124" HPOS="631" VPOS="940" WIDTH="22"/>
						<String ID="P24_ST00144" HPOS="653" VPOS="907" WIDTH="153" HEIGHT="32" CONTENT="supported" WC="0.83" CC="030025300"/>
						<SP ID="P24_SP00125" HPOS="806" VPOS="940" WIDTH="20"/>
						<String ID="P24_ST00145" HPOS="826" VPOS="907" WIDTH="37" HEIGHT="33" CONTENT="by" WC="1.00" CC="00"/>
						<SP ID="P24_SP00126" HPOS="863" VPOS="940" WIDTH="20"/>
						<String ID="P24_ST00146" HPOS="883" VPOS="907" WIDTH="47" HEIGHT="25" CONTENT="the" WC="0.88" CC="030"/>
						<SP ID="P24_SP00127" HPOS="930" VPOS="940" WIDTH="20"/>
						<String ID="P24_ST00147" HPOS="950" VPOS="907" WIDTH="55" HEIGHT="25" CONTENT="late" WC="1.00" CC="0000"/>
					</TextLine>
					<TextLine ID="P24_TL00019" HPOS="141" VPOS="951" WIDTH="864" HEIGHT="34">
						<String ID="P24_ST00148" HPOS="141" VPOS="952" WIDTH="142" HEIGHT="26" CONTENT="Professor" WC="0.79" CC="650200012"/>
						<SP ID="P24_SP00128" HPOS="283" VPOS="978" WIDTH="15"/>
						<String ID="P24_ST00149" HPOS="298" VPOS="953" WIDTH="114" HEIGHT="28" CONTENT="Forbes," WC="0.91" CC="0320000"/>
						<SP ID="P24_SP00129" HPOS="412" VPOS="981" WIDTH="16"/>
						<String ID="P24_ST00150" HPOS="428" VPOS="952" WIDTH="52" HEIGHT="25" CONTENT="Mr." WC="1.00" CC="000"/>
						<SP ID="P24_SP00130" HPOS="480" VPOS="981" WIDTH="11"/>
						<String ID="P24_ST00151" HPOS="491" VPOS="951" WIDTH="163" HEIGHT="30" CONTENT="Prestwich," WC="0.87" CC="6500001000"/>
						<SP ID="P24_SP00131" HPOS="654" VPOS="981" WIDTH="11"/>
						<String ID="P24_ST00152" HPOS="665" VPOS="952" WIDTH="48" HEIGHT="25" CONTENT="the" WC="0.95" CC="010"/>
						<SP ID="P24_SP00132" HPOS="713" VPOS="981" WIDTH="13"/>
						<String ID="P24_ST00153" HPOS="726" VPOS="952" WIDTH="121" HEIGHT="26" CONTENT="eminent" WC="0.82" CC="0006060"/>
						<SP ID="P24_SP00133" HPOS="847" VPOS="981" WIDTH="14"/>
						<String ID="P24_ST00154" HPOS="861" VPOS="952" WIDTH="144" HEIGHT="33" CONTENT="geologist," WC="0.91" CC="0030004000"/>
					</TextLine>
					<TextLine ID="P24_TL00020" HPOS="141" VPOS="997" WIDTH="865" HEIGHT="33">
						<String ID="P24_ST00155" HPOS="141" VPOS="1000" WIDTH="52" HEIGHT="23" CONTENT="Mr." WC="0.85" CC="040"/>
						<SP ID="P24_SP00134" HPOS="193" VPOS="1023" WIDTH="25"/>
						<String ID="P24_ST00156" HPOS="218" VPOS="999" WIDTH="102" HEIGHT="29" CONTENT="Gould," WC="0.92" CC="004000"/>
						<SP ID="P24_SP00135" HPOS="320" VPOS="1028" WIDTH="27"/>
						<String ID="P24_ST00157" HPOS="347" VPOS="999" WIDTH="47" HEIGHT="24" CONTENT="the" WC="1.00" CC="000"/>
						<SP ID="P24_SP00136" HPOS="394" VPOS="1028" WIDTH="26"/>
						<String ID="P24_ST00158" HPOS="420" VPOS="998" WIDTH="159" HEIGHT="25" CONTENT="celebrated" WC="0.87" CC="0040240100"/>
						<SP ID="P24_SP00137" HPOS="579" VPOS="1028" WIDTH="24"/>
						<String ID="P24_ST00159" HPOS="603" VPOS="997" WIDTH="204" HEIGHT="33" CONTENT="ornithologist," WC="0.78" CC="00060611104060"/>
						<SP ID="P24_SP00138" HPOS="807" VPOS="1030" WIDTH="27"/>
						<String ID="P24_ST00160" HPOS="834" VPOS="998" WIDTH="68" HEIGHT="26" CONTENT="with" WC="0.77" CC="0008"/>
						<SP ID="P24_SP00139" HPOS="902" VPOS="1030" WIDTH="24"/>
						<String ID="P24_ST00161" HPOS="926" VPOS="999" WIDTH="80" HEIGHT="24" CONTENT="other" WC="0.80" CC="10205"/>
					</TextLine>
					<TextLine ID="P24_TL00021" HPOS="140" VPOS="1043" WIDTH="866" HEIGHT="33">
						<String ID="P24_ST00162" HPOS="140" VPOS="1044" WIDTH="120" HEIGHT="25" CONTENT="eminent" WC="0.82" CC="0054002"/>
						<SP ID="P24_SP00140" HPOS="260" VPOS="1069" WIDTH="15"/>
						<String ID="P24_ST00163" HPOS="275" VPOS="1052" WIDTH="71" HEIGHT="16" CONTENT="men." WC="1.00" CC="0000"/>
						<SP ID="P24_SP00141" HPOS="346" VPOS="1069" WIDTH="45"/>
						<String ID="P24_ST00164" HPOS="391" VPOS="1043" WIDTH="69" HEIGHT="25" CONTENT="This" WC="0.95" CC="0100"/>
						<SP ID="P24_SP00142" HPOS="460" VPOS="1069" WIDTH="20"/>
						<String ID="P24_ST00165" HPOS="480" VPOS="1044" WIDTH="91" HEIGHT="24" CONTENT="model" WC="0.93" CC="00003"/>
						<SP ID="P24_SP00143" HPOS="571" VPOS="1069" WIDTH="19"/>
						<String ID="P24_ST00166" HPOS="590" VPOS="1047" WIDTH="157" HEIGHT="29" CONTENT="represents" WC="0.90" CC="3001000050"/>
						<SP ID="P24_SP00144" HPOS="747" VPOS="1076" WIDTH="17"/>
						<String ID="P24_ST00167" HPOS="764" VPOS="1044" WIDTH="48" HEIGHT="24" CONTENT="the" WC="0.95" CC="010"/>
						<SP ID="P24_SP00145" HPOS="812" VPOS="1076" WIDTH="14"/>
						<String ID="P24_ST00168" HPOS="826" VPOS="1044" WIDTH="110" HEIGHT="25" CONTENT="natural" WC="0.81" CC="7041000"/>
						<SP ID="P24_SP00146" HPOS="936" VPOS="1076" WIDTH="14"/>
						<String ID="P24_ST00169" HPOS="950" VPOS="1044" WIDTH="56" HEIGHT="25" CONTENT="size" WC="0.94" CC="0200"/>
					</TextLine>
					<TextLine ID="P24_TL00022" HPOS="139" VPOS="1088" WIDTH="867" HEIGHT="35">
						<String ID="P24_ST00170" HPOS="139" VPOS="1088" WIDTH="30" HEIGHT="26" CONTENT="of" WC="1.00" CC="00"/>
						<SP ID="P24_SP00147" HPOS="169" VPOS="1114" WIDTH="16"/>
						<String ID="P24_ST00171" HPOS="185" VPOS="1089" WIDTH="47" HEIGHT="25" CONTENT="the" WC="0.93" CC="020"/>
						<SP ID="P24_SP00148" HPOS="232" VPOS="1114" WIDTH="21"/>
						<String ID="P24_ST00172" HPOS="253" VPOS="1088" WIDTH="102" HEIGHT="26" CONTENT="animal" WC="1.00" CC="000000"/>
						<SP ID="P24_SP00149" HPOS="355" VPOS="1114" WIDTH="21"/>
						<String ID="P24_ST00173" HPOS="376" VPOS="1088" WIDTH="99" HEIGHT="34" CONTENT="during" WC="0.56" CC="060468"/>
						<SP ID="P24_SP00150" HPOS="475" VPOS="1122" WIDTH="21"/>
						<String ID="P24_ST00174" HPOS="496" VPOS="1088" WIDTH="53" HEIGHT="29" CONTENT="life," WC="0.92" CC="12000"/>
						<SP ID="P24_SP00151" HPOS="549" VPOS="1122" WIDTH="16"/>
						<String ID="P24_ST00175" HPOS="565" VPOS="1093" WIDTH="27" HEIGHT="21" CONTENT="at" WC="1.00" CC="00"/>
						<SP ID="P24_SP00152" HPOS="592" VPOS="1122" WIDTH="22"/>
						<String ID="P24_ST00176" HPOS="614" VPOS="1097" WIDTH="15" HEIGHT="16" CONTENT="a" WC="1.00" CC="0"/>
						<SP ID="P24_SP00153" HPOS="629" VPOS="1122" WIDTH="20"/>
						<String ID="P24_ST00177" HPOS="649" VPOS="1089" WIDTH="107" HEIGHT="33" CONTENT="palace," WC="0.97" CC="0020000"/>
						<SP ID="P24_SP00154" HPOS="756" VPOS="1122" WIDTH="15"/>
						<String ID="P24_ST00178" HPOS="771" VPOS="1089" WIDTH="92" HEIGHT="25" CONTENT="where" WC="0.95" CC="00020"/>
						<SP ID="P24_SP00155" HPOS="863" VPOS="1122" WIDTH="16"/>
						<String ID="P24_ST00179" HPOS="879" VPOS="1089" WIDTH="68" HEIGHT="34" CONTENT="they" WC="0.84" CC="0303"/>
						<SP ID="P24_SP00156" HPOS="947" VPOS="1123" WIDTH="13"/>
						<String ID="P24_ST00180" HPOS="960" VPOS="1098" WIDTH="46" HEIGHT="17" CONTENT="are" WC="0.94" CC="010"/>
					</TextLine>
					<TextLine ID="P24_TL00023" HPOS="138" VPOS="1133" WIDTH="868" HEIGHT="36">
						<String ID="P24_ST00181" HPOS="138" VPOS="1138" WIDTH="49" HEIGHT="22" CONTENT="not" WC="0.82" CC="050"/>
						<SP ID="P24_SP00157" HPOS="187" VPOS="1160" WIDTH="22"/>
						<String ID="P24_ST00182" HPOS="209" VPOS="1133" WIDTH="111" HEIGHT="33" CONTENT="obliged" WC="0.93" CC="0004000"/>
						<SP ID="P24_SP00158" HPOS="320" VPOS="1166" WIDTH="24"/>
						<String ID="P24_ST00183" HPOS="344" VPOS="1138" WIDTH="29" HEIGHT="21" CONTENT="to" WC="1.00" CC="00"/>
						<SP ID="P24_SP00159" HPOS="373" VPOS="1166" WIDTH="24"/>
						<String ID="P24_ST00184" HPOS="397" VPOS="1134" WIDTH="36" HEIGHT="25" CONTENT="be" WC="1.00" CC="00"/>
						<SP ID="P24_SP00160" HPOS="433" VPOS="1166" WIDTH="25"/>
						<String ID="P24_ST00185" HPOS="458" VPOS="1138" WIDTH="113" HEIGHT="21" CONTENT="content" WC="0.87" CC="0080000"/>
						<SP ID="P24_SP00161" HPOS="571" VPOS="1166" WIDTH="25"/>
						<String ID="P24_ST00186" HPOS="596" VPOS="1133" WIDTH="68" HEIGHT="27" CONTENT="with" WC="0.96" CC="0001"/>
						<SP ID="P24_SP00162" HPOS="664" VPOS="1166" WIDTH="26"/>
						<String ID="P24_ST00187" HPOS="690" VPOS="1133" WIDTH="36" HEIGHT="27" CONTENT="its" WC="0.86" CC="400"/>
						<SP ID="P24_SP00163" HPOS="726" VPOS="1166" WIDTH="25"/>
						<String ID="P24_ST00188" HPOS="751" VPOS="1134" WIDTH="125" HEIGHT="33" CONTENT="pictures" WC="0.94" CC="00022000"/>
						<SP ID="P24_SP00164" HPOS="876" VPOS="1167" WIDTH="24"/>
						<String ID="P24_ST00189" HPOS="900" VPOS="1144" WIDTH="31" HEIGHT="16" CONTENT="or" WC="0.96" CC="00"/>
						<SP ID="P24_SP00165" HPOS="931" VPOS="1167" WIDTH="24"/>
						<String ID="P24_ST00190" HPOS="955" VPOS="1135" WIDTH="51" HEIGHT="34" CONTENT="dry" WC="0.96" CC="010"/>
					</TextLine>
					<TextLine ID="P24_TL00024" HPOS="141" VPOS="1180" WIDTH="148" HEIGHT="26">
						<String ID="P24_ST00191" HPOS="141" VPOS="1181" WIDTH="104" HEIGHT="25" CONTENT="bones.'" WC="0.86" CC="0500003"/>
						<SP ID="P24_SP00166" HPOS="245" VPOS="1206" WIDTH="12"/>
						<String ID="P24_ST00192" HPOS="257" VPOS="1180" WIDTH="32" HEIGHT="22" CONTENT='"+' WC="0.46" CC="45"/>
					</TextLine>
				</TextBlock>
				<TextBlock ID="P24_TB00004" HPOS="138" VPOS="1225" WIDTH="867" HEIGHT="355" STYLEREFS="TXT_0 PAR_LEFT">
					<TextLine ID="P24_TL00025" HPOS="187" VPOS="1226" WIDTH="818" HEIGHT="34">
						<String ID="P24_ST00193" HPOS="187" VPOS="1227" WIDTH="49" HEIGHT="24" CONTENT="Dr." WC="0.83" CC="050"/>
						<SP ID="P24_SP00167" HPOS="236" VPOS="1251" WIDTH="13"/>
						<String ID="P24_ST00194" HPOS="249" VPOS="1227" WIDTH="141" HEIGHT="24" CONTENT="Mantell's" WC="1.00" CC="000000000"/>
						<SP ID="P24_SP00168" HPOS="390" VPOS="1251" WIDTH="11"/>
						<String ID="P24_ST00195" HPOS="401" VPOS="1226" WIDTH="129" HEIGHT="25" CONTENT="estimate" WC="1.00" CC="00000000"/>
						<SP ID="P24_SP00169" HPOS="530" VPOS="1251" WIDTH="10"/>
						<String ID="P24_ST00196" HPOS="540" VPOS="1226" WIDTH="29" HEIGHT="25" CONTENT="of" WC="1.00" CC="00"/>
						<SP ID="P24_SP00170" HPOS="569" VPOS="1251" WIDTH="11"/>
						<String ID="P24_ST00197" HPOS="580" VPOS="1227" WIDTH="48" HEIGHT="25" CONTENT="the" WC="0.93" CC="020"/>
						<SP ID="P24_SP00171" HPOS="628" VPOS="1252" WIDTH="10"/>
						<String ID="P24_ST00198" HPOS="638" VPOS="1227" WIDTH="95" HEIGHT="33" CONTENT="length" WC="0.77" CC="306002"/>
						<SP ID="P24_SP00172" HPOS="733" VPOS="1260" WIDTH="11"/>
						<String ID="P24_ST00199" HPOS="744" VPOS="1227" WIDTH="29" HEIGHT="25" CONTENT="of" WC="1.00" CC="00"/>
						<SP ID="P24_SP00173" HPOS="773" VPOS="1260" WIDTH="11"/>
						<String ID="P24_ST00200" HPOS="784" VPOS="1227" WIDTH="48" HEIGHT="26" CONTENT="the" WC="0.73" CC="061"/>
						<SP ID="P24_SP00174" HPOS="832" VPOS="1260" WIDTH="11"/>
						<String ID="P24_ST00201" HPOS="843" VPOS="1228" WIDTH="162" HEIGHT="32" CONTENT="Iguanodon" WC="0.86" CC="004500020"/>
					</TextLine>
					<TextLine ID="P24_TL00026" HPOS="139" VPOS="1271" WIDTH="866" HEIGHT="34">
						<String ID="P24_ST00202" HPOS="139" VPOS="1280" WIDTH="57" HEIGHT="17" CONTENT="was" WC="1.00" CC="000"/>
						<SP ID="P24_SP00175" HPOS="196" VPOS="1297" WIDTH="22"/>
						<String ID="P24_ST00203" HPOS="218" VPOS="1271" WIDTH="69" HEIGHT="25" CONTENT="from" WC="1.00" CC="0000"/>
						<SP ID="P24_SP00176" HPOS="287" VPOS="1297" WIDTH="21"/>
						<String ID="P24_ST00204" HPOS="308" VPOS="1271" WIDTH="73" HEIGHT="34" CONTENT="sixty" WC="0.88" CC="06000"/>
						<SP ID="P24_SP00177" HPOS="381" VPOS="1305" WIDTH="13"/>
						<String ID="P24_ST00205" HPOS="394" VPOS="1276" WIDTH="29" HEIGHT="21" CONTENT="to" WC="1.00" CC="00"/>
						<SP ID="P24_SP00178" HPOS="423" VPOS="1305" WIDTH="19"/>
						<String ID="P24_ST00206" HPOS="442" VPOS="1276" WIDTH="116" HEIGHT="29" CONTENT="seventy" WC="0.90" CC="0000600"/>
						<SP ID="P24_SP00179" HPOS="558" VPOS="1305" WIDTH="12"/>
						<String ID="P24_ST00207" HPOS="570" VPOS="1271" WIDTH="54" HEIGHT="27" CONTENT="feet" WC="1.00" CC="0000"/>
						<String ID="P24_ST00208" HPOS="637" VPOS="1282" WIDTH="5" HEIGHT="20" CONTENT=";" WC="1.00" CC="0"/>
						<SP ID="P24_SP00180" HPOS="642" VPOS="1305" WIDTH="20"/>
						<String ID="P24_ST00209" HPOS="662" VPOS="1272" WIDTH="61" HEIGHT="26" CONTENT="that" WC="1.00" CC="0000"/>
						<SP ID="P24_SP00181" HPOS="723" VPOS="1305" WIDTH="21"/>
						<String ID="P24_ST00210" HPOS="744" VPOS="1273" WIDTH="29" HEIGHT="25" CONTENT="of" WC="1.00" CC="00"/>
						<SP ID="P24_SP00182" HPOS="773" VPOS="1305" WIDTH="17"/>
						<String ID="P24_ST00211" HPOS="790" VPOS="1273" WIDTH="80" HEIGHT="25" CONTENT="other" WC="0.81" CC="03005"/>
						<SP ID="P24_SP00183" HPOS="870" VPOS="1305" WIDTH="19"/>
						<String ID="P24_ST00212" HPOS="889" VPOS="1274" WIDTH="116" HEIGHT="30" CONTENT="writers," WC="0.88" CC="90000000"/>
					</TextLine>
					<TextLine ID="P24_TL00027" HPOS="138" VPOS="1317" WIDTH="867" HEIGHT="36">
						<String ID="P24_ST00213" HPOS="138" VPOS="1317" WIDTH="55" HEIGHT="25" CONTENT="less" WC="1.00" CC="0000"/>
						<String ID="P24_ST00214" HPOS="204" VPOS="1326" WIDTH="6" HEIGHT="16" CONTENT=":" WC="1.00" CC="0"/>
						<SP ID="P24_SP00184" HPOS="210" VPOS="1342" WIDTH="19"/>
						<String ID="P24_ST00215" HPOS="229" VPOS="1317" WIDTH="48" HEIGHT="25" CONTENT="the" WC="0.92" CC="020"/>
						<SP ID="P24_SP00185" HPOS="277" VPOS="1342" WIDTH="20"/>
						<String ID="P24_ST00216" HPOS="297" VPOS="1317" WIDTH="148" HEIGHT="25" CONTENT="difference" WC="0.92" CC="0000040300"/>
						<SP ID="P24_SP00186" HPOS="445" VPOS="1342" WIDTH="21"/>
						<String ID="P24_ST00217" HPOS="466" VPOS="1317" WIDTH="28" HEIGHT="25" CONTENT="in" WC="0.82" CC="30"/>
						<SP ID="P24_SP00187" HPOS="494" VPOS="1342" WIDTH="19"/>
						<String ID="P24_ST00218" HPOS="513" VPOS="1318" WIDTH="194" HEIGHT="32" CONTENT="computation" WC="0.85" CC="02004000205"/>
						<SP ID="P24_SP00188" HPOS="707" VPOS="1350" WIDTH="18"/>
						<String ID="P24_ST00219" HPOS="725" VPOS="1319" WIDTH="158" HEIGHT="34" CONTENT="depending" WC="0.88" CC="000050140"/>
						<SP ID="P24_SP00189" HPOS="883" VPOS="1353" WIDTH="20"/>
						<String ID="P24_ST00220" HPOS="903" VPOS="1328" WIDTH="35" HEIGHT="16" CONTENT="on" WC="0.74" CC="05"/>
						<SP ID="P24_SP00190" HPOS="938" VPOS="1353" WIDTH="21"/>
						<String ID="P24_ST00221" HPOS="959" VPOS="1320" WIDTH="46" HEIGHT="25" CONTENT="the" WC="0.81" CC="050"/>
					</TextLine>
					<TextLine ID="P24_TL00028" HPOS="139" VPOS="1361" WIDTH="866" HEIGHT="37">
						<String ID="P24_ST00222" HPOS="139" VPOS="1362" WIDTH="95" HEIGHT="32" CONTENT="length" WC="0.95" CC="000003"/>
						<SP ID="P24_SP00191" HPOS="234" VPOS="1394" WIDTH="14"/>
						<String ID="P24_ST00223" HPOS="248" VPOS="1361" WIDTH="29" HEIGHT="26" CONTENT="of" WC="1.00" CC="00"/>
						<SP ID="P24_SP00192" HPOS="277" VPOS="1394" WIDTH="15"/>
						<String ID="P24_ST00224" HPOS="292" VPOS="1362" WIDTH="49" HEIGHT="25" CONTENT="the" WC="1.00" CC="000"/>
						<SP ID="P24_SP00193" HPOS="341" VPOS="1394" WIDTH="12"/>
						<String ID="P24_ST00225" HPOS="353" VPOS="1362" WIDTH="58" HEIGHT="25" CONTENT="tail." WC="1.00" CC="00000"/>
						<SP ID="P24_SP00194" HPOS="411" VPOS="1394" WIDTH="39"/>
						<String ID="P24_ST00226" HPOS="450" VPOS="1363" WIDTH="60" HEIGHT="24" CONTENT="The" WC="0.94" CC="010"/>
						<SP ID="P24_SP00195" HPOS="510" VPOS="1394" WIDTH="18"/>
						<String ID="P24_ST00227" HPOS="528" VPOS="1364" WIDTH="85" HEIGHT="24" CONTENT="bones" WC="0.85" CC="02500"/>
						<SP ID="P24_SP00196" HPOS="613" VPOS="1394" WIDTH="15"/>
						<String ID="P24_ST00228" HPOS="628" VPOS="1364" WIDTH="164" HEIGHT="34" CONTENT="composing" WC="0.83" CC="000030118"/>
						<SP ID="P24_SP00197" HPOS="792" VPOS="1398" WIDTH="13"/>
						<String ID="P24_ST00229" HPOS="805" VPOS="1365" WIDTH="47" HEIGHT="25" CONTENT="the" WC="0.80" CC="050"/>
						<SP ID="P24_SP00198" HPOS="852" VPOS="1398" WIDTH="14"/>
						<String ID="P24_ST00230" HPOS="866" VPOS="1366" WIDTH="139" HEIGHT="25" CONTENT="vertebral" WC="0.79" CC="800000370"/>
					</TextLine>
					<TextLine ID="P24_TL00029" HPOS="140" VPOS="1407" WIDTH="865" HEIGHT="29">
						<String ID="P24_ST00231" HPOS="140" VPOS="1407" WIDTH="111" HEIGHT="24" CONTENT="column" WC="0.83" CC="030006"/>
						<SP ID="P24_SP00199" HPOS="251" VPOS="1431" WIDTH="13"/>
						<String ID="P24_ST00232" HPOS="264" VPOS="1415" WIDTH="46" HEIGHT="16" CONTENT="are" WC="0.98" CC="000"/>
						<SP ID="P24_SP00200" HPOS="310" VPOS="1431" WIDTH="13"/>
						<String ID="P24_ST00233" HPOS="323" VPOS="1407" WIDTH="48" HEIGHT="24" CONTENT="the" WC="0.90" CC="020"/>
						<SP ID="P24_SP00201" HPOS="371" VPOS="1431" WIDTH="14"/>
						<String ID="P24_ST00234" HPOS="385" VPOS="1411" WIDTH="72" HEIGHT="21" CONTENT="most" WC="1.00" CC="0000"/>
						<SP ID="P24_SP00202" HPOS="457" VPOS="1432" WIDTH="13"/>
						<String ID="P24_ST00235" HPOS="470" VPOS="1416" WIDTH="150" HEIGHT="17" CONTENT="numerous" WC="0.77" CC="26002240"/>
						<SP ID="P24_SP00203" HPOS="620" VPOS="1433" WIDTH="14"/>
						<String ID="P24_ST00236" HPOS="634" VPOS="1409" WIDTH="121" HEIGHT="25" CONTENT="remains" WC="0.90" CC="0000070"/>
						<SP ID="P24_SP00204" HPOS="755" VPOS="1434" WIDTH="13"/>
						<String ID="P24_ST00237" HPOS="768" VPOS="1409" WIDTH="30" HEIGHT="25" CONTENT="of" WC="1.00" CC="00"/>
						<SP ID="P24_SP00205" HPOS="798" VPOS="1434" WIDTH="19"/>
						<String ID="P24_ST00238" HPOS="817" VPOS="1410" WIDTH="48" HEIGHT="25" CONTENT="the" WC="1.00" CC="000"/>
						<SP ID="P24_SP00206" HPOS="865" VPOS="1435" WIDTH="14"/>
						<String ID="P24_ST00239" HPOS="879" VPOS="1410" WIDTH="126" HEIGHT="26" CONTENT="skeleton" WC="0.88" CC="00000404"/>
					</TextLine>
					<TextLine ID="P24_TL00030" HPOS="142" VPOS="1451" WIDTH="863" HEIGHT="39">
						<String ID="P24_ST00240" HPOS="142" VPOS="1451" WIDTH="131" HEIGHT="33" CONTENT="occuring" WC="0.90" CC="00034000"/>
						<SP ID="P24_SP00207" HPOS="273" VPOS="1484" WIDTH="15"/>
						<String ID="P24_ST00241" HPOS="288" VPOS="1452" WIDTH="28" HEIGHT="24" CONTENT="in" WC="0.64" CC="07"/>
						<SP ID="P24_SP00208" HPOS="316" VPOS="1484" WIDTH="19"/>
						<String ID="P24_ST00242" HPOS="335" VPOS="1452" WIDTH="47" HEIGHT="24" CONTENT="the" WC="1.00" CC="000"/>
						<SP ID="P24_SP00209" HPOS="382" VPOS="1484" WIDTH="14"/>
						<String ID="P24_ST00243" HPOS="396" VPOS="1453" WIDTH="137" HEIGHT="25" CONTENT="Wealden" WC="1.00" CC="0000000"/>
						<SP ID="P24_SP00210" HPOS="533" VPOS="1484" WIDTH="19"/>
						<String ID="P24_ST00244" HPOS="552" VPOS="1453" WIDTH="125" HEIGHT="33" CONTENT="deposits" WC="0.92" CC="00000060"/>
						<SP ID="P24_SP00211" HPOS="677" VPOS="1486" WIDTH="12"/>
						<String ID="P24_ST00245" HPOS="689" VPOS="1463" WIDTH="5" HEIGHT="21" CONTENT=";" WC="1.00" CC="0"/>
						<SP ID="P24_SP00212" HPOS="694" VPOS="1486" WIDTH="21"/>
						<String ID="P24_ST00246" HPOS="715" VPOS="1455" WIDTH="59" HEIGHT="29" CONTENT="but," WC="0.84" CC="0600"/>
						<SP ID="P24_SP00213" HPOS="774" VPOS="1486" WIDTH="15"/>
						<String ID="P24_ST00247" HPOS="789" VPOS="1455" WIDTH="216" HEIGHT="35" CONTENT="unfortunately," WC="0.96" CC="00000040000000"/>
					</TextLine>
					<TextLine ID="P24_TL00031" HPOS="141" VPOS="1497" WIDTH="864" HEIGHT="37">
						<String ID="P24_ST00248" HPOS="141" VPOS="1497" WIDTH="48" HEIGHT="24" CONTENT="the" WC="1.00" CC="000"/>
						<SP ID="P24_SP00214" HPOS="189" VPOS="1521" WIDTH="19"/>
						<String ID="P24_ST00249" HPOS="208" VPOS="1499" WIDTH="139" HEIGHT="22" CONTENT="structure" WC="0.84" CC="000203520"/>
						<SP ID="P24_SP00215" HPOS="347" VPOS="1521" WIDTH="19"/>
						<String ID="P24_ST00250" HPOS="366" VPOS="1497" WIDTH="30" HEIGHT="24" CONTENT="of" WC="0.85" CC="02"/>
						<SP ID="P24_SP00216" HPOS="396" VPOS="1521" WIDTH="18"/>
						<String ID="P24_ST00251" HPOS="414" VPOS="1497" WIDTH="49" HEIGHT="25" CONTENT="the" WC="0.85" CC="040"/>
						<SP ID="P24_SP00217" HPOS="463" VPOS="1522" WIDTH="17"/>
						<String ID="P24_ST00252" HPOS="480" VPOS="1499" WIDTH="96" HEIGHT="24" CONTENT="neural" WC="0.90" CC="005000"/>
						<SP ID="P24_SP00218" HPOS="576" VPOS="1523" WIDTH="20"/>
						<String ID="P24_ST00253" HPOS="596" VPOS="1499" WIDTH="67" HEIGHT="25" CONTENT="arch" WC="1.00" CC="0000"/>
						<SP ID="P24_SP00219" HPOS="663" VPOS="1524" WIDTH="20"/>
						<String ID="P24_ST00254" HPOS="683" VPOS="1499" WIDTH="55" HEIGHT="26" CONTENT="and" WC="1.00" CC="000"/>
						<SP ID="P24_SP00220" HPOS="738" VPOS="1525" WIDTH="18"/>
						<String ID="P24_ST00255" HPOS="756" VPOS="1499" WIDTH="30" HEIGHT="26" CONTENT="of" WC="1.00" CC="00"/>
						<SP ID="P24_SP00221" HPOS="786" VPOS="1525" WIDTH="20"/>
						<String ID="P24_ST00256" HPOS="806" VPOS="1500" WIDTH="36" HEIGHT="25" CONTENT="its" WC="0.71" CC="340"/>
						<SP ID="P24_SP00222" HPOS="842" VPOS="1525" WIDTH="19"/>
						<String ID="P24_ST00257" HPOS="861" VPOS="1509" WIDTH="144" HEIGHT="25" CONTENT="processes" WC="0.87" CC="820000000"/>
					</TextLine>
					<TextLine ID="P24_TL00032" HPOS="141" VPOS="1541" WIDTH="864" HEIGHT="39">
						<String ID="P24_ST00258" HPOS="141" VPOS="1541" WIDTH="112" HEIGHT="26" CONTENT="renders" WC="0.83" CC="0060031"/>
						<SP ID="P24_SP00223" HPOS="253" VPOS="1567" WIDTH="22"/>
						<String ID="P24_ST00259" HPOS="275" VPOS="1542" WIDTH="49" HEIGHT="25" CONTENT="the" WC="0.55" CC="670"/>
						<SP ID="P24_SP00224" HPOS="324" VPOS="1567" WIDTH="24"/>
						<String ID="P24_ST00260" HPOS="348" VPOS="1542" WIDTH="210" HEIGHT="27" CONTENT="characteristic" WC="0.92" CC="05030000200000"/>
						<SP ID="P24_SP00225" HPOS="558" VPOS="1569" WIDTH="25"/>
						<String ID="P24_ST00261" HPOS="583" VPOS="1548" WIDTH="79" HEIGHT="28" CONTENT="parts" WC="1.00" CC="00000"/>
						<SP ID="P24_SP00226" HPOS="662" VPOS="1576" WIDTH="25"/>
						<String ID="P24_ST00262" HPOS="687" VPOS="1552" WIDTH="31" HEIGHT="17" CONTENT="so" WC="1.00" CC="00"/>
						<SP ID="P24_SP00227" HPOS="718" VPOS="1576" WIDTH="24"/>
						<String ID="P24_ST00263" HPOS="742" VPOS="1545" WIDTH="85" HEIGHT="26" CONTENT="liable" WC="0.96" CC="010000"/>
						<SP ID="P24_SP00228" HPOS="827" VPOS="1576" WIDTH="24"/>
						<String ID="P24_ST00264" HPOS="851" VPOS="1550" WIDTH="29" HEIGHT="21" CONTENT="to" WC="0.52" CC="63"/>
						<SP ID="P24_SP00229" HPOS="880" VPOS="1576" WIDTH="25"/>
						<String ID="P24_ST00265" HPOS="905" VPOS="1547" WIDTH="100" HEIGHT="33" CONTENT="injury," WC="0.89" CC="0002400"/>
					</TextLine>
				</TextBlock>
				<TextBlock ID="P24_TB00005" HPOS="161" VPOS="1630" WIDTH="824" HEIGHT="48" STYLEREFS="TXT_0 PAR_LEFT">
					<TextLine ID="P24_TL00033" HPOS="206" VPOS="1630" WIDTH="779" HEIGHT="23">
						<String ID="P24_ST00266" HPOS="206" VPOS="1630" WIDTH="37" HEIGHT="17" CONTENT="•A" WC="0.10" CC="89"/>
						<SP ID="P24_SP00230" HPOS="243" VPOS="1647" WIDTH="14"/>
						<String ID="P24_ST00267" HPOS="257" VPOS="1630" WIDTH="70" HEIGHT="21" CONTENT="species" WC="0.45" CC="7754508"/>
						<SP ID="P24_SP00231" HPOS="327" VPOS="1651" WIDTH="14"/>
						<String ID="P24_ST00268" HPOS="341" VPOS="1630" WIDTH="20" HEIGHT="17" CONTENT="of" WC="0.47" CC="37"/>
						<SP ID="P24_SP00232" HPOS="361" VPOS="1651" WIDTH="14"/>
						<String ID="P24_ST00269" HPOS="375" VPOS="1631" WIDTH="59" HEIGHT="21" CONTENT="flying" WC="0.36" CC="765467"/>
						<SP ID="P24_SP00233" HPOS="434" VPOS="1652" WIDTH="13"/>
						<String ID="P24_ST00270" HPOS="447" VPOS="1631" WIDTH="71" HEIGHT="21" CONTENT="lizard;" WC="0.34" CC="5478756"/>
						<SP ID="P24_SP00234" HPOS="518" VPOS="1652" WIDTH="18"/>
						<String ID="P24_ST00271" HPOS="536" VPOS="1637" WIDTH="26" HEIGHT="12" CONTENT="an" WC="0.13" CC="97"/>
						<SP ID="P24_SP00235" HPOS="562" VPOS="1652" WIDTH="12"/>
						<String ID="P24_ST00272" HPOS="574" VPOS="1632" WIDTH="75" HEIGHT="17" CONTENT="extinct" WC="0.34" CC="6707958"/>
						<SP ID="P24_SP00236" HPOS="649" VPOS="1652" WIDTH="14"/>
						<String ID="P24_ST00273" HPOS="663" VPOS="1637" WIDTH="60" HEIGHT="16" CONTENT="genus" WC="0.35" CC="80887"/>
						<SP ID="P24_SP00237" HPOS="723" VPOS="1653" WIDTH="17"/>
						<String ID="P24_ST00274" HPOS="740" VPOS="1633" WIDTH="20" HEIGHT="17" CONTENT="of" WC="0.67" CC="06"/>
						<SP ID="P24_SP00238" HPOS="760" VPOS="1653" WIDTH="15"/>
						<String ID="P24_ST00275" HPOS="775" VPOS="1634" WIDTH="97" HEIGHT="17" CONTENT="Saurians." WC="0.57" CC="107540944"/>
						<SP ID="P24_SP00239" HPOS="872" VPOS="1653" WIDTH="30"/>
						<String ID="P24_ST00276" HPOS="902" VPOS="1635" WIDTH="83" HEIGHT="18" CONTENT='"Ptero' SUBS_TYPE="HypPart1" SUBS_CONTENT='"Pterodactyle,"' WC="0.53" CC="5767401"/>
						<HYP CONTENT="-"/>
					</TextLine>
					<TextLine ID="P24_TL00034" HPOS="163" VPOS="1657" WIDTH="319" HEIGHT="21">
						<String ID="P24_ST00277" HPOS="163" VPOS="1657" WIDTH="95" HEIGHT="21" CONTENT='dactyle,"' SUBS_TYPE="HypPart2" SUBS_CONTENT='"Pterodactyle,"' WC="0.63" CC="800592015"/>
						<SP ID="P24_SP00240" HPOS="258" VPOS="1678" WIDTH="12"/>
						<String ID="P24_ST00278" HPOS="270" VPOS="1657" WIDTH="51" HEIGHT="21" CONTENT="wing" WC="0.21" CC="9497"/>
						<SP ID="P24_SP00241" HPOS="321" VPOS="1678" WIDTH="10"/>
						<String ID="P24_ST00279" HPOS="331" VPOS="1657" WIDTH="66" HEIGHT="21" CONTENT="finger." WC="0.54" CC="2239534"/>
						<String ID="P24_ST00280" HPOS="400" VPOS="1667" WIDTH="20" HEIGHT="2" CONTENT="—" WC="0.20" CC="8"/>
						<SP ID="P24_SP00242" HPOS="420" VPOS="1678" WIDTH="5"/>
						<String ID="P24_ST00281" HPOS="425" VPOS="1659" WIDTH="57" HEIGHT="16" CONTENT="Owen." WC="0.30" CC="67974"/>
					</TextLine>
				</TextBlock>
				<TextBlock ID="P24_TB00006" HPOS="206" VPOS="1689" WIDTH="689" HEIGHT="22" STYLEREFS="TXT_0 PAR_CENTER">
					<TextLine ID="P24_TL00035" HPOS="207" VPOS="1690" WIDTH="688" HEIGHT="21">
						<String ID="P24_ST00282" HPOS="207" VPOS="1696" WIDTH="10" HEIGHT="11" CONTENT="t" WC="0.26" CC="7"/>
						<SP ID="P24_SP00243" HPOS="217" VPOS="1707" WIDTH="8"/>
						<String ID="P24_ST00283" HPOS="225" VPOS="1690" WIDTH="56" HEIGHT="17" CONTENT="From" WC="0.30" CC="8856"/>
						<SP ID="P24_SP00244" HPOS="281" VPOS="1707" WIDTH="8"/>
						<String ID="P24_ST00284" HPOS="289" VPOS="1690" WIDTH="127" HEIGHT="21" CONTENT="Davenport's" WC="0.53" CC="60757931107"/>
						<SP ID="P24_SP00245" HPOS="416" VPOS="1711" WIDTH="12"/>
						<String ID="P24_ST00285" HPOS="428" VPOS="1690" WIDTH="12" HEIGHT="9" CONTENT='"' WC="0.90" CC="0"/>
						<SP ID="P24_SP00246" HPOS="440" VPOS="1711" WIDTH="9"/>
						<String ID="P24_ST00286" HPOS="449" VPOS="1691" WIDTH="72" HEIGHT="16" CONTENT="Garden" WC="0.47" CC="610876"/>
						<SP ID="P24_SP00247" HPOS="521" VPOS="1711" WIDTH="9"/>
						<String ID="P24_ST00287" HPOS="530" VPOS="1691" WIDTH="55" HEIGHT="19" CONTENT='Me,"' WC="0.55" CC="7540"/>
						<SP ID="P24_SP00248" HPOS="585" VPOS="1711" WIDTH="11"/>
						<String ID="P24_ST00288" HPOS="596" VPOS="1691" WIDTH="26" HEIGHT="20" CONTENT="by" WC="0.13" CC="79"/>
						<SP ID="P24_SP00249" HPOS="622" VPOS="1711" WIDTH="8"/>
						<String ID="P24_ST00289" HPOS="630" VPOS="1692" WIDTH="33" HEIGHT="16" CONTENT="the" WC="0.18" CC="976"/>
						<SP ID="P24_SP00250" HPOS="663" VPOS="1711" WIDTH="11"/>
						<String ID="P24_ST00290" HPOS="674" VPOS="1692" WIDTH="39" HEIGHT="17" CONTENT="late" WC="0.68" CC="5007"/>
						<SP ID="P24_SP00251" HPOS="713" VPOS="1711" WIDTH="11"/>
						<String ID="P24_ST00291" HPOS="724" VPOS="1692" WIDTH="35" HEIGHT="17" CONTENT="Dr." WC="0.52" CC="760"/>
						<SP ID="P24_SP00252" HPOS="759" VPOS="1711" WIDTH="12"/>
						<String ID="P24_ST00292" HPOS="771" VPOS="1692" WIDTH="23" HEIGHT="18" CONTENT="E." WC="0.52" CC="72"/>
						<SP ID="P24_SP00253" HPOS="794" VPOS="1711" WIDTH="12"/>
						<String ID="P24_ST00293" HPOS="806" VPOS="1692" WIDTH="89" HEIGHT="19" CONTENT="Wilkins." WC="0.33" CC="97775770"/>
					</TextLine>
				</TextBlock>
			</PrintSpace>
		</Page>
	</Layout>
</alto>
