1117 1922
364 438 63 37 E\)t
452 437 102 37 Cfjalfc
575 436 186 36 formation.

331 628 54 19 rolls
399 628 39 19 the
455 628 55 24 deep
526 626 73 20 where
615 632 60 19 grew
691 624 37 20 the
744 627 53 21 tree,

246 657 34 20 Oh
295 657 77 22 Earth,
388 656 60 19 what
463 656 97 23 changes
576 654 51 19 hast
643 654 55 19 thou
718 653 64 20 seen!

247 685 76 23 There,
340 684 73 20 where
428 684 38 19 the
482 684 51 24 long
548 684 71 18 street
635 689 68 17 roars,
720 681 55 20 hath
794 681 54 19 been

247 714 45 19 The
308 713 97 20 stillness
421 713 23 19 of
460 712 38 20 the
513 712 85 19 central

758 749 28 2 —
788 738 119 23 Tennyson.

141 890 104 37 -$0$h
258 890 23 24 Y
301 890 39 24 far
360 889 46 25 the
426 892 70 21 most
517 887 114 25 marked
651 886 105 26 feature
776 886 31 26 of
828 886 48 25 the
903 885 94 26 Island

146 930 105 43 jlj^M
293 935 22 25 is
329 934 35 26 its
378 935 63 32 long
455 942 84 24 range
552 933 30 24 of
594 933 65 32 high
675 933 89 24 Chalk
778 933 114 27 Downs,
906 930 91 26 which

158 973 93 36 r*«x*f%l
294 989 45 16 are
353 980 117 25 covered
483 978 67 27 with
567 979 77 24 short
662 987 87 24 grass,
765 978 54 25 and
833 981 115 29 support
963 985 34 16 no

293 1026 79 24 other
385 1024 159 33 vegetation
561 1025 50 24 but
631 1033 15 16 a
666 1024 50 25 few
731 1027 98 29 scanty
842 1023 117 33 patches
972 1022 30 25 of

187 1079 32 16 n
294 1071 74 24 furze
383 1070 53 24 and
450 1070 122 24 heather.
611 1069 69 25 This
690 1069 66 33 high
765 1069 107 32 ground
883 1068 116 25 extends

139 1117 68 25 from
231 1118 68 23 East
329 1121 29 20 to
384 1116 80 24 West
467 1131 33 2 —
502 1115 69 25 from
596 1115 48 24 the
675 1116 101 23 Culver
803 1115 67 24 Cliff
896 1118 29 21 to
952 1114 47 24 the

140 1163 127 24 Needles.
321 1162 23 24 It
370 1160 23 25 is
418 1161 103 25 broken
546 1160 120 32 through
692 1160 64 24 here
781 1160 55 24 and
861 1159 78 25 there
964 1160 37 32 by

140 1215 146 17 numerous
311 1214 68 24 gaps
403 1205 123 33 (Chines)
557 1205 54 24 and
641 1204 184 32 depressions,
855 1205 47 24 the
929 1209 71 20 most

140 1253 150 32 important
310 1251 29 24 of
355 1250 90 25 which
466 1259 45 16 are
530 1250 47 25 the
596 1250 98 32 Valley
713 1249 29 25 of
761 1250 47 25 the
829 1249 113 26 Medina
963 1249 37 34 (in

140 1306 16 17 a
170 1297 53 25 line
242 1297 29 24 of
287 1297 88 28 fault),
390 1296 28 24 in
438 1296 45 24 the
504 1300 93 20 centre
616 1295 30 24 of
661 1296 48 24 the
730 1296 102 28 Island,
847 1296 55 24 and
922 1296 79 24 those

140 1342 30 25 of
184 1342 48 25 the
252 1342 118 24 Eastern
390 1341 54 24 and
463 1341 130 23 Western
611 1341 64 28 Yar,
690 1345 27 20 at
737 1340 88 25 either
844 1341 157 34 extremity.

143 1388 58 25 The
220 1387 94 27 rivers,
334 1386 54 24 like
406 1386 47 24 the
473 1386 86 27 Adur,
573 1386 86 27 Arun,
674 1386 54 24 and
747 1386 76 24 Ouse
841 1386 30 24 of
889 1386 112 28 Sussex,

142 1437 47 21 cut
207 1441 94 16 across
322 1431 48 25 the
391 1430 86 33 ridge,
495 1431 54 25 and
571 1440 58 16 owe
648 1430 72 26 their
738 1431 124 32 peculiar
881 1432 120 32 position

143 1483 28 20 to
190 1478 46 24 the
258 1476 168 26 denudation
445 1476 30 25 of
490 1476 47 25 the
563 1476 83 25 softer
666 1480 87 21 strata
771 1477 120 32 through
911 1478 91 24 which

143 1524 65 32 they
221 1531 49 15 run
283 1530 5 21 ;
308 1521 40 25 for
361 1522 47 24 the
421 1522 88 24 whole
527 1526 117 28 country
658 1522 90 24 would
762 1523 34 23 be
809 1523 84 24 much
907 1523 96 33 higher

144 1569 79 25 when
236 1568 64 32 they
314 1567 58 24 first
393 1568 87 31 began
501 1571 28 20 to
548 1567 72 28 flow,
635 1568 54 23 and
709 1568 46 24 the
775 1568 84 24 softer
874 1569 82 24 rocks
969 1578 35 15 on

145 1623 15 16 a
173 1613 69 26 level
256 1612 75 29 with,
345 1612 21 25 if
377 1617 47 20 not
438 1612 130 33 covering
587 1613 166 32 completely
773 1622 65 16 over
856 1614 48 25 the
923 1615 81 24 chalk

145 1667 91 24 range.
274 1658 87 25 Other
380 1657 184 32 depressions,
578 1667 30 15 or
824 1668 30 16 as
874 1660 66 33 they
960 1669 44 16 are

145 1705 99 32 locally
268 1703 114 30 termed,
410 1711 45 17 are
480 1707 55 21 met
561 1703 65 25 with
653 1708 27 21 at
707 1704 128 30 Arreton,
863 1706 141 30 Shorwell,
