1117 1922
237 148 149 16 CHLORITIC
405 148 56 16 AND
479 149 214 16 FOSSILIFEROUS
714 150 80 15 MARL.

937 170 2 2 91

90 219 141 24 labourers
245 218 118 32 proceed
382 218 104 25 further
506 218 58 25 into
582 220 47 23 the
643 219 58 24 side
714 219 29 24 of
758 220 47 23 the
818 220 47 23 hill
879 221 64 32 they

90 272 46 16 are
155 264 109 32 obliged
283 267 29 20 to
337 271 110 17 remove
469 264 47 24 the
538 273 87 23 upper
644 268 75 21 crust
744 264 29 24 of
792 265 71 23 loam
890 265 53 24 and

91 309 153 28 limestone,
258 308 90 25 which
368 308 23 25 is
410 308 68 25 from
498 309 42 24 six
558 313 28 20 to
605 313 46 20 ten
670 309 53 25 feet
743 309 27 24 in
792 309 150 28 thickness,

90 353 92 25 before
201 353 66 33 they
279 362 51 16 can
351 353 88 24 arrive
460 358 27 20 at
506 353 46 24 the
572 353 75 25 fossil
667 358 96 20 strata.
802 354 59 24 The
879 354 65 24 land

90 398 22 25 is
139 398 27 24 in
186 398 47 25 the
258 397 158 33 possession
437 397 29 25 of
489 398 52 24 Mr.
565 398 124 24 William
716 399 97 32 Henry
835 399 108 26 Dawes,

90 443 55 25 and
163 452 41 16 we
223 451 46 17 are
290 442 134 25 informed
443 442 61 25 that
523 442 47 25 the
588 442 103 33 parties
710 443 70 24 have
799 443 98 32 agreed
917 447 28 21 to

90 497 55 24 pay
163 488 58 25 him
328 497 49 23 per
402 497 62 15 acre
489 487 39 25 for
554 488 99 32 liberty
675 491 28 21 to
725 492 62 21 turn
809 497 65 16 over
898 489 47 23 the

90 533 108 24 surface
220 533 53 24 and
298 536 107 21 extract
426 533 45 24 the
494 532 90 25 fossils
595 534 4 23 !
646 533 53 24 We
724 533 70 24 have
817 534 67 23 been
907 533 37 24 in-

90 578 105 24 formed
209 579 60 23 that
283 578 55 24 this
350 587 75 15 same
439 582 117 20 stratum
576 579 115 23 extends
706 585 26 17 to
747 579 130 28 Ventnor,
891 579 54 23 and

90 623 91 24 shows
202 623 76 24 itself
300 631 34 16 on
355 622 166 32 Bembridge
540 623 96 24 Down.
675 623 53 23 We
747 622 70 24 have
835 626 47 20 not
901 626 45 29 yet

90 673 55 19 met
174 668 65 25 with
266 678 15 14 a
307 668 133 32 practical
466 668 115 24 chemist
609 668 60 24 who
699 676 51 15 can
776 667 109 32 explain
910 667 35 25 its

90 718 167 27 component
278 717 86 28 parts,
379 713 48 25 but
447 722 40 15 we
507 716 110 29 suspect
636 712 21 25 it
677 712 54 25 will
753 712 34 25 be
808 712 83 24 found
917 716 28 21 to

90 759 111 25 contain
217 767 15 16 a
246 758 109 32 portion
369 758 29 25 of
414 758 157 32 phosphate
585 757 29 25 of
631 757 71 28 lime,
717 757 53 25 and
784 757 59 25 that
857 757 20 25 it
891 757 54 25 will

90 803 68 25 form
181 804 47 24 the
250 803 136 32 principal
409 802 151 32 ingredient
583 801 26 26 in
636 802 47 24 the
705 801 189 25 manufacture
918 801 29 24 of

90 849 127 24 artificial
239 856 137 16 manures.
414 847 73 25 That
508 847 19 24 it
554 846 22 25 is
596 846 29 25 of
644 846 188 25 considerable
855 846 87 27 value,

90 903 34 16 no
137 903 52 16 one
202 903 52 15 can
273 894 86 24 doubt
379 893 61 24 who
460 893 49 23 has
529 892 146 24 witnessed
694 892 46 24 the
759 896 59 20 cost
837 891 29 25 of
882 900 59 23 pro-

90 939 97 33 curing
206 939 19 25 it
239 948 5 19 ;
265 939 53 24 and
338 947 40 16 we
397 938 86 24 invite
502 946 15 15 a
537 941 177 28 controversy
733 945 35 16 on
787 940 35 21 its
841 936 103 28 merits,

90 994 30 16 as
141 993 42 17 we
205 988 100 21 cannot
328 983 65 32 help
415 982 98 32 feeling
538 982 150 23 somewhat
711 980 147 31 chagrined
884 980 60 25 that

89 1029 56 25 this
165 1028 162 32 interesting
345 1027 145 33 discover}-
509 1027 98 24 should
627 1027 70 24 have
718 1027 67 24 been
808 1026 80 24 made
909 1027 37 31 by

90 1078 72 21 utter
184 1078 149 28 strangers,
356 1073 61 24 who
440 1081 45 15 are
510 1071 90 33 likely-,
624 1071 21 24 if
664 1071 76 24 there
765 1071 33 24 be
823 1080 15 14 a
863 1071 80 31 profit

90 1119 143 30 attending
252 1118 30 29 it,
302 1122 28 21 to
350 1126 66 23 reap
435 1116 47 26 the
500 1116 101 25 benefit
