1117 1922
161 176 46 22 106

449 181 91 15 CHALK
560 180 168 16 FORMATION.

206 254 116 31 Passing
356 254 81 30 along
471 252 120 24 towards
626 252 183 27 Freshwater,
845 249 44 26 Sir
925 249 97 32 Henry

160 299 162 32 Englefield,
342 298 109 32 writing
471 298 26 23 in
521 299 61 23 1811
612 297 28 24 of
662 298 48 23 the
732 297 79 28 cliffs,
834 296 65 24 thus
922 294 100 32 speaks

160 346 28 23 of
204 346 76 23 them
292 354 41 15 :—

217 396 5 9 '
232 391 80 23 West
338 389 29 25 of
392 389 89 25 where
511 389 46 24 the
585 388 65 31 [old]
674 387 159 32 lighthouse
859 386 90 28 stood,
976 384 47 25 the

160 444 68 24 cape
242 436 95 23 shoots
350 437 47 21 out
418 434 99 24 almost
536 437 29 21 to
585 442 15 15 a
619 432 87 32 point,
721 432 54 24 and
795 436 28 20 to
837 431 80 24 those
930 430 94 24 whose

160 489 97 17 nerves
276 489 46 15 are
341 478 81 34 proof
441 478 108 33 against
568 478 48 25 the
638 478 111 25 horrors
772 476 29 25 of
823 477 48 24 the
893 475 131 33 position,

160 527 47 25 the
226 525 83 26 views
331 525 58 24 into
408 525 47 24 the
475 525 67 32 bays
563 523 128 28 beneath,
712 522 55 25 and
789 521 30 26 of
838 522 47 24 the
908 520 79 28 cliffs,
1002 519 23 26 is

160 571 151 32 extremely
325 569 125 26 sublime.
490 569 31 24 In
541 569 70 24 hard
630 567 121 33 blowing
764 567 123 24 weather
903 566 48 25 the
965 565 61 33 fury

160 616 30 25 of
209 616 46 25 the
278 615 72 25 wind
373 623 34 16 on
428 613 56 25 this
507 617 180 28 promontory
706 612 23 24 is
751 612 124 32 scarcely
894 610 131 25 credible.

161 662 72 31 Very
255 661 75 30 large
352 658 75 25 flints
450 658 53 24 and
530 657 150 33 fragments
706 656 29 25 of
758 657 82 23 chalk
863 664 47 15 are
935 656 91 24 blown

160 706 69 24 from
248 705 48 24 the
314 704 78 28 cliffs,
408 712 29 16 so
458 712 29 15 as
508 707 27 20 to
555 702 139 33 endanger
713 701 48 25 the
780 701 132 25 windows
933 701 29 24 of
980 701 47 24 the

160 750 165 32 lighthouse,
355 749 53 24 and
441 748 40 24 for
514 757 82 23 many
622 747 68 32 days
719 746 27 25 in
773 746 160 25 succession
958 746 20 25 it
1005 746 22 25 is

162 795 122 31 scarcely
303 793 122 33 possible
443 796 29 21 to
491 801 72 23 open
582 792 47 25 the

316 839 75 24 flints
414 838 26 24 in
464 839 45 23 the
535 838 83 24 chalk
640 846 55 19 are,
717 837 40 25 for
783 838 47 24 the
856 842 73 20 most
955 842 71 27 part,

162 885 131 32 irregular
325 884 26 24 in
385 884 94 32 shape,
510 884 48 24 but
592 883 159 24 sometimes
781 883 66 33 they
877 884 150 24 constitute

163 931 108 24 tabular
297 931 89 31 layers
411 928 156 26 coincident
597 928 66 25 with
691 929 48 24 the
767 928 205 28 stratification,
999 939 28 15 or

163 977 54 23 else
237 975 85 31 filling
348 974 97 25 cracks
464 974 55 25 and
541 973 86 32 joints
780 974 60 25 The
860 974 100 25 former
983 983 45 17 are

163 1020 111 25 derived
288 1020 69 24 from
377 1019 122 25 silicious
519 1023 109 24 matter,
649 1018 164 34 frequently,
833 1020 55 24 and
908 1021 121 32 perhaps

162 1075 28 16 m
210 1071 71 19 most
307 1065 149 28 instances,
477 1065 144 31 deposited
645 1066 299 33 contemporaneously
963 1066 66 25 with

163 1111 47 24 the
232 1111 159 24 calcareous
412 1110 134 24 sediment
570 1109 29 25 of
621 1110 91 24 which
735 1110 47 24 the
802 1110 82 25 chalk
911 1110 22 25 is
955 1120 73 15 com-

163 1157 95 30 posed,
272 1156 106 24 around
392 1164 118 23 sponges
524 1155 55 25 and
592 1155 79 25 other
685 1155 148 32 organised
852 1156 104 26 bodies.

165 1202 59 24 The
237 1203 90 26 latter,
342 1210 33 16 on
396 1201 47 25 the
462 1204 139 30 contrary,
616 1209 46 17 are
682 1201 30 25 of
728 1210 76 16 more
823 1207 94 20 recent
932 1203 97 33 origin,

164 1247 102 32 having
280 1248 68 23 been
363 1246 106 24 carried
484 1247 36 32 by
533 1246 174 33 percolating
721 1251 85 20 water
825 1248 114 33 holding
954 1248 77 25 silica

164 1292 28 24 in
205 1291 130 29 solution,
350 1291 58 25 into
422 1292 98 24 cracks
535 1292 54 23 and
606 1291 86 33 joints
712 1292 106 25 formed
838 1292 27 25 in
883 1293 47 25 the
949 1294 82 25 chalk

165 1337 98 33 during
276 1346 29 16 or
320 1336 68 26 after
403 1337 34 24 its
454 1336 204 26 solidification.
698 1337 59 26 The
771 1339 111 25 tabular
903 1340 89 24 bands
1005 1338 28 27 of

165 1383 59 25 flint
238 1383 87 32 filling
338 1383 98 25 cracks
449 1383 53 24 and
520 1382 87 33 joints
626 1392 47 16 are
691 1383 147 31 therefore,
852 1393 31 16 as
897 1385 86 33 might
999 1386 33 25 be

166 1428 134 33 expected
320 1436 34 16 on
381 1428 46 24 the
452 1428 53 24 last
532 1428 183 32 supposition,
740 1429 227 30 unfossiliferous,
994 1440 37 15 in-

167 1474 78 26 stead
268 1474 29 24 of
317 1473 159 33 abounding
499 1473 27 25 in
549 1474 100 29 fossils,
664 1483 31 16 as
712 1474 24 26 is
755 1475 48 25 the
822 1485 64 16 case
900 1476 66 26 with
986 1478 46 24 the

166 1520 79 25 other
265 1524 102 27 system
388 1519 29 25 of
433 1519 85 25 flints.
542 1520 12 27 +

215 1565 59 25 The
297 1565 115 25 nodules
431 1564 30 26 of
477 1565 60 25 flint
557 1565 28 25 in
606 1566 55 24 this
681 1566 119 30 district,
815 1568 134 33 although
969 1569 63 33 they

168 1611 87 25 retain
270 1611 71 24 their
360 1611 69 24 form
447 1611 22 24 if
486 1611 132 34 carefully
632 1613 145 25 extracted
796 1612 70 27 from
882 1614 47 26 the
943 1615 89 26 chalk,

212 1681 8 8 *
233 1680 110 22 Englefield,
376 1681 122 21 Picturesque
507 1682 87 16 Account
600 1682 20 16 of
628 1682 33 17 the
669 1683 38 16 Isle
716 1683 19 17 of
842 1685 48 19 1S16,
903 1690 19 16 p.
930 1686 26 16 82.

212 1711 9 16 t
230 1708 58 18 Mem.
298 1708 106 22 Geological
413 1710 77 20 Survey,
499 1709 87 21 Bristow,
596 1710 38 17 Isle
642 1710 20 18 of
671 1710 74 22 Wight,
754 1712 49 17 lBt>2.
815 1717 18 15 p.
842 1713 28 16 31.
