1117 1922
128 187 15 22 4

385 187 137 16 WEALDEN
549 187 168 19 FORMATION,

127 258 46 24 the
185 258 82 25 Point
281 258 47 25 the
337 259 68 25 beds
419 259 66 24 arch
498 267 65 17 over
574 259 55 25 and
642 258 101 25 incline
756 255 128 34 opposite
894 262 77 25 ways
981 262 6 21 ;

127 302 27 24 in
175 311 51 16 one
246 312 63 16 case
329 303 28 25 in
378 312 15 16 a
419 303 133 25 direction
574 303 113 33 slightly
707 302 116 33 varying
843 301 70 24 from
933 299 55 25 due

127 348 90 28 north,
232 357 29 15 so
284 357 31 16 as
334 352 29 21 to
383 348 80 33 bring
475 348 76 26 them
569 347 120 26 beneath
707 347 48 25 the
769 347 99 24 Lower
883 345 105 25 Green-

127 393 68 25 sand
215 392 28 25 in
262 393 138 32 Compton
417 394 69 32 Bay,
507 393 90 26 where
617 393 66 32 they
698 391 148 33 disappear
857 399 5 20 ;
885 389 55 25 and
960 388 28 25 in

126 438 48 25 the
195 437 79 26 other
295 437 28 25 in
342 446 35 16 an
398 438 120 33 easterly
535 437 136 26 direction
692 435 122 27 towards
834 434 154 25 Atherfield

127 482 91 30 Point,
243 482 92 25 where
354 482 66 34 they
440 483 57 24 also
523 482 148 33 disappear
696 480 120 27 beneath
841 480 48 25 the
912 488 76 16 same

127 531 96 20 strata.

173 573 78 23 Thus
265 572 19 24 it
298 572 55 25 will
370 573 34 24 be
422 581 64 16 seen
504 573 70 28 that,
589 572 68 25 both
677 575 28 22 at
724 572 48 25 the
784 574 69 23 west
873 570 55 25 and
941 570 47 25 the

127 622 67 25 east,
209 618 47 25 the
269 618 136 24 Wealden
421 622 88 21 strata
523 627 46 16 are
584 618 167 25 terminated
770 622 28 21 at
818 617 72 25 their
910 617 78 32 junc-

126 663 58 26 tion
204 663 67 26 with
292 663 49 25 the
363 664 99 25 Lower
485 663 172 26 Greensand.
695 664 84 24 From
804 663 101 25 thence
923 662 65 33 they

126 717 46 16 are
189 709 151 33 prolonged
359 709 120 25 beneath
499 709 47 24 the
566 717 47 16 sea
627 712 30 21 to
675 709 48 24 the
738 709 54 24 Isle
806 708 29 25 of
851 708 137 30 Purbeck,

126 755 55 24 and
217 754 27 24 in
279 762 35 16 an
350 754 119 33 easterly
503 753 136 25 direction
678 754 120 24 beneath
835 753 153 25 Atherfield

127 800 90 23 Point.

173 844 114 33 Having
306 844 97 33 briefly
416 844 145 25 described
574 844 48 25 the
641 847 88 22 strata
746 847 28 21 at
789 844 94 25 Brook
897 844 91 29 Point,

127 891 55 25 and
203 891 48 25 the
274 890 68 26 Pine
366 889 74 30 Raft,
461 889 20 26 it
504 889 55 26 will
581 894 48 21 not
651 890 35 25 be
707 898 149 25 necessary
876 894 29 21 to
927 889 62 33 give

126 945 76 16 more
223 937 69 24 than
315 944 15 16 a
352 935 72 26 brief
442 935 104 25 outline
565 935 30 25 of
612 935 47 25 the
678 935 124 33 deposits
815 935 91 25 which
925 944 63 16 con-

127 982 96 25 stitute
237 982 46 24 the
297 982 137 24 Wealden
454 981 157 29 formation,
625 981 91 33 owing
734 985 28 21 to
781 981 48 24 the
848 989 141 17 sameness

126 1027 30 26 of
177 1027 77 25 them
278 1027 180 32 throughout,
484 1026 63 29 and,
574 1026 133 33 although
732 1026 163 33 interesting
919 1026 69 25 from

127 1081 16 17 a
165 1072 135 26 scientific
318 1072 78 33 point
416 1072 30 26 of
467 1071 79 30 view,
567 1071 92 27 would
676 1072 34 25 be
735 1070 30 26 of
781 1070 71 27 little
874 1071 114 26 interest

127 1121 28 21 to
180 1118 47 24 the
251 1118 112 32 general
386 1117 105 25 reader.
540 1118 11 24 I
577 1117 80 29 have,
683 1116 137 30 however,
845 1116 83 33 given
953 1126 35 16 an

127 1164 146 32 appended
287 1163 169 32 description
469 1162 29 25 of
513 1163 47 24 the
573 1162 171 33 lithological
763 1162 186 33 composition
961 1162 29 25 of

127 1208 47 25 the
187 1208 77 29 beds,
282 1208 126 33 together
421 1208 67 26 with
506 1217 15 16 a
540 1208 45 25 list
603 1208 31 25 of
650 1208 48 25 the
718 1208 100 28 fossils,
833 1212 28 21 at
874 1208 48 25 the
935 1208 53 25 end

127 1254 29 25 of
172 1254 48 25 the
232 1254 125 31 chapter.
395 1253 60 25 The
468 1254 89 25 whole
574 1253 22 25 is
610 1253 113 26 divided
736 1253 59 25 into
807 1257 55 22 two
875 1262 113 23 groups,

126 1314 34 4 —
160 1300 48 24 the
222 1300 97 31 Upper
332 1300 55 24 and
400 1299 47 25 the
461 1300 108 24 Lower.
607 1299 60 25 The
679 1300 96 32 Upper
789 1299 54 25 will
856 1300 35 24 be
904 1299 84 25 found

126 1349 28 21 at
177 1345 153 24 Atherfield
350 1344 92 30 Point,
462 1345 55 24 and
538 1345 47 24 the
607 1345 99 25 Lower
728 1348 28 21 at
777 1345 94 24 Brook
896 1345 92 26 Point.

127 1390 60 24 The
208 1391 96 31 Upper
330 1389 119 25 consists
469 1390 30 24 of
520 1390 70 24 dark
608 1390 81 33 shaly
707 1391 70 33 clay,
804 1391 127 33 splitting
952 1400 36 16 on

127 1442 134 24 exposure
286 1438 29 20 to
339 1435 47 24 the
411 1435 121 24 weather
557 1435 58 25 into
635 1435 75 25 what
730 1435 24 25 is
773 1436 107 25 termed
901 1445 87 24 paper

127 1479 99 28 shales,
241 1479 126 32 together
380 1479 67 25 with
466 1488 91 16 seams
576 1479 30 25 of
621 1480 69 25 sand
710 1481 55 25 and
784 1481 61 25 thin
857 1482 92 34 layers
961 1482 29 25 of

127 1523 88 33 shelly
226 1523 145 25 limestone
381 1533 5 20 ;
407 1524 54 24 and
475 1524 46 25 the
535 1525 100 25 Lower
647 1524 31 26 of
688 1526 159 30 sandstone,
861 1528 55 24 and
930 1528 58 30 red,

127 1576 90 23 green,
232 1567 54 25 and
304 1567 161 32 variegated
485 1569 92 24 marls.

199 1612 159 25 Westward
375 1612 29 25 of
420 1613 93 25 Brook
528 1613 91 30 Point,
634 1614 55 25 and
706 1614 40 25 for
766 1623 16 16 a
795 1616 192 28 considerable

126 1657 125 25 distance
264 1657 108 33 beyond
386 1658 138 31 Compton
542 1659 113 32 Grange
669 1659 97 30 Chine,
780 1661 48 24 the
841 1662 48 25 red
902 1665 85 25 marls

127 1701 54 25 and
203 1702 172 28 sandstones,
392 1702 91 25 which
501 1702 69 25 form
590 1703 48 24 the
657 1704 66 23 base
742 1704 31 24 of
787 1705 48 25 the
849 1706 138 27 Wealden
