1117 1922
342 424 64 38 Œfce
437 426 135 32 Uentnor
604 426 173 33 Collection.

138 621 91 29 \^Jt\\
244 621 125 25 ATING
397 621 69 25 from
498 622 47 25 the
570 621 147 26 formation
743 621 30 26 of
800 622 46 25 the
871 627 111 23 present

127 667 36 37 @|
278 666 128 25 Museum
438 671 28 20 at
493 667 142 32 Newport,
662 666 27 25 in
724 668 73 31 1854,
824 667 11 24 I
862 676 44 15 am
935 671 48 21 not

129 714 19 32 if
277 720 90 16 aware
380 711 30 25 of
427 721 54 24 any
493 712 132 25 recorded
639 715 118 29 attempt
771 711 30 25 of
817 712 46 25 the
877 711 105 26 inhabi-

132 750 93 39 i^Atj).
277 760 74 21 tants
365 756 29 26 of
410 765 54 25 any
476 757 30 25 of
522 757 47 25 the
582 758 79 24 other
680 761 88 21 towns
787 757 27 25 in
828 757 46 25 the
890 757 93 25 Island

169 795 40 35 T&*
277 802 109 25 besides
412 803 142 32 Newport,
581 803 54 24 and
659 804 111 32 latterly
795 804 133 27 Ventnor,
953 806 29 20 to

117 846 134 25 establish
271 847 87 25 either
377 857 16 15 a
408 848 128 25 Museum
549 857 30 16 or
592 857 69 16 even
681 848 46 25 the
741 848 114 25 nucleus
868 848 29 24 of
913 856 51 16 one
974 856 6 21 ;

117 896 29 21 to
167 892 48 25 the
239 893 83 24 latter
344 894 124 24 Ventnor
487 903 52 15 can
558 893 64 33 only
644 898 27 20 at
694 897 111 28 present
824 893 45 33 lay
889 892 92 33 claim,

118 946 31 16 as
180 938 48 25 the
259 938 64 33 only
353 938 137 26 available
520 947 83 24 space
635 938 23 26 is
690 939 105 25 around
827 938 47 25 the
905 939 76 25 walls

117 982 31 26 of
175 983 47 25 the
255 984 67 24 Hall
353 983 29 25 of
413 984 47 24 the
491 984 129 27 Literarv
652 984 139 29 Institute,
817 983 90 25 which
935 992 47 16 are

118 1028 111 25 utilised
252 1028 41 25 for
315 1030 47 23 the
383 1038 121 24 purpose
529 1030 36 33 by
587 1030 46 24 the
658 1029 122 25 erection
802 1029 29 25 of
853 1029 129 32 spacious

117 1074 62 24 wall
202 1082 87 21 cases,
310 1074 155 33 occupying
487 1074 100 33 nearly-
600 1074 47 25 the
667 1074 88 25 whole
774 1074 94 33 length
887 1074 30 24 of
935 1074 47 25 the

121 1119 76 29 Hall,
221 1119 55 25 and
294 1129 47 15 are
360 1119 74 25 filled
460 1119 66 26 with
547 1120 106 25 several
675 1119 66 26 tiers
761 1119 30 25 of
807 1119 117 29 shelves,
947 1128 35 15 on

116 1164 90 26 which
227 1165 47 24 the
294 1164 90 25 fossils
404 1164 70 26 from
497 1164 47 26 the
563 1164 162 25 formations
744 1164 30 25 of
790 1164 46 25 the
856 1163 125 25 different

117 1209 134 25 divisions
271 1209 29 25 of
319 1209 91 25 which
431 1209 47 25 the
498 1213 88 21 strata
608 1209 28 25 of
656 1209 47 25 the
727 1209 93 24 Island
841 1217 45 16 are
908 1217 73 15 com-

115 1255 86 32 posed
211 1263 47 16 are
270 1255 134 32 arranged
416 1255 55 24 and
482 1255 99 24 named
592 1254 27 25 in
630 1255 47 24 the
687 1254 80 25 order
778 1254 27 24 in
814 1253 91 26 which
916 1253 66 32 they

116 1309 92 20 occur,
223 1309 30 15 so
273 1301 61 24 that
354 1300 47 24 the
423 1303 128 22 contents
570 1308 52 16 can
642 1300 33 24 be
694 1298 146 25 examined
858 1298 121 30 seriatnmm

116 1346 59 24 The
189 1345 138 33 following
341 1345 162 25 formations
517 1354 47 15 are
576 1344 177 33 represented
767 1353 5 14 :

545 1452 20 16 1.

162 1502 51 25 The
231 1502 113 24 Wealden
364 1510 63 16 case
442 1500 127 25 contains
587 1498 118 26 Saurian
718 1497 129 32 reptilian
861 1496 119 25 remains

217 1546 68 26 with
309 1546 49 25 the
383 1546 143 27 mollusca,
550 1543 152 31 consisting
723 1542 31 25 of
776 1540 129 26 univalve
927 1540 53 24 and

215 1591 111 25 bivalve
362 1590 92 25 shells.
510 1589 61 24 The
605 1588 108 24 shelves
748 1586 88 25 above
870 1584 110 25 contain

217 1644 150 17 numerous
381 1634 155 33 specimens
555 1633 69 24 from
645 1632 47 24 the
707 1631 98 24 Lower
819 1629 161 26 Greensand

223 1681 55 25 and
292 1681 35 28 its
341 1679 144 29 divisions,
500 1678 69 28 after
583 1678 49 24 Dr.
648 1675 104 29 Fitton.
