1117 1922
187 199 19 2 216

513 183 144 17 APPENDIX.

159 255 83 24 much
261 255 160 32 prolonged,
436 255 54 24 and
512 255 22 24 it
554 255 23 24 is
596 262 69 16 even
683 251 123 34 possible
826 250 61 24 that
906 247 48 25 the
974 254 46 17 sea

159 299 143 32 originally
316 299 83 24 found
413 299 35 24 its
462 303 129 20 entrance
605 307 34 16 on
653 297 56 25 this
723 296 67 25 side.

207 343 186 33 Seventy-five
407 352 78 24 years
500 352 51 24 ago
565 343 130 25 Webster
716 341 78 25 hired
808 349 15 15 a
838 338 80 26 small
933 336 89 26 vessel

159 392 27 20 at
201 388 154 23 Yarmouth
369 392 28 20 to
412 388 96 24 enable
526 388 57 23 him
602 391 28 20 to
650 387 80 24 make
744 393 35 17 an
794 381 188 28 examination
996 380 30 25 of

159 432 48 24 the
220 432 82 24 chalk
316 432 69 24 cliffs
396 432 90 24 which
505 432 68 24 form
594 440 15 15 a
628 431 110 32 portion
758 429 29 25 of
803 429 74 25 what
898 436 64 23 may
975 430 48 20 not

160 476 34 24 be
220 476 105 32 inaptly
350 476 105 24 termed
479 476 48 24 the
561 476 103 32 rugged
695 474 168 25 iron-bound
893 476 78 21 coast
997 470 29 26 of

162 520 185 27 Dorsetshire,
361 520 53 24 and
428 520 29 24 of
468 520 77 24 these
558 520 70 24 cliffs
641 520 35 24 he
689 519 92 25 writes
795 527 30 16 as
838 518 106 24 follows
957 526 5 16 :
965 532 35 3 —

236 565 59 24 The
308 565 89 25 island
412 574 39 15 we
464 574 70 16 were
548 564 109 33 leaving
671 564 103 25 behind
788 563 130 25 assumed
932 571 16 15 a
958 570 68 25 very

163 609 161 33 interesting
339 618 173 24 appearance
523 619 4 14 :
542 609 48 25 the
599 609 116 33 gradual
728 608 54 24 rise
795 608 29 24 of
835 608 47 24 the
893 608 132 23 northern

164 655 57 25 side
236 655 87 25 above
341 655 48 24 the
407 663 47 16 sea
464 663 5 21 ;
490 655 48 24 the
556 654 131 25 coloured
706 657 88 21 strata
807 653 30 24 of
848 653 83 24 Alum
946 653 61 33 Bay
1019 661 5 20 ;

163 701 79 23 those
256 699 121 33 singular
397 708 114 20 masses,
527 700 60 24 The
602 699 129 29 Needles,
745 698 68 26 with
832 698 47 25 the
899 697 127 33 majestic

163 746 81 24 chalk
258 745 69 24 cliffs
341 745 103 24 behind
457 745 76 24 them
544 744 29 25 of
583 744 47 25 the
644 750 72 19 most
730 743 127 32 dazzling
868 742 157 29 whiteness,

163 791 54 24 and
242 791 47 24 the
313 790 171 33 precipitous
505 790 59 24 face
578 789 29 25 of
626 790 47 24 the
694 790 132 24 southern
849 788 59 25 side
930 788 29 25 of
978 788 48 25 the

163 835 173 26 Freshwater
356 835 72 28 hills,
443 835 150 32 composed
612 835 154 32 altogether
781 843 15 15 a
810 834 109 33 picture
932 833 30 25 of
978 834 48 24 the

161 885 71 22 most
264 880 136 26 romantic
430 881 154 24 character.
639 881 39 24 As
704 889 40 16 we
777 879 177 33 approached
979 879 47 25 the

162 926 178 25 Dorsetshire
363 925 66 30 side,
451 926 11 24 I
485 925 148 33 perceived
654 925 47 25 the
721 924 71 26 cliffs
810 934 72 16 were
902 924 30 26 of
948 929 78 28 great

160 972 104 33 height,
291 972 118 32 forming
434 972 47 23 the
507 975 109 20 eastern
643 971 53 24 end
722 971 29 24 of
773 971 48 24 the
845 974 182 29 promontory

161 1017 88 25 called
275 1017 142 25 Handfast
444 1017 81 24 Point
538 1026 3 20 ;
567 1026 36 15 on
628 1017 47 24 the
700 1017 83 24 north
805 1016 59 25 side
886 1016 29 24 of
935 1016 91 25 which

161 1063 46 32 lay
233 1062 139 25 Studland
395 1062 68 32 Bay,
485 1061 54 25 and
564 1070 35 16 on
622 1061 47 25 the
692 1061 82 25 south
798 1061 135 33 Swanage
957 1061 69 33 Bay.

162 1108 31 24 In
207 1108 78 25 these
304 1107 79 29 cliffs,
397 1107 92 25 which
508 1111 111 28 present
640 1116 16 15 a
675 1106 116 26 vertical
810 1106 107 26 section
935 1106 30 25 of
980 1106 48 25 the

162 1154 55 24 Isle
236 1153 29 24 of
286 1153 127 24 Purbeck
427 1153 69 24 from
516 1153 81 24 north
617 1156 28 21 to
666 1153 92 29 south,
772 1161 72 16 were
858 1161 74 20 seen,
946 1153 82 24 while

160 1207 41 16 we
211 1207 70 16 were
294 1202 45 29 yet
358 1207 75 15 some
454 1198 78 24 miles
551 1198 115 29 distant,
681 1199 106 23 several
805 1199 76 31 large
900 1207 126 20 caverns,

161 1244 54 24 and
229 1244 120 25 towards
363 1244 46 24 the
423 1244 82 24 north
518 1244 54 24 end
587 1244 60 24 four
661 1253 31 15 or
703 1244 53 25 five
771 1241 137 27 detached
922 1253 106 16 masses

161 1288 29 25 of
209 1289 66 24 rock
299 1288 85 33 rising
402 1293 48 20 out
474 1288 28 25 of
522 1289 46 24 the
588 1298 55 16 sea.
681 1289 91 25 These
792 1299 70 16 were
888 1289 140 34 evidently

162 1333 116 25 isolated
292 1334 125 31 portions
429 1334 31 25 of
470 1334 47 25 the
530 1334 92 30 chalk,
636 1334 102 29 which,
752 1334 54 25 like
821 1335 61 24 The
898 1335 129 29 Needles,

162 1378 55 24 had
237 1377 115 26 resisted
375 1379 93 32 longer
488 1379 68 24 than
575 1379 48 25 the
640 1383 55 21 rest
711 1379 28 25 of
755 1380 48 24 the
816 1379 65 25 cliff.
921 1381 11 23 I
948 1381 80 24 made

163 1422 47 25 the
223 1424 88 24 vessel
324 1424 45 32 lay
382 1427 29 21 to
424 1424 61 24 that
501 1425 11 23 I
528 1424 87 33 might
630 1425 127 25 examine
771 1426 48 24 the
832 1425 196 26 stratification

164 1466 66 26 with
245 1475 14 16 a
274 1468 147 32 telescope,
436 1469 54 23 and
507 1470 10 22 I
533 1478 56 16 was
609 1470 141 32 surprised
770 1471 55 24 and
844 1470 143 33 delighted
1000 1475 28 22 to

164 1511 57 25 find
246 1512 46 24 the
316 1514 81 23 south
424 1514 52 24 end
501 1515 150 32 composed
671 1515 29 25 of
717 1520 89 22 strata
826 1516 29 25 of
871 1517 83 25 chalk
974 1518 54 24 and

165 1555 60 25 flint
245 1556 74 31 quite

213 1601 23 24 A
250 1601 75 24 short
345 1602 67 25 time
429 1612 60 23 ago,
504 1604 91 25 whilst
610 1605 109 33 staying
737 1610 28 21 at
780 1608 220 29 Bournemouth,
1017 1609 11 24 I

168 1645 79 24 made
272 1654 35 15 an
332 1647 146 26 excursion
503 1649 37 32 by
562 1653 118 21 steamer
703 1655 28 20 to
757 1652 143 33 Swanage.
939 1654 12 24 I
973 1663 57 17 was

170 1693 71 20 most
254 1690 179 34 particularly
446 1694 94 24 struck
551 1694 66 25 with
631 1695 47 25 the
692 1698 238 30 correspondence
943 1699 30 25 of
982 1700 48 25 the
