1117 1922
143 170 13 22 8

402 176 137 18 WEALDEN
567 176 168 20 FORMATION,

142 247 74 32 prise
237 248 48 24 the
305 251 87 22 strata
414 248 105 25 stretch
541 256 80 25 away
642 246 146 26 westward
810 249 29 21 to
865 244 142 31 Compton

144 292 70 33 Bay,
232 301 16 16 a
267 292 125 25 distance
411 292 29 25 of
457 292 42 25 six
517 301 31 16 or
567 292 75 33 eight
662 291 88 29 miles,
765 289 55 25 and
839 287 54 27 end
912 287 28 25 in
959 287 48 24 the

144 336 69 33 lofty
225 342 179 27 promontory
417 336 29 26 of
457 337 176 26 Freshwater
645 336 85 25 white
744 334 78 25 cliffs.

192 382 75 25 Near
280 382 153 26 Atherfield
450 382 81 26 Point
545 383 48 25 the
606 381 113 33 organic
733 379 121 26 remains
868 386 47 17 are
927 378 82 25 those

144 426 31 26 of
197 426 117 26 animals
343 427 91 25 which
461 427 144 25 inhabited
633 425 132 27 brackish
792 428 95 25 water,
914 431 94 17 conse-

146 473 113 33 quently
286 472 72 25 their
382 481 132 24 presence
543 473 93 32 points
661 476 28 21 to
721 469 124 34 deposits
871 478 31 16 as
926 468 83 34 being

145 517 80 25 those
247 517 29 25 of
295 526 35 16 an
352 521 112 30 estuary
484 527 29 16 or
534 518 97 24 mouth
653 517 30 25 of
705 525 17 16 a
746 516 73 25 river
829 524 5 21 ;
855 513 101 30 which,
981 518 28 21 at

145 570 76 17 some
240 566 105 21 remote
363 563 105 32 period,
486 562 165 33 discharged
670 561 77 26 itself
762 561 59 24 into
840 560 48 25 the
907 568 57 21 sea,
978 567 31 17 as

145 607 68 24 both
237 607 105 25 marine
368 607 54 25 and
453 607 135 25 fluviatile
617 607 84 25 shells
730 614 53 17 can
813 606 36 24 be
873 604 136 25 collected

144 651 97 26 within
266 660 16 17 a
307 652 77 25 short
408 651 126 26 distance
553 651 31 26 of
600 651 68 26 each
688 651 94 25 others
802 651 94 24 habitat
905 660 8 14 :
933 650 74 29 here,

144 699 68 30 also,
225 699 49 25 the
292 702 55 22 two
366 698 135 26 divisions
519 698 30 25 of
565 701 89 22 strata
672 697 86 26 unite.
796 696 79 26 After
892 705 17 16 a
921 701 86 21 storm

143 752 30 17 or
186 745 108 32 ground
307 745 76 25 swell
396 744 48 25 the
457 744 81 25 shore
557 743 28 25 in
598 744 49 24 the
660 742 117 34 vicinity
789 742 24 25 is
827 745 101 22 strewn
941 741 68 26 with

142 789 48 26 the
203 789 76 26 debris
291 789 31 26 of
337 789 48 26 the
398 789 147 29 Wealden,
560 789 54 25 and
631 789 48 25 the
692 789 84 24 lower
788 787 112 34 portion
913 787 29 25 of
961 787 48 25 the

143 834 99 26 Lower
263 834 165 27 Greensand
447 833 125 34 deposits
592 834 102 33 (Perna
713 833 80 34 beds)
806 842 5 21 ;
832 833 62 25 that
915 833 30 25 of
961 833 48 25 the

142 880 138 25 Wealden
293 880 153 33 consisting
460 879 30 26 of
503 879 61 26 thin
580 880 102 29 shales,
697 879 69 26 dark
779 879 86 33 clays,
880 878 54 26 and
948 887 60 24 sep-

141 926 82 29 taria,
243 925 68 26 with
334 926 75 24 slabs
429 925 104 33 having
548 925 134 34 potamides
705 924 55 25 and
780 925 77 32 cyclas
876 933 35 16 on
937 923 72 26 their

141 971 133 29 surfaces,
288 975 64 25 etc.,
366 971 155 33 exhibiting
538 979 16 16 a
569 970 161 25 disordered
744 978 75 17 mass
832 969 30 26 of
877 970 86 29 ruins,
978 978 31 16 as

141 1016 106 33 though
261 1025 76 17 some
358 1021 76 28 giant
448 1016 75 26 hand
542 1016 56 26 had
617 1021 102 21 strewn
738 1016 47 25 the
803 1020 88 21 strata
905 1016 54 25 and
972 1016 37 25 its

141 1062 120 25 remains
272 1062 158 25 broadcast.
466 1061 73 26 Thin
551 1062 76 25 slabs
638 1061 30 26 of
677 1061 105 34 pyrites
793 1061 35 26 lie
839 1062 85 25 about
933 1061 28 26 in
972 1062 37 25 all

142 1106 159 30 directions,
316 1115 36 17 on
364 1108 48 24 the
426 1106 123 26 surfaces
561 1106 30 26 of
608 1106 92 26 which
714 1115 46 17 are
774 1106 75 26 often
862 1106 86 26 found
960 1107 49 25 the

142 1152 127 33 petrified
279 1152 120 25 remains
410 1152 30 25 of
449 1153 48 24 the
508 1153 92 33 spines
615 1153 55 25 and
683 1154 89 24 scales
782 1153 30 25 of
822 1154 48 24 the
879 1154 128 32 Hybodus,

142 1207 16 16 a
183 1198 73 26 river
278 1198 85 25 shark
384 1207 30 16 or
439 1198 64 33 pike
515 1207 5 21 ;
544 1198 47 26 the
612 1198 93 33 spines
726 1208 46 16 are
798 1198 61 27 said
883 1203 29 22 to
937 1199 72 26 have

142 1242 108 27 formed
274 1243 48 26 the
346 1243 122 26 anterior
494 1248 62 29 part
583 1244 30 26 of
636 1245 48 25 the
709 1245 93 25 dorsal
827 1245 47 25 fin.
920 1246 89 24 Other

143 1289 76 25 slabs
244 1288 113 26 contain
382 1289 75 25 what
489 1298 119 24 appears
633 1293 29 22 to
687 1291 35 24 be
746 1290 48 25 the
819 1290 190 26 comminuted

143 1334 73 33 wing
229 1342 78 17 cases
320 1334 30 25 of
360 1334 103 26 insects
476 1344 5 21 ;
502 1336 59 24 also
574 1336 77 25 teeth
665 1336 55 25 and
733 1336 136 26 vertebræ
883 1336 30 26 of
929 1336 80 26 small

143 1379 62 25 fish.
243 1380 81 25 With
346 1380 138 26 reference
504 1385 29 21 to
551 1381 49 26 the
618 1381 138 27 fossilised
775 1382 122 26 remains
916 1382 31 26 of
964 1383 45 25 the

143 1424 122 33 gigantic
274 1424 127 31 animals,
412 1425 92 26 which
512 1427 72 25 have
593 1427 47 25 left
650 1427 72 25 their
731 1428 150 33 disjointed
889 1428 120 25 remains

143 1468 28 25 in
190 1468 56 26 this
269 1469 110 27 ancient
400 1471 84 30 delta,
503 1471 21 25 it
545 1476 74 21 must
641 1473 34 25 be
697 1474 85 24 borne
804 1474 29 24 in
853 1474 76 26 mind
948 1474 61 26 that

143 1514 67 33 they
223 1523 46 17 are
290 1516 101 32 mostly
405 1517 147 31 separated
574 1518 37 33 by
629 1518 48 25 the
695 1518 78 26 wash
795 1518 31 26 of
842 1519 49 26 the
909 1524 100 22 waters

142 1558 71 26 from
225 1559 49 25 the
286 1564 77 27 great
374 1560 72 25 river
460 1562 55 24 and
528 1561 36 25 its
577 1562 170 26 tributaries.
785 1563 61 26 The
860 1565 149 30 skeletons,

143 1603 69 26 after
225 1603 82 33 being
320 1605 65 32 long
395 1606 121 32 exposed
526 1610 29 21 to
567 1606 49 25 the
629 1612 120 25 current,
759 1617 72 17 were
841 1609 151 33 disjointed
1003 1621 6 21 ;

142 1648 48 25 the
203 1648 99 26 sinews
316 1650 55 23 and
390 1651 119 24 muscles
528 1651 116 25 became
662 1653 160 25 macerated
832 1662 6 21 ;
859 1654 47 25 the
923 1656 86 26 bones

142 1693 91 25 which
256 1695 151 31 composed
426 1695 47 25 the
491 1695 124 26 skeleton
628 1696 116 26 became
764 1700 148 30 separated
923 1710 5 20 ;
953 1703 56 26 and
