1117 1922
448 142 56 17 THE

1003 166 2 3 183

149 211 47 25 the
218 212 130 25 loosened
373 214 62 32 clay
459 214 88 24 below
571 214 30 28 it,
627 214 99 29 which,
752 215 91 26 mixed
868 215 66 26 with
958 217 48 24 the

150 256 151 33 fragments
314 257 30 25 of
363 258 65 24 rock
448 258 136 25 detached
603 258 70 26 from
691 260 48 25 the
753 264 76 28 great
844 269 73 16 mass
930 261 27 24 in
971 261 35 25 its

150 301 55 29 fall,
220 302 54 25 and
288 302 47 25 full
349 302 29 26 of
394 303 156 26 interstices
561 304 103 26 formed
679 305 35 32 by
727 305 47 25 the
787 306 124 25 different
925 307 79 24 hard-

150 355 63 16 ness
227 346 29 26 of
266 346 36 26 its
315 356 61 17 own
391 349 105 24 several
510 352 96 26 strata,
620 358 56 16 was
690 358 74 16 more
778 350 106 33 rapidly
895 351 110 25 washed

150 401 79 24 away
241 392 68 25 than
323 393 80 25 when
416 393 27 25 in
463 393 35 25 its
518 402 61 16 own
592 395 61 23 bed.
691 395 23 23 A
729 396 100 23 second
843 396 163 24 subsidence

150 446 61 16 now
225 438 65 24 took
304 438 78 32 place
393 447 5 20 ;
419 438 80 25 while
519 439 68 24 from
607 440 88 24 above
714 440 115 24 another
847 449 73 16 mass
935 449 70 24 gave

150 490 69 25 way,
233 482 55 24 and
307 483 36 32 by
356 482 36 25 its
404 483 101 32 weight
525 484 85 31 urged
630 484 46 24 the
695 484 58 24 first
773 484 80 24 fallen
871 484 65 25 rock
950 484 55 25 still

150 526 105 25 further
269 528 120 24 towards
404 528 47 24 the
470 537 55 20 sea,
540 528 92 25 whose
646 538 100 20 waves,
760 529 126 33 carrying
899 529 107 33 rapidly

150 580 79 25 away
251 573 36 23 all
310 573 79 24 those
412 578 77 27 parts
512 573 85 33 easily
619 574 114 28 soluble,
754 573 94 26 united
868 574 66 25 with
959 574 47 25 the

150 617 79 24 other
243 626 97 16 causes
360 617 29 25 of
409 618 170 25 destruction
599 622 29 21 to
649 618 80 32 bring
746 618 80 25 down
840 618 72 25 fresh
931 618 75 26 ruins

151 661 70 25 from
235 662 47 25 the
296 662 59 25 cliff
365 663 96 25 above.
509 664 31 23 In
559 663 55 25 this
628 672 113 16 manner
754 663 20 25 it
788 663 23 25 is
824 662 109 26 evident
947 664 59 24 that

151 707 48 25 the
222 707 157 26 Undercliff
397 716 57 17 was
473 708 113 29 formed,
607 712 70 21 most
700 708 107 33 rapidly
820 712 27 21 at
870 708 67 29 first,
958 709 49 24 but

150 752 145 33 gradually
309 753 96 24 slower
419 761 30 16 as
463 753 46 24 the
528 761 97 16 causes
638 752 29 25 of
683 752 169 25 destruction
866 753 100 24 tended
979 756 28 21 to

151 801 162 20 counteract
325 797 71 24 their
408 806 61 16 own
482 798 94 24 effects
587 806 5 21 ;
607 797 48 29 for,
665 797 69 24 after
745 805 80 25 every
836 797 171 29 subsidence,

151 842 48 24 the
212 850 75 16 mass
306 841 30 25 of
354 842 83 24 fallen
457 843 62 32 clay
539 843 53 23 and
613 842 66 24 rock
699 841 104 25 formed
823 841 75 25 itself
917 842 56 24 into
991 851 16 15 a

152 895 75 16 more
251 887 92 32 gentle
369 887 85 32 slope,
481 887 54 24 and
553 887 99 28 which,
679 886 147 33 extending
851 886 94 33 higher
971 895 36 24 up

152 931 108 34 against
275 932 46 25 the
335 931 59 26 face
408 931 29 26 of
453 932 47 25 the
519 932 61 33 clay
592 931 64 29 cliff,
670 931 100 25 tended
784 936 28 20 to
825 932 68 32 keep
906 931 20 25 it
940 931 68 25 from

153 976 180 33 mouldering,
359 976 81 26 while
470 977 47 25 the
544 976 131 33 declivity
699 976 30 25 of
757 976 47 25 the
833 977 75 32 slope
937 976 74 25 itself

152 1022 133 25 rendered
306 1022 47 25 the
374 1022 124 25 material
522 1022 111 32 already
647 1021 80 25 fallen
749 1022 53 24 less
822 1025 46 28 apt
888 1025 28 21 to
932 1021 75 25 slide.

153 1067 59 25 The
233 1067 93 25 action
348 1067 29 25 of
394 1067 48 25 the
464 1075 46 17 sea
532 1067 90 25 which
643 1067 111 25 washed
775 1075 77 24 away
877 1066 46 25 the
948 1067 61 32 clay

152 1112 70 24 from
236 1120 101 24 among
350 1112 46 24 the
419 1120 105 16 masses
542 1111 30 25 of
589 1112 65 24 rock
675 1115 27 21 at
717 1111 46 25 the
779 1112 113 27 bottom,
907 1111 101 24 caused

152 1158 80 24 those
257 1166 105 16 masses
387 1161 28 21 to
441 1165 77 16 come
547 1156 58 25 into
633 1157 86 23 closer
745 1159 120 25 contact,
891 1156 54 24 and
973 1156 36 32 by

153 1203 113 32 degrees
286 1202 92 25 forced
398 1202 75 25 them
492 1202 59 24 into
570 1210 16 16 a
604 1201 66 33 high
691 1202 53 23 and
762 1205 94 28 strong
877 1201 131 28 bulwark,

153 1247 80 26 while
244 1247 79 25 those
337 1247 80 24 rocks
434 1246 91 26 which
542 1246 55 24 had
610 1246 86 24 rolled
709 1245 103 24 further
826 1249 56 25 out,
897 1246 112 23 became

153 1293 64 31 long
227 1291 79 30 reefs,
315 1291 150 32 extending
473 1291 41 25 far
526 1290 58 26 into
597 1291 47 24 the
652 1296 93 23 water,
757 1290 54 24 and
820 1290 130 32 breaking
959 1290 25 24 in
995 1299 15 15 a

154 1342 77 28 great
241 1346 125 16 measure
375 1337 46 25 the
431 1336 72 26 force
514 1336 29 25 of
551 1337 46 24 the
607 1336 105 25 billows
721 1335 91 25 before
821 1335 63 33 they
894 1335 117 24 reached

154 1384 47 24 the
215 1384 89 24 shore.
342 1382 165 33 Vegetation
526 1390 61 16 now
601 1381 56 25 had
676 1380 66 26 time
756 1384 28 21 to
798 1389 81 16 cover
892 1380 47 24 the
951 1379 60 25 face

154 1428 29 25 of
194 1424 46 29 she
254 1428 76 25 ruins
343 1437 33 15 an
383 1428 15 24 d
417 1428 115 24 secured
551 1427 46 24 the
618 1426 106 24 surface
743 1425 29 25 of
789 1425 46 25 the
853 1426 75 31 slope
941 1424 69 25 from

154 1474 47 25 the
215 1473 94 25 effects
323 1473 29 25 of
363 1473 58 24 rain
436 1473 54 24 and
500 1472 67 25 frost
579 1481 4 20 ;
598 1471 81 26 while
691 1471 47 25 the
749 1470 108 33 springs
868 1470 143 32 gradually

154 1519 106 25 formed
290 1519 108 32 regular
430 1526 111 17 courses
571 1517 120 32 through
721 1516 47 24 the
798 1515 70 24 little
892 1514 119 32 winding

155 1565 105 32 valleys
285 1572 101 23 among
410 1563 47 25 the
489 1562 86 32 heaps
609 1561 29 25 of
664 1561 70 24 ruin.
784 1561 76 23 Thus
884 1568 56 16 was
966 1560 46 24 the

156 1609 158 26 Undercliff
328 1609 145 32 gradually
487 1607 119 32 brought
625 1611 28 20 to
673 1606 46 25 the
739 1610 71 21 state
829 1605 28 24 in
870 1605 90 25 which
973 1613 39 17 we

156 1664 62 15 now
238 1663 44 16 see
