1117 1922
123 169 31 23 42

364 169 57 16 THE
447 169 96 16 LOWER
563 169 178 16 GREENSAND.

121 241 29 25 of
169 241 47 25 the
235 245 87 21 strata
336 241 53 25 and
408 241 35 25 its
462 240 76 25 fossil
558 244 135 21 contents.
733 240 59 24 Red
810 239 174 33 ferruginous

122 286 114 25 nodules
260 285 55 26 line
338 285 48 26 the
411 286 88 28 shore,
526 285 55 25 and
606 294 46 16 are
677 285 151 24 continued
853 285 59 24 into
938 285 47 24 the

122 330 111 26 interior
253 330 30 26 of
301 331 47 25 the
371 330 111 26 Chines.
520 330 87 32 Many
625 329 31 25 of
671 330 48 25 the
741 329 91 25 fossils
852 338 46 16 are
921 338 63 16 con-

121 377 95 24 verted
229 376 58 25 into
300 376 99 33 pyritic
413 384 114 21 masses,
542 375 91 26 which
646 374 62 33 give
722 375 76 25 them
813 384 15 15 a
842 374 143 33 glittering

122 421 54 24 and
195 421 120 24 bronzed
334 429 181 24 appearance.
554 420 91 25 These
664 420 69 25 beds
752 428 46 16 are
818 419 167 26 subdivided

122 467 35 32 by
180 467 48 23 Dr.
252 466 95 24 Fitton
368 466 59 24 into
451 469 55 22 two
530 469 87 29 parts,
643 465 49 25 the
719 473 88 25 upper
832 465 153 33 consisting

120 511 30 25 of
169 520 15 16 a
205 512 94 24 brown
316 511 178 25 fossiliferous
514 511 62 33 clay
594 511 85 24 about
699 519 31 24 33
751 510 53 25 feet
824 510 87 29 thick,
929 511 55 24 and

120 557 47 25 the
192 557 81 25 lower
299 555 29 26 of
344 565 16 15 a
385 556 68 24 dark
477 555 128 33 greenish
631 555 76 29 mud,
734 555 78 29 sand,
835 555 55 25 and
913 556 71 33 clay,

122 603 84 24 about
220 611 32 23 24
265 601 62 25 feet.
365 601 60 25 The
443 601 54 25 bed
515 600 116 26 extends
651 600 69 26 from
740 601 47 25 the
801 601 81 25 shore
896 602 88 25 below

121 648 119 31 Walpen
255 647 87 24 Chine
355 650 29 21 to
399 647 125 24 Brown's
537 648 99 23 Down.
675 647 33 24 In
729 647 47 24 the
797 648 99 24 Lower
914 655 70 17 zone

118 701 46 15 are
176 702 5 14 :
184 708 31 2 —

577 754 131 32 Gryphæa
720 754 106 25 sinuata

576 787 91 30 Cones,
681 789 128 32 probably
823 789 27 24 of
863 789 44 25 the
919 790 62 32 pine

608 822 76 28 tribe,
717 823 64 24 with
814 826 81 22 stems
929 825 52 23 and

119 754 128 33 Panopæa
259 755 121 31 elongata

188 808 13 9 „
256 785 151 28 mandibula

119 823 157 25 Carbonised
307 823 135 32 vegetable
474 822 46 24 im-

152 858 129 31 pressions
298 857 139 32 (probably
450 857 70 23 ferns

151 892 52 23 and
218 892 112 30 grasses)

609 857 84 32 twigs,
716 858 54 23 also
802 858 73 24 wood
900 859 81 24 bored

609 892 34 30 by
663 892 89 23 teredo

164 960 63 25 And
245 959 27 26 in
291 960 47 25 the
359 960 96 31 Upper
466 969 5 15 :
475 975 33 3 —

118 1018 127 32 Panopæa
259 1018 151 23 mandibula

185 1070 15 11 ,,
259 1052 96 32 plicata

117 1085 100 24 Tellina
229 1085 135 33 inæqualis

116 1119 91 24 Venus
220 1120 127 24 vectensis
362 1120 112 32 (Parva)

117 1153 134 32 Scaphites
297 1154 74 32 gigas
418 1155 100 30 (Ancy--

184 1188 112 30 locerus)

115 1222 102 22 Nucula
299 1221 12 23 ?

572 1018 133 24 Isocardia
714 1019 196 26 Neocomiensis
920 1020 56 32 (qu.

640 1053 104 31 ornata)

572 1085 114 25 Corbula
699 1088 123 22 striatula

571 1119 74 26 Lima
658 1122 166 24 semisulcata

571 1153 131 34 Gryphæa
715 1157 105 23 sinuata

571 1189 83 24 Pinna
668 1190 176 24 Robinaldina

567 1223 166 25 Ammonites
769 1225 154 32 Deshayesii

603 1257 79 33 (very
701 1259 85 31 large)

114 1255 163 24 Ammonites
290 1257 107 22 Martini

442 1362 82 22 Eighth
539 1362 108 20 Division.

194 1428 98 25 Upper
311 1428 160 27 Crioceras
491 1430 101 25 Group
614 1433 47 31 (46
674 1431 53 26 feet
742 1440 14 17 2
771 1433 118 33 inches).

158 1505 68 26 This
250 1515 88 24 group
363 1507 23 25 is
410 1516 64 17 seen
499 1508 41 25 for
566 1517 76 17 some
668 1511 126 25 distance
820 1512 82 33 along
927 1513 48 25 the

112 1551 88 29 shore,
220 1555 58 21 east
298 1551 29 25 of
347 1552 121 33 Walpen
490 1554 97 28 Chine,
607 1555 91 25 which
721 1555 23 25 is
762 1558 112 24 crossed
894 1559 37 32 by
943 1558 31 33 it,

112 1605 30 16 as
162 1605 44 16 are
221 1597 56 24 also
293 1597 111 24 Ladder
423 1598 54 25 and
497 1599 101 25 Whale
617 1600 112 26 Chines.
769 1602 24 25 It
808 1603 121 26 consists
947 1604 30 26 of

112 1641 87 33 sandy
228 1642 123 29 nodules,
380 1643 153 25 embedded
564 1644 28 25 in
623 1646 77 29 sand,
727 1648 54 23 and
813 1649 162 34 containing

111 1686 127 29 Crioceras,
257 1687 175 29 Bowerbanhii,
458 1689 148 26 Ammonites
631 1692 116 27 Martini,
774 1693 122 26 Gervillia
916 1696 56 23 sole-
