1117 1922
477 146 145 17 APPENDIX.

928 144 49 26 217

122 214 82 25 chalk
227 220 27 20 at
275 217 139 25 Handfast
435 217 81 25 Point
535 217 66 25 with
619 217 61 25 that
699 217 30 24 of
745 218 81 24 Alum
841 218 68 32 Bay,
923 218 53 25 and

121 267 36 17 on
182 260 114 33 passing
321 261 47 25 the
391 261 81 25 Point
494 271 15 15 a
531 261 54 25 like
604 261 145 33 similarity
768 261 28 25 of
816 266 86 21 strata
921 272 55 16 was

122 310 134 26 apparent
277 305 122 25 between
419 306 61 24 that
498 305 31 25 of
545 306 134 32 Swanage
693 306 60 32 Bay
767 306 53 25 and
840 306 136 26 Sandown

122 349 68 33 Bay.
228 349 59 25 The
308 350 79 24 order
409 349 30 25 of
459 350 157 25 succession
638 350 23 25 is
680 350 135 33 precisely
827 350 47 25 the
893 360 83 20 same,

121 394 54 25 and
188 403 99 23 ranges
300 394 69 25 from
383 395 47 24 the
444 395 89 25 Chalk
547 399 28 21 to
588 396 47 24 the
648 396 100 24 Weald
763 396 77 31 Clay.

166 438 61 25 The
242 440 127 25 Purbeck
388 440 68 25 beds
475 440 101 24 extend
590 440 87 25 below
691 440 133 25 Durlston
842 441 68 32 Bay,
924 441 53 24 and

121 483 114 33 passing
248 485 89 24 round
350 488 29 21 to
389 485 48 24 the
450 489 66 20 west
530 484 56 25 still
599 485 82 24 lower
695 489 87 20 strata
793 494 46 15 are
849 486 128 31 exposed.

122 530 80 24 With
221 530 48 24 the
288 530 146 33 exception
447 530 28 24 of
492 530 47 24 the
554 530 136 33 Hastings
703 531 83 23 sands
799 530 30 25 of
845 531 132 32 Swanage

122 575 70 33 Bay,
211 578 29 21 to
261 574 90 25 which
371 575 83 24 series
478 584 15 15 a
515 575 109 33 portion
643 575 30 24 of
688 576 47 23 the
757 576 135 23 Wealden
911 576 66 24 beds

121 619 29 25 of
170 620 47 24 the
232 620 54 24 Isle
299 620 30 24 of
345 620 97 33 Wight
461 629 64 24 may
537 620 120 33 perhaps
677 620 33 25 be
724 620 127 29 referred,
865 620 76 25 there
955 620 22 25 is

122 673 35 16 no
171 664 158 32 equivalent
343 664 27 25 in
384 665 47 25 the
442 666 54 24 Isle
509 664 29 26 of
547 664 96 32 Wight
657 669 28 21 to
699 665 78 25 these
790 666 81 24 latter
882 669 95 22 strata.

168 709 81 26 With
259 710 98 31 regard
370 714 28 20 to
413 710 46 25 the
470 709 149 26 Tertiaries
630 710 29 25 of
670 710 46 25 the
730 711 127 24 Purbeck
871 710 107 26 district

122 755 66 33 they
201 763 55 22 are,
271 755 28 25 in
317 764 83 25 many
413 759 132 29 respects,
559 755 132 25 identical
710 756 66 24 with
795 756 79 24 those
888 756 29 24 of
933 757 45 24 the

123 801 54 24 Isle
190 800 30 25 of
231 800 106 33 Wight,
353 801 46 24 the
413 805 71 20 most
502 801 172 24 remarkable
688 801 80 32 being
782 802 46 23 the
841 801 137 34 pipe-day-

122 846 68 24 beds
212 845 30 25 of
262 846 47 24 the
330 846 124 32 Bagshot
478 846 91 28 series,
591 846 66 24 with
680 846 71 24 their
773 846 75 25 fossil
869 847 92 25 leaves
974 857 4 20 ;

122 891 66 32 they
202 900 46 16 are
262 895 28 21 to
304 892 33 25 be
351 891 84 25 found
450 896 27 21 at
492 891 81 26 Corse
587 901 30 15 as
631 896 27 21 at
674 892 216 25 Bournemouth.

170 937 31 24 In
224 938 63 31 1855
310 938 48 24 Dr.
374 937 173 25 Bowerbank
567 937 54 25 and
641 938 53 24 Mr.
709 937 152 25 Prestwich
883 939 98 31 placed

122 983 86 24 about
230 991 49 24 300
302 983 154 32 specimens
470 986 27 21 at
518 983 46 24 the
584 982 122 33 disposal
719 982 30 25 of
764 983 48 24 the
829 984 106 24 officers
955 983 27 25 of

123 1028 47 24 the
188 1027 160 33 Geological
367 1028 114 33 Survey,
502 1028 91 24 which
611 1028 119 24 resulted
750 1028 27 24 in
793 1028 47 24 the
859 1028 121 33 recogni-

122 1072 58 26 tion
203 1072 29 26 of
252 1080 32 25 50
307 1073 59 25 well
392 1072 204 25 characterised
619 1072 114 33 species,
757 1078 72 20 most
854 1072 30 26 of
906 1074 74 24 them

122 1118 133 25 referable
269 1122 29 20 to
316 1117 86 33 living
414 1126 110 24 genera.
563 1118 55 24 Out
638 1117 29 25 of
685 1126 31 16 22
737 1117 106 33 species
856 1118 83 25 found
953 1122 27 21 at

123 1163 220 29 Bournemouth,
371 1172 29 23 13
426 1172 47 16 are
497 1163 131 25 identical
652 1163 66 25 with
744 1164 79 24 those
848 1163 30 25 of
900 1164 81 24 Alum

123 1210 69 32 Bay,
216 1209 54 24 and
296 1208 69 25 after
395 1208 175 32 comparison
596 1208 66 25 witi
693 1208 117 32 tropical
836 1208 54 25 and
917 1209 62 24 sub-

122 1254 118 33 tropical
262 1253 77 29 flora,
359 1254 48 24 the
427 1253 161 25 conclusion
611 1249 108 28 arrived
742 1257 27 20 at
792 1261 57 17 was
870 1253 61 24 that
954 1256 28 21 at

123 1299 62 26 that
199 1299 97 33 period
315 1299 47 24 the
377 1299 54 24 Isle
449 1299 30 24 of
495 1299 97 32 Wight
613 1299 115 32 enjoyed
747 1307 16 15 a
782 1298 111 24 climate
908 1306 73 16 com-

122 1345 116 33 parable
251 1349 29 20 to
294 1344 137 25 Southern
448 1344 110 32 Europe
572 1348 27 20 at
614 1343 47 24 the
674 1347 110 28 present
798 1343 61 33 day.
891 1343 91 24 Those

124 1390 134 33 specially
268 1389 151 26 interested
430 1388 27 25 in
469 1389 46 24 the
529 1388 75 25 fossil
619 1389 101 32 botany
731 1388 30 25 of
770 1388 78 24 these
862 1387 120 33 deposits

123 1440 102 22 cannot
249 1436 34 24 do
303 1436 89 24 better
412 1435 67 24 than
499 1434 82 32 study
594 1434 47 24 the
660 1433 133 26 beautiful
815 1434 88 31 plates
922 1442 60 17 now

123 1481 83 33 being
228 1480 107 34 figured
354 1480 54 24 and
427 1479 145 24 descibed
591 1479 36 32 by
646 1479 52 24 Mr.
720 1477 108 26 Starkie
848 1478 134 32 Gardner,

124 1526 27 25 in
165 1526 47 26 the
226 1526 124 26 volumes
365 1525 27 25 of
404 1525 46 24 the
465 1525 27 23 P.
502 1523 250 31 lontographical
767 1522 119 32 Society.

170 1572 74 25 That
265 1571 47 25 the
326 1570 55 25 Isle
394 1569 30 25 of
435 1568 58 34 Wig
503 1569 30 24 ht
547 1569 50 24 has
612 1569 68 24 been
695 1567 145 32 separated
854 1567 68 25 from
937 1568 45 24 the

124 1616 141 26 mainland
280 1616 27 25 in
321 1614 171 33 comparativ
503 1614 36 33 ;ly
553 1616 92 21 recent
659 1612 81 25 times
754 1612 22 24 is
791 1612 109 24 evident
915 1612 67 24 from

123 1663 49 26 the
184 1670 169 18 occurrence
365 1660 30 25 of
411 1660 48 25 the
477 1668 12 16 r
503 1658 94 26 mains
611 1658 29 25 of
652 1658 152 31 elephants,
818 1661 63 25 etc.,
895 1658 28 24 in
937 1658 45 24 the
