1117 1922
470 126 144 15 APPENDIX.

924 126 47 23 215

112 193 48 25 the
173 193 56 26 fold
244 195 102 33 having
360 197 67 24 been
442 197 126 24 denuded
579 204 85 24 away.
702 196 59 24 The
771 196 108 32 highest
894 196 76 32 point

112 238 29 25 of
152 238 48 25 the
213 243 118 22 western
350 241 79 29 cliffs,
444 242 82 23 Alum
542 242 68 31 Bay,
625 241 22 24 is
667 249 49 24 400
730 240 52 25 feet
793 249 4 21 ;
819 241 27 24 in
860 242 109 28 Dorset,

111 283 48 25 the
173 283 138 26 headland
326 288 27 21 at
369 285 140 24 Handfast
524 285 81 24 Point
620 285 22 24 is
657 293 49 22 350
719 285 62 24 feet.

160 329 142 25 Evidence
321 330 29 24 of
368 331 48 23 the
435 334 108 20 eastern
565 330 143 24 extension
727 330 29 24 of
773 330 46 24 the
840 330 88 24 Chalk
946 330 23 24 is

112 374 121 24 afforded
254 374 27 24 in
303 375 46 24 the
373 375 54 24 Isle
444 375 30 24 of
502 375 127 24 Purbeck
653 375 35 33 by
709 375 47 24 the
782 375 138 24 existence
942 375 29 24 of

112 427 75 16 some
212 419 136 25 detached
373 428 105 16 masses
504 419 103 25 similar
632 424 28 20 to
686 419 59 25 The
771 419 127 29 Needles,
921 419 47 25 the

111 464 101 33 largest
239 464 54 25 and
317 469 71 20 most
412 464 155 33 prominent
591 464 29 25 of
638 464 91 25 which
749 464 71 25 have
842 464 126 25 received

111 510 47 24 the
172 519 94 15 names
280 509 29 25 of
352 510 54 24 Old
421 510 94 31 Harry
528 509 54 25 and
598 509 53 25 His

160 556 30 24 In
205 555 46 25 the
266 555 54 25 Isle
333 554 29 26 of
380 555 127 25 Purbeck
526 555 47 24 the
587 554 89 26 Chalk
695 554 23 25 is
737 553 121 26 overlain
873 563 34 16 on
921 554 46 25 the

112 601 130 24 northern
266 600 58 24 side
344 601 36 32 by
402 601 47 23 the
471 600 67 24 beds
561 599 29 25 of
610 600 46 24 the
676 600 98 24 Lower
794 600 52 24 and
863 600 104 24 Middle

113 646 120 27 Eocene,
256 646 55 24 and
333 646 46 24 the
401 645 161 24 formations
585 649 28 20 to
636 646 33 23 be
688 644 84 24 found
791 645 77 23 there
881 645 86 24 below

112 691 77 22 these
203 699 46 14 are
261 700 5 13 :
269 706 33 2 —

340 781 90 31 Upper
443 780 84 26 Chalk

341 815 90 24 Lower
445 815 82 24 Chalk

341 850 84 22 Chalk
438 849 68 23 Marl

340 883 91 32 Upper
445 883 151 25 Greensand

342 917 79 25 Gault

340 952 92 24 Lower
445 951 151 25 Greensand

339 986 94 24 Weald
448 986 63 30 Clay

341 1020 129 32 Hastings
486 1020 82 23 Sands

341 1054 119 22 Purbeck
476 1054 68 22 Beds

341 1088 126 24 Portland
482 1088 80 24 Stone
574 1088 52 23 and
641 1088 82 23 Sands

342 1122 182 31 Kinimeridge
537 1122 64 31 Clay

161 1237 43 24 On
228 1236 48 24 the
298 1238 108 21 eastern
428 1233 59 26 side
509 1232 29 26 of
557 1233 46 25 the
628 1233 53 24 Isle
700 1232 29 25 of
749 1231 97 33 Wight
867 1231 102 25 similar

114 1282 64 26 bold
203 1281 82 25 chalk
310 1280 78 28 cliffs,
411 1279 106 32 though
539 1278 30 25 of
591 1279 84 24 lesser
697 1277 103 32 height,
824 1286 45 15 are
890 1285 63 16 seen
964 1286 5 19 ;

114 1328 53 25 and
193 1326 70 26 their
289 1325 143 26 extension
463 1324 56 24 still
549 1324 104 24 further
683 1322 151 25 eastwards
858 1321 23 25 is
907 1331 65 23 very

114 1372 123 29 marked,
261 1370 149 33 especially
428 1369 80 25 when
528 1377 40 16 we
590 1369 63 23 look
672 1369 81 30 along
778 1367 46 24 the
846 1369 77 22 coast
945 1366 28 25 of

113 1419 48 25 the
173 1417 82 25 main!
270 1416 45 25 md
326 1415 54 25 and
390 1415 57 24 find
457 1414 47 25 the
515 1413 82 26 chalk
608 1413 150 33 appearing
769 1416 28 20 at
809 1412 161 29 Shoreham,

114 1472 76 15 some
204 1462 46 25 mil
272 1470 10 16 s
296 1461 113 25 distant.

161 1509 105 27 Hence,
281 1515 41 17 we
341 1514 52 16 can
411 1505 98 32 regard
528 1505 47 24 the
592 1503 82 25 chalk
696 1502 89 33 ridges
799 1502 29 24 of
845 1502 125 24 Purbeck

114 1556 54 24 and
190 1555 48 24 the
261 1553 55 25 Isle
338 1551 29 26 of
382 1551 99 32 Wight
504 1558 30 16 as
557 1549 82 31 being
657 1548 47 25 the
724 1547 130 25 southern
873 1546 97 25 border

114 1601 29 25 of
162 1601 48 24 the
232 1598 128 32 Tertiary
382 1596 177 25 Formations
578 1594 29 24 of
625 1594 47 24 the
692 1592 170 32 Hampshire
876 1591 94 29 Basin,

114 1645 92 27 which
232 1645 28 25 in
284 1644 48 26 the
356 1646 109 22 eastern
491 1640 134 26 direction
647 1647 89 16 seems
760 1642 28 21 to
810 1638 70 24 have
902 1638 68 24 been
