1117 1922
181 187 2 2 16

413 171 137 18 WEALDEN
578 169 169 20 FORMATION,

150 244 154 34 prevailing
322 243 187 34 atmospheric
529 242 142 26 condition
691 240 30 26 of
736 240 49 25 the
803 241 128 29 country,
945 235 71 26 from

149 290 48 25 the
221 290 152 25 undulated
398 289 122 25 surfaces
545 288 30 25 of
597 288 48 25 the
669 284 154 27 laminated
848 283 169 25 sandstones

151 335 54 25 and
219 335 100 29 shales,
333 335 55 25 and
407 334 70 26 from
496 334 47 25 the
561 337 86 21 stems
660 332 31 25 of
706 332 48 24 the
773 329 77 26 fossil
862 333 83 21 trees.
984 328 33 23 In

150 381 49 24 the
217 380 100 25 former
336 389 41 16 we
396 380 72 25 have
487 378 82 34 proof
584 378 71 29 that,
673 377 81 25 when
772 375 48 25 the
839 373 66 26 land
923 372 31 26 of
969 372 49 26 the

152 426 163 32 Iguanodon
345 425 116 29 existed,
487 425 48 24 the
564 427 87 22 water
680 431 57 17 was
766 420 110 34 rippled
908 420 37 32 by
969 418 49 26 the

150 472 113 24 breezes
284 470 92 26 which
394 471 76 28 then,
491 478 30 16 as
546 478 70 20 now,
636 467 96 27 varied
757 466 28 26 in
810 465 135 34 intensity
962 464 56 25 and

150 516 138 24 direction
308 515 27 24 in
358 524 16 15 a
393 514 72 26 brief
487 523 84 24 space
583 522 6 21 ;
612 514 70 24 from
702 513 49 25 the
772 512 83 25 latter
875 519 42 17 we
941 510 77 25 learn

150 561 62 25 that
238 560 28 25 in
285 560 106 25 certain
409 560 149 25 situations
576 560 49 24 the
643 558 75 26 wind
740 558 72 24 blew
829 556 72 26 from
920 565 16 16 a
955 564 62 24 par-

151 605 101 26 ticular
271 609 112 29 quarter
402 604 40 26 for
463 614 16 15 a
498 608 77 29 great
594 608 64 29 part
677 603 30 25 of
722 603 49 25 the
789 610 75 26 year,
883 601 55 25 and
956 601 62 25 that

151 650 48 26 the
221 659 80 16 mean
324 650 102 25 annual
451 653 189 28 temperature
659 657 58 17 was
738 657 31 16 as
790 647 126 26 variable
938 655 31 16 as
990 646 28 25 in

153 696 114 23 modern
286 695 90 24 times.

230 740 26 25 If
271 749 42 17 we
330 744 118 29 attempt
468 744 29 21 to
509 743 115 30 portray
640 739 48 25 the
705 738 178 26 vertebrated
902 738 118 26 animals

153 786 30 26 of
199 786 61 26 that
281 786 139 26 unknown
438 790 126 29 country,
579 793 51 17 our
648 784 171 33 description
832 784 56 25 will
903 784 117 33 partake

155 840 75 17 more
249 831 30 26 of
294 831 49 26 the
361 831 146 25 character
526 830 31 25 of
579 839 16 16 a
614 839 131 16 romance
767 830 30 25 of
818 830 49 25 the
890 829 130 26 fabulous

154 886 74 24 ages,
242 876 69 26 than
330 876 30 26 of
379 885 16 16 a
416 875 154 34 legitimate
589 875 151 26 deduction
759 875 70 25 from
849 875 171 25 established

154 922 79 25 facts.
271 922 112 24 Turtles
402 921 29 25 of
448 921 112 25 various
579 921 82 25 kinds
680 925 74 21 must
774 921 72 25 have
865 921 70 25 been
955 930 65 16 seen

155 977 35 17 on
203 968 48 25 the
264 968 89 25 banks
366 968 55 25 and
440 967 28 25 in
487 967 48 25 the
547 971 101 22 waters
662 966 30 26 of
708 966 36 26 its
763 966 87 26 rivers
866 967 55 24 and
934 967 85 29 lakes,

155 1013 56 25 and
238 1022 103 24 groups
369 1013 29 24 of
423 1021 147 16 enormous
597 1012 154 25 crocodiles
779 1011 119 34 basking
928 1012 29 24 in
984 1011 38 26 its

155 1059 60 25 fens
239 1058 55 26 and
320 1058 133 25 marshes.
498 1057 60 26 The
584 1057 118 26 colossal
730 1058 211 32 Megalosaurus
967 1057 54 26 and

157 1106 209 28 Pelorosaurus,
384 1104 54 25 and
458 1107 45 30 yet
523 1112 76 17 more
618 1104 167 25 marvellous
807 1103 171 33 Iguanodon,
992 1107 30 22 to

155 1151 92 26 whom
266 1151 48 24 the
332 1158 99 25 groves
450 1150 31 24 of
499 1149 158 25 clathrariæ
677 1149 55 25 and
752 1150 177 24 arborescent
948 1149 74 25 ferns

156 1196 91 26 would
260 1196 35 25 be
312 1204 75 16 mere
405 1195 69 25 beds
493 1195 30 25 of
538 1195 89 29 reeds,
641 1199 74 21 must
735 1195 72 25 have
823 1195 70 25 been
906 1195 30 25 of
952 1195 70 25 such

155 1240 160 34 prodigious
329 1239 169 34 magnitude,
513 1240 61 25 that
588 1240 48 25 the
648 1239 120 33 existing
782 1239 103 26 animal
898 1239 124 26 creation

155 1290 127 29 presents
295 1295 32 16 us
340 1286 67 25 with
420 1294 36 17 no
470 1286 30 25 fit
514 1287 109 31 objects
636 1286 31 25 of
677 1286 186 32 comparison.
897 1286 125 33 Imagine

156 1341 36 16 an
211 1332 103 24 animal
332 1331 30 25 of
381 1332 48 24 the
448 1331 87 25 lizard
553 1331 81 30 tribe,
657 1332 78 25 three
754 1340 31 17 or
805 1332 61 25 four
884 1332 83 26 times
991 1341 32 17 as

155 1377 77 33 large
256 1386 32 16 as
311 1377 49 25 the
383 1377 104 33 largest
517 1377 138 33 alligator,
680 1377 69 27 with
771 1378 70 32 jaws
867 1378 55 26 and
946 1378 76 26 teeth

156 1423 83 32 equal
264 1422 28 25 in
317 1422 56 25 size
398 1426 29 22 to
452 1423 80 25 those
557 1422 30 26 of
608 1423 49 26 the
681 1423 171 31 rhinoceros,
876 1425 55 24 and
956 1424 68 26 with

156 1468 59 32 legs
238 1476 30 16 as
290 1467 121 26 massive
430 1467 29 26 in
477 1468 72 25 their
571 1469 179 32 proportions
772 1478 31 17 as
822 1470 48 25 the
891 1470 84 26 limbs
996 1470 30 25 of

157 1513 48 24 the
226 1513 130 32 elephant
357 1528 36 4 —
393 1513 70 24 such
488 1521 16 17 a
529 1518 127 20 creature
681 1518 76 21 must
782 1515 73 26 have
880 1516 70 25 been
976 1515 47 26 the

159 1558 170 31 Iguanodon.

227 1603 84 24 From
324 1603 74 25 what
417 1603 52 25 has
487 1603 71 25 been
577 1604 145 25 advanced
741 1604 21 26 it
782 1609 75 21 must
875 1610 59 26 not,
949 1607 73 26 how-

159 1656 73 21 ever,
246 1648 34 25 be
299 1648 139 33 supposed
458 1648 62 25 that
540 1649 48 25 the
608 1653 118 29 country
745 1649 29 25 of
791 1650 48 25 the
860 1651 163 32 Iguanodon

160 1692 134 33 occupied
314 1692 47 25 the
382 1692 51 26 site
453 1693 30 25 of
504 1693 48 25 the
572 1694 156 25 south-east
752 1694 31 25 of
806 1696 139 32 England,
968 1699 55 26 and
