1117 1922
493 160 165 16 ADDENDUM.

953 160 46 15 221

145 226 82 32 river,
241 229 54 25 and
309 229 27 25 in
355 231 47 24 the
418 231 132 28 marshes,
564 231 48 24 the
625 231 165 33 Equisetum
804 231 53 25 and
871 231 92 33 plants
976 231 29 25 of

145 281 16 17 a
174 273 54 25 like
242 278 97 21 nature
353 283 73 22 grew
439 276 54 24 and
506 275 158 25 flourished.

192 319 56 24 But
264 319 20 25 it
304 320 23 24 is
345 320 48 24 the
411 320 116 24 animals
546 320 30 24 of
592 320 55 24 this
666 320 95 32 period
780 320 60 25 that
854 329 75 16 more
942 329 60 24 par-

144 364 130 33 ticularly
294 364 90 25 excite
403 373 50 16 our
473 364 111 26 wonder
604 364 54 25 and
679 364 122 26 interest.
847 365 156 33 Beginning

144 408 67 26 with
228 409 48 25 the
297 410 96 24 lowest
412 409 93 29 forms,
528 419 41 16 we
590 409 57 25 find
668 409 27 25 in
715 409 104 26 certain
839 411 90 25 shales
950 411 53 25 and

145 455 75 33 clays
233 455 154 25 thousands
401 464 74 23 upon
488 455 154 25 thousands
655 455 30 25 of
697 455 105 25 minute
815 459 186 26 crustaceans,

144 501 47 24 the
215 500 71 25 little
308 500 129 25 bivalved
461 500 69 24 form
552 500 99 25 known
674 508 29 16 as
730 500 145 33 Cypridea.
913 501 90 24 There

145 555 46 16 are
205 555 83 24 many
300 546 115 32 species,
431 546 53 24 and
504 545 27 25 in
551 554 75 16 some
645 545 135 25 localities
800 545 70 25 their
883 546 119 25 remains

145 600 46 16 are
205 600 29 16 so
249 591 125 33 plentiful
388 600 30 15 as
437 595 28 21 to
485 600 82 15 cause
581 591 46 24 the
642 591 79 24 rocks

145 636 27 25 in
185 635 91 27 which
289 636 66 33 they
369 645 46 16 are
428 635 153 26 embedded
594 640 28 20 to
636 635 65 33 split
712 645 37 23 up
763 635 57 25 into
830 635 60 25 thin
904 636 97 33 layers,

144 682 65 24 thus
222 681 94 33 giving
326 682 75 24 them
412 681 47 25 the
469 690 89 16 name.
596 680 168 33 Shepherd's
776 680 96 30 Chine,
885 680 116 26 Brixton

145 728 69 33 Bay,
229 727 54 25 and
298 727 138 25 Sandown
447 728 60 32 Bay
517 726 54 26 will
581 726 72 34 yield
662 727 46 24 the
719 727 130 24 collector
860 727 142 25 abundant

145 773 149 31 examples.

191 818 60 25 The
272 818 133 25 mollusca
425 827 46 16 are
489 817 176 33 represented
679 817 27 25 in
725 817 47 25 the
785 817 136 25 Wealden
934 817 69 25 beds

145 865 37 33 by
193 864 133 29 Paludina,
339 864 146 29 Potamides,
500 863 53 25 and
572 863 79 25 other
669 862 152 30 univalves,
836 862 54 25 and
904 871 100 24 among

145 909 47 25 the
205 909 124 25 bivalves
344 917 45 16 are
406 909 63 25 Unio
484 909 53 24 and
552 909 101 32 Cyrena.
693 909 32 24 In
738 917 82 24 many
834 916 78 17 cases
925 908 78 25 these

145 955 83 24 shells
243 955 70 24 exist
333 954 26 25 in
380 958 76 29 great
479 963 113 20 masses,
616 954 53 24 and
691 955 66 24 bear
779 953 111 25 witness
907 957 29 21 to
956 954 47 24 the

145 999 122 33 flooding
280 999 30 26 of
328 999 48 26 the
394 1003 101 22 stream
515 999 67 25 with
602 999 104 33 muddy
719 1002 108 25 matter,
842 999 54 24 and
909 1002 28 22 to
957 999 47 24 the

145 1044 89 25 minor
256 1044 193 26 disturbances
471 1045 26 24 of
521 1044 48 25 the
592 1048 77 28 great
695 1043 80 30 river,
797 1043 91 27 which
913 1044 91 25 would

145 1090 66 25 tend
233 1094 28 21 to
285 1090 108 25 confine
412 1090 47 25 the
480 1090 83 25 shells
582 1093 29 22 to
633 1089 104 26 certain
760 1094 86 28 spots,
861 1089 54 25 and
934 1090 71 32 bury

145 1135 76 25 them
247 1135 142 33 suddenly.
427 1135 38 25 Of
487 1135 46 24 the
555 1134 140 25 existence
714 1134 30 25 of
766 1134 83 25 fishes
868 1143 40 16 we
933 1134 71 25 have

146 1181 142 25 abundant
302 1180 101 33 proofs,
418 1181 54 24 and
493 1189 41 16 we
554 1180 58 24 also
631 1180 80 24 know
730 1179 61 25 that
810 1179 65 33 they
888 1187 70 16 were
977 1178 28 25 of

145 1226 75 33 large
233 1226 64 24 size.
334 1226 131 33 Lepidotus
483 1226 51 24 has
553 1225 47 25 left
620 1225 35 24 its
670 1228 91 21 traces
775 1225 35 23 all
824 1224 119 31 through
957 1224 47 24 the

146 1271 93 29 series,
253 1270 54 26 and
321 1270 34 25 its
369 1270 231 33 lozenge-shaped
614 1270 88 24 scales
715 1277 46 16 are
774 1268 74 25 often
862 1271 55 21 met
928 1267 75 25 with.

145 1316 127 33 Hybodus,
286 1315 67 26 with
366 1315 36 25 its
415 1314 150 26 shark-like
578 1314 75 25 teeth
669 1314 53 25 and
736 1318 95 28 strong
845 1312 86 33 spine,
945 1312 59 24 also

145 1369 108 21 occurs,
273 1360 54 26 and
352 1364 74 21 must
451 1360 71 25 have
548 1360 68 25 been
642 1368 15 16 a
681 1362 93 29 tyrant
800 1361 29 21 to
853 1358 48 24 the
925 1357 78 24 other

146 1406 173 24 inhabitants
332 1405 29 25 of
377 1405 47 25 the
437 1408 108 22 waters.

194 1452 124 33 Reptiles
338 1460 74 16 seem
432 1455 29 20 to
482 1451 70 23 have
572 1449 85 25 found
676 1449 48 25 the
744 1446 155 27 conditions
916 1446 29 25 of
961 1446 45 25 life

146 1496 150 34 especially
308 1496 161 25 favourable
480 1504 4 20 ;
499 1495 48 24 the
556 1498 101 21 waters
670 1492 135 26 swarmed
818 1491 67 26 with
898 1492 107 28 turtles,

146 1542 92 26 whilst
264 1540 151 27 crocodiles
442 1548 103 24 appear
576 1543 28 20 to
635 1539 71 23 have
736 1536 107 26 existed
868 1536 25 25 in
925 1536 81 32 equal

146 1587 141 25 numbers.
325 1585 60 25 The
399 1584 204 33 Pterodactyle,
618 1591 29 16 or
661 1582 84 33 flying
758 1580 105 33 reptile,
879 1580 127 26 survived

146 1632 121 32 through
287 1631 46 25 the
346 1629 124 35 Jurassic
483 1629 104 33 period,
603 1628 53 24 and
675 1626 113 33 passing
802 1625 72 32 right
888 1625 119 32 through

147 1678 48 27 the
220 1676 146 29 Wealden,
393 1674 94 33 finally
511 1673 63 25 died
605 1675 48 22 out
684 1671 27 25 in
736 1670 48 26 the
809 1670 98 29 Chalk,
932 1678 75 17 some
