1117 1922
155 179 45 31 148

450 184 138 18 TERTIARY
608 184 106 18 SERIES.

199 258 59 25 The
285 257 160 25 Limestone
474 257 27 25 in
527 256 158 25 Whitecliff
708 257 60 32 Bay
793 255 84 24 forms
908 263 16 16 a
953 262 61 17 con-

154 304 131 32 spicuous
307 303 54 25 and
386 302 227 32 well-developed
636 302 122 25 member
781 301 29 25 of
832 301 48 25 the
905 301 111 24 Eocene

155 352 96 22 strata.
291 349 23 24 It
330 347 67 26 rises
411 347 68 26 from
494 348 46 25 the
555 347 80 25 shore
648 346 58 26 into
724 355 15 16 a
754 345 59 26 cliff
827 345 67 26 with
909 354 15 16 a
937 345 79 33 rapid

156 393 54 25 and
230 393 105 24 sudden
358 401 93 20 curve,
465 392 118 32 forming
605 392 27 25 in
654 395 77 29 great
754 395 61 29 part
838 391 47 26 the
904 390 67 26 floor
990 390 28 26 of

156 439 47 24 the
218 439 60 32 Bay
291 439 122 24 between
428 438 19 24 it
462 438 55 24 and
535 437 137 24 Foreland
693 436 81 25 Point
787 445 5 21 ;
812 436 20 25 it
853 436 164 25 constitutes

157 484 47 25 the
229 483 57 25 reef
308 483 30 25 of
359 484 81 24 rocks
465 484 99 24 known
590 491 31 16 as
647 482 168 33 Bembridge
841 482 103 32 Ledge,
969 482 47 25 the

158 528 146 33 extremity
317 528 29 25 of
363 528 90 25 which
467 528 116 25 extends
601 527 41 26 far
661 531 47 21 out
728 531 28 21 to
777 535 55 21 sea,
846 527 54 25 and
914 535 34 17 on
962 526 54 26 this

158 583 16 16 a
199 573 69 33 light
291 573 71 33 ship,
388 573 99 25 known
509 582 30 16 as
561 573 48 25 the
632 573 64 25 Nab
717 572 78 33 light,
821 572 23 25 is
870 572 145 25 stationed.

158 618 60 26 The
238 627 110 24 creamy
368 618 148 25 whiteness
537 618 54 25 and
614 619 113 31 angular
748 617 119 26 fracture
888 617 31 26 of
939 617 77 26 these

157 663 68 25 beds
238 663 80 25 make
332 664 75 24 them
428 663 184 33 conspicuous
633 671 100 24 among
751 663 47 25 the
817 662 199 33 neighbouring

156 713 96 25 strata,
266 717 69 16 even
354 712 27 21 at
402 717 15 16 a
438 709 133 24 distance.
609 709 60 24 The
688 709 59 24 four
766 717 102 25 groups
886 709 70 25 have
969 709 46 25 the

154 754 138 31 following
313 754 210 25 characteristic
546 754 176 26 distinctions
735 764 4 15 :
743 770 34 3 —

153 820 83 30 Group
258 827 20 16 1.

258 865 87 24 Marls
356 864 54 24 and
420 864 76 31 clays
506 864 66 25 with
582 865 109 24 Melania
705 865 166 29 turritissima,
882 865 130 26 Cerithium

222 910 112 25 mutabile
348 909 53 25 and
417 910 94 31 Cyrena
523 909 111 32 pulchra.

154 988 82 31 Group
257 995 22 16 2.

258 1032 83 32 Clays
356 1030 53 26 and
424 1030 87 26 Marls
524 1030 67 26 with
606 1030 84 26 bones
705 1030 28 25 of
749 1031 82 25 turtle

154 1099 82 31 Group
257 1107 22 23 3.

258 1144 60 24 The
338 1145 69 23 least
430 1143 27 25 in
479 1147 104 26 extent,
597 1144 49 24 but
669 1143 151 33 important
843 1152 30 16 as
893 1144 118 33 shewing

222 1190 47 24 the
290 1189 111 26 evident
423 1190 87 24 influx
530 1190 30 24 of
578 1190 51 24 salt
652 1194 85 20 water
760 1190 99 32 during
877 1190 35 25 its
931 1190 80 33 depo-

223 1234 91 29 sition,
338 1244 30 15 as
390 1234 95 26 traced
506 1235 35 33 by
561 1234 47 25 the
631 1239 91 29 oyster
745 1234 54 26 and
820 1234 104 26 marine
946 1235 65 25 shell

222 1279 128 25 remains.
399 1280 24 24 It
444 1279 84 25 forms
551 1288 16 17 a
589 1288 107 17 narrow
722 1279 73 25 band
820 1280 122 25 between
967 1280 44 25 the

221 1325 84 25 marls
326 1325 53 25 and
401 1325 168 29 limestones,
584 1325 55 25 and
659 1334 51 16 can
731 1326 33 24 be
786 1326 60 24 best
869 1325 142 25 examined

222 1370 27 25 in
263 1370 157 25 Whitecliff
436 1371 60 32 Bay
510 1370 53 25 and
583 1370 88 25 below
691 1370 40 25 St.
749 1370 122 25 Helen's.
910 1371 25 25 It
954 1371 57 25 also

221 1423 97 17 occurs
332 1423 35 16 on
380 1415 47 24 the
441 1415 81 24 shore
535 1419 27 21 at
578 1416 175 30 Hempstead
766 1416 55 24 and
835 1416 147 25 Thorness.

152 1482 83 30 Group
255 1490 22 22 4.

256 1526 158 32 Comprises
436 1527 48 24 the
505 1532 160 27 uppermost
685 1527 146 25 limestone
848 1527 29 26 of
896 1528 118 26 Headon

221 1571 69 28 Hill,
316 1571 116 29 Sconce,
468 1572 176 32 Hempstead
677 1573 104 32 Ledge,
812 1574 107 25 Gurnet
945 1574 68 33 Bay,

221 1615 106 29 Cowes,
354 1615 144 30 Binstead,
525 1617 130 32 Dodpits,
683 1618 53 25 and
771 1619 123 24 between
928 1619 86 34 Stony

221 1660 83 24 Cross
333 1660 54 25 and
418 1661 85 25 Place
533 1670 35 16 on
599 1662 47 25 the
674 1667 117 20 western
820 1668 62 29 part
910 1665 30 24 of
968 1665 46 25 the

219 1704 103 29 Island,
342 1705 54 25 and
418 1706 166 31 Bembridge
604 1715 35 16 on
659 1707 46 24 the
725 1713 118 21 eastern.
