1117 1922
371 184 43 16 ITS
440 184 73 16 LAND
538 184 56 16 AND
620 184 131 16 CLIMATE.

959 186 27 23 15

130 253 124 26 remarks
267 262 36 17 on
322 255 48 24 the
387 255 126 34 physical
532 256 167 33 geography,
714 256 53 25 and
786 256 47 26 the
851 261 98 21 nature
961 257 30 26 of

131 298 47 25 the
199 298 84 26 fauna
305 300 55 25 and
380 300 77 30 flora,
477 300 30 25 of
522 301 47 24 the
591 305 116 29 country
725 301 142 26 inhabited
886 302 36 32 by
940 302 48 25 the

132 344 171 33 stupendous
316 345 120 32 reptiles,
451 345 93 26 whose
563 345 76 26 fossil
657 346 119 25 remains
793 346 71 26 have
882 355 29 17 so
924 347 64 32 long

131 389 124 31 engaged
274 398 50 16 our
343 389 146 26 attention.

205 435 85 25 From
312 435 47 25 the
379 438 98 22 nature
498 435 30 25 of
543 436 48 24 the
611 435 112 26 alluvial
741 436 149 24 sediments
908 444 80 16 accu-

132 481 123 24 mulated
269 480 28 25 in
309 481 48 24 the
375 481 78 32 lapse
470 481 29 24 of
515 481 189 25 innumerable
723 490 64 24 ages
800 482 27 23 in
840 482 47 24 the
900 481 88 25 deltas

132 525 55 24 and
205 525 143 29 estuaries,
371 525 92 26 which
484 534 62 17 now
567 526 150 25 constitute
742 535 15 15 a
778 530 78 29 great
878 529 61 29 part
961 526 29 24 of

132 569 47 25 the
193 578 64 16 area
270 570 30 24 of
309 570 48 25 the
370 570 155 25 south-east
539 570 30 25 of
584 570 137 33 England,
735 570 54 25 and
802 570 30 25 of
847 570 47 25 the
906 570 82 25 north

132 615 30 24 of
182 615 150 33 Germany,
353 624 17 15 a
391 615 110 33 general
520 615 62 25 idea
604 624 64 24 may
687 615 34 25 be
742 615 130 25 obtained
894 615 29 25 of
941 615 47 25 the

132 663 96 29 aspect
246 659 30 25 of
291 660 47 24 the
357 664 117 29 country
486 659 119 33 through
618 659 91 26 which
727 660 47 25 the
793 659 70 26 river
880 659 106 31 flowed,

133 705 55 25 and
206 705 48 25 the
273 705 144 25 character
436 704 29 26 of
480 704 48 26 the
545 704 156 33 superficial
720 708 86 22 strata
818 714 6 16 :
845 705 53 25 and
916 704 70 26 from

132 750 49 25 the
199 750 77 25 fossil
300 749 120 26 remains
445 758 41 17 we
510 758 64 25 may
597 750 76 25 learn
698 750 47 25 the
769 753 98 22 nature
890 750 30 25 of
941 750 47 25 the

132 798 73 21 trees
230 795 54 24 and
306 795 92 32 plants
423 794 90 25 which
539 794 110 25 clothed
673 794 37 25 its
734 794 59 29 soil,
815 794 53 25 and
889 794 31 25 of
940 794 48 25 the

132 840 118 25 animals
269 840 61 25 that
352 839 112 25 roamed
486 847 66 17 over
573 839 47 24 the
638 839 74 29 land,
731 846 31 17 or
780 838 142 25 inhabited
940 838 48 25 the

132 888 110 22 waters.

344 929 62 25 that
417 932 117 30 country
541 936 71 17 were
623 937 34 15 an
669 928 95 25 Island
774 936 30 16 or
814 936 16 16 a
839 928 148 25 Continent

131 979 101 21 cannot
253 975 34 25 be
305 973 171 26 determined
486 982 5 21 ;
513 974 49 24 but
581 973 61 26 that
662 973 20 25 it
701 982 57 17 was
777 973 156 25 diversified
951 973 37 33 by

130 1019 63 26 hills
213 1019 55 25 and
288 1019 113 33 valleys,
415 1018 54 25 and
486 1018 132 33 irrigated
635 1018 36 33 by
685 1022 115 21 streams
819 1018 53 25 and
891 1018 95 29 rivers,

130 1065 55 24 and
202 1064 116 33 enjoyed
342 1073 16 16 a
380 1063 111 26 climate
513 1062 30 26 of
562 1072 16 15 a
597 1062 96 33 higher
713 1067 185 28 temperature
919 1063 68 25 than

130 1119 54 25 any
193 1114 62 29 part
267 1109 30 25 of
307 1110 114 24 modern
432 1110 121 31 Europe,
564 1108 24 25 is
598 1112 72 22 most
681 1108 117 26 evident.
827 1108 161 26 Coniferous

129 1159 72 22 trees
215 1155 28 24 in
256 1156 36 23 all
305 1154 170 33 probability
485 1153 111 25 clothed
606 1153 35 25 its
652 1153 91 32 alpine
753 1152 108 33 regions
868 1162 5 21 ;
887 1154 98 31 palms,

129 1201 178 25 arborescent
331 1200 83 28 ferns,
436 1199 54 24 and
515 1199 154 33 cycadeous
695 1199 100 31 plants,
818 1198 168 24 constituted

128 1246 48 26 the
194 1254 99 23 groves
311 1244 54 25 and
386 1244 99 25 forests
504 1243 30 25 of
552 1243 36 24 its
609 1243 90 32 plains
718 1243 55 24 and
791 1243 103 33 valleys
907 1251 4 21 ;
933 1243 53 24 and

127 1291 28 25 in
173 1291 37 25 its
227 1290 60 26 fens
306 1289 55 26 and
375 1289 124 25 marshes
512 1288 47 26 the
576 1288 191 33 equisetaceæ,
782 1288 53 24 and
849 1288 91 32 plants
960 1287 28 25 of

128 1345 15 16 a
156 1336 55 25 like
230 1339 107 26 nature,
351 1333 150 34 prevailed.
539 1333 73 25 That
631 1332 48 25 the
692 1332 50 25 soil
755 1341 57 16 was
824 1332 30 24 of
870 1341 16 15 a
900 1332 86 33 sandy

127 1382 146 24 character
286 1388 35 17 on
335 1380 47 24 the
399 1378 64 26 hills
482 1378 54 25 and
556 1377 125 26 elevated
694 1377 129 33 grounds,
839 1377 53 24 and
906 1376 78 32 argil-

127 1427 112 25 laceous
261 1425 28 25 in
310 1425 49 24 the
378 1423 91 34 plains
494 1423 54 25 and
573 1422 133 29 marshes,
727 1431 64 23 may
810 1422 34 25 be
868 1421 117 25 inferred

127 1471 69 26 from
226 1471 50 25 the
299 1470 146 33 vegetable
475 1467 129 30 remains,
630 1467 55 25 and
715 1466 47 26 the
792 1465 139 26 materials
955 1465 28 26 in

127 1516 91 27 which
239 1516 67 33 they
327 1523 47 17 are
400 1513 157 26 imbedded.
603 1512 91 25 Sands
718 1511 55 26 and
795 1511 75 33 clays
892 1520 91 24 every-

127 1563 90 25 where
230 1560 106 34 prevail
355 1559 170 33 throughout
545 1558 47 25 the
605 1557 136 25 Wealden
761 1556 155 30 formation,
929 1555 54 26 and

127 1607 71 26 have
221 1606 138 33 probably
382 1603 122 26 resulted
535 1603 68 24 from
632 1602 47 25 the
709 1600 218 33 decomposition
957 1600 30 25 of

126 1653 157 25 micaceous
303 1651 55 25 and
375 1648 147 33 felspathic
541 1648 89 25 rocks.

200 1698 84 26 Some
309 1696 152 25 inferences
480 1694 58 25 also
557 1702 64 23 may
645 1692 34 26 be
707 1692 94 25 drawn
828 1700 32 16 as
883 1695 29 21 to
936 1691 47 25 the
