1117 1922
465 158 167 15 ADDENDUM.

930 157 47 23 223

119 226 114 25 severed
246 226 69 26 from
331 227 47 25 the
400 228 83 24 trunk
503 227 92 25 before
614 227 47 25 the
681 226 194 26 solidification
888 226 30 26 of
933 227 46 25 the

119 270 84 25 sands
218 271 54 25 and
293 271 80 25 muds
394 271 90 25 which
506 271 148 25 entombed
675 271 28 25 it.
743 272 31 23 In
796 271 46 25 the
864 271 115 32 English

119 316 138 24 Wealden
270 316 79 24 these
366 316 88 24 whole
468 315 154 32 specimens
638 323 44 17 are
696 324 69 19 rare,
781 316 108 32 and^we
906 319 73 21 must

118 364 65 20 turn
197 368 50 16 our
258 360 137 24 attention
408 364 28 20 to
450 361 47 23 the
509 360 107 24 Liassic
630 361 91 24 Rocks
736 360 21 24 if
767 369 40 16 we
816 361 68 24 wish
894 364 28 21 to
934 369 45 16 see

118 405 104 31 perfect
236 406 142 30 examples
391 405 29 23 of
431 405 74 24 fossil
520 405 120 31 reptiles.

163 450 131 25 Remains
304 450 30 24 of
341 450 85 28 birds,
437 458 30 16 or
478 450 29 24 of
513 450 153 28 mammals,
677 450 70 25 have
758 454 46 20 not
816 458 30 16 as
856 454 44 29 yet
911 450 68 24 been

119 496 83 25 found
216 496 27 24 in
262 497 48 23 the
324 495 137 24 Wealden
472 504 4 15 :
497 495 49 24 but
565 504 29 15 as
608 503 41 16 we
661 495 81 25 know
755 495 65 33 they
833 495 106 24 existed
953 495 26 24 fn

118 541 122 35 Jurassic
254 540 91 29 times,
359 540 28 25 in
406 549 15 16 a
441 539 130 25 modified
589 539 79 29 form,
682 549 41 16 we
741 549 63 23 may
818 544 97 28 expect
930 548 49 16 our

119 587 98 24 search
230 590 29 21 to
273 587 34 24 be
321 594 75 16 some
410 585 54 32 day
477 584 150 26 rewarded.

166 632 84 23 From
262 631 75 25 what
356 630 50 25 has
426 631 68 24 been
515 629 90 26 stated
625 630 96 28 above,
738 629 47 25 the
798 633 61 21 vast
879 628 99 33 impor-

119 681 81 21 tance
213 677 29 24 of
260 676 55 25 this
334 676 137 24 Wealden
491 674 83 25 series
588 674 54 25 will
661 675 33 24 be
714 678 144 29 apparent,
872 674 53 25 and
939 682 39 17 we

119 732 52 16 can
193 731 80 24 carry
294 730 49 17 our
365 721 134 33 thoughts
519 721 71 25 back
613 724 28 21 to
666 721 47 24 the
740 720 66 25 time
832 720 78 25 when
932 720 46 25 the

122 768 136 25 Wealden
268 767 80 29 river,
360 767 53 25 like
427 767 46 25 the
487 765 168 33 Mississippi
665 765 30 26 of
704 765 105 33 to-day,
820 765 114 25 drained
946 775 32 15 an

119 815 133 24 immense
277 817 72 21 tract
381 812 29 25 of
439 816 125 29 country,
591 812 53 24 and
676 811 117 32 brought
820 811 80 25 down
925 811 53 25 and

119 859 145 33 deposited
284 863 28 21 at
333 859 35 24 its
389 859 95 24 mouth
498 858 46 24 the
564 857 118 25 remains
705 857 29 24 of
752 856 35 25 its
808 856 170 25 inhabitants

121 906 54 25 and
189 905 46 25 the
249 904 125 26 dwellers
387 912 74 22 upon
475 903 36 25 its
524 903 97 24 banks.
