1117 1922
397 137 165 17 bembridge
583 138 96 16 marls.

924 139 44 23 153

108 206 100 26 former
228 207 46 25 the
295 215 82 25 green
397 209 76 32 clays
494 208 53 24 and
568 213 80 29 stony
661 209 88 25 bands
763 209 71 33 yield
845 210 123 24 Paludina

108 253 71 28 lenta,
193 253 110 24 Melania
318 254 164 28 turritissima,
496 254 40 24 M.
551 254 124 28 muricata,
690 254 146 33 Melanopsis
853 254 115 29 carinata,

109 297 56 24 and
179 298 95 31 Cyrena
296 298 104 24 obovata.
438 298 59 25 The
518 298 99 33 Oyster
641 298 59 25 Bed
720 298 111 33 already
853 298 116 25 referred

109 345 28 21 to
156 350 118 24 appears
294 346 27 21 at
342 342 40 25 St.
399 342 124 29 Helen's,
537 351 64 16 near
621 343 46 24 the
687 343 45 25 old
753 343 119 25 Church.
910 343 59 25 The

110 395 76 16 same
201 386 84 26 series
298 387 30 25 of
339 392 87 20 strata
440 396 46 17 are
500 388 129 32 repeated
644 397 65 16 near
729 388 136 25 Foreland
880 388 89 29 Point,

110 431 104 33 having
236 442 16 15 a
274 432 142 26 thickness
436 433 29 25 of
485 433 84 25 about
589 433 57 32 9ft.,
665 433 66 25 with
750 434 99 24 almost
868 433 101 25 similar

110 475 76 25 fossil
201 481 137 19 contents.

185 533 94 24 Below
294 534 174 31 Hempstead
591 533 22 25 is
659 534 46 24 the
719 535 63 32 only
794 535 78 31 place
886 534 26 24 in
926 535 47 23 the

113 578 94 24 Island
231 578 91 25 where
347 579 78 24 these
451 582 87 21 strata
563 587 47 16 are
634 579 143 33 displayed
803 580 167 32 throughout

111 622 71 26 their
205 623 87 25 entire
314 623 150 25 thickness.
504 624 30 23 In
556 624 61 24 that
641 624 112 33 locality
771 624 47 24 the
839 624 87 25 whole
946 624 27 25 of

112 668 47 25 the
185 668 67 25 beds
277 668 91 25 which
394 677 130 24 compose
549 668 56 25 this
630 668 180 29 subdivision,
833 668 69 26 from
924 669 47 25 the

114 712 166 33 Bembridge
302 713 160 25 Limestone
487 713 117 32 forming
630 714 174 31 Hempstead
827 714 93 31 Ledge
944 718 28 20 to

117 764 5 9 '
136 759 87 25 Black
250 759 80 25 Band
341 759 4 8 '
380 758 91 26 which
502 758 165 25 constitutes
697 759 47 24 the
774 759 65 24 base
870 758 28 25 of
926 759 47 24 the

114 804 175 32 Hempstead
312 803 92 30 series,
426 812 63 25 may
511 805 33 23 be
557 803 143 25 examined
721 803 27 25 in
770 803 83 25 detail
872 807 27 21 at
921 804 52 24 low

114 853 93 24 water,
222 848 116 25 without
358 857 16 15 a
394 849 93 28 break,
507 857 30 15 as
560 848 65 33 they
644 847 185 33 successively
842 856 65 23 crop
926 851 47 21 out

114 903 33 16 on
162 894 46 25 the
223 894 89 28 shore,
327 894 54 24 and
400 893 71 25 their
491 893 162 33 beautifully
666 893 146 32 preserved
832 892 89 25 fossils
940 893 33 24 be

159 994 91 25 There
272 994 22 25 is
317 1002 35 16 an
374 1002 135 24 exposure
532 997 27 21 at
583 994 40 24 St.
639 993 123 28 Helen's,
783 993 74 24 close
876 996 28 21 to
926 993 47 24 the

115 1040 55 25 Old
181 1040 106 28 Tower,
300 1039 54 25 and
368 1040 89 24 above
469 1038 47 25 the
528 1038 160 25 Limestone
701 1038 110 33 already
821 1037 151 25 described.

114 1086 36 24 At
170 1085 55 25 this
246 1089 61 28 spot
323 1084 141 25 Professor
479 1084 105 24 Forbes
603 1082 136 26 mentions
759 1082 46 25 the
825 1082 102 33 finding
947 1082 27 25 of

114 1140 34 15 an
162 1132 68 23 Area
249 1131 53 23 and
323 1138 15 16 a
357 1130 110 24 Modiola
513 1128 27 26 in
562 1129 46 24 the
628 1129 94 24 brown
741 1128 61 32 clay
821 1128 87 24 above
926 1127 47 25 the

116 1176 101 32 Oyster

162 1239 59 25 The
246 1237 138 33 following
409 1237 45 25 list
479 1236 30 26 of
535 1244 76 17 some
636 1235 29 25 of
693 1235 46 25 the
766 1234 205 25 characteristic

115 1284 90 25 fossils
219 1283 29 25 of
258 1284 48 24 the
326 1282 167 32 Bembridge
512 1281 83 26 series
615 1281 23 24 is
656 1281 82 24 taken
758 1280 68 24 from
840 1280 46 24 the
899 1281 72 24 work

115 1331 36 31 by
165 1331 53 23 Mr.
233 1329 119 25 Bristow
365 1338 4 15 :
373 1343 32 4 —

115 1419 132 32 Cytherea
259 1419 143 24 incrassata

114 1453 132 24 Achatina
258 1453 135 24 costellata

115 1487 121 24 Bulimus
250 1486 129 32 ellipticus

116 1521 116 24 Limnæa
246 1521 144 32 longiscata

115 1556 88 29 Helix,
219 1555 15 24 8
247 1555 98 30 species

570 1415 120 29 Melania,
704 1415 15 24 3
733 1423 38 23 sp.

570 1449 165 32 Melanopsis,
748 1449 17 23 4
777 1457 35 23 sp.

570 1484 135 28 Paludina,
721 1484 14 23 3
749 1491 36 23 sp.

571 1518 145 28 Planorbis,
731 1517 14 23 6
759 1524 37 24 sp.

570 1551 155 28 Cerithium,
739 1551 15 23 2
767 1559 38 21 sp.

253 1659 10 9 •
272 1659 58 17 Mem.
339 1658 52 18 Geol.
402 1658 62 18 Burr.,
473 1656 87 20 Bristow,
568 1656 38 17 Isle
614 1656 20 17 of
642 1655 73 21 Wight,
725 1655 47 19 1862,
781 1658 18 17 p.
808 1655 26 16 82.
