1117 1922
422 177 137 18 WEALDEN
587 176 168 19 FORMATION,

163 180 27 15 12

159 258 47 17 are
231 250 101 32 mostly
357 249 136 25 obscured
521 249 36 33 by
582 247 149 32 buildings.
770 246 25 24 It
821 243 93 26 would
939 249 86 17 seem.

159 295 135 28 however,
320 294 61 25 that
406 294 67 33 they
498 302 79 16 come
601 297 29 21 to
656 293 47 24 the
729 290 109 25 surface
862 288 90 26 below
976 286 50 25 the

159 340 147 28 Barracks,
327 338 145 26 underlaid
493 339 37 32 by
551 337 173 33 ferruginous
747 334 85 26 sands
861 332 55 26 and
943 331 82 26 sand-

160 388 102 25 stones,
276 383 91 26 which
393 392 64 24 may
477 384 35 25 be
534 392 65 16 seen
623 386 27 21 at
673 381 48 25 the
743 380 84 25 north
849 378 54 25 end
927 376 31 27 of
979 376 48 26 the

160 432 82 22 town.
281 429 60 24 Red
362 429 55 24 and
439 429 63 24 blue
527 428 76 33 clays
629 435 104 24 appear
755 433 66 17 near
841 424 92 25 where
958 431 69 16 once

159 474 49 24 the
220 474 46 24 old
280 474 67 23 Fort
368 473 89 29 stood,
469 473 59 32 just
547 472 110 33 beyond
676 472 48 25 the
744 470 78 29 beds,
836 469 92 26 which
948 477 37 24 up
998 471 30 21 to

159 519 62 25 that
236 519 77 32 point
336 518 48 32 dip
402 518 121 25 towards
542 518 48 24 the
609 517 174 28 south-west,
798 514 68 26 arch
884 523 75 20 over,
974 514 54 24 and

161 563 48 33 dip
234 563 82 33 again
345 563 27 24 in
397 563 48 24 the
470 563 128 32 opposite
623 561 145 25 direction.
819 559 135 26 Towards
982 559 46 25 the

162 608 155 26 north-east
337 608 72 25 their
428 608 163 25 inclination
610 607 146 32 gradually
774 606 150 24 increases.

209 652 199 33 Approaching
429 652 48 25 the
500 653 99 25 Lower
625 652 166 26 Greensand
819 655 29 21 at
875 651 60 25 Red
956 651 71 29 Cliff,

163 700 124 24 between
314 699 49 24 the
384 701 56 23 two
462 701 122 22 extreme
609 697 102 33 points,
734 701 49 22 the
802 697 137 25 Wealden
962 697 68 25 beds

164 752 46 17 are
231 744 132 32 repeated
381 743 28 25 in
428 751 109 17 reverse
556 743 89 30 order,
661 743 55 25 and
734 743 48 25 the
799 742 153 26 laminated
965 751 66 25 grey

164 790 92 24 shales
278 789 55 25 and
358 789 86 33 clays,
471 788 160 33 abounding
656 788 28 24 in
710 788 137 34 cyprides,
873 788 101 29 which,
1000 796 31 17 as

164 835 89 29 usual,
268 834 150 25 constitute
432 834 47 25 the
494 834 96 33 Upper
608 838 63 29 part
685 833 30 25 of
731 834 47 24 the
792 834 77 29 beds,
883 842 148 25 re-appear

164 880 28 26 in
211 880 47 26 the
280 879 61 26 face
359 879 30 26 of
402 879 48 25 the
469 878 79 30 cliffs,
569 879 49 25 but
641 879 65 33 only
723 888 31 16 so
777 888 29 16 as
827 883 28 21 to
876 879 34 25 be
929 879 102 33 clearly

164 926 100 25 visible
289 925 69 25 after
382 925 48 25 the
456 933 167 17 occurrence
648 924 30 26 of
694 924 79 33 slips,
796 924 83 34 being
901 928 28 22 at
951 925 80 25 other

164 971 83 26 times
260 971 149 25 concealed
423 972 36 32 by
473 979 107 17 masses
598 970 30 25 of
645 974 97 26 strata,
755 970 92 25 which
860 970 72 25 have
949 970 82 25 fallen

165 1016 70 27 from
258 1026 16 16 a
296 1016 96 34 higher
413 1017 78 25 level.
531 1016 11 25 I
562 1016 93 26 would
677 1016 56 25 add
754 1016 70 30 that,
838 1016 68 26 with
925 1016 48 26 the
986 1025 45 16 ex-

165 1062 111 33 ception
308 1062 29 26 of
368 1071 16 17 a
412 1062 53 26 bed
493 1061 30 26 of
547 1061 125 26 Paludina
697 1062 159 30 Sussexensis,
876 1062 89 26 below
986 1062 46 25 the

165 1108 63 25 stile
241 1107 110 34 leading
364 1111 29 21 to
412 1107 48 25 the
473 1111 49 29 top
535 1107 30 25 of
580 1107 48 25 the
642 1107 63 30 cliff,
721 1107 51 25 few
784 1107 114 33 organic
911 1107 121 25 remains

166 1162 47 17 are
237 1158 29 21 to
291 1154 34 24 be
350 1157 57 21 met
432 1152 67 26 with
512 1161 5 21 ;
543 1152 28 25 in
596 1153 48 24 the
672 1153 83 29 bank,
782 1153 54 25 and
861 1153 28 24 in
915 1162 17 16 a
956 1153 76 33 ridge

166 1198 119 33 running
304 1203 48 21 out
371 1207 36 17 on
426 1198 48 26 the
494 1198 106 30 strand,
623 1198 66 33 they
709 1207 46 16 are
772 1198 86 25 found
875 1198 28 25 in
921 1207 111 24 groups,

165 1244 28 26 in
213 1253 16 17 a
247 1243 175 34 crystallised
442 1248 81 22 state.

214 1289 79 26 Until
310 1290 48 24 the
378 1298 60 16 new
452 1290 67 24 Fort
540 1289 23 25 is
582 1290 102 32 passed
703 1290 79 25 there
800 1289 25 26 is
843 1298 67 26 very
923 1289 71 26 little
1008 1289 28 26 of

166 1335 124 29 interest,
311 1335 22 24 if
350 1335 12 24 I
382 1339 99 29 except
501 1335 47 25 the
567 1344 116 16 manner
705 1336 28 24 in
756 1336 92 25 which
873 1336 48 25 the
946 1340 88 21 strata

167 1389 47 16 are
232 1381 80 24 tilted
331 1389 46 24 up,
400 1381 112 32 already
532 1380 154 26 described.

214 1426 94 25 Below
321 1426 48 25 the
386 1435 60 16 new
461 1426 76 29 Fort,
552 1427 122 25 towards
689 1427 61 25 Red
767 1426 72 30 Cliff,
855 1427 75 25 slabs
943 1426 30 26 of
987 1427 48 25 the

167 1470 200 32 disintegrated
380 1471 100 24 harder
501 1474 99 27 strata,
615 1472 55 25 and
683 1472 89 33 shelly
785 1472 156 30 limestone,
955 1473 81 24 make

167 1515 72 26 their
253 1524 173 23 appearance
440 1524 35 17 on
495 1517 47 24 the
562 1517 81 24 shore
656 1526 5 21 ;
682 1518 55 24 and
755 1519 86 24 about
855 1519 79 25 three
953 1519 83 33 yards

168 1560 145 25 westward
326 1560 70 25 from
409 1561 48 24 the
471 1562 91 23 Perna
575 1562 69 24 beds
658 1571 15 15 a
687 1563 76 33 layer
777 1563 29 24 of
821 1563 215 27 drab-coloured

169 1605 121 32 septaria
302 1614 99 16 occurs
420 1606 27 24 in
467 1607 47 23 the
534 1606 64 29 cliff,
613 1607 97 25 blocks
727 1607 30 25 of
772 1608 93 25 which
880 1610 58 25 also
953 1618 83 17 occur

168 1658 35 16 on
228 1650 47 25 the
300 1650 90 29 shore,
416 1651 162 33 containing
606 1661 17 16 a
651 1652 64 26 vein
737 1652 30 25 of
795 1654 82 24 small
901 1656 135 26 Paludina.

170 1695 83 25 about
268 1704 34 16 an
316 1695 64 25 inch
394 1695 26 25 in
438 1696 152 30 thickness,
604 1697 118 33 running
743 1698 121 32 through
878 1700 48 25 the
943 1706 93 22 centre
