1117 1922
358 150 95 17 LOWER
473 151 126 17 BAGSHOT
619 151 105 17 SERIES.

920 152 45 24 129

335 236 106 25 Lower
468 237 134 24 Bagshot
629 238 101 23 Series

182 301 60 26 The
259 302 126 32 junction
405 304 123 24 between
547 304 47 24 the
614 304 117 24 London
755 305 68 32 Clay
843 305 52 23 and
917 305 47 24 the

110 347 98 25 Lower
231 348 124 32 Bagshot
378 349 68 24 beds
470 349 23 24 is
516 350 101 32 clearly
641 349 94 25 shown
760 349 26 24 in
812 349 154 24 Whitecliff

109 393 68 32 Bay,
192 393 47 24 the
253 393 100 25 former
367 394 81 33 being
462 394 175 33 represented
655 394 76 25 there
745 395 35 32 by
793 394 169 33 ferruginous

108 437 93 24 brown
213 438 69 32 clay,
295 438 53 24 and
359 438 47 24 the
416 438 81 25 latter
508 439 37 32 by
554 439 62 32 pale
629 447 64 24 grey
703 439 83 24 sands
795 438 167 33 weathering

107 482 95 33 nearly
215 482 92 29 white,
323 483 53 25 and
396 483 159 32 containing
574 483 184 27 occasionally
776 483 59 25 thin
854 483 107 25 laminæ

106 526 30 24 of
155 526 64 33 pipe
238 527 70 32 clay.
346 527 195 33 Thirty-seven
563 527 52 25 feet
635 527 29 25 of
679 528 77 24 these
769 528 92 28 sands,
876 528 85 32 clays,

109 572 53 24 and
185 571 155 34 pipe-clays
362 572 140 26 intervene
528 573 122 25 between
675 573 46 24 the
746 582 86 22 upper
853 576 61 28 part
936 572 30 26 of

107 617 48 25 the
171 617 118 25 London
310 618 68 32 Clay
392 618 55 24 and
460 627 15 15 a
490 618 73 24 band
582 618 29 24 of
627 618 147 24 sandstone
794 618 89 24 which
898 626 65 16 runs

109 666 47 20 out
177 666 28 20 to
226 670 46 16 sea
290 666 27 21 at
337 663 47 24 the
403 663 66 24 base
488 663 29 24 of
533 663 47 24 the
598 664 97 32 yellow
707 662 155 25 micaceous
882 663 81 24 sands

107 707 90 25 which
222 708 150 24 constitute
397 708 47 25 the
469 712 107 29 greater
601 708 109 32 portion
734 708 29 23 of
792 708 47 23 the
866 709 97 23 Lower

110 752 124 32 Bagshot
249 752 84 25 series
344 753 86 24 there.
468 753 95 24 Above
577 753 74 23 them
666 752 23 24 is
702 761 16 15 a
731 753 53 23 bed
798 752 29 24 of
842 752 122 25 rounded

107 797 114 31 pebbles
235 797 30 25 of
275 797 60 25 flint
353 799 28 23 18
396 797 95 25 inches

155 842 91 25 These
269 842 68 25 beds
359 851 46 16 are
426 841 216 26 unfossiliferous
663 842 66 25 both
752 846 27 21 at
802 842 81 25 Alum
905 843 59 31 Bay

108 887 54 25 and
185 887 158 26 Whitecliff
363 888 68 32 Bay,
454 887 66 25 with
543 887 47 25 the
611 886 145 32 exception
777 886 29 25 of
824 887 47 24 the
896 886 67 32 Pipe

107 932 70 33 Clay
189 932 75 25 band
283 935 27 22 at
330 932 47 25 the
398 931 108 25 former.
552 931 59 25 The
625 931 123 32 Bagshot
762 931 66 25 beds
842 932 121 24 between

107 976 48 25 the
176 977 118 24 London
314 977 67 32 Clay
396 977 54 24 and
472 977 47 24 the
542 975 98 26 Fluvio
664 975 106 25 Marine
790 975 82 25 series
894 984 70 16 were

108 1022 58 24 first
199 1022 101 23 named
331 1022 55 24 and
416 1021 112 24 divided
553 1021 35 32 by
614 1021 52 24 Mr.
694 1020 142 28 Trimmer,
862 1019 29 25 of
918 1020 46 25 the

110 1066 161 33 Geological
298 1067 115 32 Survey,
433 1066 27 24 in
482 1067 72 30 1850,
575 1065 57 25 into
653 1066 103 31 Upper,
778 1064 113 30 Middle,
911 1064 53 25 and

110 1112 107 28 Lower,
232 1111 91 25 which
343 1111 133 24 divisions
495 1111 71 23 have
585 1110 75 24 since
682 1110 68 24 been
769 1109 120 32 adopted
911 1110 53 24 and

107 1156 133 25 retained.
279 1156 60 24 The
353 1156 99 23 Lower
467 1155 124 31 Bagshot
611 1154 67 24 beds
697 1162 46 16 are
761 1156 49 22 660
823 1153 52 25 feet
889 1153 75 25 thick

106 1200 28 26 in
157 1201 80 24 Alum
261 1200 69 33 Bay.
368 1200 79 32 They
468 1199 103 24 consist
594 1198 30 25 of
640 1207 15 15 a
675 1198 82 24 series
777 1198 29 24 of
825 1198 139 32 variously

107 1246 130 24 coloured
249 1244 217 26 unfossiliferous
475 1244 83 24 sands
569 1244 53 23 and
633 1244 84 32 clays,
727 1243 64 24 with
801 1242 164 32 alternating

107 1291 67 24 beds
193 1289 30 26 of
240 1290 59 24 iron
322 1289 158 28 sandstone,
502 1288 55 24 and
575 1288 76 33 clays
669 1287 66 25 with
755 1288 99 27 leaves,
878 1287 86 28 seeds,

106 1335 54 25 and
185 1335 64 25 seed
272 1335 103 25 vessels
397 1333 30 25 of
446 1334 101 32 plants,
570 1332 152 32 indicating
744 1341 15 14 a
784 1331 180 32 sub-tropical

107 1381 121 24 climate.
279 1381 92 23 About
398 1388 33 16 20
453 1387 110 24 genera,
585 1377 55 25 and
664 1386 65 16 over
754 1384 32 25 50
810 1376 105 32 species
939 1376 28 24 of

105 1427 92 32 plants
217 1434 70 17 were
307 1425 99 24 named
426 1425 36 32 by
483 1425 42 24 De
547 1424 26 24 la
596 1424 96 30 Harpe
718 1422 53 24 and
792 1422 97 27 Salter,
911 1421 53 24 and

105 1480 76 17 some
205 1471 30 25 of
259 1471 76 24 them
364 1478 70 17 were
459 1469 104 32 figured
591 1468 27 24 in
643 1467 46 25 the
715 1466 130 25 Memoirs
864 1465 30 26 of
917 1465 48 26 the

106 1516 164 31 Geological
284 1516 107 31 Survey
404 1515 40 24 for
466 1515 73 23 1862.

152 1562 59 24 The
225 1561 87 25 entire
326 1560 74 26 work
416 1559 29 25 of
462 1559 158 33 classifying
639 1558 78 24 these
733 1556 126 33 Tertiary
872 1557 91 32 plants

104 1609 51 24 has
169 1609 68 23 been
258 1606 170 25 undertaken
448 1605 36 31 by
504 1604 52 24 Mr.
572 1603 108 25 Starkie
701 1602 144 28 Gardiner,
860 1602 61 24 who
939 1601 24 25 is

246 1671 7 7 »
262 1669 58 15 Mem.
329 1668 52 16 Geol.
391 1668 61 16 Surv.,
465 1666 87 18 Bristow,
561 1666 37 16 Isle
606 1665 21 16 of
632 1665 74 19 Wight,
716 1665 49 17 1862,
771 1669 19 15 p.
799 1665 26 15 39.

172 1710 3 17 I
