1117 1922
140 196 46 30 164

440 202 137 17 TERTIARY
598 202 105 17 SERIES.

139 274 85 25 limits
237 274 30 25 of
282 274 47 25 the
346 274 110 33 portion
471 274 29 24 of
516 274 35 25 its
569 274 52 25 bed
636 273 90 26 which
747 272 55 25 still
816 271 120 25 remains
950 280 52 16 can

141 320 33 25 be
199 321 94 24 traced
318 329 34 16 on
378 320 47 25 the
450 319 108 26 surface
583 320 37 32 by
645 327 96 16 means
767 318 29 25 of
823 318 47 25 the
896 321 107 29 greater

141 364 160 26 luxuriance
320 365 29 25 of
367 365 46 25 the
433 364 158 33 vegetation
610 363 90 26 which
721 363 20 25 it
765 368 139 28 supports.
943 362 59 25 The

141 410 77 24 thick
239 410 144 25 limestone
406 410 29 24 of
454 410 46 24 the
524 411 97 31 Upper
645 409 120 25 Headon
788 408 83 26 series
897 407 105 26 formed

141 454 36 25 its
196 455 88 24 banks
302 463 36 16 on
356 455 47 24 the
422 458 58 21 east
504 454 58 25 side
584 463 37 23 up
646 458 28 20 to
694 454 47 24 the
760 456 237 22 commencement

141 500 30 24 of
186 501 48 24 the
251 501 71 28 lane,
336 501 113 25 whence
471 501 19 24 it
511 500 137 25 extended
668 508 34 16 on
721 500 48 24 the
789 499 82 25 south
892 499 107 33 beyond

142 545 37 26 its
193 550 109 28 present
323 545 176 25 termination
519 554 35 16 on
573 545 47 25 the
633 545 68 32 edge
715 545 28 24 of
760 545 47 24 the
822 544 63 25 cliff.
922 544 79 25 Helix

143 590 130 29 nemoralis,
288 591 37 24 H.
340 591 135 28 rotundata,
492 591 144 31 Gyclostoma
649 590 100 32 elegans,
764 589 67 26 with
844 589 157 25 occasional

144 635 113 24 Bulimus
270 635 103 24 lubricus
393 635 54 24 and
466 635 71 32 Pupa
555 644 131 15 muscorum
700 643 46 16 are
765 634 48 25 the
831 638 72 21 most
919 634 84 25 abun-

146 680 66 25 dant
226 680 171 29 land-shells,
412 680 55 25 and
489 688 83 17 occur
594 680 178 32 throughout.
813 680 31 24 In
866 679 48 25 the
931 680 73 24 loam

147 733 46 16 are
207 725 115 25 Succinea
335 725 54 24 and
402 725 120 30 Limnæa,
538 725 53 24 and
610 725 28 24 in
656 725 48 24 the
722 726 82 24 lower
821 729 63 28 part
898 733 16 16 a
927 725 77 24 small

146 771 127 23 Planorbis
295 771 55 24 and
372 770 150 33 fragments
545 771 29 24 of
599 771 72 25 Unio.
711 771 31 23 In
762 771 124 24 addition
908 776 28 18 to
959 771 45 23 the

146 816 88 24 above
252 815 49 25 the
321 815 139 32 following
483 816 83 25 shells
588 825 70 16 were
678 815 110 26 noticed
809 816 35 31 by
864 815 140 26 Professor

147 861 32 24 E.
201 862 112 26 Forbes,
331 861 52 25 viz.
396 871 4 14 :
403 877 35 2 —
440 862 12 15 *

146 960 78 24 Helix
239 962 150 24 arbnrstom
410 963 40 29 (or

600 963 56 24 Zua
669 964 99 23 lubrica

358 997 153 30 nemoralis)

180 1047 14 11 ,,
228 1030 129 30 pnlcliella

600 997 130 25 Achatina
742 998 98 24 acicnla

601 1031 126 23 Clansilia

179 1082 15 10 ,,
229 1064 153 24 ericetorum

179 1116 14 4 ,,
228 1098 102 22 cellaria

600 1066 128 22 Pisidium

601 1100 114 24 Limnæa
728 1101 123 31 palustris

601 1133 127 25 Succinea
741 1135 110 32 oblonga

600 1168 92 30 Cyclas

179 1150 14 10 ,,
227 1132 105 31 hispida

178 1185 14 7 ,,
227 1166 47 23 hor
277 1169 41 20 ten
322 1166 33 24 sis

212 1306 160 24 Subaerial
392 1307 79 25 Beds
491 1316 33 15 of
547 1307 46 25 St.
615 1308 198 26 Catherine's
834 1310 98 24 Down.

217 1394 73 24 Beds
303 1395 91 32 partly
407 1395 104 24 similar
522 1395 27 25 in
571 1396 87 32 origin
677 1401 29 21 to
726 1397 79 26 those
824 1398 29 25 of
870 1398 134 25 Totlands

144 1439 60 32 Bay
217 1447 82 15 occur
313 1448 35 15 on
364 1439 47 25 the
432 1440 112 25 summit
565 1441 29 25 of
610 1442 46 24 the
676 1442 63 30 cliff,
754 1443 123 25 between
892 1444 112 25 Rocken

143 1483 62 25 End
226 1484 53 24 and
303 1484 39 25 St.
366 1485 172 26 Catherine's
562 1488 98 24 Down.
700 1489 31 23 In
753 1489 55 24 this
827 1489 113 34 locality
956 1489 47 26 the

141 1528 67 24 beds
235 1537 44 15 are
312 1528 104 26 formed
445 1530 29 24 of
506 1531 70 24 hard
607 1533 160 24 calcareous
792 1534 74 28 mud,
893 1534 111 26 derived

141 1573 164 32 apparently
326 1573 69 25 from
421 1575 46 24 the
494 1576 89 24 Chalk
610 1577 87 25 Down
721 1582 27 20 to
769 1578 46 25 the
835 1579 167 30 northward,

141 1617 54 24 and
218 1617 144 32 becoming
385 1627 75 17 more
483 1620 145 25 indurated
651 1622 54 25 and
732 1623 143 30 mud-like,
895 1633 30 16 as
945 1626 59 23 well

142 1670 29 14 as
185 1661 29 24 of
225 1671 15 14 a
252 1662 98 25 darker
362 1664 102 29 colour,
476 1666 120 24 towards
607 1666 47 25 the
665 1667 108 26 bottom
784 1668 30 25 of
828 1669 47 24 the
886 1670 116 30 deposit.

241 1725 10 8 *
258 1725 58 17 Mem.
325 1726 51 17 Geol.
386 1726 61 21 Surv.,
456 1727 87 21 Bristow,
551 1729 37 16 Isle
597 1730 20 16 of
627 1730 72 20 Wight,
710 1732 48 19 1862,
765 1737 20 14 p.
793 1734 22 15 9S
824 1733 38 16 and
873 1735 26 15 99.
