<?xml version="1.0" encoding="UTF-8"?>
<alto xmlns:xsi="http://www.w3.org/2001/XMLSchema-instance" xsi:noNamespaceSchemaLocation="http://www.bl.uk/schemas/alto/alto-1-4.xsd" xmlns:xlink="http://www.w3.org/1999/xlink">
	<Description>
		<MeasurementUnit>mm10</MeasurementUnit>
		<sourceImageInformation>
			<fileName>//head1/IN/2008-16/A0011467890/006763.jp2</fileName>
		</sourceImageInformation>
		<OCRProcessing ID="OCRPROCESSING_1">
			<preProcessingStep>
				<processingSoftware>
					<softwareCreator>CCS Content Conversion Specialists GmbH, Germany</softwareCreator>
					<softwareName>CCS docWORKS</softwareName>
					<softwareVersion>6.1-0.67</softwareVersion>
				</processingSoftware>
			</preProcessingStep>
			<ocrProcessingStep>
				<processingSoftware>
					<softwareCreator>ABBYY (BIT Software), Russia</softwareCreator>
					<softwareName>Finereader</softwareName>
				</processingSoftware>
			</ocrProcessingStep>
		</OCRProcessing>
	</Description>
	<Styles>
		<TextStyle ID="TXT_0" FONTSIZE="9" FONTFAMILY="Courier New"/>
		<TextStyle ID="TXT_1" FONTSIZE="10" FONTFAMILY="Courier New"/>
		<ParagraphStyle ID="PAR_CENTER" ALIGN="Center"/>
		<ParagraphStyle ID="PAR_RIGHT" ALIGN="Right"/>
		<ParagraphStyle ID="PAR_LEFT" ALIGN="Left"/>
	</Styles>
	<Layout>
		<Page ID="P259" PHYSICAL_IMG_NR="259" HEIGHT="1922" WIDTH="1117" PRINTED_IMG_NR="201" POSITION="Right" ACCURACY="88.00">
			<TopMargin ID="P259_TM00001" HPOS="0" VPOS="0" WIDTH="1116" HEIGHT="165">
				<TextBlock ID="P259_TB00001" HPOS="407" VPOS="148" WIDTH="307" HEIGHT="17" STYLEREFS="TXT_0 PAR_CENTER">
					<TextLine ID="P259_TL00001" HPOS="407" VPOS="149" WIDTH="307" HEIGHT="16">
						<String ID="P259_ST00001" HPOS="407" VPOS="149" WIDTH="57" HEIGHT="16" CONTENT="THE" WC="1.00" CC="000"/>
						<SP ID="P259_SP00001" HPOS="464" VPOS="165" WIDTH="21"/>
						<String ID="P259_ST00002" HPOS="485" VPOS="149" WIDTH="99" HEIGHT="16" CONTENT="HUMAN" WC="0.66" CC="00907"/>
						<SP ID="P259_SP00002" HPOS="584" VPOS="165" WIDTH="21"/>
						<String ID="P259_ST00003" HPOS="605" VPOS="149" WIDTH="109" HEIGHT="16" CONTENT="PERIOD." WC="0.93" CC="0001030"/>
					</TextLine>
				</TextBlock>
				<TextBlock ID="P259_TB00002" HPOS="939" VPOS="146" WIDTH="46" HEIGHT="18" STYLEREFS="TXT_1 PAR_RIGHT">
					<TextLine ID="P259_TL00002" HPOS="939" VPOS="147" WIDTH="46" HEIGHT="17">
						<String ID="P259_ST00004" HPOS="939" VPOS="147" WIDTH="46" HEIGHT="17" CONTENT="201" WC="0.65" CC="504"/>
					</TextLine>
				</TextBlock>
			</TopMargin>
			<LeftMargin ID="P259_LM00001" HPOS="0" VPOS="165" WIDTH="132" HEIGHT="1529"/>
			<RightMargin ID="P259_RM00001" HPOS="996" VPOS="165" WIDTH="120" HEIGHT="1529"/>
			<BottomMargin ID="P259_BM00001" HPOS="0" VPOS="1694" WIDTH="1116" HEIGHT="227"/>
			<PrintSpace ID="P259_PS00001" HPOS="132" VPOS="165" WIDTH="864" HEIGHT="1529">
				<TextBlock ID="P259_TB00003" HPOS="132" VPOS="219" WIDTH="856" HEIGHT="70" STYLEREFS="TXT_0 PAR_LEFT">
					<TextLine ID="P259_TL00003" HPOS="132" VPOS="220" WIDTH="856" HEIGHT="33">
						<String ID="P259_ST00005" HPOS="132" VPOS="224" WIDTH="28" HEIGHT="21" CONTENT="to" WC="0.64" CC="60"/>
						<SP ID="P259_SP00003" HPOS="160" VPOS="245" WIDTH="14"/>
						<String ID="P259_ST00006" HPOS="174" VPOS="220" WIDTH="99" HEIGHT="33" CONTENT="belong" WC="0.88" CC="001050"/>
						<SP ID="P259_SP00004" HPOS="273" VPOS="253" WIDTH="14"/>
						<String ID="P259_ST00007" HPOS="287" VPOS="225" WIDTH="28" HEIGHT="20" CONTENT="to" WC="1.00" CC="00"/>
						<SP ID="P259_SP00005" HPOS="315" VPOS="253" WIDTH="20"/>
						<String ID="P259_ST00008" HPOS="335" VPOS="221" WIDTH="46" HEIGHT="25" CONTENT="the" WC="0.94" CC="010"/>
						<SP ID="P259_SP00006" HPOS="381" VPOS="253" WIDTH="16"/>
						<String ID="P259_ST00009" HPOS="397" VPOS="220" WIDTH="227" HEIGHT="25" CONTENT="Roman-British" WC="0.85" CC="0000004350401"/>
						<SP ID="P259_SP00007" HPOS="624" VPOS="253" WIDTH="19"/>
						<String ID="P259_ST00010" HPOS="643" VPOS="220" WIDTH="104" HEIGHT="33" CONTENT="period," WC="0.91" CC="0005000"/>
						<SP ID="P259_SP00008" HPOS="747" VPOS="253" WIDTH="15"/>
						<String ID="P259_ST00011" HPOS="762" VPOS="220" WIDTH="83" HEIGHT="25" CONTENT="about" WC="0.88" CC="00032"/>
						<SP ID="P259_SP00009" HPOS="845" VPOS="253" WIDTH="17"/>
						<String ID="P259_ST00012" HPOS="862" VPOS="227" WIDTH="53" HEIGHT="17" CONTENT="a.d." WC="0.76" CC="9000"/>
						<SP ID="P259_SP00010" HPOS="915" VPOS="253" WIDTH="15"/>
						<String ID="P259_ST00013" HPOS="930" VPOS="227" WIDTH="58" HEIGHT="25" CONTENT="300," WC="0.88" CC="0040"/>
					</TextLine>
					<TextLine ID="P259_TL00004" HPOS="132" VPOS="264" WIDTH="455" HEIGHT="25">
						<String ID="P259_ST00014" HPOS="132" VPOS="274" WIDTH="56" HEIGHT="15" CONTENT="was" WC="0.68" CC="090"/>
						<SP ID="P259_SP00011" HPOS="188" VPOS="289" WIDTH="14"/>
						<String ID="P259_ST00015" HPOS="202" VPOS="264" WIDTH="85" HEIGHT="25" CONTENT="found" WC="0.92" CC="02010"/>
						<SP ID="P259_SP00012" HPOS="287" VPOS="289" WIDTH="12"/>
						<String ID="P259_ST00016" HPOS="299" VPOS="265" WIDTH="67" HEIGHT="24" CONTENT="with" WC="0.92" CC="0300"/>
						<SP ID="P259_SP00013" HPOS="366" VPOS="289" WIDTH="15"/>
						<String ID="P259_ST00017" HPOS="381" VPOS="265" WIDTH="47" HEIGHT="24" CONTENT="the" WC="0.86" CC="040"/>
						<SP ID="P259_SP00014" HPOS="428" VPOS="289" WIDTH="13"/>
						<String ID="P259_ST00018" HPOS="441" VPOS="264" WIDTH="146" HEIGHT="25" CONTENT='remains."' WC="0.91" CC="000020004"/>
					</TextLine>
				</TextBlock>
				<TextBlock ID="P259_TB00004" HPOS="132" VPOS="309" WIDTH="861" HEIGHT="347" STYLEREFS="TXT_0 PAR_LEFT">
					<TextLine ID="P259_TL00005" HPOS="179" VPOS="309" WIDTH="809" HEIGHT="33">
						<String ID="P259_ST00019" HPOS="179" VPOS="311" WIDTH="50" HEIGHT="24" CONTENT="Dr." WC="0.88" CC="300"/>
						<SP ID="P259_SP00015" HPOS="229" VPOS="335" WIDTH="16"/>
						<String ID="P259_ST00020" HPOS="245" VPOS="309" WIDTH="104" HEIGHT="26" CONTENT="Martin" WC="0.91" CC="020030"/>
						<SP ID="P259_SP00016" HPOS="349" VPOS="335" WIDTH="14"/>
						<String ID="P259_ST00021" HPOS="363" VPOS="310" WIDTH="58" HEIGHT="25" CONTENT="also" WC="1.00" CC="0000"/>
						<SP ID="P259_SP00017" HPOS="421" VPOS="335" WIDTH="19"/>
						<String ID="P259_ST00022" HPOS="440" VPOS="309" WIDTH="136" HEIGHT="26" CONTENT="mentions" WC="0.90" CC="00103020"/>
						<SP ID="P259_SP00018" HPOS="576" VPOS="335" WIDTH="15"/>
						<String ID="P259_ST00023" HPOS="591" VPOS="319" WIDTH="15" HEIGHT="15" CONTENT="a" WC="1.00" CC="0"/>
						<SP ID="P259_SP00019" HPOS="606" VPOS="335" WIDTH="16"/>
						<String ID="P259_ST00024" HPOS="622" VPOS="310" WIDTH="71" HEIGHT="32" CONTENT="huge" WC="0.80" CC="5200"/>
						<SP ID="P259_SP00020" HPOS="693" VPOS="342" WIDTH="14"/>
						<String ID="P259_ST00025" HPOS="707" VPOS="310" WIDTH="96" HEIGHT="28" CONTENT="antler," WC="0.93" CC="0400000"/>
						<SP ID="P259_SP00021" HPOS="803" VPOS="342" WIDTH="14"/>
						<String ID="P259_ST00026" HPOS="817" VPOS="309" WIDTH="89" HEIGHT="26" CONTENT="which" WC="0.55" CC="93503"/>
						<SP ID="P259_SP00022" HPOS="906" VPOS="342" WIDTH="15"/>
						<String ID="P259_ST00027" HPOS="921" VPOS="309" WIDTH="67" HEIGHT="25" CONTENT="from" WC="0.83" CC="0510"/>
					</TextLine>
					<TextLine ID="P259_TL00006" HPOS="133" VPOS="354" WIDTH="856" HEIGHT="33">
						<String ID="P259_ST00028" HPOS="133" VPOS="354" WIDTH="35" HEIGHT="26" CONTENT="its" WC="0.84" CC="400"/>
						<SP ID="P259_SP00023" HPOS="168" VPOS="380" WIDTH="15"/>
						<String ID="P259_ST00029" HPOS="183" VPOS="355" WIDTH="55" HEIGHT="25" CONTENT="size" WC="1.00" CC="0000"/>
						<SP ID="P259_SP00024" HPOS="238" VPOS="380" WIDTH="14"/>
						<String ID="P259_ST00030" HPOS="252" VPOS="359" WIDTH="73" HEIGHT="21" CONTENT="must" WC="0.80" CC="0403"/>
						<SP ID="P259_SP00025" HPOS="325" VPOS="380" WIDTH="14"/>
						<String ID="P259_ST00031" HPOS="339" VPOS="363" WIDTH="69" HEIGHT="17" CONTENT="once" WC="0.96" CC="0100"/>
						<SP ID="P259_SP00026" HPOS="408" VPOS="380" WIDTH="13"/>
						<String ID="P259_ST00032" HPOS="421" VPOS="356" WIDTH="71" HEIGHT="24" CONTENT="have" WC="0.97" CC="1000"/>
						<SP ID="P259_SP00027" HPOS="492" VPOS="380" WIDTH="13"/>
						<String ID="P259_ST00033" HPOS="505" VPOS="356" WIDTH="100" HEIGHT="31" CONTENT="graced" WC="0.91" CC="050000"/>
						<SP ID="P259_SP00028" HPOS="605" VPOS="387" WIDTH="14"/>
						<String ID="P259_ST00034" HPOS="619" VPOS="355" WIDTH="47" HEIGHT="25" CONTENT="the" WC="0.93" CC="010"/>
						<SP ID="P259_SP00029" HPOS="666" VPOS="387" WIDTH="18"/>
						<String ID="P259_ST00035" HPOS="684" VPOS="355" WIDTH="71" HEIGHT="25" CONTENT="head" WC="0.93" CC="2000"/>
						<SP ID="P259_SP00030" HPOS="755" VPOS="387" WIDTH="20"/>
						<String ID="P259_ST00036" HPOS="775" VPOS="355" WIDTH="29" HEIGHT="25" CONTENT="of" WC="0.94" CC="10"/>
						<SP ID="P259_SP00031" HPOS="804" VPOS="387" WIDTH="19"/>
						<String ID="P259_ST00037" HPOS="823" VPOS="363" WIDTH="16" HEIGHT="17" CONTENT="a" WC="1.00" CC="0"/>
						<SP ID="P259_SP00032" HPOS="839" VPOS="387" WIDTH="17"/>
						<String ID="P259_ST00038" HPOS="856" VPOS="355" WIDTH="48" HEIGHT="25" CONTENT="red" WC="0.90" CC="300"/>
						<SP ID="P259_SP00033" HPOS="904" VPOS="387" WIDTH="13"/>
						<String ID="P259_ST00039" HPOS="917" VPOS="355" WIDTH="72" HEIGHT="25" CONTENT="deer." WC="0.95" CC="00020"/>
					</TextLine>
					<TextLine ID="P259_TL00007" HPOS="134" VPOS="400" WIDTH="855" HEIGHT="34">
						<String ID="P259_ST00040" HPOS="134" VPOS="401" WIDTH="23" HEIGHT="23" CONTENT="A" WC="1.00" CC="0"/>
						<SP ID="P259_SP00034" HPOS="157" VPOS="424" WIDTH="14"/>
						<String ID="P259_ST00041" HPOS="171" VPOS="401" WIDTH="72" HEIGHT="23" CONTENT="skull" WC="1.00" CC="00000"/>
						<SP ID="P259_SP00035" HPOS="243" VPOS="424" WIDTH="19"/>
						<String ID="P259_ST00042" HPOS="262" VPOS="400" WIDTH="29" HEIGHT="24" CONTENT="of" WC="1.00" CC="00"/>
						<SP ID="P259_SP00036" HPOS="291" VPOS="424" WIDTH="18"/>
						<String ID="P259_ST00043" HPOS="309" VPOS="401" WIDTH="47" HEIGHT="24" CONTENT="the" WC="0.88" CC="030"/>
						<SP ID="P259_SP00037" HPOS="356" VPOS="425" WIDTH="20"/>
						<String ID="P259_ST00044" HPOS="376" VPOS="409" WIDTH="75" HEIGHT="16" CONTENT="same" WC="1.00" CC="0000"/>
						<SP ID="P259_SP00038" HPOS="451" VPOS="425" WIDTH="20"/>
						<String ID="P259_ST00045" HPOS="471" VPOS="401" WIDTH="102" HEIGHT="24" CONTENT="animal" WC="0.88" CC="034000"/>
						<SP ID="P259_SP00039" HPOS="573" VPOS="425" WIDTH="13"/>
						<String ID="P259_ST00046" HPOS="586" VPOS="409" WIDTH="56" HEIGHT="17" CONTENT="was" WC="1.00" CC="000"/>
						<SP ID="P259_SP00040" HPOS="642" VPOS="426" WIDTH="21"/>
						<String ID="P259_ST00047" HPOS="663" VPOS="400" WIDTH="83" HEIGHT="25" CONTENT="found" WC="0.97" CC="00010"/>
						<SP ID="P259_SP00041" HPOS="746" VPOS="426" WIDTH="19"/>
						<String ID="P259_ST00048" HPOS="765" VPOS="400" WIDTH="27" HEIGHT="25" CONTENT="in" WC="0.69" CC="23"/>
						<SP ID="P259_SP00042" HPOS="792" VPOS="426" WIDTH="20"/>
						<String ID="P259_ST00049" HPOS="812" VPOS="409" WIDTH="15" HEIGHT="16" CONTENT="a" WC="1.00" CC="0"/>
						<SP ID="P259_SP00043" HPOS="827" VPOS="426" WIDTH="20"/>
						<String ID="P259_ST00050" HPOS="847" VPOS="409" WIDTH="100" HEIGHT="25" CONTENT="quarry" WC="0.86" CC="005200"/>
						<SP ID="P259_SP00044" HPOS="947" VPOS="434" WIDTH="15"/>
						<String ID="P259_ST00051" HPOS="962" VPOS="404" WIDTH="27" HEIGHT="21" CONTENT="at" WC="1.00" CC="00"/>
					</TextLine>
					<TextLine ID="P259_TL00008" HPOS="133" VPOS="445" WIDTH="860" HEIGHT="33">
						<String ID="P259_ST00052" HPOS="133" VPOS="446" WIDTH="169" HEIGHT="24" CONTENT="Bonchurch" WC="0.78" CC="406021005"/>
						<String ID="P259_ST00053" HPOS="312" VPOS="455" WIDTH="5" HEIGHT="19" CONTENT=";" WC="0.67" CC="3"/>
						<SP ID="P259_SP00045" HPOS="317" VPOS="474" WIDTH="22"/>
						<String ID="P259_ST00054" HPOS="339" VPOS="446" WIDTH="53" HEIGHT="24" CONTENT="and" WC="1.00" CC="000"/>
						<SP ID="P259_SP00046" HPOS="392" VPOS="474" WIDTH="21"/>
						<String ID="P259_ST00055" HPOS="413" VPOS="455" WIDTH="15" HEIGHT="15" CONTENT="a" WC="1.00" CC="0"/>
						<SP ID="P259_SP00047" HPOS="428" VPOS="474" WIDTH="20"/>
						<String ID="P259_ST00056" HPOS="448" VPOS="446" WIDTH="52" HEIGHT="25" CONTENT="bed" WC="0.68" CC="090"/>
						<SP ID="P259_SP00048" HPOS="500" VPOS="474" WIDTH="16"/>
						<String ID="P259_ST00057" HPOS="516" VPOS="445" WIDTH="68" HEIGHT="25" CONTENT="i8in." WC="0.79" CC="10350"/>
						<SP ID="P259_SP00049" HPOS="584" VPOS="474" WIDTH="15"/>
						<String ID="P259_ST00058" HPOS="599" VPOS="446" WIDTH="26" HEIGHT="24" CONTENT="in" WC="0.86" CC="20"/>
						<SP ID="P259_SP00050" HPOS="625" VPOS="474" WIDTH="15"/>
						<String ID="P259_ST00059" HPOS="640" VPOS="446" WIDTH="148" HEIGHT="28" CONTENT="thickness," WC="0.95" CC="0100020000"/>
						<SP ID="P259_SP00051" HPOS="788" VPOS="474" WIDTH="15"/>
						<String ID="P259_ST00060" HPOS="803" VPOS="446" WIDTH="148" HEIGHT="32" CONTENT="composed" WC="0.99" CC="00000000"/>
						<SP ID="P259_SP00052" HPOS="951" VPOS="478" WIDTH="14"/>
						<String ID="P259_ST00061" HPOS="965" VPOS="445" WIDTH="28" HEIGHT="25" CONTENT="of" WC="1.00" CC="00"/>
					</TextLine>
					<TextLine ID="P259_TL00009" HPOS="133" VPOS="490" WIDTH="857" HEIGHT="33">
						<String ID="P259_ST00062" HPOS="133" VPOS="490" WIDTH="95" HEIGHT="25" CONTENT="cockle" WC="0.93" CC="001020"/>
						<SP ID="P259_SP00053" HPOS="228" VPOS="515" WIDTH="15"/>
						<String ID="P259_ST00063" HPOS="243" VPOS="491" WIDTH="91" HEIGHT="28" CONTENT="shells," WC="0.95" CC="0002000"/>
						<SP ID="P259_SP00054" HPOS="334" VPOS="519" WIDTH="15"/>
						<String ID="P259_ST00064" HPOS="349" VPOS="500" WIDTH="56" HEIGHT="16" CONTENT="was" WC="1.00" CC="000"/>
						<SP ID="P259_SP00055" HPOS="405" VPOS="519" WIDTH="20"/>
						<String ID="P259_ST00065" HPOS="425" VPOS="490" WIDTH="161" HEIGHT="25" CONTENT="discovered" WC="0.89" CC="0400000600"/>
						<SP ID="P259_SP00056" HPOS="586" VPOS="519" WIDTH="20"/>
						<String ID="P259_ST00066" HPOS="606" VPOS="490" WIDTH="26" HEIGHT="25" CONTENT="in" WC="0.63" CC="33"/>
						<SP ID="P259_SP00057" HPOS="632" VPOS="519" WIDTH="20"/>
						<String ID="P259_ST00067" HPOS="652" VPOS="490" WIDTH="46" HEIGHT="25" CONTENT="the" WC="0.87" CC="030"/>
						<SP ID="P259_SP00058" HPOS="698" VPOS="519" WIDTH="20"/>
						<String ID="P259_ST00068" HPOS="718" VPOS="490" WIDTH="105" HEIGHT="25" CONTENT="crevice" WC="0.93" CC="0000400"/>
						<SP ID="P259_SP00059" HPOS="823" VPOS="519" WIDTH="19"/>
						<String ID="P259_ST00069" HPOS="842" VPOS="490" WIDTH="30" HEIGHT="25" CONTENT="of" WC="0.95" CC="10"/>
						<SP ID="P259_SP00060" HPOS="872" VPOS="519" WIDTH="16"/>
						<String ID="P259_ST00070" HPOS="888" VPOS="500" WIDTH="15" HEIGHT="15" CONTENT="a" WC="1.00" CC="0"/>
						<SP ID="P259_SP00061" HPOS="903" VPOS="519" WIDTH="13"/>
						<String ID="P259_ST00071" HPOS="916" VPOS="491" WIDTH="74" HEIGHT="32" CONTENT="large" WC="0.97" CC="01000"/>
					</TextLine>
					<TextLine ID="P259_TL00010" HPOS="133" VPOS="536" WIDTH="858" HEIGHT="25">
						<String ID="P259_ST00072" HPOS="133" VPOS="536" WIDTH="76" HEIGHT="25" CONTENT="rock." WC="0.93" CC="30000"/>
						<SP ID="P259_SP00062" HPOS="209" VPOS="561" WIDTH="38"/>
						<String ID="P259_ST00073" HPOS="247" VPOS="536" WIDTH="39" HEIGHT="25" CONTENT="As" WC="1.00" CC="00"/>
						<SP ID="P259_SP00063" HPOS="286" VPOS="561" WIDTH="19"/>
						<String ID="P259_ST00074" HPOS="305" VPOS="545" WIDTH="35" HEIGHT="16" CONTENT="no" WC="0.69" CC="60"/>
						<SP ID="P259_SP00064" HPOS="340" VPOS="561" WIDTH="20"/>
						<String ID="P259_ST00075" HPOS="360" VPOS="536" WIDTH="110" HEIGHT="25" CONTENT="cockles" WC="1.00" CC="0000000"/>
						<SP ID="P259_SP00065" HPOS="470" VPOS="561" WIDTH="13"/>
						<String ID="P259_ST00076" HPOS="483" VPOS="536" WIDTH="81" HEIGHT="25" CONTENT="could" WC="0.83" CC="31300"/>
						<SP ID="P259_SP00066" HPOS="564" VPOS="561" WIDTH="19"/>
						<String ID="P259_ST00077" HPOS="583" VPOS="536" WIDTH="71" HEIGHT="25" CONTENT="have" WC="0.52" CC="6740"/>
						<SP ID="P259_SP00067" HPOS="654" VPOS="561" WIDTH="18"/>
						<String ID="P259_ST00078" HPOS="672" VPOS="537" WIDTH="68" HEIGHT="24" CONTENT="been" WC="0.99" CC="0000"/>
						<SP ID="P259_SP00068" HPOS="740" VPOS="561" WIDTH="13"/>
						<String ID="P259_ST00079" HPOS="753" VPOS="536" WIDTH="130" HEIGHT="25" CONTENT="obtained" WC="0.78" CC="00045700"/>
						<SP ID="P259_SP00069" HPOS="883" VPOS="561" WIDTH="13"/>
						<String ID="P259_ST00080" HPOS="896" VPOS="545" WIDTH="95" HEIGHT="16" CONTENT="nearer" WC="0.84" CC="300005"/>
					</TextLine>
					<TextLine ID="P259_TL00011" HPOS="133" VPOS="580" WIDTH="858" HEIGHT="34">
						<String ID="P259_ST00081" HPOS="133" VPOS="581" WIDTH="68" HEIGHT="24" CONTENT="than" WC="0.90" CC="0003"/>
						<SP ID="P259_SP00070" HPOS="201" VPOS="605" WIDTH="15"/>
						<String ID="P259_ST00082" HPOS="216" VPOS="580" WIDTH="124" HEIGHT="33" CONTENT="Brading" WC="0.74" CC="3090130"/>
						<SP ID="P259_SP00071" HPOS="340" VPOS="613" WIDTH="15"/>
						<String ID="P259_ST00083" HPOS="355" VPOS="582" WIDTH="100" HEIGHT="24" CONTENT="Haven" WC="0.88" CC="00104"/>
						<SP ID="P259_SP00072" HPOS="455" VPOS="613" WIDTH="15"/>
						<String ID="P259_ST00084" HPOS="470" VPOS="582" WIDTH="71" HEIGHT="30" CONTENT="(now" WC="0.95" CC="0200"/>
						<SP ID="P259_SP00073" HPOS="541" VPOS="613" WIDTH="15"/>
						<String ID="P259_ST00085" HPOS="556" VPOS="581" WIDTH="128" HEIGHT="24" CONTENT="enclosed" WC="0.83" CC="03030006"/>
						<SP ID="P259_SP00074" HPOS="684" VPOS="613" WIDTH="18"/>
						<String ID="P259_ST00086" HPOS="702" VPOS="581" WIDTH="69" HEIGHT="25" CONTENT="from" WC="0.92" CC="0300"/>
						<SP ID="P259_SP00075" HPOS="771" VPOS="613" WIDTH="19"/>
						<String ID="P259_ST00087" HPOS="790" VPOS="581" WIDTH="47" HEIGHT="24" CONTENT="the" WC="0.85" CC="040"/>
						<SP ID="P259_SP00076" HPOS="837" VPOS="613" WIDTH="19"/>
						<String ID="P259_ST00088" HPOS="856" VPOS="581" WIDTH="66" HEIGHT="33" CONTENT="sea)," WC="1.00" CC="00000"/>
						<SP ID="P259_SP00077" HPOS="922" VPOS="614" WIDTH="14"/>
						<String ID="P259_ST00089" HPOS="936" VPOS="580" WIDTH="55" HEIGHT="26" CONTENT="this" WC="0.86" CC="0400"/>
					</TextLine>
					<TextLine ID="P259_TL00012" HPOS="134" VPOS="625" WIDTH="568" HEIGHT="31">
						<String ID="P259_ST00090" HPOS="134" VPOS="626" WIDTH="142" HEIGHT="24" CONTENT="doubtless" WC="1.00" CC="000000000"/>
						<SP ID="P259_SP00078" HPOS="276" VPOS="650" WIDTH="15"/>
						<String ID="P259_ST00091" HPOS="291" VPOS="634" WIDTH="68" HEIGHT="16" CONTENT="once" WC="0.93" CC="0200"/>
						<SP ID="P259_SP00079" HPOS="359" VPOS="650" WIDTH="14"/>
						<String ID="P259_ST00092" HPOS="373" VPOS="625" WIDTH="105" HEIGHT="25" CONTENT="formed" WC="0.99" CC="000000"/>
						<SP ID="P259_SP00080" HPOS="478" VPOS="650" WIDTH="14"/>
						<String ID="P259_ST00093" HPOS="492" VPOS="634" WIDTH="15" HEIGHT="16" CONTENT="a" WC="0.45" CC="5"/>
						<SP ID="P259_SP00081" HPOS="507" VPOS="650" WIDTH="13"/>
						<String ID="P259_ST00094" HPOS="520" VPOS="625" WIDTH="89" HEIGHT="25" CONTENT="refuse" WC="0.93" CC="000300"/>
						<SP ID="P259_SP00082" HPOS="609" VPOS="650" WIDTH="14"/>
						<String ID="P259_ST00095" HPOS="623" VPOS="626" WIDTH="79" HEIGHT="30" CONTENT="heap." WC="0.98" CC="00000"/>
					</TextLine>
				</TextBlock>
				<TextBlock ID="P259_TB00005" HPOS="133" VPOS="669" WIDTH="860" HEIGHT="614" STYLEREFS="TXT_0 PAR_LEFT">
					<TextLine ID="P259_TL00013" HPOS="182" VPOS="670" WIDTH="809" HEIGHT="33">
						<String ID="P259_ST00096" HPOS="182" VPOS="671" WIDTH="60" HEIGHT="24" CONTENT="The" WC="0.81" CC="050"/>
						<SP ID="P259_SP00083" HPOS="242" VPOS="695" WIDTH="13"/>
						<String ID="P259_ST00097" HPOS="255" VPOS="671" WIDTH="138" HEIGHT="32" CONTENT="following" WC="0.88" CC="005000040"/>
						<SP ID="P259_SP00084" HPOS="393" VPOS="703" WIDTH="20"/>
						<String ID="P259_ST00098" HPOS="413" VPOS="670" WIDTH="144" HEIGHT="33" CONTENT="discovery" WC="0.90" CC="030004010"/>
						<SP ID="P259_SP00085" HPOS="557" VPOS="703" WIDTH="13"/>
						<String ID="P259_ST00099" HPOS="570" VPOS="670" WIDTH="22" HEIGHT="25" CONTENT="is" WC="0.75" CC="40"/>
						<SP ID="P259_SP00086" HPOS="592" VPOS="703" WIDTH="21"/>
						<String ID="P259_ST00100" HPOS="613" VPOS="679" WIDTH="15" HEIGHT="15" CONTENT="a" WC="0.39" CC="6"/>
						<SP ID="P259_SP00087" HPOS="628" VPOS="703" WIDTH="18"/>
						<String ID="P259_ST00101" HPOS="646" VPOS="671" WIDTH="92" HEIGHT="32" CONTENT="sequel" WC="0.97" CC="100000"/>
						<SP ID="P259_SP00088" HPOS="738" VPOS="703" WIDTH="13"/>
						<String ID="P259_ST00102" HPOS="751" VPOS="675" WIDTH="28" HEIGHT="20" CONTENT="to" WC="0.88" CC="02"/>
						<SP ID="P259_SP00089" HPOS="779" VPOS="703" WIDTH="15"/>
						<String ID="P259_ST00103" HPOS="794" VPOS="672" WIDTH="48" HEIGHT="23" CONTENT="Dr." WC="0.95" CC="001"/>
						<SP ID="P259_SP00090" HPOS="842" VPOS="703" WIDTH="16"/>
						<String ID="P259_ST00104" HPOS="858" VPOS="670" WIDTH="116" HEIGHT="25" CONTENT="Martins" WC="0.82" CC="0000660"/>
						<SP ID="P259_SP00091" HPOS="974" VPOS="703" WIDTH="11"/>
						<String ID="P259_ST00105" HPOS="985" VPOS="680" WIDTH="6" HEIGHT="15" CONTENT=":" WC="1.00" CC="0"/>
					</TextLine>
					<TextLine ID="P259_TL00014" HPOS="136" VPOS="715" WIDTH="855" HEIGHT="33">
						<String ID="P259_ST00106" HPOS="136" VPOS="716" WIDTH="82" HEIGHT="25" CONTENT="Some" WC="1.00" CC="0000"/>
						<SP ID="P259_SP00092" HPOS="218" VPOS="741" WIDTH="14"/>
						<String ID="P259_ST00107" HPOS="232" VPOS="716" WIDTH="140" HEIGHT="24" CONTENT="workmen" WC="0.93" CC="0040000"/>
						<SP ID="P259_SP00093" HPOS="372" VPOS="741" WIDTH="14"/>
						<String ID="P259_ST00108" HPOS="386" VPOS="715" WIDTH="111" HEIGHT="33" CONTENT="digging" WC="0.79" CC="0400440"/>
						<SP ID="P259_SP00094" HPOS="497" VPOS="748" WIDTH="14"/>
						<String ID="P259_ST00109" HPOS="511" VPOS="715" WIDTH="95" HEIGHT="25" CONTENT="within" WC="0.88" CC="020021"/>
						<SP ID="P259_SP00095" HPOS="606" VPOS="748" WIDTH="14"/>
						<String ID="P259_ST00110" HPOS="620" VPOS="724" WIDTH="15" HEIGHT="15" CONTENT="a" WC="1.00" CC="0"/>
						<SP ID="P259_SP00096" HPOS="635" VPOS="748" WIDTH="14"/>
						<String ID="P259_ST00111" HPOS="649" VPOS="715" WIDTH="124" HEIGHT="24" CONTENT="distance" WC="0.90" CC="03000400"/>
						<SP ID="P259_SP00097" HPOS="773" VPOS="748" WIDTH="14"/>
						<String ID="P259_ST00112" HPOS="787" VPOS="715" WIDTH="29" HEIGHT="24" CONTENT="of" WC="0.97" CC="00"/>
						<SP ID="P259_SP00098" HPOS="816" VPOS="748" WIDTH="14"/>
						<String ID="P259_ST00113" HPOS="830" VPOS="715" WIDTH="59" HEIGHT="33" CONTENT="fifty" WC="0.98" CC="00100"/>
						<SP ID="P259_SP00099" HPOS="889" VPOS="748" WIDTH="12"/>
						<String ID="P259_ST00114" HPOS="901" VPOS="716" WIDTH="90" HEIGHT="32" CONTENT="yards," WC="0.87" CC="000700"/>
					</TextLine>
					<TextLine ID="P259_TL00015" HPOS="136" VPOS="759" WIDTH="856" HEIGHT="33">
						<String ID="P259_ST00115" HPOS="136" VPOS="761" WIDTH="54" HEIGHT="24" CONTENT="and" WC="0.67" CC="450"/>
						<SP ID="P259_SP00100" HPOS="190" VPOS="785" WIDTH="15"/>
						<String ID="P259_ST00116" HPOS="205" VPOS="760" WIDTH="26" HEIGHT="24" CONTENT="in" WC="0.51" CC="63"/>
						<SP ID="P259_SP00101" HPOS="231" VPOS="785" WIDTH="15"/>
						<String ID="P259_ST00117" HPOS="246" VPOS="769" WIDTH="15" HEIGHT="15" CONTENT="a" WC="1.00" CC="0"/>
						<SP ID="P259_SP00102" HPOS="261" VPOS="785" WIDTH="14"/>
						<String ID="P259_ST00118" HPOS="275" VPOS="760" WIDTH="87" HEIGHT="24" CONTENT="direct" WC="0.91" CC="050000"/>
						<SP ID="P259_SP00103" HPOS="362" VPOS="785" WIDTH="14"/>
						<String ID="P259_ST00119" HPOS="376" VPOS="760" WIDTH="55" HEIGHT="24" CONTENT="line" WC="0.90" CC="0300"/>
						<SP ID="P259_SP00104" HPOS="431" VPOS="785" WIDTH="18"/>
						<String ID="P259_ST00120" HPOS="449" VPOS="761" WIDTH="88" HEIGHT="24" CONTENT="above" WC="1.00" CC="00000"/>
						<SP ID="P259_SP00105" HPOS="537" VPOS="785" WIDTH="19"/>
						<String ID="P259_ST00121" HPOS="556" VPOS="760" WIDTH="46" HEIGHT="24" CONTENT="the" WC="1.00" CC="000"/>
						<SP ID="P259_SP00106" HPOS="602" VPOS="785" WIDTH="20"/>
						<String ID="P259_ST00122" HPOS="622" VPOS="764" WIDTH="61" HEIGHT="28" CONTENT="spot" WC="0.99" CC="0000"/>
						<SP ID="P259_SP00107" HPOS="683" VPOS="792" WIDTH="19"/>
						<String ID="P259_ST00123" HPOS="702" VPOS="760" WIDTH="34" HEIGHT="24" CONTENT="he" WC="0.70" CC="60"/>
						<SP ID="P259_SP00108" HPOS="736" VPOS="792" WIDTH="15"/>
						<String ID="P259_ST00124" HPOS="751" VPOS="759" WIDTH="144" HEIGHT="29" CONTENT="mentions," WC="0.88" CC="005050000"/>
						<SP ID="P259_SP00109" HPOS="895" VPOS="792" WIDTH="14"/>
						<String ID="P259_ST00125" HPOS="909" VPOS="760" WIDTH="83" HEIGHT="24" CONTENT="found" WC="0.93" CC="01100"/>
					</TextLine>
					<TextLine ID="P259_TL00016" HPOS="136" VPOS="804" WIDTH="857" HEIGHT="34">
						<String ID="P259_ST00126" HPOS="136" VPOS="805" WIDTH="172" HEIGHT="24" CONTENT="underneath" WC="0.77" CC="5000560006"/>
						<SP ID="P259_SP00110" HPOS="308" VPOS="829" WIDTH="14"/>
						<String ID="P259_ST00127" HPOS="322" VPOS="814" WIDTH="15" HEIGHT="15" CONTENT="a" WC="1.00" CC="0"/>
						<SP ID="P259_SP00111" HPOS="337" VPOS="829" WIDTH="14"/>
						<String ID="P259_ST00128" HPOS="351" VPOS="805" WIDTH="75" HEIGHT="32" CONTENT="large" WC="0.83" CC="16000"/>
						<SP ID="P259_SP00112" HPOS="426" VPOS="837" WIDTH="13"/>
						<String ID="P259_ST00129" HPOS="439" VPOS="805" WIDTH="65" HEIGHT="24" CONTENT="rock" WC="0.95" CC="0200"/>
						<SP ID="P259_SP00113" HPOS="504" VPOS="837" WIDTH="19"/>
						<String ID="P259_ST00130" HPOS="523" VPOS="805" WIDTH="66" HEIGHT="33" CONTENT="they" WC="0.83" CC="0600"/>
						<SP ID="P259_SP00114" HPOS="589" VPOS="838" WIDTH="12"/>
						<String ID="P259_ST00131" HPOS="601" VPOS="813" WIDTH="71" HEIGHT="16" CONTENT="were" WC="1.00" CC="0000"/>
						<SP ID="P259_SP00115" HPOS="672" VPOS="838" WIDTH="16"/>
						<String ID="P259_ST00132" HPOS="688" VPOS="804" WIDTH="141" HEIGHT="33" CONTENT="removing" WC="0.79" CC="00005550"/>
						<SP ID="P259_SP00116" HPOS="829" VPOS="838" WIDTH="18"/>
						<String ID="P259_ST00133" HPOS="847" VPOS="805" WIDTH="47" HEIGHT="24" CONTENT="the" WC="0.90" CC="020"/>
						<SP ID="P259_SP00117" HPOS="894" VPOS="838" WIDTH="13"/>
						<String ID="P259_ST00134" HPOS="907" VPOS="805" WIDTH="86" HEIGHT="24" CONTENT="entire" WC="0.83" CC="050400"/>
					</TextLine>
					<TextLine ID="P259_TL00017" HPOS="135" VPOS="848" WIDTH="857" HEIGHT="33">
						<String ID="P259_ST00135" HPOS="135" VPOS="850" WIDTH="125" HEIGHT="25" CONTENT="skeleton" WC="0.95" CC="00030000"/>
						<SP ID="P259_SP00118" HPOS="260" VPOS="875" WIDTH="20"/>
						<String ID="P259_ST00136" HPOS="280" VPOS="849" WIDTH="30" HEIGHT="25" CONTENT="of" WC="0.89" CC="02"/>
						<SP ID="P259_SP00119" HPOS="310" VPOS="875" WIDTH="17"/>
						<String ID="P259_ST00137" HPOS="327" VPOS="858" WIDTH="16" HEIGHT="15" CONTENT="a" WC="1.00" CC="0"/>
						<SP ID="P259_SP00120" HPOS="343" VPOS="875" WIDTH="18"/>
						<String ID="P259_ST00138" HPOS="361" VPOS="858" WIDTH="72" HEIGHT="15" CONTENT="man." WC="1.00" CC="0000"/>
						<SP ID="P259_SP00121" HPOS="433" VPOS="875" WIDTH="40"/>
						<String ID="P259_ST00139" HPOS="473" VPOS="849" WIDTH="24" HEIGHT="24" CONTENT="It" WC="0.83" CC="30"/>
						<SP ID="P259_SP00122" HPOS="497" VPOS="875" WIDTH="15"/>
						<String ID="P259_ST00140" HPOS="512" VPOS="858" WIDTH="56" HEIGHT="15" CONTENT="was" WC="1.00" CC="000"/>
						<SP ID="P259_SP00123" HPOS="568" VPOS="875" WIDTH="20"/>
						<String ID="P259_ST00141" HPOS="588" VPOS="849" WIDTH="27" HEIGHT="23" CONTENT="in" WC="1.00" CC="00"/>
						<SP ID="P259_SP00124" HPOS="615" VPOS="875" WIDTH="21"/>
						<String ID="P259_ST00142" HPOS="636" VPOS="857" WIDTH="15" HEIGHT="15" CONTENT="a" WC="1.00" CC="0"/>
						<SP ID="P259_SP00125" HPOS="651" VPOS="875" WIDTH="21"/>
						<String ID="P259_ST00143" HPOS="672" VPOS="848" WIDTH="95" HEIGHT="33" CONTENT="sitting" WC="0.82" CC="0100108"/>
						<SP ID="P259_SP00126" HPOS="767" VPOS="881" WIDTH="18"/>
						<String ID="P259_ST00144" HPOS="785" VPOS="853" WIDTH="121" HEIGHT="27" CONTENT="posture," WC="0.92" CC="00001310"/>
						<SP ID="P259_SP00127" HPOS="906" VPOS="881" WIDTH="20"/>
						<String ID="P259_ST00145" HPOS="926" VPOS="848" WIDTH="66" HEIGHT="25" CONTENT="with" WC="0.87" CC="0400"/>
					</TextLine>
					<TextLine ID="P259_TL00018" HPOS="134" VPOS="893" WIDTH="858" HEIGHT="33">
						<String ID="P259_ST00146" HPOS="134" VPOS="894" WIDTH="49" HEIGHT="25" CONTENT="the" WC="0.98" CC="000"/>
						<SP ID="P259_SP00128" HPOS="183" VPOS="919" WIDTH="20"/>
						<String ID="P259_ST00147" HPOS="203" VPOS="894" WIDTH="71" HEIGHT="25" CONTENT="skull" WC="0.82" CC="00322"/>
						<SP ID="P259_SP00129" HPOS="274" VPOS="919" WIDTH="20"/>
						<String ID="P259_ST00148" HPOS="294" VPOS="894" WIDTH="54" HEIGHT="24" CONTENT="and" WC="1.00" CC="000"/>
						<SP ID="P259_SP00130" HPOS="348" VPOS="919" WIDTH="19"/>
						<String ID="P259_ST00149" HPOS="367" VPOS="893" WIDTH="90" HEIGHT="33" CONTENT="spinal" WC="0.87" CC="000430"/>
						<SP ID="P259_SP00131" HPOS="457" VPOS="926" WIDTH="23"/>
						<String ID="P259_ST00150" HPOS="480" VPOS="894" WIDTH="110" HEIGHT="24" CONTENT="column" WC="0.88" CC="000004"/>
						<SP ID="P259_SP00132" HPOS="590" VPOS="926" WIDTH="22"/>
						<String ID="P259_ST00151" HPOS="612" VPOS="893" WIDTH="146" HEIGHT="28" CONTENT="fractured," WC="0.81" CC="5300242001"/>
						<SP ID="P259_SP00133" HPOS="758" VPOS="926" WIDTH="20"/>
						<String ID="P259_ST00152" HPOS="778" VPOS="893" WIDTH="53" HEIGHT="24" CONTENT="and" WC="0.85" CC="040"/>
						<SP ID="P259_SP00134" HPOS="831" VPOS="926" WIDTH="19"/>
						<String ID="P259_ST00153" HPOS="850" VPOS="893" WIDTH="67" HEIGHT="25" CONTENT="both" WC="0.95" CC="0001"/>
						<SP ID="P259_SP00135" HPOS="917" VPOS="926" WIDTH="19"/>
						<String ID="P259_ST00154" HPOS="936" VPOS="894" WIDTH="56" HEIGHT="31" CONTENT="legs" WC="1.00" CC="0000"/>
					</TextLine>
					<TextLine ID="P259_TL00019" HPOS="135" VPOS="937" WIDTH="857" HEIGHT="34">
						<String ID="P259_ST00155" HPOS="135" VPOS="940" WIDTH="113" HEIGHT="25" CONTENT="broken." WC="0.91" CC="0000032"/>
						<SP ID="P259_SP00136" HPOS="248" VPOS="965" WIDTH="39"/>
						<String ID="P259_ST00156" HPOS="287" VPOS="939" WIDTH="59" HEIGHT="24" CONTENT="The" WC="1.00" CC="000"/>
						<SP ID="P259_SP00137" HPOS="346" VPOS="965" WIDTH="14"/>
						<String ID="P259_ST00157" HPOS="360" VPOS="947" WIDTH="63" HEIGHT="16" CONTENT="man" WC="0.61" CC="064"/>
						<SP ID="P259_SP00138" HPOS="423" VPOS="965" WIDTH="14"/>
						<String ID="P259_ST00158" HPOS="437" VPOS="938" WIDTH="55" HEIGHT="24" CONTENT="had" WC="0.71" CC="530"/>
						<SP ID="P259_SP00139" HPOS="492" VPOS="965" WIDTH="15"/>
						<String ID="P259_ST00159" HPOS="507" VPOS="938" WIDTH="139" HEIGHT="33" CONTENT="evidently" WC="0.87" CC="043003000"/>
						<SP ID="P259_SP00140" HPOS="646" VPOS="971" WIDTH="10"/>
						<String ID="P259_ST00160" HPOS="656" VPOS="938" WIDTH="68" HEIGHT="25" CONTENT="been" WC="1.00" CC="0000"/>
						<SP ID="P259_SP00141" HPOS="724" VPOS="971" WIDTH="14"/>
						<String ID="P259_ST00161" HPOS="738" VPOS="937" WIDTH="117" HEIGHT="25" CONTENT="crushed" WC="0.94" CC="0000300"/>
						<SP ID="P259_SP00142" HPOS="855" VPOS="971" WIDTH="13"/>
						<String ID="P259_ST00162" HPOS="868" VPOS="942" WIDTH="28" HEIGHT="20" CONTENT="to" WC="1.00" CC="00"/>
						<SP ID="P259_SP00143" HPOS="896" VPOS="971" WIDTH="14"/>
						<String ID="P259_ST00163" HPOS="910" VPOS="937" WIDTH="82" HEIGHT="25" CONTENT="death" WC="0.85" CC="00402"/>
					</TextLine>
					<TextLine ID="P259_TL00020" HPOS="136" VPOS="982" WIDTH="856" HEIGHT="34">
						<String ID="P259_ST00164" HPOS="136" VPOS="985" WIDTH="36" HEIGHT="31" CONTENT="by" WC="0.96" CC="00"/>
						<SP ID="P259_SP00144" HPOS="172" VPOS="1016" WIDTH="14"/>
						<String ID="P259_ST00165" HPOS="186" VPOS="984" WIDTH="46" HEIGHT="25" CONTENT="the" WC="0.84" CC="040"/>
						<SP ID="P259_SP00145" HPOS="232" VPOS="1016" WIDTH="14"/>
						<String ID="P259_ST00166" HPOS="246" VPOS="984" WIDTH="67" HEIGHT="25" CONTENT="rock" WC="0.94" CC="0200"/>
						<SP ID="P259_SP00146" HPOS="313" VPOS="1016" WIDTH="13"/>
						<String ID="P259_ST00167" HPOS="326" VPOS="983" WIDTH="91" HEIGHT="26" CONTENT="which" WC="0.60" CC="94203"/>
						<SP ID="P259_SP00147" HPOS="417" VPOS="1016" WIDTH="20"/>
						<String ID="P259_ST00168" HPOS="437" VPOS="984" WIDTH="58" HEIGHT="23" CONTENT="also" WC="0.76" CC="4500"/>
						<SP ID="P259_SP00148" HPOS="495" VPOS="1016" WIDTH="19"/>
						<String ID="P259_ST00169" HPOS="514" VPOS="982" WIDTH="105" HEIGHT="25" CONTENT="formed" WC="0.80" CC="004600"/>
						<SP ID="P259_SP00149" HPOS="619" VPOS="1016" WIDTH="13"/>
						<String ID="P259_ST00170" HPOS="632" VPOS="982" WIDTH="42" HEIGHT="25" CONTENT="his" WC="0.74" CC="600"/>
						<SP ID="P259_SP00150" HPOS="674" VPOS="1016" WIDTH="15"/>
						<String ID="P259_ST00171" HPOS="689" VPOS="987" WIDTH="167" HEIGHT="19" CONTENT="monument." WC="0.82" CC="006080100"/>
						<SP ID="P259_SP00151" HPOS="856" VPOS="1016" WIDTH="39"/>
						<String ID="P259_ST00172" HPOS="895" VPOS="982" WIDTH="97" HEIGHT="33" CONTENT="Again," WC="0.95" CC="000300"/>
					</TextLine>
					<TextLine ID="P259_TL00021" HPOS="135" VPOS="1026" WIDTH="858" HEIGHT="35">
						<String ID="P259_ST00173" HPOS="135" VPOS="1029" WIDTH="85" HEIGHT="24" CONTENT="about" WC="1.00" CC="00000"/>
						<SP ID="P259_SP00152" HPOS="220" VPOS="1053" WIDTH="25"/>
						<String ID="P259_ST00174" HPOS="245" VPOS="1037" WIDTH="31" HEIGHT="16" CONTENT="20" WC="1.00" CC="00"/>
						<SP ID="P259_SP00153" HPOS="276" VPOS="1053" WIDTH="22"/>
						<String ID="P259_ST00175" HPOS="298" VPOS="1028" WIDTH="82" HEIGHT="33" CONTENT="yards" WC="0.93" CC="00300"/>
						<SP ID="P259_SP00154" HPOS="380" VPOS="1061" WIDTH="21"/>
						<String ID="P259_ST00176" HPOS="401" VPOS="1028" WIDTH="27" HEIGHT="25" CONTENT="in" WC="0.75" CC="04"/>
						<SP ID="P259_SP00155" HPOS="428" VPOS="1061" WIDTH="23"/>
						<String ID="P259_ST00177" HPOS="451" VPOS="1037" WIDTH="14" HEIGHT="15" CONTENT="a" WC="1.00" CC="0"/>
						<SP ID="P259_SP00156" HPOS="465" VPOS="1061" WIDTH="20"/>
						<String ID="P259_ST00178" HPOS="485" VPOS="1027" WIDTH="54" HEIGHT="25" CONTENT="line" WC="0.66" CC="6070"/>
						<SP ID="P259_SP00157" HPOS="539" VPOS="1061" WIDTH="13"/>
						<String ID="P259_ST00179" HPOS="552" VPOS="1027" WIDTH="67" HEIGHT="25" CONTENT="with" WC="0.64" CC="9103"/>
						<SP ID="P259_SP00158" HPOS="619" VPOS="1061" WIDTH="19"/>
						<String ID="P259_ST00180" HPOS="638" VPOS="1027" WIDTH="47" HEIGHT="24" CONTENT="the" WC="0.83" CC="040"/>
						<SP ID="P259_SP00159" HPOS="685" VPOS="1061" WIDTH="18"/>
						<String ID="P259_ST00181" HPOS="703" VPOS="1027" WIDTH="79" HEIGHT="32" CONTENT="place" WC="0.96" CC="00010"/>
						<SP ID="P259_SP00160" HPOS="782" VPOS="1061" WIDTH="19"/>
						<String ID="P259_ST00182" HPOS="801" VPOS="1026" WIDTH="138" HEIGHT="25" CONTENT="indicated" WC="0.81" CC="420404000"/>
						<SP ID="P259_SP00161" HPOS="939" VPOS="1061" WIDTH="19"/>
						<String ID="P259_ST00183" HPOS="958" VPOS="1026" WIDTH="35" HEIGHT="33" CONTENT="by" WC="1.00" CC="00"/>
					</TextLine>
					<TextLine ID="P259_TL00022" HPOS="136" VPOS="1070" WIDTH="856" HEIGHT="32">
						<String ID="P259_ST00184" HPOS="136" VPOS="1074" WIDTH="49" HEIGHT="24" CONTENT="Dr." WC="1.00" CC="000"/>
						<SP ID="P259_SP00162" HPOS="185" VPOS="1098" WIDTH="17"/>
						<String ID="P259_ST00185" HPOS="202" VPOS="1073" WIDTH="113" HEIGHT="29" CONTENT="Martin," WC="0.83" CC="0050060"/>
						<SP ID="P259_SP00163" HPOS="315" VPOS="1102" WIDTH="15"/>
						<String ID="P259_ST00186" HPOS="330" VPOS="1073" WIDTH="47" HEIGHT="25" CONTENT="the" WC="0.91" CC="200"/>
						<SP ID="P259_SP00164" HPOS="377" VPOS="1102" WIDTH="20"/>
						<String ID="P259_ST00187" HPOS="397" VPOS="1073" WIDTH="138" HEIGHT="24" CONTENT="skeletons" WC="0.92" CC="000000150"/>
						<SP ID="P259_SP00165" HPOS="535" VPOS="1102" WIDTH="19"/>
						<String ID="P259_ST00188" HPOS="554" VPOS="1071" WIDTH="30" HEIGHT="25" CONTENT="of" WC="1.00" CC="00"/>
						<SP ID="P259_SP00166" HPOS="584" VPOS="1102" WIDTH="16"/>
						<String ID="P259_ST00189" HPOS="600" VPOS="1081" WIDTH="13" HEIGHT="15" CONTENT="a" WC="1.00" CC="0"/>
						<SP ID="P259_SP00167" HPOS="613" VPOS="1102" WIDTH="22"/>
						<String ID="P259_ST00190" HPOS="635" VPOS="1080" WIDTH="57" HEIGHT="16" CONTENT="cow" WC="1.00" CC="000"/>
						<SP ID="P259_SP00168" HPOS="692" VPOS="1102" WIDTH="15"/>
						<String ID="P259_ST00191" HPOS="707" VPOS="1071" WIDTH="53" HEIGHT="25" CONTENT="and" WC="0.55" CC="840"/>
						<SP ID="P259_SP00169" HPOS="760" VPOS="1102" WIDTH="19"/>
						<String ID="P259_ST00192" HPOS="779" VPOS="1070" WIDTH="56" HEIGHT="25" CONTENT="calf" WC="0.90" CC="0030"/>
						<SP ID="P259_SP00170" HPOS="835" VPOS="1102" WIDTH="16"/>
						<String ID="P259_ST00193" HPOS="851" VPOS="1079" WIDTH="70" HEIGHT="17" CONTENT="were" WC="0.83" CC="6000"/>
						<SP ID="P259_SP00171" HPOS="921" VPOS="1102" WIDTH="18"/>
						<String ID="P259_ST00194" HPOS="939" VPOS="1070" WIDTH="53" HEIGHT="25" CONTENT="dis" SUBS_TYPE="HypPart1" SUBS_CONTENT="discovered" WC="0.96" CC="0100"/>
						<HYP CONTENT="-"/>
					</TextLine>
					<TextLine ID="P259_TL00023" HPOS="136" VPOS="1114" WIDTH="857" HEIGHT="33">
						<String ID="P259_ST00195" HPOS="136" VPOS="1118" WIDTH="118" HEIGHT="24" CONTENT="covered" SUBS_TYPE="HypPart2" SUBS_CONTENT="discovered" WC="0.92" CC="0050000"/>
						<SP ID="P259_SP00172" HPOS="254" VPOS="1142" WIDTH="11"/>
						<String ID="P259_ST00196" HPOS="265" VPOS="1126" WIDTH="4" HEIGHT="21" CONTENT=";" WC="1.00" CC="0"/>
						<SP ID="P259_SP00173" HPOS="269" VPOS="1147" WIDTH="22"/>
						<String ID="P259_ST00197" HPOS="291" VPOS="1117" WIDTH="68" HEIGHT="25" CONTENT="both" WC="0.92" CC="0003"/>
						<SP ID="P259_SP00174" HPOS="359" VPOS="1147" WIDTH="16"/>
						<String ID="P259_ST00198" HPOS="375" VPOS="1125" WIDTH="71" HEIGHT="19" CONTENT="were" WC="0.69" CC="7400"/>
						<SP ID="P259_SP00175" HPOS="446" VPOS="1147" WIDTH="18"/>
						<String ID="P259_ST00199" HPOS="464" VPOS="1116" WIDTH="83" HEIGHT="25" CONTENT="much" WC="0.72" CC="0504"/>
						<SP ID="P259_SP00176" HPOS="547" VPOS="1147" WIDTH="20"/>
						<String ID="P259_ST00200" HPOS="567" VPOS="1115" WIDTH="118" HEIGHT="25" CONTENT="crushed" WC="0.81" CC="0010506"/>
						<SP ID="P259_SP00177" HPOS="685" VPOS="1147" WIDTH="20"/>
						<String ID="P259_ST00201" HPOS="705" VPOS="1115" WIDTH="52" HEIGHT="25" CONTENT="and" WC="0.91" CC="020"/>
						<SP ID="P259_SP00178" HPOS="757" VPOS="1147" WIDTH="21"/>
						<String ID="P259_ST00202" HPOS="778" VPOS="1115" WIDTH="110" HEIGHT="25" CONTENT="broken." WC="0.89" CC="0010040"/>
						<SP ID="P259_SP00179" HPOS="888" VPOS="1147" WIDTH="39"/>
						<String ID="P259_ST00203" HPOS="927" VPOS="1115" WIDTH="24" HEIGHT="24" CONTENT="It" WC="0.91" CC="10"/>
						<SP ID="P259_SP00180" HPOS="951" VPOS="1147" WIDTH="20"/>
						<String ID="P259_ST00204" HPOS="971" VPOS="1114" WIDTH="22" HEIGHT="25" CONTENT="is" WC="1.00" CC="00"/>
					</TextLine>
					<TextLine ID="P259_TL00024" HPOS="134" VPOS="1160" WIDTH="859" HEIGHT="36">
						<String ID="P259_ST00205" HPOS="134" VPOS="1164" WIDTH="122" HEIGHT="32" CONTENT="possible" WC="0.99" CC="00000000"/>
						<SP ID="P259_SP00181" HPOS="256" VPOS="1196" WIDTH="24"/>
						<String ID="P259_ST00206" HPOS="280" VPOS="1164" WIDTH="60" HEIGHT="24" CONTENT="that" WC="1.00" CC="0000"/>
						<SP ID="P259_SP00182" HPOS="340" VPOS="1196" WIDTH="24"/>
						<String ID="P259_ST00207" HPOS="364" VPOS="1163" WIDTH="67" HEIGHT="24" CONTENT="both" WC="0.79" CC="4003"/>
						<SP ID="P259_SP00183" HPOS="431" VPOS="1196" WIDTH="20"/>
						<String ID="P259_ST00208" HPOS="451" VPOS="1162" WIDTH="102" HEIGHT="24" CONTENT="human" WC="0.78" CC="60003"/>
						<SP ID="P259_SP00184" HPOS="553" VPOS="1196" WIDTH="22"/>
						<String ID="P259_ST00209" HPOS="575" VPOS="1161" WIDTH="53" HEIGHT="25" CONTENT="and" WC="0.99" CC="000"/>
						<SP ID="P259_SP00185" HPOS="628" VPOS="1196" WIDTH="23"/>
						<String ID="P259_ST00210" HPOS="651" VPOS="1160" WIDTH="101" HEIGHT="25" CONTENT="animal" WC="0.82" CC="900001"/>
						<SP ID="P259_SP00186" HPOS="752" VPOS="1196" WIDTH="25"/>
						<String ID="P259_ST00211" HPOS="777" VPOS="1160" WIDTH="45" HEIGHT="25" CONTENT="life" WC="0.92" CC="0300"/>
						<SP ID="P259_SP00187" HPOS="822" VPOS="1196" WIDTH="23"/>
						<String ID="P259_ST00212" HPOS="845" VPOS="1160" WIDTH="53" HEIGHT="25" CONTENT="had" WC="0.51" CC="680"/>
						<SP ID="P259_SP00188" HPOS="898" VPOS="1196" WIDTH="27"/>
						<String ID="P259_ST00213" HPOS="925" VPOS="1160" WIDTH="68" HEIGHT="25" CONTENT="been" WC="1.00" CC="0000"/>
					</TextLine>
					<TextLine ID="P259_TL00025" HPOS="134" VPOS="1205" WIDTH="859" HEIGHT="36">
						<String ID="P259_ST00214" HPOS="134" VPOS="1208" WIDTH="147" HEIGHT="33" CONTENT="destroyed" WC="1.00" CC="000000000"/>
						<SP ID="P259_SP00189" HPOS="281" VPOS="1241" WIDTH="23"/>
						<String ID="P259_ST00215" HPOS="304" VPOS="1209" WIDTH="36" HEIGHT="32" CONTENT="by" WC="0.70" CC="05"/>
						<SP ID="P259_SP00190" HPOS="340" VPOS="1241" WIDTH="25"/>
						<String ID="P259_ST00216" HPOS="365" VPOS="1217" WIDTH="16" HEIGHT="15" CONTENT="a" WC="1.00" CC="0"/>
						<SP ID="P259_SP00191" HPOS="381" VPOS="1241" WIDTH="22"/>
						<String ID="P259_ST00217" HPOS="403" VPOS="1208" WIDTH="105" HEIGHT="24" CONTENT="sudden" WC="0.94" CC="030000"/>
						<SP ID="P259_SP00192" HPOS="508" VPOS="1241" WIDTH="26"/>
						<String ID="P259_ST00218" HPOS="534" VPOS="1207" WIDTH="46" HEIGHT="24" CONTENT="fall" WC="0.86" CC="0230"/>
						<SP ID="P259_SP00193" HPOS="580" VPOS="1241" WIDTH="22"/>
						<String ID="P259_ST00219" HPOS="602" VPOS="1206" WIDTH="29" HEIGHT="24" CONTENT="of" WC="1.00" CC="00"/>
						<SP ID="P259_SP00194" HPOS="631" VPOS="1241" WIDTH="20"/>
						<String ID="P259_ST00220" HPOS="651" VPOS="1210" WIDTH="95" HEIGHT="25" CONTENT="strata," WC="0.95" CC="0300000"/>
						<SP ID="P259_SP00195" HPOS="746" VPOS="1241" WIDTH="18"/>
						<String ID="P259_ST00221" HPOS="764" VPOS="1206" WIDTH="103" HEIGHT="24" CONTENT="similar" WC="0.84" CC="0402003"/>
						<SP ID="P259_SP00196" HPOS="867" VPOS="1241" WIDTH="19"/>
						<String ID="P259_ST00222" HPOS="886" VPOS="1209" WIDTH="28" HEIGHT="21" CONTENT="to" WC="1.00" CC="00"/>
						<SP ID="P259_SP00197" HPOS="914" VPOS="1241" WIDTH="19"/>
						<String ID="P259_ST00223" HPOS="933" VPOS="1205" WIDTH="60" HEIGHT="25" CONTENT="that" WC="1.00" CC="0000"/>
					</TextLine>
					<TextLine ID="P259_TL00026" HPOS="134" VPOS="1252" WIDTH="622" HEIGHT="31">
						<String ID="P259_ST00224" HPOS="134" VPOS="1254" WIDTH="91" HEIGHT="26" CONTENT="which" WC="0.92" CC="00300"/>
						<SP ID="P259_SP00198" HPOS="225" VPOS="1280" WIDTH="14"/>
						<String ID="P259_ST00225" HPOS="239" VPOS="1254" WIDTH="74" HEIGHT="25" CONTENT="often" WC="0.75" CC="08003"/>
						<SP ID="P259_SP00199" HPOS="313" VPOS="1280" WIDTH="15"/>
						<String ID="P259_ST00226" HPOS="328" VPOS="1262" WIDTH="97" HEIGHT="17" CONTENT="occurs" WC="0.90" CC="100210"/>
						<SP ID="P259_SP00200" HPOS="425" VPOS="1280" WIDTH="15"/>
						<String ID="P259_ST00227" HPOS="440" VPOS="1253" WIDTH="81" HEIGHT="30" CONTENT="along" WC="0.86" CC="03030"/>
						<SP ID="P259_SP00201" HPOS="521" VPOS="1283" WIDTH="13"/>
						<String ID="P259_ST00228" HPOS="534" VPOS="1252" WIDTH="46" HEIGHT="25" CONTENT="the" WC="1.00" CC="000"/>
						<SP ID="P259_SP00202" HPOS="580" VPOS="1283" WIDTH="16"/>
						<String ID="P259_ST00229" HPOS="596" VPOS="1252" WIDTH="160" HEIGHT="25" CONTENT="Undercliff." WC="0.86" CC="00003065000"/>
					</TextLine>
				</TextBlock>
				<TextBlock ID="P259_TB00006" HPOS="135" VPOS="1294" WIDTH="861" HEIGHT="400" STYLEREFS="TXT_0 PAR_LEFT">
					<TextLine ID="P259_TL00027" HPOS="183" VPOS="1295" WIDTH="811" HEIGHT="34">
						<String ID="P259_ST00230" HPOS="183" VPOS="1300" WIDTH="60" HEIGHT="24" CONTENT="The" WC="1.00" CC="000"/>
						<SP ID="P259_SP00203" HPOS="243" VPOS="1324" WIDTH="17"/>
						<String ID="P259_ST00231" HPOS="260" VPOS="1300" WIDTH="116" HEIGHT="24" CONTENT="number" WC="0.92" CC="040000"/>
						<SP ID="P259_SP00204" HPOS="376" VPOS="1324" WIDTH="19"/>
						<String ID="P259_ST00232" HPOS="395" VPOS="1298" WIDTH="30" HEIGHT="25" CONTENT="of" WC="1.00" CC="00"/>
						<SP ID="P259_SP00205" HPOS="425" VPOS="1324" WIDTH="17"/>
						<String ID="P259_ST00233" HPOS="442" VPOS="1297" WIDTH="59" HEIGHT="25" CONTENT="flint" WC="0.85" CC="11310"/>
						<SP ID="P259_SP00206" HPOS="501" VPOS="1324" WIDTH="20"/>
						<String ID="P259_ST00234" HPOS="521" VPOS="1297" WIDTH="175" HEIGHT="32" CONTENT="implements" WC="0.96" CC="1000000200"/>
						<SP ID="P259_SP00207" HPOS="696" VPOS="1329" WIDTH="19"/>
						<String ID="P259_ST00235" HPOS="715" VPOS="1296" WIDTH="130" HEIGHT="24" CONTENT="recorded" WC="0.96" CC="10001000"/>
						<SP ID="P259_SP00208" HPOS="845" VPOS="1329" WIDTH="20"/>
						<String ID="P259_ST00236" HPOS="865" VPOS="1304" WIDTH="30" HEIGHT="16" CONTENT="as" WC="1.00" CC="00"/>
						<SP ID="P259_SP00209" HPOS="895" VPOS="1329" WIDTH="19"/>
						<String ID="P259_ST00237" HPOS="914" VPOS="1295" WIDTH="80" HEIGHT="32" CONTENT="being" WC="0.70" CC="04450"/>
					</TextLine>
					<TextLine ID="P259_TL00028" HPOS="136" VPOS="1340" WIDTH="858" HEIGHT="33">
						<String ID="P259_ST00238" HPOS="136" VPOS="1346" WIDTH="85" HEIGHT="24" CONTENT="found" WC="0.87" CC="00060"/>
						<SP ID="P259_SP00210" HPOS="221" VPOS="1370" WIDTH="20"/>
						<String ID="P259_ST00239" HPOS="241" VPOS="1345" WIDTH="28" HEIGHT="24" CONTENT="in" WC="0.78" CC="40"/>
						<SP ID="P259_SP00211" HPOS="269" VPOS="1370" WIDTH="20"/>
						<String ID="P259_ST00240" HPOS="289" VPOS="1345" WIDTH="47" HEIGHT="24" CONTENT="the" WC="0.97" CC="000"/>
						<SP ID="P259_SP00212" HPOS="336" VPOS="1370" WIDTH="16"/>
						<String ID="P259_ST00241" HPOS="352" VPOS="1344" WIDTH="94" HEIGHT="25" CONTENT="Island" WC="1.00" CC="000000"/>
						<SP ID="P259_SP00213" HPOS="446" VPOS="1370" WIDTH="13"/>
						<String ID="P259_ST00242" HPOS="459" VPOS="1343" WIDTH="23" HEIGHT="25" CONTENT="is" WC="0.71" CC="50"/>
						<SP ID="P259_SP00214" HPOS="482" VPOS="1370" WIDTH="20"/>
						<String ID="P259_ST00243" HPOS="502" VPOS="1344" WIDTH="87" HEIGHT="24" CONTENT="small." WC="0.90" CC="050000"/>
						<SP ID="P259_SP00215" HPOS="589" VPOS="1370" WIDTH="39"/>
						<String ID="P259_ST00244" HPOS="628" VPOS="1342" WIDTH="151" HEIGHT="28" CONTENT="Lockhart," WC="0.90" CC="030000500"/>
						<SP ID="P259_SP00216" HPOS="779" VPOS="1370" WIDTH="18"/>
						<String ID="P259_ST00245" HPOS="797" VPOS="1341" WIDTH="26" HEIGHT="24" CONTENT="in" WC="0.70" CC="06"/>
						<SP ID="P259_SP00217" HPOS="823" VPOS="1370" WIDTH="20"/>
						<String ID="P259_ST00246" HPOS="843" VPOS="1341" WIDTH="42" HEIGHT="24" CONTENT="his" WC="0.73" CC="520"/>
						<SP ID="P259_SP00218" HPOS="885" VPOS="1370" WIDTH="19"/>
						<String ID="P259_ST00247" HPOS="904" VPOS="1340" WIDTH="90" HEIGHT="33" CONTENT="guide," WC="0.92" CC="004000"/>
					</TextLine>
					<TextLine ID="P259_TL00029" HPOS="136" VPOS="1385" WIDTH="859" HEIGHT="38">
						<String ID="P259_ST00248" HPOS="136" VPOS="1390" WIDTH="147" HEIGHT="33" CONTENT="published" WC="0.88" CC="030031000"/>
						<SP ID="P259_SP00219" HPOS="283" VPOS="1423" WIDTH="23"/>
						<String ID="P259_ST00249" HPOS="306" VPOS="1390" WIDTH="27" HEIGHT="24" CONTENT="in" WC="0.76" CC="40"/>
						<SP ID="P259_SP00220" HPOS="333" VPOS="1423" WIDTH="26"/>
						<String ID="P259_ST00250" HPOS="359" VPOS="1391" WIDTH="72" HEIGHT="30" CONTENT="1870," WC="0.95" CC="20000"/>
						<SP ID="P259_SP00221" HPOS="431" VPOS="1423" WIDTH="23"/>
						<String ID="P259_ST00251" HPOS="454" VPOS="1389" WIDTH="76" HEIGHT="32" CONTENT="gives" WC="1.00" CC="00000"/>
						<SP ID="P259_SP00222" HPOS="530" VPOS="1423" WIDTH="22"/>
						<String ID="P259_ST00252" HPOS="552" VPOS="1388" WIDTH="21" HEIGHT="24" CONTENT="it" WC="0.98" CC="00"/>
						<SP ID="P259_SP00223" HPOS="573" VPOS="1423" WIDTH="24"/>
						<String ID="P259_ST00253" HPOS="597" VPOS="1396" WIDTH="29" HEIGHT="16" CONTENT="as" WC="0.73" CC="50"/>
						<SP ID="P259_SP00224" HPOS="626" VPOS="1423" WIDTH="20"/>
						<String ID="P259_ST00254" HPOS="646" VPOS="1387" WIDTH="61" HEIGHT="25" CONTENT="five." WC="0.88" CC="11300"/>
						<SP ID="P259_SP00225" HPOS="707" VPOS="1423" WIDTH="39"/>
						<String ID="P259_ST00255" HPOS="746" VPOS="1386" WIDTH="81" HEIGHT="26" CONTENT="Since" WC="0.87" CC="00600"/>
						<SP ID="P259_SP00226" HPOS="827" VPOS="1423" WIDTH="22"/>
						<String ID="P259_ST00256" HPOS="849" VPOS="1385" WIDTH="60" HEIGHT="25" CONTENT="that" WC="0.94" CC="0200"/>
						<SP ID="P259_SP00227" HPOS="909" VPOS="1423" WIDTH="23"/>
						<String ID="P259_ST00257" HPOS="932" VPOS="1385" WIDTH="63" HEIGHT="25" CONTENT="date" WC="0.83" CC="0600"/>
					</TextLine>
					<TextLine ID="P259_TL00030" HPOS="136" VPOS="1431" WIDTH="858" HEIGHT="32">
						<String ID="P259_ST00258" HPOS="136" VPOS="1437" WIDTH="106" HEIGHT="25" CONTENT="several" WC="0.84" CC="0001900"/>
						<SP ID="P259_SP00228" HPOS="242" VPOS="1462" WIDTH="23"/>
						<String ID="P259_ST00259" HPOS="265" VPOS="1445" WIDTH="75" HEIGHT="15" CONTENT="more" WC="1.00" CC="0000"/>
						<SP ID="P259_SP00229" HPOS="340" VPOS="1462" WIDTH="22"/>
						<String ID="P259_ST00260" HPOS="362" VPOS="1435" WIDTH="71" HEIGHT="25" CONTENT="have" WC="0.64" CC="4900"/>
						<SP ID="P259_SP00230" HPOS="433" VPOS="1462" WIDTH="23"/>
						<String ID="P259_ST00261" HPOS="456" VPOS="1435" WIDTH="68" HEIGHT="24" CONTENT="been" WC="0.99" CC="0000"/>
						<SP ID="P259_SP00231" HPOS="524" VPOS="1462" WIDTH="23"/>
						<String ID="P259_ST00262" HPOS="547" VPOS="1433" WIDTH="160" HEIGHT="25" CONTENT="discovered" WC="0.90" CC="8000000100"/>
						<SP ID="P259_SP00232" HPOS="707" VPOS="1462" WIDTH="20"/>
						<String ID="P259_ST00263" HPOS="727" VPOS="1432" WIDTH="27" HEIGHT="24" CONTENT="in" WC="0.72" CC="05"/>
						<SP ID="P259_SP00233" HPOS="754" VPOS="1462" WIDTH="19"/>
						<String ID="P259_ST00264" HPOS="773" VPOS="1431" WIDTH="130" HEIGHT="26" CONTENT="Gurnard" WC="0.72" CC="0543220"/>
						<SP ID="P259_SP00234" HPOS="903" VPOS="1462" WIDTH="23"/>
						<String ID="P259_ST00265" HPOS="926" VPOS="1431" WIDTH="68" HEIGHT="32" CONTENT="Bay," WC="0.98" CC="0000"/>
					</TextLine>
					<TextLine ID="P259_TL00031" HPOS="135" VPOS="1475" WIDTH="859" HEIGHT="35">
						<String ID="P259_ST00266" HPOS="135" VPOS="1490" WIDTH="66" HEIGHT="16" CONTENT="near" WC="0.85" CC="0005"/>
						<SP ID="P259_SP00235" HPOS="201" VPOS="1506" WIDTH="15"/>
						<String ID="P259_ST00267" HPOS="216" VPOS="1482" WIDTH="96" HEIGHT="24" CONTENT="Cowes" WC="0.94" CC="02000"/>
						<SP ID="P259_SP00236" HPOS="312" VPOS="1506" WIDTH="12"/>
						<String ID="P259_ST00268" HPOS="324" VPOS="1490" WIDTH="4" HEIGHT="20" CONTENT=";" WC="1.00" CC="0"/>
						<SP ID="P259_SP00237" HPOS="328" VPOS="1510" WIDTH="22"/>
						<String ID="P259_ST00269" HPOS="350" VPOS="1481" WIDTH="57" HEIGHT="24" CONTENT="also" WC="1.00" CC="0000"/>
						<SP ID="P259_SP00238" HPOS="407" VPOS="1510" WIDTH="20"/>
						<String ID="P259_ST00270" HPOS="427" VPOS="1489" WIDTH="34" HEIGHT="16" CONTENT="on" WC="0.83" CC="03"/>
						<SP ID="P259_SP00239" HPOS="461" VPOS="1510" WIDTH="20"/>
						<String ID="P259_ST00271" HPOS="481" VPOS="1479" WIDTH="47" HEIGHT="25" CONTENT="the" WC="0.76" CC="070"/>
						<SP ID="P259_SP00240" HPOS="528" VPOS="1510" WIDTH="20"/>
						<String ID="P259_ST00272" HPOS="548" VPOS="1479" WIDTH="81" HEIGHT="24" CONTENT="shore" WC="0.75" CC="06050"/>
						<SP ID="P259_SP00241" HPOS="629" VPOS="1510" WIDTH="13"/>
						<String ID="P259_ST00273" HPOS="642" VPOS="1482" WIDTH="27" HEIGHT="20" CONTENT="at" WC="1.00" CC="00"/>
						<SP ID="P259_SP00242" HPOS="669" VPOS="1510" WIDTH="17"/>
						<String ID="P259_ST00274" HPOS="686" VPOS="1479" WIDTH="121" HEIGHT="22" CONTENT="Ventnor" WC="0.88" CC="0000610"/>
						<SP ID="P259_SP00243" HPOS="807" VPOS="1510" WIDTH="21"/>
						<String ID="P259_ST00275" HPOS="828" VPOS="1485" WIDTH="14" HEIGHT="16" CONTENT="a" WC="1.00" CC="0"/>
						<SP ID="P259_SP00244" HPOS="842" VPOS="1510" WIDTH="20"/>
						<String ID="P259_ST00276" HPOS="862" VPOS="1475" WIDTH="59" HEIGHT="25" CONTENT="flint" WC="0.82" CC="00340"/>
						<SP ID="P259_SP00245" HPOS="921" VPOS="1510" WIDTH="18"/>
						<String ID="P259_ST00277" HPOS="939" VPOS="1484" WIDTH="55" HEIGHT="17" CONTENT="was" WC="0.82" CC="050"/>
					</TextLine>
					<TextLine ID="P259_TL00032" HPOS="135" VPOS="1521" WIDTH="859" HEIGHT="35">
						<String ID="P259_ST00278" HPOS="135" VPOS="1527" WIDTH="85" HEIGHT="25" CONTENT="found" WC="0.83" CC="02320"/>
						<SP ID="P259_SP00246" HPOS="220" VPOS="1552" WIDTH="14"/>
						<String ID="P259_ST00279" HPOS="234" VPOS="1530" WIDTH="46" HEIGHT="21" CONTENT="cut" WC="0.91" CC="020"/>
						<SP ID="P259_SP00247" HPOS="280" VPOS="1552" WIDTH="14"/>
						<String ID="P259_ST00280" HPOS="294" VPOS="1525" WIDTH="59" HEIGHT="25" CONTENT="into" WC="0.79" CC="2202"/>
						<SP ID="P259_SP00248" HPOS="353" VPOS="1552" WIDTH="14"/>
						<String ID="P259_ST00281" HPOS="367" VPOS="1534" WIDTH="15" HEIGHT="16" CONTENT="a" WC="1.00" CC="0"/>
						<SP ID="P259_SP00249" HPOS="382" VPOS="1552" WIDTH="15"/>
						<String ID="P259_ST00282" HPOS="397" VPOS="1528" WIDTH="72" HEIGHT="21" CONTENT="most" WC="0.96" CC="1000"/>
						<SP ID="P259_SP00250" HPOS="469" VPOS="1552" WIDTH="14"/>
						<String ID="P259_ST00283" HPOS="483" VPOS="1523" WIDTH="111" HEIGHT="26" CONTENT="curious" WC="0.92" CC="0000050"/>
						<SP ID="P259_SP00251" HPOS="594" VPOS="1552" WIDTH="14"/>
						<String ID="P259_ST00284" HPOS="608" VPOS="1523" WIDTH="94" HEIGHT="33" CONTENT="shape." WC="0.87" CC="160000"/>
						<SP ID="P259_SP00252" HPOS="702" VPOS="1556" WIDTH="39"/>
						<String ID="P259_ST00285" HPOS="741" VPOS="1523" WIDTH="25" HEIGHT="23" CONTENT="It" WC="0.92" CC="10"/>
						<SP ID="P259_SP00253" HPOS="766" VPOS="1556" WIDTH="14"/>
						<String ID="P259_ST00286" HPOS="780" VPOS="1530" WIDTH="56" HEIGHT="17" CONTENT="was" WC="0.67" CC="090"/>
						<SP ID="P259_SP00254" HPOS="836" VPOS="1556" WIDTH="14"/>
						<String ID="P259_ST00287" HPOS="850" VPOS="1521" WIDTH="144" HEIGHT="33" CONTENT="presented" WC="0.80" CC="930004000"/>
					</TextLine>
					<TextLine ID="P259_TL00033" HPOS="135" VPOS="1565" WIDTH="860" HEIGHT="40">
						<String ID="P259_ST00288" HPOS="135" VPOS="1572" WIDTH="36" HEIGHT="33" CONTENT="by" WC="1.00" CC="00"/>
						<SP ID="P259_SP00255" HPOS="171" VPOS="1605" WIDTH="16"/>
						<String ID="P259_ST00289" HPOS="187" VPOS="1572" WIDTH="45" HEIGHT="24" CONTENT="the" WC="0.67" CC="900"/>
						<SP ID="P259_SP00256" HPOS="232" VPOS="1605" WIDTH="20"/>
						<String ID="P259_ST00290" HPOS="252" VPOS="1572" WIDTH="56" HEIGHT="23" CONTENT="late" WC="1.00" CC="0000"/>
						<SP ID="P259_SP00257" HPOS="308" VPOS="1605" WIDTH="23"/>
						<String ID="P259_ST00291" HPOS="331" VPOS="1571" WIDTH="49" HEIGHT="24" CONTENT="Dr." WC="0.87" CC="030"/>
						<SP ID="P259_SP00258" HPOS="380" VPOS="1605" WIDTH="16"/>
						<String ID="P259_ST00292" HPOS="396" VPOS="1569" WIDTH="104" HEIGHT="25" CONTENT="Martin" WC="0.90" CC="000050"/>
						<SP ID="P259_SP00259" HPOS="500" VPOS="1605" WIDTH="20"/>
						<String ID="P259_ST00293" HPOS="520" VPOS="1573" WIDTH="28" HEIGHT="21" CONTENT="to" WC="0.83" CC="03"/>
						<SP ID="P259_SP00260" HPOS="548" VPOS="1605" WIDTH="22"/>
						<String ID="P259_ST00294" HPOS="570" VPOS="1568" WIDTH="48" HEIGHT="25" CONTENT="the" WC="0.82" CC="050"/>
						<SP ID="P259_SP00261" HPOS="618" VPOS="1605" WIDTH="22"/>
						<String ID="P259_ST00295" HPOS="640" VPOS="1567" WIDTH="77" HEIGHT="34" CONTENT="Ryde" WC="0.95" CC="1000"/>
						<SP ID="P259_SP00262" HPOS="717" VPOS="1605" WIDTH="23"/>
						<String ID="P259_ST00296" HPOS="740" VPOS="1567" WIDTH="137" HEIGHT="28" CONTENT="Museum," WC="0.93" CC="0000500"/>
						<SP ID="P259_SP00263" HPOS="877" VPOS="1605" WIDTH="22"/>
						<String ID="P259_ST00297" HPOS="899" VPOS="1566" WIDTH="53" HEIGHT="23" CONTENT="and" WC="0.68" CC="710"/>
						<SP ID="P259_SP00264" HPOS="952" VPOS="1605" WIDTH="20"/>
						<String ID="P259_ST00298" HPOS="972" VPOS="1565" WIDTH="23" HEIGHT="24" CONTENT="is" WC="0.77" CC="40"/>
					</TextLine>
					<TextLine ID="P259_TL00034" HPOS="136" VPOS="1611" WIDTH="859" HEIGHT="37">
						<String ID="P259_ST00299" HPOS="136" VPOS="1617" WIDTH="64" HEIGHT="25" CONTENT="thus" WC="0.84" CC="2030"/>
						<SP ID="P259_SP00265" HPOS="200" VPOS="1642" WIDTH="20"/>
						<String ID="P259_ST00300" HPOS="220" VPOS="1616" WIDTH="145" HEIGHT="25" CONTENT="described" WC="0.90" CC="000062000"/>
						<SP ID="P259_SP00266" HPOS="365" VPOS="1642" WIDTH="19"/>
						<String ID="P259_ST00301" HPOS="384" VPOS="1616" WIDTH="36" HEIGHT="32" CONTENT="by" WC="1.00" CC="00"/>
						<SP ID="P259_SP00267" HPOS="420" VPOS="1648" WIDTH="20"/>
						<String ID="P259_ST00302" HPOS="440" VPOS="1615" WIDTH="46" HEIGHT="24" CONTENT="the" WC="0.79" CC="060"/>
						<SP ID="P259_SP00268" HPOS="486" VPOS="1648" WIDTH="19"/>
						<String ID="P259_ST00303" HPOS="505" VPOS="1614" WIDTH="56" HEIGHT="25" CONTENT="late" WC="1.00" CC="0000"/>
						<SP ID="P259_SP00269" HPOS="561" VPOS="1648" WIDTH="20"/>
						<String ID="P259_ST00304" HPOS="581" VPOS="1614" WIDTH="52" HEIGHT="24" CONTENT="Mr." WC="0.82" CC="050"/>
						<SP ID="P259_SP00270" HPOS="633" VPOS="1648" WIDTH="16"/>
						<String ID="P259_ST00305" HPOS="649" VPOS="1613" WIDTH="37" HEIGHT="24" CONTENT="H." WC="0.81" CC="30"/>
						<SP ID="P259_SP00271" HPOS="686" VPOS="1648" WIDTH="16"/>
						<String ID="P259_ST00306" HPOS="702" VPOS="1613" WIDTH="151" HEIGHT="31" CONTENT="Westropp" WC="1.00" CC="00000000"/>
						<SP ID="P259_SP00272" HPOS="853" VPOS="1648" WIDTH="13"/>
						<String ID="P259_ST00307" HPOS="866" VPOS="1620" WIDTH="4" HEIGHT="15" CONTENT=":" WC="1.00" CC="0"/>
						<String ID="P259_ST00308" HPOS="873" VPOS="1627" WIDTH="33" HEIGHT="1" CONTENT="" WC="0.20" CC="8"/>
						<String ID="P259_ST00309" HPOS="910" VPOS="1615" WIDTH="13" HEIGHT="11" CONTENT='"' WC="0.85" CC="1"/>
						<SP ID="P259_SP00273" HPOS="923" VPOS="1648" WIDTH="14"/>
						<String ID="P259_ST00310" HPOS="937" VPOS="1611" WIDTH="58" HEIGHT="23" CONTENT="The" WC="0.90" CC="020"/>
					</TextLine>
					<TextLine ID="P259_TL00035" HPOS="135" VPOS="1655" WIDTH="861" HEIGHT="39">
						<String ID="P259_ST00311" HPOS="135" VPOS="1662" WIDTH="161" HEIGHT="32" CONTENT="implement" WC="0.80" CC="025300006"/>
						<SP ID="P259_SP00274" HPOS="296" VPOS="1694" WIDTH="14"/>
						<String ID="P259_ST00312" HPOS="310" VPOS="1660" WIDTH="23" HEIGHT="25" CONTENT="is" WC="0.91" CC="10"/>
						<SP ID="P259_SP00275" HPOS="333" VPOS="1694" WIDTH="14"/>
						<String ID="P259_ST00313" HPOS="347" VPOS="1660" WIDTH="30" HEIGHT="25" CONTENT="of" WC="1.00" CC="00"/>
						<SP ID="P259_SP00276" HPOS="377" VPOS="1694" WIDTH="17"/>
						<String ID="P259_ST00314" HPOS="394" VPOS="1669" WIDTH="15" HEIGHT="15" CONTENT="a" WC="0.71" CC="2"/>
						<SP ID="P259_SP00277" HPOS="409" VPOS="1694" WIDTH="13"/>
						<String ID="P259_ST00315" HPOS="422" VPOS="1658" WIDTH="181" HEIGHT="26" CONTENT="tribranchial" WC="0.79" CC="032000006605"/>
						<SP ID="P259_SP00278" HPOS="603" VPOS="1694" WIDTH="13"/>
						<String ID="P259_ST00316" HPOS="616" VPOS="1658" WIDTH="78" HEIGHT="29" CONTENT="form," WC="0.97" CC="01000"/>
						<SP ID="P259_SP00279" HPOS="694" VPOS="1694" WIDTH="15"/>
						<String ID="P259_ST00317" HPOS="709" VPOS="1657" WIDTH="69" HEIGHT="26" CONTENT="each" WC="0.94" CC="0002"/>
						<SP ID="P259_SP00280" HPOS="778" VPOS="1694" WIDTH="13"/>
						<String ID="P259_ST00318" HPOS="791" VPOS="1665" WIDTH="58" HEIGHT="17" CONTENT="arm" WC="1.00" CC="000"/>
						<SP ID="P259_SP00281" HPOS="849" VPOS="1694" WIDTH="15"/>
						<String ID="P259_ST00319" HPOS="864" VPOS="1655" WIDTH="29" HEIGHT="26" CONTENT="of" WC="1.00" CC="00"/>
						<SP ID="P259_SP00282" HPOS="893" VPOS="1694" WIDTH="11"/>
						<String ID="P259_ST00320" HPOS="904" VPOS="1655" WIDTH="92" HEIGHT="33" CONTENT="nearly" WC="0.75" CC="500270"/>
					</TextLine>
				</TextBlock>
			</PrintSpace>
		</Page>
	</Layout>
</alto>
