1117 1922
438 142 112 17 HEADON
572 143 77 16 BEDS.

924 142 44 24 141

217 215 114 25 Corbula
406 216 15 35 ~)
436 215 150 25 Occasional
600 216 115 24 Limnæa
727 215 142 33 longiscata

218 249 84 25 Fusus
323 250 51 24 lab.
412 258 11 16 >
468 249 51 24 and
540 250 137 24 Planorbis
701 249 168 32 euomphalus

216 284 157 31 Melanopsis
408 285 13 29 )
468 283 105 25 washed
584 284 35 24 in.

217 317 103 25 Nucula
333 318 92 24 similis
440 317 134 31 (amongst
586 317 44 25 the
644 317 121 32 Oysters)

217 352 93 23 Murex
323 352 175 23 sexdendatus
513 351 134 32 (amongst
660 351 44 24 the
717 351 121 32 Oysters)

217 386 160 22 Cancellaria

217 419 113 24 Balanus

218 453 100 23 Tellina

216 488 93 24 Nerita
323 487 104 32 (aperta
435 486 25 32 ?)

219 521 199 32 Sanguinolaria
427 521 11 25 ?

217 556 112 23 Melania
341 556 110 23 fasciata

218 590 129 29 Cytherea

217 623 167 23 Pleurotoma

217 658 98 24 Voluta
328 658 103 31 spinosa

190 723 59 24 The
263 723 104 24 marine
387 723 143 25 character
544 723 29 24 of
589 723 46 25 the
654 723 104 25 Middle
773 724 118 25 Headon
904 725 67 25 beds

116 768 22 25 is
161 768 56 26 still
238 777 75 16 more
335 769 123 32 strongly
478 768 111 25 marked
611 772 28 22 at
660 768 156 26 Whitecliff
835 770 68 33 Bay,
918 770 53 25 and

114 814 66 32 they
193 822 109 16 assume
325 822 15 16 a
363 813 83 26 much
469 817 108 29 greater
597 814 192 32 development
809 815 77 24 there
904 816 66 24 than

115 863 27 20 at
156 858 87 25 either
256 858 29 25 of
302 859 46 24 the
362 858 261 25 before-mentioned

369 974 98 24 Upper
487 974 123 24 Headon
632 974 86 24 Beds.

177 1051 59 25 The
254 1052 96 30 Upper
371 1051 118 25 Headon
510 1051 73 25 Beds
597 1059 46 17 are
661 1051 27 25 in
707 1055 62 27 part
783 1056 5 10 '
802 1052 58 24 The
876 1053 93 29 Upper

116 1097 191 28 Freshwater,'
328 1096 29 24 of
379 1097 139 28 Webster,
541 1096 47 25 the
608 1096 141 33 overlying
771 1097 125 24 Osborne
916 1098 54 24 and

116 1141 39 24 St.
172 1142 113 23 Helen's
300 1141 83 24 series
397 1140 104 33 having
514 1141 68 24 been
597 1141 127 24 included
738 1142 36 32 by
787 1141 56 25 him
863 1142 26 24 in
909 1142 60 25 that

115 1186 155 25 formation.
325 1186 79 33 They
429 1186 103 25 consist
563 1186 27 24 in
621 1186 71 25 their
717 1186 109 33 highest
852 1191 61 28 part
944 1188 28 24 of

114 1231 227 26 brackish-water
361 1231 97 29 bands,
478 1231 160 32 abounding
656 1231 27 24 in
701 1231 167 32 Potamomyæ,
883 1233 54 24 and
954 1242 16 15 a

114 1277 74 31 large
201 1276 106 32 variety
320 1275 30 26 of
366 1276 93 32 Cyrena
472 1276 95 24 obovata
737 1276 85 25 Great
841 1278 128 24 numbers

114 1321 30 25 of
154 1321 47 26 the
213 1321 136 25 Potamidee
367 1321 184 32 margaritaceus
568 1329 82 16 occur
668 1320 27 24 in
709 1320 77 25 these
799 1321 76 24 beds.
912 1321 59 26 The

114 1367 83 24 shells
218 1367 28 24 of
264 1367 47 24 the
337 1366 174 25 Freshwater
535 1365 159 26 limestones
713 1374 45 16 are
780 1366 46 25 the
847 1374 75 17 same
941 1375 29 16 as

114 1413 79 23 those
218 1412 29 24 of
268 1412 48 24 the
342 1412 98 24 Lower
467 1411 117 24 Headon
609 1410 68 25 beds
863 1412 108 24 Melania

113 1457 117 25 muricata
261 1456 134 25 abounds.
445 1456 35 24 At
511 1455 119 24 Headon
663 1455 58 24 Hill
752 1455 76 24 thick
853 1456 67 24 beds
944 1457 28 23 of

114 1502 145 25 limestone
281 1501 69 25 form
373 1500 184 32 conspicuous
579 1500 106 32 objects
710 1499 28 24 in
762 1499 47 24 the
833 1500 64 29 cliff,
917 1501 53 24 and

113 1556 46 15 are
172 1545 173 26 remarkable
358 1544 40 25 for
417 1544 46 25 the
483 1544 162 24 abundance
665 1543 54 24 and
736 1543 106 33 variety
854 1543 30 25 of
900 1544 70 25 their

114 1592 98 25 fossils.
252 1591 24 25 It
296 1590 22 25 is
338 1590 90 30 owing
446 1593 29 21 to
494 1590 46 24 the
556 1589 192 31 development
761 1588 30 24 of
806 1589 77 24 these
896 1589 74 25 lime-

252 1665 8 9 »
269 1664 58 16 Mem.
336 1663 53 16 Geol.
400 1662 62 18 Surv.,
471 1662 85 18 Bristow,
565 1661 37 17 Isle
611 1661 20 17 of
638 1661 73 19 Wight,
721 1661 48 19 1862,
777 1666 18 14 p.
804 1662 26 16 61.
