1117 1922
127 173 46 24 108

409 180 90 17 CHALK
519 180 168 17 FORMATION.

125 252 30 25 of
171 252 113 33 hauling
303 252 120 26 towards
445 252 66 29 him,
526 252 68 25 from
614 252 47 25 the
681 251 73 25 sides
774 250 30 25 of
819 250 48 24 the
881 249 104 32 ledges,

125 297 47 25 the
186 306 65 23 rope
264 298 36 32 by
313 297 90 25 which
417 297 34 25 he
464 297 163 25 descended.
667 297 86 32 Many
763 295 30 25 of
803 296 78 23 these
892 294 94 32 ledges

125 342 105 32 project
253 342 123 25 seaward
398 346 28 21 to
449 342 46 25 the
512 346 94 21 extent
626 341 29 25 of
675 340 106 26 several
801 340 64 28 feet,
884 339 54 25 and
958 338 28 25 in

126 387 167 32 descending
306 387 20 25 it
340 396 56 16 was
412 396 147 24 necessary
572 390 28 22 to
621 386 86 32 swing
720 385 140 26 outwards
874 389 29 21 to
917 384 69 25 such

126 441 15 15 a
155 432 124 25 distance
281 448 33 3 —
317 432 54 24 and
384 433 135 32 probably
533 435 27 21 at
581 440 14 16 a
616 431 125 25 distance
754 430 30 25 of
800 430 70 25 from
883 429 60 25 four
957 434 29 20 to

125 477 54 25 five
204 477 125 24 hundred
354 476 52 25 feet
437 477 88 24 above
554 476 46 25 the
627 484 46 17 sea
675 491 34 3 —
710 484 31 16 as
766 475 92 25 would
881 474 64 33 give
970 483 16 16 a

126 522 142 32 returning
286 522 120 32 impetus
425 521 135 25 sufficient
580 525 28 20 to
627 529 99 16 ensure
745 529 16 16 a
780 519 113 33 landing
911 528 74 24 upon

128 567 47 24 the
193 567 93 31 ledges
299 567 91 24 where
402 567 48 23 the
467 566 75 24 birds
556 565 193 33 congregated.
787 565 92 24 These
892 564 94 32 ledges

125 620 47 16 are
185 611 150 33 composed
347 611 30 25 of
393 611 47 25 the
459 611 99 24 harder
578 611 124 32 portions
721 610 31 25 of
767 611 48 24 the
832 610 92 29 chalk,
938 610 48 24 the

125 655 83 25 softer
234 655 81 33 being
340 655 156 25 weathered
527 659 56 24 out,
612 655 109 32 leaving
752 654 181 25 excavations
959 654 29 25 of

125 700 135 25 sufficient
274 700 86 31 depth
379 705 28 20 to
426 699 115 32 provide
561 700 47 25 the
627 699 76 26 birds
716 699 68 26 with
804 699 110 25 shelter.

172 746 23 23 A
225 749 93 21 recent
349 745 63 29 Act,
437 744 157 33 protecting
624 744 47 25 the
701 744 76 26 birds
809 744 100 33 during
938 744 48 25 the

125 791 46 24 the
185 790 130 32 breeding
335 799 97 16 season
453 791 47 32 (by
512 790 182 32 establishing
714 799 15 16 a
749 789 165 34 close-time)
934 790 51 25 has

125 835 102 25 caused
252 834 55 26 this
329 835 101 32 calling
452 839 28 21 to
503 843 89 17 cease.
631 835 11 24 I
662 835 72 25 have
756 835 70 25 been
846 835 58 25 told
923 835 61 25 that

125 880 126 33 formerly
270 888 15 16 a
305 881 88 23 rental
415 888 57 17 was
494 880 66 32 paid
579 880 40 24 for
638 880 48 24 the
705 880 141 25 exclusive
865 880 73 33 right
959 880 28 24 of

125 925 143 32 obtaining
293 925 54 24 and
373 925 96 32 selling
495 926 46 24 the
567 933 65 25 eggs
658 929 28 21 to
711 926 155 24 collectors.
916 926 69 24 This

125 970 154 33 monopoly,
295 970 134 28 however,
445 970 116 25 suffered
576 980 82 23 many
671 970 231 26 encroachments
915 970 69 26 from

125 1014 79 25 those
229 1014 70 29 who,
325 1014 125 26 desirous
478 1020 29 20 to
539 1015 95 26 obtain
660 1016 47 25 the
732 1024 66 24 eggs
799 1031 34 3 —
835 1025 30 16 as
891 1017 92 28 much,

124 1059 128 32 perhaps,
285 1059 68 26 from
384 1060 62 25 love
477 1060 29 25 of
534 1061 153 25 adventure
717 1069 31 17 as
778 1061 83 32 profit
863 1077 35 3 —
899 1061 85 25 found

125 1113 94 16 means
238 1108 29 21 to
286 1105 87 25 evade
392 1114 53 23 any
464 1105 170 32 recognition
654 1105 29 25 of

171 1149 68 25 This
261 1150 53 24 Act
337 1150 50 24 has
410 1151 68 24 been
498 1151 129 24 valuable
649 1151 28 24 in
699 1152 153 25 somewhat
875 1152 108 33 staying

124 1195 47 24 the
193 1194 170 24 destruction
385 1194 29 25 of
436 1195 47 24 the
502 1195 84 29 birds,
607 1196 48 24 but
676 1196 206 33 unfortunately
901 1206 82 24 many

124 1247 45 16 are
192 1238 55 25 still
267 1240 129 32 annually
416 1240 145 32 destroyed
576 1240 40 24 for
636 1241 47 24 the
703 1241 67 24 sake
788 1241 30 25 of
834 1242 47 24 the
900 1242 82 32 profit

125 1283 102 32 arising
241 1283 68 24 from
323 1284 47 24 the
384 1285 56 23 sale
454 1284 30 24 of
499 1285 71 24 their
590 1285 75 25 skins
679 1285 54 25 and
748 1285 129 27 feathers.
915 1287 68 25 This

125 1327 22 25 is
167 1328 82 24 much
268 1332 28 21 to
316 1329 34 24 be
368 1329 147 32 regretted,
530 1334 47 20 not
596 1330 64 33 only
673 1339 36 16 on
728 1335 119 21 account
867 1331 30 25 of
913 1332 70 24 their

125 1373 80 25 value
227 1382 30 16 as
489 1374 30 25 of
539 1375 48 25 the
707 1377 49 24 but
779 1376 41 25 for
842 1378 72 24 their
936 1387 47 16 use

125 1417 27 24 in
165 1417 89 33 heavy
267 1417 67 33 fogs,
349 1418 26 25 in
390 1418 121 33 warning
526 1419 96 26 sailors
636 1420 30 25 of
682 1421 46 24 the
742 1422 74 24 close
833 1423 150 33 proximity

124 1462 29 25 of
169 1463 73 25 land.
279 1464 109 32 Among
406 1464 47 25 the
473 1468 71 21 most
564 1465 210 26 characteristic
793 1467 31 25 of
839 1467 48 26 the
907 1468 76 26 birds

124 1507 61 26 that
204 1508 155 33 habitually
381 1509 125 32 frequent
528 1511 47 23 the
598 1511 69 24 cliffs
688 1520 46 16 are
756 1512 47 25 the
826 1513 157 30 Guillimot,

125 1553 88 24 Puffin
228 1553 101 34 (whose
344 1555 138 28 numbers,
497 1555 135 30 however,
647 1565 47 16 are
712 1558 84 25 much
810 1558 171 35 decreased),

125 1598 88 25 Razor
228 1598 62 29 Bill,
306 1599 172 30 Cormorant,
495 1600 83 33 Shag,
592 1602 54 24 and
667 1602 210 34 Herring-Gull.
924 1605 59 25 The

125 1644 164 25 Cormorant
303 1649 28 20 at
351 1654 51 16 one
420 1645 67 26 time
506 1646 69 25 built
595 1655 35 16 on
649 1648 48 24 the
711 1649 121 25 Needles
851 1650 90 24 rocks.

172 1688 152 34 Samphire,
340 1689 89 26 which
447 1699 89 25 grows
556 1691 27 25 in
602 1693 164 26 abundance
787 1703 34 17 on
842 1695 47 26 the
903 1696 79 30 cliffs,
