1117 1922
371 285 65 39 Wvt
460 286 127 35 luman
610 289 120 36 $rrtou.

314 371 56 17 Caix.
394 372 44 17 And
445 373 55 17 those
508 378 100 13 enormous
615 375 100 18 creatures,

292 392 106 17 Phantoms
405 394 78 17 inferior
491 395 19 16 in
519 395 118 20 intelligence

294 414 34 20 (At
336 414 48 17 least
393 420 20 11 so
422 416 89 20 seeming)
521 418 21 14 to
549 417 33 16 the
589 417 65 20 things
663 422 26 12 we
698 418 47 17 have
753 418 63 21 pass'd

293 435 122 20 Resembling*
422 437 104 16 somewhat
533 438 33 16 the
574 438 43 16 wild
626 438 98 17 habitants

294 457 24 16 Of
326 457 32 17 the
366 457 47 22 deep
421 458 61 16 woods
492 458 20 16 of
521 460 59 17 earth,
589 460 32 15 the
629 460 69 19 hu^est
706 461 60 16 which

293 478 51 16 Boar
351 479 76 21 nightly
435 480 19 16 in
463 480 32 16 the
504 480 65 19 forest,
578 480 35 17 but
620 481 83 16 ten-fold

293 500 23 15 In
322 501 111 18 mai^nitude
442 501 37 17 and
488 502 60 16 terror
554 507 3 15 ;
570 502 56 16 taller
633 502 48 16 than

294 521 39 16 The
341 522 164 20 eherub-gu;irded
514 523 53 16 walls
576 523 19 17 of
605 523 57 19 Eden,
671 523 46 17 with

293 542 48 20 Eyes
349 543 82 19 flashing
438 544 39 16 like
488 545 32 15 tbe
528 545 45 20 fiery
585 545 69 16 swords
662 545 60 17 which
731 545 53 17 fence
792 546 59 20 them,

293 564 43 15 And
344 564 55 16 tusks
407 565 107 20 projecting*
522 566 38 16 like
568 566 32 16 the
609 567 48 15 trees
665 567 80 20 stripp'd
753 567 21 17 of

292 585 58 16 Their
356 585 49 17 bark
411 587 38 16 and
455 587 113 16 branches—
569 588 51 16 what
629 593 47 11 were
684 589 46 20 they
738 588 6 17 ?

314 606 93 17 Lucifer.
687 610 49 16 That
747 609 61 17 which

293 628 40 16 The
341 628 106 17 Mammoth
455 628 16 17 is
479 628 20 17 in
507 629 34 21 thy
550 630 57 15 world
615 635 27 15 ;—
644 630 34 17 but
686 630 52 17 these
746 631 23 16 lie

293 649 29 21 By
329 650 83 21 myriads
421 650 118 17 underneath
547 651 24 16 its
580 651 80 17 surface.
789 661 22 3 —
812 653 63 19 Byron.

130 740 233 112 MMONG
379 747 78 26 other
475 748 146 26 evidences
635 749 60 25 that
709 749 46 25 the
771 750 53 25 Isle
837 749 29 26 of
881 750 97 32 Wight

282 801 57 16 was
359 797 28 21 at
410 802 52 16 one
486 793 66 26 time
578 793 142 26 inhabited
744 795 37 32 by
801 803 15 16 a
838 795 67 24 rude
926 796 53 24 and

281 837 140 32 primitive
446 840 107 31 people,
577 847 45 16 are
648 840 46 23 the
719 848 146 16 numerous
891 840 88 25 refuse

130 890 8 11 '
150 874 78 39 >ifeZ
281 883 96 31 heaps,
438 883 119 25 Kitchen
779 893 30 15 as
840 885 65 33 they
933 894 46 16 are

138 914 41 21 •-r-c
192 908 16 22 al

149 927 65 19 *~***-
281 928 98 28 called,
401 928 90 25 which
514 929 70 24 have
607 929 68 24 been
695 929 160 25 discovered
880 929 98 33 during

119 972 180 25 excavations
319 973 30 24 of
373 973 46 25 the
441 973 157 25 Undercliff
620 973 40 26 for
679 973 125 34 building
824 974 54 25 and
898 975 78 24 other

119 1026 144 24 purposes.
302 1018 60 25 One
380 1018 30 25 of
426 1019 77 25 these
522 1019 89 25 refuse
630 1019 86 32 heaps
734 1028 56 17 was
810 1019 127 34 formerly
948 1023 29 22 to

119 1062 33 25 be
178 1063 96 25 traced
297 1072 37 23 up
359 1063 47 25 the
429 1067 101 21 stream
551 1063 109 33 leading
685 1063 69 26 from
779 1064 47 25 the
848 1064 79 25 shore
948 1068 29 21 to

118 1117 66 15 near
209 1108 47 25 the
281 1109 45 24 old
353 1109 112 25 Church
490 1113 28 21 at
545 1109 175 25 Bonchurch.
770 1109 58 25 The
853 1109 124 32 frequent

119 1152 94 33 falling
227 1162 78 24 away
318 1153 29 25 of
362 1154 46 24 the
422 1154 50 24 soil
485 1154 91 24 which
590 1153 104 25 formed
707 1153 36 25 its
757 1154 86 24 banks
857 1154 119 32 exposed

119 1206 34 16 an
180 1198 162 33 underlying
372 1199 74 33 layer
478 1198 159 33 containing
666 1199 75 31 large
772 1198 148 32 quantities
951 1198 30 24 of

117 1244 97 23 Patella
235 1244 98 31 vulgata
357 1243 127 34 (limpet),
506 1243 114 24 Litorina
642 1244 92 23 littorea
755 1243 128 33 (winkle),
909 1242 66 25 with

118 1297 149 17 numerous
293 1289 85 24 bones
403 1288 29 26 of
455 1288 125 28 animals,
606 1288 141 33 including
773 1288 79 24 those
877 1288 29 24 of
930 1288 46 24 the

118 1333 90 29 horse,
230 1342 44 20 ox,
298 1334 72 28 deer,
392 1333 101 29 rabbit,
519 1334 75 27 hare,
616 1333 53 25 and
671 1349 34 2 —
705 1342 35 16 on
765 1332 46 26 the
837 1332 139 33 authority

117 1378 30 25 of
158 1378 46 25 the
218 1379 55 24 late
285 1379 48 24 Dr.
346 1378 103 25 Martin
452 1394 33 3 —
487 1379 46 24 the
545 1378 62 25 wild
622 1378 66 25 boar
702 1378 53 24 and
764 1378 48 24 Bos
821 1378 154 32 brimogenus.

163 1424 60 25 The
243 1433 96 15 course
359 1423 29 25 of
404 1424 46 25 the
471 1428 100 20 stream
592 1423 50 25 has
661 1423 69 25 been
749 1423 124 24 diverted
892 1423 36 33 by
941 1423 35 24 its

118 1473 110 28 present
254 1478 91 15 owner
373 1468 58 25 into
459 1468 116 25 another
602 1468 125 28 channel,
756 1468 53 24 and
836 1467 47 26 the
911 1467 64 26 land

117 1514 115 25 drained
245 1514 55 26 and
314 1513 113 32 planted
441 1513 66 26 with
521 1517 72 21 trees
604 1522 4 20 ;
629 1513 48 25 but
692 1512 55 25 this
760 1513 74 32 layer
849 1512 29 25 of
892 1513 85 24 bones

119 1559 55 24 and
195 1559 84 24 shells
300 1567 51 16 can
373 1558 55 25 still
449 1559 33 24 be
504 1567 63 16 seen
587 1558 79 26 when
688 1557 112 33 digging
819 1557 26 25 in
864 1558 47 25 the
933 1557 45 26 old

118 1605 192 33 Churchyard.
350 1605 24 23 It
394 1613 99 15 occurs
509 1608 27 20 at
557 1613 14 15 a
592 1604 84 32 depth
691 1604 28 24 of
736 1612 75 16 some
824 1603 52 25 feet
891 1604 87 24 below

117 1650 48 27 the
184 1650 117 29 surface,
316 1650 91 26 which
429 1650 23 24 is
473 1650 149 31 composed
642 1649 30 25 of
692 1657 15 17 a
725 1649 78 25 thick
821 1652 117 22 stratum
952 1649 28 25 of
