1117 1922
401 144 165 18 bembridge
587 147 104 16 series.

930 151 41 22 151

189 212 60 25 The
271 213 65 24 land
357 215 83 24 shells
463 223 73 16 seem
557 220 28 20 to
605 225 83 16 occur
707 217 27 24 in
754 219 47 24 the
820 219 82 24 softer
922 221 53 24 and

115 265 75 17 more
210 257 144 25 tufaceous
373 259 124 32 portions
498 276 33 2 —
534 261 46 24 the
599 260 72 26 fresh
685 266 84 21 water
788 264 83 24 shells
888 264 27 24 in
928 265 47 24 the

116 303 99 24 harder
236 303 97 24 bands.
371 304 60 24 The
453 304 138 33 following
613 304 45 26 list
679 305 29 25 of
730 307 83 24 shells
835 316 56 16 was
912 317 61 24 pro-

116 348 84 25 cured
218 349 38 31 [at
271 348 116 33 Sconce]
408 348 40 25 for
461 349 47 25 the
526 350 115 33 Survey,
656 351 35 32 by
706 352 51 23 Mr.
773 352 74 24 Wm.
863 353 110 28 Cotton,

116 393 29 26 of
157 393 182 29 Freshwater,
351 393 98 33 during
463 394 46 25 the
523 403 96 16 course
633 395 30 25 of
673 404 15 16 a
702 396 85 32 single
801 398 137 33 morning:
940 414 34 3 —

184 480 131 24 Achatina
327 481 135 24 costellata
564 501 27 4 ...
667 501 27 4 ...
735 484 11 23 1
761 486 130 30 specimen

185 514 80 24 Helix
277 515 107 32 globosa
398 514 11 25 ?
732 518 15 23 3
761 519 142 31 specimens

219 567 14 11 ,,
279 548 135 25 Vectensis
462 569 26 4 ...
564 569 27 5 ...
667 569 27 5 ...
733 552 15 22 8
818 571 13 10 ,,

219 601 14 10 ,,
278 583 131 24 d'Urbani
460 602 27 5 ...
564 603 26 4 ...
667 603 27 4 ...
717 585 31 23 12
818 605 14 9 ,,

219 635 13 11 ,,
277 618 103 23 occlusa
462 637 25 4 ...
564 637 27 4 ...
667 638 26 4 ...
731 619 15 22 4
818 639 14 10 ,,

219 669 13 10 ,,
278 652 125 30 tropifera
461 671 27 4 ...
564 672 27 4 ...
666 672 27 4 ...
734 653 11 23 1
760 654 129 31 specimen

219 703 13 10 ,,
280 685 41 30 (or
334 685 140 32 Paludina)
488 687 114 24 carinata
666 706 26 4 ...
732 687 14 23 5
760 688 143 31 specimens

185 718 124 24 Clausilia
321 719 121 24 striatula
452 719 10 25 ?
478 720 114 32 (young)
666 740 26 5 ...
731 722 15 23 2
817 740 13 11 ,,

184 751 137 25 Planorbis
332 754 110 24 obtusus
461 773 27 4 ...
564 773 27 5 ...
666 774 26 5 ...
731 756 15 23 3
817 774 13 10 ,,

184 786 115 24 Limnæa
311 787 143 32 longiscata
466 796 53 16 var.

235 839 14 11 ,,
310 822 101 23 slender
423 830 61 20 var.,
497 823 75 22 small

235 873 14 10 ,,
313 854 11 24 ?
337 855 72 32 large
421 856 93 23 bodied
527 865 53 15 var.

185 888 122 32 Cyclotus
320 889 99 24 cinctus
463 909 27 4 ...
566 909 26 5 ...
669 911 26 3 ...
735 892 13 23 6
762 891 142 31 specimens

235 941 14 10 ,,
321 923 84 24 undus
464 943 27 4 ...
566 944 27 4 ...
669 944 27 5 ...
736 926 11 23 1
762 925 128 31 specimen

184 955 137 26 Planorbis
334 957 86 24 discus

235 1009 14 10 ,,
331 991 144 32 oligyratus
489 992 114 33 (young)
667 1012 26 4 ...
717 994 30 23 25
762 993 143 32 specimens

175 1084 113 25 Bulimus
301 1085 128 32 ellipticus,
443 1087 124 23 Achatina
581 1088 128 27 costellata,
724 1087 54 23 and
790 1087 79 23 Helix
880 1086 92 32 glcbosa

116 1137 45 17 are
174 1130 36 24 all
224 1130 106 32 species
343 1130 29 24 of
381 1135 77 28 great
473 1131 55 24 size
542 1132 53 23 and

150 1175 59 24 The
224 1175 166 33 Bembridge
403 1176 161 24 Limestone
578 1176 22 25 is
614 1176 82 33 again
711 1185 62 16 seen
787 1184 34 16 on
835 1176 47 24 the
895 1179 77 20 coast

116 1220 122 25 between
254 1220 143 25 Newtown
411 1220 71 25 river
502 1222 53 24 and
578 1221 173 32 Hempstead
768 1220 67 29 Hill,
857 1220 116 32 forming

115 1265 73 25 what
201 1264 23 25 is
238 1265 99 25 known
351 1274 30 16 as
394 1265 47 25 the
484 1266 173 32 Hempstead
812 1265 21 24 it
847 1264 125 25 contains

114 1310 47 25 the
180 1310 80 25 usual
278 1310 111 25 Limnæa
409 1311 54 24 and
476 1312 134 24 Planorbis.
649 1311 24 24 It
687 1310 23 25 is
732 1312 30 22 16
779 1309 52 25 feet
850 1309 76 25 thick
945 1309 27 24 in

115 1357 106 24 Gurnet
245 1357 69 31 Bay,
337 1364 35 16 on
395 1356 86 24 either
503 1356 58 24 side
583 1356 30 24 of
634 1355 91 26 which
751 1355 19 25 it
796 1363 97 17 curves
918 1354 54 24 and

114 1401 84 24 forms
211 1401 48 25 the
270 1402 76 31 slope
365 1410 74 24 upon
453 1401 89 25 which
558 1402 96 24 Cowes
673 1400 23 25 is
713 1400 78 25 built.
830 1399 102 25 Blocks
945 1397 29 26 of

114 1446 20 25 it
156 1446 36 24 lie
210 1446 139 24 scattered
370 1447 81 31 along
470 1446 47 24 the
540 1446 80 24 shore
639 1446 123 24 between
784 1444 69 25 Fish
877 1445 96 23 House

115 1491 54 25 and
190 1491 91 33 Quarr
303 1491 106 33 Abbey,
425 1491 53 24 and
500 1491 69 24 from
589 1490 67 25 Fish
676 1491 97 23 House
791 1493 28 20 to
840 1489 133 24 Binstead

116 1536 111 25 Church
241 1536 20 25 it
276 1545 65 15 runs
359 1536 95 32 nearly
467 1536 114 32 parallel
594 1535 67 25 with
680 1535 47 24 the
746 1538 76 20 coast
835 1533 63 24 line.
935 1534 37 24 At

116 1582 143 28 Binstead,
273 1590 65 16 near
361 1581 87 33 Ryde,
463 1581 53 24 and
538 1589 36 16 on
594 1580 68 25 both
684 1579 73 25 sides
779 1579 28 24 of
826 1579 47 23 the
895 1578 77 32 High

213 1656 8 7 *
230 1654 58 17 Mem.
297 1653 51 17 Geol.
358 1653 62 20 Surv.,
432 1652 87 21 Brristow,
527 1652 37 16 Isle
573 1651 20 17 of
598 1651 74 21 Wight,
681 1652 48 18 1862,
736 1656 32 15 pp.
776 1652 21 16 75
804 1650 38 17 and
849 1651 28 17 76.
