1117 1922
206 217 17 2 210

447 201 56 15 THE
524 199 99 17 HUMAN
645 198 109 17 PERIOD.

176 273 137 25 existence
333 282 63 16 man
416 281 56 17 was
493 271 123 33 scarcely
637 268 231 34 distinguishable
890 267 70 25 from
986 265 47 25 the

175 319 87 24 brute.
299 319 60 23 The
381 317 87 25 desire
490 321 28 21 to
541 316 99 32 supply
662 315 42 25 his
727 318 88 22 wants
837 312 137 26 absorbed
998 311 36 25 all

174 364 43 24 his
231 364 100 28 efforts,
346 364 99 24 tended
459 367 28 20 to
500 371 51 16 one
570 361 87 32 single
674 360 62 28 aim,
752 364 27 21 to
793 359 96 25 obtain
903 358 43 25 his
960 357 75 33 daily

175 409 70 24 food.
277 409 44 24 All
330 409 130 24 evidence
470 408 80 24 tends
561 411 28 20 to
600 415 85 24 prove
696 406 46 25 the
753 405 116 32 original
880 404 154 26 barbarous

174 457 71 21 state
258 453 30 25 of
298 453 143 29 mankind;
456 453 48 24 but
519 453 46 24 the
579 452 124 24 civilised
718 459 72 19 man,
805 450 54 25 like
873 458 34 16 an
923 452 109 29 upstart

173 498 27 24 in
214 498 46 25 the
273 497 77 33 pride
363 497 29 25 of
408 497 42 25 his
464 497 126 25 matured
607 497 130 28 intellect,
752 496 27 24 in
793 496 47 24 the
854 495 79 32 pride
946 493 30 26 of
989 493 44 25 his

173 542 130 32 acquired
327 542 129 32 position,
481 541 108 33 ignores
614 541 44 25 his
683 542 66 24 base
774 541 55 23 and
853 541 53 23 low
932 539 98 32 origin.

173 588 75 28 Man,
263 587 26 25 in
311 588 47 24 the
377 587 109 25 earliest
506 591 77 28 stage
596 586 29 25 of
641 586 42 25 his
697 586 204 32 development,
915 585 55 24 like
984 585 47 24 the

172 633 119 31 helpless
304 632 95 29 infant,
414 641 56 16 was
489 633 110 31 equally
612 632 90 24 naked
717 631 67 25 both
798 640 30 15 as
842 636 28 19 to
884 630 75 33 body
978 630 55 24 and

172 677 84 29 mind,
282 678 54 23 and
360 677 54 24 like
438 678 78 23 other
547 677 117 24 animals
689 685 57 16 was
771 676 117 25 without
923 675 111 32 speech,

172 721 115 25 without
301 722 161 32 experience
476 722 28 24 of
520 722 47 24 the
588 725 72 29 past,
674 721 55 24 and
742 721 117 25 without
873 720 162 32 knowledge

172 766 29 24 of
216 767 47 23 the

217 812 54 24 We
283 812 71 25 have
367 812 95 25 traced
476 812 46 25 the
541 812 151 33 geological
712 812 106 33 history
832 812 30 24 of
878 812 46 24 the
940 812 55 24 Isle
1008 811 29 24 of

172 856 105 33 Wight,
297 856 68 25 from
390 856 36 25 its
446 856 109 25 earliest
578 856 132 25 recorded
732 856 96 33 period
854 861 28 20 to
901 857 48 24 the
968 856 67 25 time

171 901 88 28 when,
274 910 30 15 as
323 910 40 16 we
382 901 71 25 have
472 910 71 20 seen,
558 901 21 25 it
594 910 57 16 was
670 901 59 25 first
749 901 145 25 inhabited
912 902 36 32 by
961 911 73 19 man,

172 946 54 25 and
247 945 67 26 with
337 955 49 16 our
408 946 52 25 feet
484 946 170 33 trespassing
674 955 73 24 upon
766 947 115 25 historic
901 948 132 32 grounds,

172 990 91 26 which
283 990 23 25 is
321 991 47 25 the
389 991 110 25 domain
520 991 29 25 of
570 992 47 24 the
638 992 193 33 archæologist
852 993 94 24 rather
967 993 68 24 than

174 1036 48 24 the
240 1036 143 32 geologist,
404 1036 80 32 bring
503 1037 55 24 this
577 1038 110 24 volume
707 1041 28 21 to
755 1046 16 15 a
790 1038 83 24 close.
