1117 1922
496 142 147 17 OUTLIERS.

951 145 45 24 179

142 214 110 28 present
264 220 4 20 ;
290 211 90 26 whilst
394 212 47 25 the
460 213 99 25 almost
580 214 136 25 universal
735 215 158 25 confluence
906 215 29 26 of
951 216 45 25 the

142 254 88 25 minor
256 257 112 32 valleys,
395 258 54 23 and
475 258 70 24 their
571 259 63 24 final
660 259 191 26 terminations
873 260 26 25 in
922 269 74 17 some

141 300 76 25 main
241 302 82 23 trunk
349 302 167 33 conducting
536 308 29 20 to
587 304 46 24 the
655 313 55 20 sea,
728 305 132 32 proclaim
880 309 27 22 to
926 306 70 25 have

142 346 68 23 been
233 346 52 24 due
305 350 28 21 to
356 347 187 31 atmospheric
565 353 107 21 waters.

189 391 93 24 Those
306 396 148 21 excavates
479 392 27 25 in
532 393 46 25 the
609 394 81 25 chalk
717 395 67 24 beds
809 395 71 24 have
904 404 15 15 a
945 396 52 25 less

142 436 178 32 pronounced
340 435 100 26 incline
460 438 53 24 and
534 447 15 15 a
568 442 107 28 greater
696 439 156 33 regularity,
866 440 90 24 which
975 440 22 25 is

142 482 154 24 accounted
322 481 40 24 for
388 482 35 32 by
448 482 46 25 the
521 483 116 24 uniform
663 487 107 21 texture
795 484 30 24 of
846 485 46 24 the
917 485 80 24 chalk

142 525 81 25 itself.
261 526 60 25 The
334 526 75 25 chief
419 527 30 24 of
462 528 78 24 these
554 529 103 26 valleys
670 528 22 24 is
707 529 59 24 that
780 529 89 24 which
884 529 113 25 extends

141 570 68 25 from
237 571 117 25 Brixton
377 576 28 20 to
431 573 147 28 Sandown,
605 574 108 32 cutting
734 574 41 24 off
795 574 47 24 the
867 574 130 25 southern

141 616 82 24 chalk
245 616 63 24 hills
330 616 69 25 from
421 618 47 24 the
488 626 83 24 range
592 618 89 25 which
701 619 114 25 extends
836 628 93 16 across
951 619 46 25 the

141 666 94 19 centre
256 662 30 23 of
305 662 47 23 the
376 663 101 22 Island.

188 707 165 33 Conjecture
366 712 73 21 must
460 708 63 25 take
542 708 46 25 the
608 709 78 31 place
704 708 30 25 of
753 709 158 32 knowledge
924 717 30 17 as
968 713 27 21 to

140 752 74 25 what
239 752 51 25 has
317 753 112 24 become
455 752 29 25 of
505 753 47 25 the
577 752 132 26 immense
734 762 74 16 mass
832 753 29 25 of
884 754 111 32 missing

140 802 98 24 strata,
265 798 151 32 consisting
443 798 29 24 of
499 798 45 24 the
576 799 98 24 Lower
705 799 169 29 Greensand,
902 800 93 28 Gault,

143 844 96 31 Upper
253 844 172 27 Greensand,
440 844 54 23 and
513 844 47 23 the
574 844 87 23 whole
681 843 28 24 of
725 844 46 23 the
786 844 79 23 chalk
879 844 116 32 deposit,

142 888 90 25 which
256 888 136 33 probably
417 888 136 32 averaged
578 897 75 15 some
679 888 74 25 miles
776 888 26 24 in
825 888 94 28 width,
943 888 52 24 and

140 932 130 33 upwards
289 932 29 25 of
334 941 16 15 a
371 932 137 25 thousand
521 932 52 24 feet
593 932 27 24 in
640 932 148 24 thickness.
827 932 24 24 It
874 932 50 24 has
943 932 52 24 dis-

140 977 139 33 appeared
306 977 35 33 by
366 977 46 24 the
442 977 145 24 combined
613 977 87 24 forces
725 977 28 23 of
782 977 136 31 upheaval
943 977 52 24 and

140 1021 179 29 denudation,
341 1021 109 32 leaving
475 1021 46 24 the
547 1021 106 24 surface
675 1021 30 24 of
727 1021 47 24 the
797 1021 92 24 Island
912 1021 27 24 in
961 1021 34 24 its

140 1072 111 26 present
271 1066 78 26 form.

187 1113 60 24 The
267 1120 76 17 same
361 1120 98 16 causes
478 1111 70 25 have
564 1111 140 32 produced
724 1120 81 23 many
819 1111 138 24 instances
970 1110 29 25 of

140 1158 117 24 isolated
278 1165 114 21 masses,
415 1165 29 16 or
653 1165 30 16 as
705 1157 65 31 they
792 1164 46 17 are
860 1156 96 28 called,
970 1155 29 25 of

141 1203 90 24 which
245 1203 47 23 the
306 1206 71 20 most
392 1202 151 32 important
562 1210 83 15 occur
664 1201 26 24 in
710 1202 47 23 the
770 1201 226 32 neighbourhood

140 1247 30 25 of
181 1247 137 26 Godshill.
356 1247 78 32 They
448 1246 105 25 exhibit
572 1246 47 24 the
637 1254 75 16 same
727 1245 201 29 stratification,
943 1245 53 24 and

140 1302 47 16 are
201 1292 165 32 completely
379 1291 136 25 detached
529 1291 68 24 from
618 1291 46 24 the
683 1295 87 21 strata
784 1291 29 24 of
829 1290 89 25 which
932 1291 64 32 they

140 1347 69 16 once
222 1337 105 25 formed
346 1346 15 15 a
381 1341 166 20 e&3tratt©iis
565 1336 118 32 portion.
722 1336 129 24 Between
869 1335 127 25 Godshill

140 1383 55 25 and
223 1382 168 32 Sheepwash
416 1382 82 24 Farm
525 1381 95 25 stands
642 1390 16 15 a
681 1381 82 32 large,
785 1380 124 28 isolated,
932 1379 64 25 turf-

140 1428 118 24 covered
272 1428 111 28 mound,
405 1427 123 24 rounded
543 1427 54 24 and
615 1425 208 26 weather-worn
834 1434 4 20 ;
859 1424 20 25 it
893 1424 22 25 is
929 1424 67 25 from

141 1481 32 24 50
187 1477 28 20 to
228 1474 33 23 60
274 1472 53 24 feet
342 1472 75 32 high,
432 1472 54 24 and
505 1471 35 25 its
560 1470 135 26 detached
714 1470 120 32 position
848 1469 22 25 is
884 1469 115 32 entirely-

140 1518 53 23 due
207 1523 28 18 to
249 1518 47 23 the
311 1517 92 24 action
417 1516 30 24 of
466 1516 59 24 rain
540 1516 53 24 and
608 1516 94 24 rivers.

186 1562 129 26 Godshill
328 1562 110 24 Church
454 1561 95 24 stands
561 1569 74 23 upon
650 1569 34 15 an
698 1559 137 25 elevation
849 1558 152 32 consisting

139 1607 29 26 of
190 1608 99 24 Lower
312 1606 173 28 Greensand,
509 1605 53 24 and
585 1604 84 25 forms
692 1613 16 15 a
733 1603 155 33 prominent
914 1603 85 31 figure

140 1653 27 24 in
188 1652 47 26 the
257 1651 151 33 landscape
421 1660 4 18 ;
446 1650 20 26 it
489 1658 52 17 can
564 1650 34 24 be
620 1658 62 16 seen
703 1649 66 24 from
794 1658 15 14 a
829 1648 124 24 distance
974 1647 27 25 of
