1117 1922
157 172 31 30 48

401 176 56 17 the
478 174 98 18 lower
595 172 179 19 greensand.

473 270 110 24 Fifteenth
599 269 107 20 Division.

263 342 98 24 Upper
380 341 91 25 Clays
490 347 56 17 and
566 338 78 26 Sand
665 338 80 24 Rock
765 333 148 35 (n8feet).

205 420 69 24 This
296 418 117 26 division
439 417 119 26 consists
583 416 29 26 of
634 416 72 33 forty
731 415 53 24 feet
809 413 30 25 of
862 412 69 26 dark
955 419 67 25 grey

159 465 85 34 clays,
258 465 66 26 with
338 464 112 34 pyrites,
465 462 146 34 separated
631 462 36 33 by
680 460 128 33 eighteen
825 458 53 25 feet
892 456 30 26 of
937 456 86 26 white

160 510 55 26 and
239 510 71 26 fawn
335 509 131 25 coloured
490 509 79 28 sand,
589 507 70 25 from
679 515 15 17 a
720 514 74 17 mass
814 504 29 25 of
865 504 77 32 clays
968 502 54 24 and

160 556 92 25 sands.
298 555 60 25 The
384 554 68 26 sand
477 554 67 25 rises
570 553 69 25 from
665 552 47 25 the
737 552 67 24 base
833 548 30 27 of
885 548 47 26 the
958 548 64 28 cliff,

161 602 85 25 about
268 604 55 22 two
343 599 127 27 hundred
489 599 83 33 yards
592 601 68 23 west
681 597 29 25 of
731 596 114 25 Rocken
866 594 74 29 End,
958 602 65 17 near

161 647 100 28 which,
275 645 21 25 it
316 645 24 25 is
359 644 69 30 said,
446 643 127 26 material
593 643 51 25 has
666 643 70 25 been
755 640 112 27 worked
887 639 41 25 for
949 639 74 33 glass

161 692 86 25 house
266 698 143 25 purposes.

476 841 113 20 Sixteenth
603 841 107 20 Division.

227 932 128 25 Various
375 930 94 26 Sands
489 937 57 17 and
566 929 89 26 Clays
676 929 40 32 (ii
721 929 15 24 8
749 928 54 25 feet
816 936 16 25 4
845 927 115 33 inches).

210 1018 91 25 These
333 1017 151 26 constitute
516 1018 47 24 the
595 1016 156 26 remainder
780 1016 29 25 of
838 1016 49 25 the
911 1015 114 26 section,

164 1064 84 25 about
268 1062 60 27 half
344 1072 61 25 way
426 1072 47 23 up,
491 1062 29 26 in
540 1062 92 26 which
651 1062 23 25 is
697 1071 15 16 a
732 1062 53 25 bed
807 1062 30 25 of
853 1062 69 25 hard
944 1061 84 25 white

164 1109 79 29 sand,
263 1109 137 33 probably
420 1108 47 26 the
489 1117 77 16 same
588 1108 53 25 bed
660 1117 31 16 as
713 1108 61 25 that
795 1106 92 27 which
909 1116 119 24 appears

165 1158 28 21 at
211 1155 47 24 the
280 1155 66 24 base
366 1153 29 25 of
412 1154 49 25 the
480 1153 59 25 cliff
555 1162 36 16 on
611 1153 48 25 the
679 1154 81 24 shore
780 1156 28 22 at
826 1153 115 25 Rocken
956 1153 71 25 End.

167 1200 24 24 It
216 1199 79 25 there
319 1199 119 25 consists
457 1199 30 25 of
509 1199 74 33 eight
603 1207 30 16 or
658 1203 46 21 ten
727 1198 54 26 feet
803 1198 30 25 of
854 1198 70 25 hard
946 1197 83 26 white

166 1244 78 30 sand,
267 1244 66 26 with
359 1245 207 25 carbonaceous
593 1245 54 25 and
672 1244 174 33 ferruginous
871 1244 78 30 lines,
975 1244 55 25 and

165 1290 109 29 harder,
290 1289 142 33 irregular,
450 1290 173 33 ferruginous
645 1290 212 34 concretionary
876 1299 106 16 masses
999 1298 31 17 or

166 1335 105 26 bodies.
308 1336 69 24 This
395 1336 54 24 bed
468 1335 23 25 is
511 1339 28 21 at
560 1336 47 24 the
625 1340 48 29 top
687 1336 29 25 of
732 1336 48 25 the
796 1337 88 33 sandy
897 1336 133 33 deposits,

167 1381 54 25 and
243 1385 73 21 must
337 1381 151 25 constitute
508 1382 95 33 nearly
621 1382 47 24 the
688 1386 162 29 uppermost
866 1382 54 25 bed
937 1382 30 25 of
984 1382 47 25 the

166 1426 97 33 purely
276 1426 88 33 sandy
377 1426 123 33 deposits
511 1435 5 21 ;
537 1426 20 26 it
576 1426 24 26 is
616 1427 60 25 also
693 1428 95 33 nearly
801 1428 48 25 the
868 1432 162 28 uppermost

168 1471 52 25 bed
234 1471 29 25 of
277 1471 47 25 the
338 1472 99 24 Lower
451 1472 164 25 Greensand
632 1472 155 26 formation.
827 1474 25 24 It
866 1482 120 24 appears
1004 1473 28 25 in

168 1516 46 26 the
225 1516 60 25 face
298 1516 30 25 of
337 1516 47 26 the
398 1516 64 30 cliff,
474 1516 85 34 rising
572 1521 28 21 at
619 1526 35 16 an
669 1519 80 31 angle
762 1518 30 25 of
808 1518 69 25 from
898 1521 45 31 2^°
953 1524 28 21 to
996 1522 35 30 3°,

168 1562 94 33 nearly
284 1570 30 16 as
333 1561 40 25 far
398 1570 30 16 as
452 1562 48 25 the
526 1566 48 29 top
600 1563 29 24 of
653 1564 162 33 Blackgang
841 1564 98 30 Chine,
964 1565 68 27 with

168 1608 64 24 blue
251 1607 95 33 clayey
365 1607 68 25 beds
458 1608 97 24 above.
594 1608 187 33 Ferruginous
804 1610 84 26 sands
914 1620 46 16 are
986 1612 46 24 the

168 1651 109 33 highest
291 1652 67 24 beds
373 1660 63 16 seen
450 1652 27 24 in
495 1653 47 24 the
555 1653 77 28 road,
646 1653 69 25 from
735 1653 89 26 South
838 1655 78 26 View
931 1658 99 25 House

169 1700 28 20 to
219 1697 47 23 the
287 1696 89 24 shore.
