1117 1922
439 194 137 17 WEALDEN
603 193 170 19 FORMATION,

164 195 11 15 2

164 273 136 24 exposure
328 265 29 25 of
385 266 74 24 them
490 266 27 24 in
548 266 139 24 Sandown
716 265 70 31 Bay.
839 260 61 26 The
932 259 97 24 lowest

164 310 137 25 Wealden
320 310 68 25 beds
409 319 46 16 are
474 310 81 26 those
577 310 117 33 forming
716 310 49 24 the
784 308 82 24 shore
886 310 29 21 at
936 304 95 26 Brook

166 354 93 26 Point.
308 355 79 32 They
412 354 104 27 consist
541 355 30 25 of
592 355 49 25 red
666 354 55 25 and
745 350 164 34 variegated
934 349 96 29 marls,

165 409 74 23 upon
268 399 91 27 which
386 399 36 26 lie
450 409 148 17 numerous
630 400 98 25 trunks
758 398 55 25 and
840 395 139 26 branches
1003 393 30 27 of

166 444 156 26 coniferous
341 449 81 26 trees,
448 446 158 33 commonly
630 445 90 25 called
740 443 48 26 the
843 441 69 26 Pine

166 491 60 23 The
245 494 72 21 trees
335 498 46 17 are
399 492 166 32 completely
578 489 187 28 mineralized,
779 487 83 33 being
880 486 151 25 converted

166 535 59 24 into
253 543 16 16 a
288 536 82 24 black
400 539 82 30 stony
502 544 84 20 mass,
610 534 161 32 containing
797 542 16 16 a
838 531 193 26 considerable

166 580 129 33 quantity
316 580 30 24 of
374 580 60 24 iron
458 580 105 33 pyrites
575 589 5 20 ;
612 580 66 33 they
703 580 35 23 lie
770 578 28 24 in
831 586 16 16 a
876 576 155 26 horizontal

166 625 130 33 position,
318 625 28 24 in
368 634 83 24 every
470 625 144 29 direction,
636 625 106 25 broken
762 633 38 24 up
825 623 59 25 into
906 623 125 24 rounded

167 670 160 33 fragments,
341 669 116 34 varying
476 670 69 25 from
566 679 16 16 a
601 669 52 27 few
675 669 96 26 inches
793 673 29 21 to
845 677 31 17 as
896 668 84 25 much
1000 676 31 17 as

167 719 55 22 two
235 724 30 16 or
279 716 78 24 three
375 715 54 25 feet
448 715 28 25 in
495 715 143 25 diameter.
677 716 83 24 Some
779 714 31 26 of
824 714 48 25 the
889 718 73 21 trees
976 713 55 26 still

166 765 112 30 present
297 765 91 21 traces
410 761 30 25 of
458 761 100 33 woody
579 764 148 26 structure,
749 760 48 26 the
818 760 117 25 annular
956 760 75 33 rings

166 807 30 25 of
214 807 109 33 growth
342 806 83 33 being
449 807 103 33 clearly
572 806 107 28 visible,
701 807 49 24 but
776 806 95 25 others
895 814 47 16 are
967 814 63 16 con-

166 852 97 26 verted
273 851 58 26 into
341 851 114 34 pyrites,
467 860 30 16 or
510 851 58 25 into
579 860 16 16 a
609 851 82 25 black
705 851 149 25 substance
865 851 166 33 resembling

163 898 49 33 jet.
251 898 32 25 In
302 898 48 25 the
368 898 95 24 letters
482 896 91 27 which
597 896 143 26 Professor
758 896 132 26 Webster
891 912 35 3 —
927 905 52 17 one
1003 896 30 26 of

165 943 48 25 the
233 943 109 25 earliest
357 942 160 33 Geologists
518 958 34 3 —
553 946 86 21 wrote
652 946 30 21 to
699 941 45 26 Sir
759 943 98 32 Henry
866 941 164 34 Englefield,

168 989 160 32 1811-1813,
354 988 80 25 when
459 987 20 25 it
505 996 57 17 was
587 987 123 33 possible
735 992 29 20 to
783 988 86 32 speak
888 987 31 25 of

164 1039 63 28 part
241 1033 29 26 of
285 1034 111 25 natural
410 1033 109 26 science
539 1033 89 26 called
821 1033 70 26 after
909 1033 121 26 describ-

164 1080 47 33 ing
230 1080 49 25 the
299 1080 138 25 Wealden
456 1079 69 26 beds
545 1079 28 25 in
594 1079 47 26 the
664 1079 124 33 vicinity,
808 1079 35 25 he
864 1088 73 25 says,
986 1079 44 26 On

164 1126 89 32 lifting
266 1134 37 24 up
321 1133 76 17 some
411 1125 29 24 of
457 1125 48 24 the
523 1133 46 17 sea
588 1126 100 29 weeds,
702 1125 92 25 which
807 1133 75 25 grew
895 1133 75 25 upon
983 1125 48 25 the

164 1171 81 25 shore
264 1171 126 25 between
412 1170 67 34 high
501 1171 55 24 and
577 1171 52 25 low
649 1171 187 28 water-mark,
862 1171 10 24 I
893 1179 60 17 was
972 1179 58 17 sur-

164 1216 92 33 prised
266 1221 29 20 to
307 1216 57 25 find
375 1217 99 25 almost
490 1217 35 24 all
539 1216 47 26 the
600 1217 81 25 rocks
694 1217 89 25 below
791 1216 77 26 them
880 1216 151 33 composed

164 1262 29 25 of
207 1262 128 32 petrified
486 1263 92 24 There
595 1262 24 25 is
637 1271 35 16 no
690 1262 132 25 evidence
835 1266 30 21 to
878 1263 77 25 show
968 1263 62 25 that

163 1308 47 24 the
224 1311 72 21 trees
314 1315 75 25 grew
401 1316 36 16 on
456 1308 47 25 the
523 1312 72 29 spot,
610 1309 50 24 but
679 1317 72 17 were
771 1309 144 24 doubtless
929 1308 101 25 drifted

163 1353 69 24 from
247 1361 16 16 a
276 1352 126 25 distance
415 1352 28 25 in
460 1353 47 25 the
525 1362 77 16 same
622 1363 115 16 manner
755 1363 30 16 as
802 1354 47 25 the
863 1354 98 26 trunks
976 1354 54 26 and

164 1398 136 24 branches
313 1397 30 24 of
358 1402 73 20 trees
445 1407 46 16 are
505 1399 119 32 brought
643 1399 80 26 down
738 1400 37 33 by
787 1400 47 25 the
849 1399 180 34 Mississippi,

164 1442 55 24 and
231 1442 80 25 other
324 1442 75 33 large
412 1442 87 27 rivers
512 1443 30 25 of
552 1444 48 25 the
612 1449 112 27 present
738 1445 63 33 day.
840 1446 50 24 Dr.
903 1446 126 29 Mantell,

164 1486 69 25 after
247 1488 130 31 repeated
388 1487 80 26 visits
480 1492 29 21 to
523 1490 94 24 Brook
629 1490 92 28 Point,
731 1491 105 25 arrives
849 1495 29 21 at
892 1491 48 26 the
953 1501 78 16 same

164 1531 160 25 conclusion
335 1541 6 15 :
367 1532 34 25 he
427 1541 72 25 says,
554 1534 60 24 The
634 1538 73 21 trees
730 1544 47 16 are
799 1536 37 25 all
858 1536 76 33 lying
953 1546 77 23 pros-

164 1580 72 21 trate
249 1576 54 25 and
321 1576 161 34 confusedly
495 1578 203 34 intermingled.
736 1581 91 25 There
845 1590 48 16 are
905 1591 37 16 no
955 1587 75 21 erect

164 1621 105 29 trunks,
293 1629 49 17 nor
365 1630 54 25 any
439 1623 79 24 other
538 1623 154 26 indication
712 1625 62 25 that
794 1626 49 24 the
864 1626 85 26 forest
972 1638 58 16 was

164 1666 164 32 submerged
341 1666 67 25 with
428 1667 36 25 its
484 1668 94 26 native
598 1669 60 29 soil,
672 1670 55 25 like
744 1670 61 25 that
823 1670 31 25 of
869 1671 48 25 the
934 1674 55 25 Isle
1003 1675 30 26 of

164 1711 142 23 Portland.
344 1711 44 24 On
401 1712 48 24 the
462 1716 138 28 contrary,
614 1713 57 25 this
684 1714 207 26 accumulation
904 1717 31 24 of
951 1718 78 26 fossil
