1117 1922
440 170 57 16 the
517 170 89 16 chalk
627 171 79 15 marl.

966 169 31 24 99

144 239 91 26 These
249 240 68 25 beds
336 241 58 24 also
411 249 83 16 occur
512 242 105 24 around
637 242 46 25 the
702 243 65 23 base
781 242 28 24 of
826 242 47 24 the
887 242 110 28 Downs,

143 285 54 24 and
212 285 26 24 in
252 286 47 23 the
312 286 79 24 fields
409 286 149 33 adjoining.
596 287 59 24 The
673 287 89 24 fossils
781 287 29 24 of
826 287 77 24 these
918 295 80 15 zones

143 338 46 16 are
215 331 140 33 generally
379 331 60 25 well
464 332 147 31 preserved
636 341 29 15 as
695 332 82 32 sharp
803 336 82 20 casts.
940 331 58 24 The

143 375 152 25 Turrelites
314 375 64 25 here
398 376 114 25 become
531 385 68 20 rare,
620 377 53 24 and
693 376 145 32 disappear
858 386 29 15 as
906 385 40 16 we
964 385 34 23 go

142 419 104 33 higher.
285 421 60 24 The
364 421 205 25 before-named
588 421 89 26 fossils
698 430 82 16 occur
803 421 26 25 in
851 430 15 16 a
888 421 110 25 disused

142 465 82 25 chalk
245 465 39 32 pit
306 475 34 15 on
362 466 46 25 the
428 475 86 23 upper
533 470 61 28 part
609 466 29 25 of
654 468 122 23 Ventnor
796 467 95 28 Shute,
904 470 29 21 to
952 466 46 25 the

141 510 73 33 right
229 511 29 24 of
268 512 47 23 the
329 511 66 32 high
408 512 68 24 road
486 512 109 32 leading
605 512 68 24 from
684 513 122 23 Ventnor
820 516 28 20 to
858 513 139 30 Newport.

144 557 75 23 Near
229 556 56 24 this
295 557 78 31 place
384 557 46 24 the
439 557 83 25 lower
531 557 67 24 beds
606 557 30 24 of
644 557 74 33 Grey
727 557 87 24 Chalk
825 565 45 16 are
878 557 119 32 exposed

141 600 28 25 in
183 610 15 15 a
213 601 108 33 cutting
334 610 34 16 on
388 602 68 24 each
474 602 58 24 side
549 602 29 24 of
592 602 46 24 the
658 602 74 28 road,
750 602 27 24 in
794 602 90 25 which
901 610 96 16 occurs

141 646 116 24 Holaster
290 647 169 32 complanatus,
491 646 155 25 associated
679 646 66 25 with
776 655 33 15 an
841 646 156 24 Ammonite

141 690 104 33 having
257 691 157 32 prominent
433 691 66 29 ribs,
517 691 90 26 which
624 700 117 23 appears
759 695 28 21 to
806 691 34 25 be
859 700 15 15 a
893 690 105 33 variety

141 735 29 26 of
190 736 148 25 Ammonites
356 737 203 31 Rhotomagensis,
574 745 75 16 some
662 736 29 25 of
706 736 90 26 which
815 745 46 16 are
880 736 28 25 of
924 737 73 31 large

141 781 64 24 size.

188 827 60 24 The
268 827 86 25 Town
374 828 145 33 Cemetery
532 827 23 24 is
573 836 35 15 on
627 827 47 24 the
693 828 74 32 Grey
787 827 96 29 Chalk,
903 827 49 24 but
970 826 27 24 in

141 872 47 25 the
202 872 179 25 excavations
395 872 50 26 few
458 872 90 25 fossils
567 881 46 16 are
632 872 83 25 found
734 872 107 33 beyond
853 872 144 24 Ammonites

141 917 104 29 varians,
254 918 86 24 Pecten
349 918 119 28 Beaverii,
476 922 51 20 etc.
550 918 22 23 A
584 917 109 32 portion
701 916 29 25 of
736 917 45 24 the
791 916 70 25 head
870 916 53 25 and
930 917 67 31 jaws

140 961 30 26 of
186 971 16 16 a
215 962 75 32 large
304 962 52 25 fish
371 971 57 16 was
441 962 55 32 dug
510 971 36 23 up
560 962 64 25 here
638 971 74 15 some
726 961 65 25 time
804 962 78 28 back,
897 961 100 33 having

141 1008 210 32 lancet-shaped
366 1008 83 24 teeth.
487 1007 59 25 The
560 1007 139 32 specimen
710 1016 55 16 was
779 1007 81 24 much
872 1007 125 28 crushed,

141 1053 55 24 and
210 1061 65 24 very
290 1052 105 29 friable,
410 1052 54 24 and
483 1052 206 32 unfortunately
702 1060 56 16 was
777 1055 46 21 not
843 1052 154 31 preserved.

141 1098 68 25 Two
223 1098 75 32 large
311 1098 56 32 pits
380 1106 84 16 occur
483 1105 65 17 near
566 1097 73 29 here,
654 1097 152 24 excavated
821 1097 39 24 for
874 1096 123 25 material

141 1143 39 23 for
195 1143 63 24 lime
273 1143 127 32 burning.
438 1143 77 32 They
528 1142 112 24 contain
660 1141 50 25 few
729 1141 98 29 fossils,
842 1141 155 32 abounding

141 1188 66 26 with
221 1187 59 26 iron
295 1187 104 33 pyrites
412 1187 30 25 of
453 1187 110 25 various
577 1187 100 32 shapes
691 1187 53 24 and
758 1187 91 24 forms.

188 1234 60 24 The
262 1233 89 25 Chalk
367 1234 71 23 Marl
452 1232 23 25 is
489 1232 120 32 exposed
627 1232 27 24 in
669 1232 53 25 situ
742 1232 26 24 in
782 1241 16 16 a
810 1231 40 33 pit
870 1241 65 15 near
953 1232 47 25 the

141 1287 88 24 upper
251 1283 62 28 part
336 1278 30 25 of
385 1278 134 25 Shanklin
542 1278 150 28 Cowleaze,
715 1278 54 24 and
794 1278 58 24 also
876 1286 34 16 on
933 1277 67 25 both

142 1324 73 24 sides
242 1324 30 24 of
296 1324 47 24 the
369 1325 62 22 lane
458 1323 108 32 leading
596 1331 36 23 up
663 1326 28 21 to
719 1322 19 25 it
766 1330 35 17 on
827 1322 46 25 the
900 1321 47 25 left
974 1321 28 25 of

141 1369 48 26 the
202 1369 68 25 road
289 1369 68 24 from
373 1369 123 24 Ventnor
516 1372 28 20 to
564 1367 141 25 Shanklin.
743 1368 59 23 The
820 1367 88 24 Chalk
929 1367 70 24 Marl

142 1419 27 21 at
196 1415 46 25 the
267 1414 40 32 pit
334 1413 126 26 contains
484 1413 131 28 Baculites,
640 1413 121 28 Hamites,
787 1413 132 32 Scaphites,
946 1412 53 24 and

144 1459 151 25 Ammonites.
334 1459 102 27 Below,
456 1457 26 25 in
503 1458 46 24 the
570 1458 61 24 lane
651 1457 90 25 where
758 1457 46 24 the
824 1460 86 21 strata
929 1457 70 24 have

142 1505 70 24 been
226 1508 46 21 cut
286 1503 121 32 through
427 1507 28 21 to
474 1502 69 26 form
562 1502 48 25 the
628 1502 76 28 road,
718 1502 145 25 Ammonites
875 1502 122 27 Mantelli,

141 1552 31 23 A.
199 1551 104 28 varians,
330 1550 54 23 and
409 1549 79 24 other
513 1549 69 24 marl
606 1547 90 25 fossils
721 1556 51 16 can
795 1548 33 24 be
848 1546 132 25 collected
993 1555 5 20 ;

141 1597 32 24 A.
191 1594 109 35 falcatus
323 1595 58 23 also
403 1601 106 17 occurs.
548 1593 89 24 There
660 1601 44 16 are
726 1592 56 24 also
802 1595 53 22 two
875 1600 29 16 or
923 1591 76 25 three

141 1641 80 25 small
258 1640 55 32 pits
347 1648 34 15 on
414 1639 47 24 the
490 1637 127 26 roadside
649 1637 105 25 around
786 1637 46 25 the
860 1637 90 33 valley
974 1636 28 26 of

141 1686 171 25 Luccombe,
338 1684 27 25 in
390 1692 52 16 one
467 1684 29 23 of
524 1683 90 25 which
641 1683 128 23 Turrelites
793 1682 128 24 undulatus
946 1682 53 24 and
