1117 1922
152 163 49 30 138

453 168 137 16 TERTIARY
611 167 106 17 SERIES.

151 241 95 33 highly
266 241 118 24 inclined
406 240 121 33 position
541 239 30 25 of
588 239 48 25 the
655 238 68 26 beds
742 237 28 25 in
791 237 47 24 the
852 235 165 33 neighbour-

152 286 72 24 hood
238 286 30 24 of
278 286 47 24 the
340 286 99 28 Chalk,
454 286 47 23 the
515 286 82 23 lower
611 284 138 24 members
763 281 29 26 of
809 281 47 25 the
870 280 149 25 formation

154 340 46 16 are
214 331 164 33 comprised,
393 330 40 25 for
453 330 47 25 the
513 334 72 21 most
599 333 72 29 part,
686 327 95 26 within
800 325 220 34 comparatively

153 385 108 16 narrow
274 375 93 29 limits,
384 375 53 25 and
460 375 46 24 the
526 374 74 24 chief
617 373 110 33 portion
747 372 29 25 of
795 372 47 25 the
863 370 156 33 superficial

156 430 62 16 area
233 420 134 33 occupied
389 421 37 32 by
439 420 47 25 the
507 418 219 26 Fluvio-marine
749 417 85 25 series
857 416 119 25 consists
994 415 28 26 of

155 466 48 25 the
217 474 86 23 upper
326 466 136 24 members
483 464 29 25 of
530 464 61 25 that
605 472 97 24 group.
741 463 60 23 The
814 462 78 24 thick
911 462 68 24 beds
992 461 29 25 of

157 511 160 24 Limestone
332 510 26 25 in
372 510 56 25 this
442 509 147 26 formation
604 508 60 26 thin
675 513 47 20 out
737 508 122 25 towards
869 507 47 25 the
930 507 89 28 north,

156 557 54 23 and
224 556 153 30 altogether
391 555 148 31 disappear
553 554 27 25 in
597 563 34 16 an
645 554 120 32 easterly

456 627 123 23 Headon
609 627 103 23 Series

192 683 69 24 This
275 683 92 28 series,
383 684 60 23 best
458 691 64 16 seen
536 684 124 23 between
674 683 47 24 the
735 683 72 24 river
826 684 55 23 Yar
902 683 54 24 and
975 683 46 24 the

157 737 47 17 sea
222 736 28 17 at
269 728 48 25 the
335 733 118 20 western
472 728 149 33 extremity
633 728 30 25 of
679 728 47 25 the
748 728 103 29 Island,
866 728 53 25 and
941 728 80 33 along

158 774 49 25 the
226 778 108 20 eastern
354 773 74 26 bank
447 773 30 25 of
493 774 46 25 the
559 773 71 26 river
651 774 121 27 Medina,
792 783 35 16 on
847 774 47 25 the
914 778 107 20 eastern

159 819 156 33 extremity,
330 819 120 25 consists
464 819 29 25 of
510 819 67 25 beds
591 819 29 25 of
637 819 73 25 fresh
724 824 94 24 water,
833 819 114 29 marine,
969 819 52 25 and

159 865 140 24 estuarine
312 864 97 33 origin.
448 865 78 32 They
547 873 46 16 are
616 873 46 24 133
684 865 53 24 feet
759 865 76 24 thick
856 869 27 20 at
904 865 117 24 Headon

161 910 67 28 Hill,
244 910 54 24 and
312 910 123 24 increase
449 915 28 19 to
500 917 45 24 175
560 910 53 24 feet
633 914 27 20 at
676 910 158 24 Whitecliff
850 910 86 31 Bay.t

207 955 77 33 They
305 964 46 16 are
376 955 60 25 well
459 955 122 33 exposed
606 955 59 25 also
687 955 26 24 in
737 955 121 25 Totland
885 955 60 33 Bay
970 955 53 25 and

163 1001 112 25 Colwell
292 1002 69 32 Bay,
382 1001 54 25 and
457 1010 46 16 are
526 1001 146 32 separated
694 1000 70 26 from
784 1001 47 25 the
852 1001 84 25 series
958 1005 64 21 next

160 1047 87 24 below
262 1047 36 32 by
311 1055 15 15 a
340 1046 60 24 thin
414 1046 173 32 ferruginous
601 1047 84 24 band.
724 1047 79 32 They
816 1055 52 16 can
881 1047 34 24 be
929 1046 95 24 traced

160 1100 93 16 across
273 1092 46 23 the
335 1092 93 24 Island
443 1101 29 15 as
487 1100 15 16 a
516 1100 108 16 narrow
638 1092 72 24 band
726 1092 188 28 immediately
928 1092 96 24 under-

160 1136 75 32 lying
256 1137 47 23 the
327 1137 167 31 Bembridge
522 1136 170 26 Limestone.
732 1137 59 25 The
817 1137 207 25 characteristic

163 1181 90 23 fossils
268 1191 44 13 are
324 1192 5 12 :
332 1197 32 2 —

163 1227 136 24 Planorbis
312 1227 170 32 enomphalus

163 1261 115 24 Limnæa
292 1262 146 31 longiscata

164 1295 129 23 Paludina
306 1296 69 22 lenta

625 1228 171 33 Potamomya
809 1229 77 31 plana

624 1262 152 25 Potamides
789 1264 102 23 cinctus

625 1297 129 30 Cytherea
766 1297 142 24 incrassata

210 1349 59 25 The
284 1350 119 24 Headon
423 1350 84 25 series
521 1359 56 16 was
598 1351 165 25 subdivided
783 1352 36 33 by
834 1352 73 25 Prof.
923 1352 104 25 Forbes

164 1403 30 15 as
208 1394 104 24 follows
326 1404 4 14 :
334 1410 33 3 —

168 1458 20 17 1.
228 1451 97 24 Lower
348 1451 119 24 Headon
480 1460 4 19 ;
506 1451 73 26 fresh
602 1452 53 25 aad
676 1453 131 25 brackish
830 1457 85 22 water
936 1454 91 28 shells,

268 1494 27 24 in
308 1495 91 24 which
414 1496 93 31 Cyrena
522 1496 176 32 cycladiformis
712 1497 23 25 is
749 1507 16 15 a
779 1498 114 25 marked
908 1498 77 25 shell.

167 1547 22 16 2.
229 1539 105 24 Middle
349 1540 118 24 Headon
478 1549 5 19 ;
505 1540 185 27 intermarine.

167 1592 23 23 3.
229 1584 96 31 Upper
351 1584 120 25 Headon
483 1594 5 20 ;
509 1585 73 25 fresh
607 1590 86 22 water
719 1588 54 24 and
799 1589 131 25 brackish
952 1589 76 26 beds.

272 1629 169 32 Uppermost
456 1631 84 25 marls
554 1631 67 25 with
635 1633 134 24 Cerithium
784 1634 116 31 lapidum.

231 1691 8 8 *
247 1689 58 18 Mem.
314 1690 51 17 Geol.
373 1691 61 20 Surv.,
444 1692 86 21 Bristow,
543 1693 38 17 Isle
589 1693 21 17 of
617 1694 74 21 Wight,
701 1695 48 20 1862,
758 1700 18 15 p.
786 1697 28 16 58.
859 1700 11 11 t
879 1697 86 18 Bristow.
