1117 1922
411 153 58 17 THE
488 153 99 17 HUMAN
608 153 110 17 PERIOD.

943 153 49 25 205

261 224 48 25 the
328 224 103 25 middle
449 228 66 21 west
536 225 97 27 Down,
647 225 109 33 beyond
776 225 136 28 Nunwell,
928 225 56 25 Isle

122 268 30 25 of
169 268 108 33 Wight,
294 269 90 33 facing
398 269 46 25 the
459 269 81 25 north
554 269 54 25 and
621 274 67 24 east,
700 270 36 32 by
746 269 65 26 kind
824 269 163 33 permission

123 313 73 25 from
211 313 82 34 Lady
304 314 148 32 Oglander,
463 314 47 25 the
523 323 91 16 owner
627 313 30 26 of
667 314 47 26 the
725 318 95 26 estate,
835 315 11 25 I
858 316 129 25 removed

128 359 85 25 about
230 366 30 24 15
273 358 96 26 inches
382 358 30 26 of
428 359 78 25 earth
520 358 69 26 from
608 359 47 25 the
673 363 109 28 present
796 359 107 26 surface
916 368 35 17 on
971 369 16 16 a

128 407 63 29 spot
211 404 11 25 I
243 404 55 25 had
317 404 158 34 previously
490 404 122 30 marked,
626 405 99 32 feeling
743 405 160 29 convinced,
918 405 68 26 from

128 449 36 26 its
184 449 123 33 peculiar
322 450 86 32 shape
422 451 87 32 (once,
525 458 34 16 no
573 450 96 29 doubt,
683 459 35 15 an
731 451 141 24 extensive
885 451 101 25 mound

128 503 30 17 or
173 495 133 29 tumulus,
321 495 49 25 but
389 504 61 16 now
464 495 152 33 flattened),
631 495 55 25 and
704 495 36 25 its
758 495 67 26 faint
845 495 102 26 outline
961 496 28 25 of

128 540 80 25 mixed
227 540 90 29 chalk,
333 540 116 33 forming
469 550 16 15 a
504 541 74 31 large
598 540 90 30 circle,
708 541 94 33 barely
819 541 168 32 perceptible

128 590 29 21 to
179 586 49 25 the
250 586 131 33 ordinary
402 587 138 28 observer,
554 595 36 16 on
611 587 47 24 the
675 586 105 33 ground
799 587 137 32 ploughed
950 595 37 24 up

129 630 41 25 for
184 630 173 30 cultivation,
371 631 61 25 that
453 630 156 33 something
627 631 107 33 worthy
748 630 30 25 of
793 630 193 33 investigation

129 676 45 31 lay
187 675 112 25 hidden.

204 722 43 33 By
261 729 129 25 compass
405 722 11 23 I
431 721 133 25 trenched
582 721 48 25 the
642 721 91 28 north,
747 721 91 28 south,
852 724 67 25 east,
934 721 54 25 and

130 770 77 25 west,
222 766 79 26 when
316 766 11 25 I
345 766 111 33 quickly
470 774 78 17 came
566 774 74 24 upon
658 774 15 16 a
691 769 71 21 most
775 770 127 28 compact
916 766 73 33 body

128 811 31 27 of
176 811 85 30 flints,
276 821 30 16 so
327 812 98 32 placed
447 812 61 25 that
528 812 80 25 when
629 811 46 25 the
697 811 88 26 whole
807 811 105 25 surface
932 820 56 17 was

131 857 167 29 uncovered,
310 856 20 26 it
341 857 66 25 bore
420 856 47 25 the
481 860 79 21 exact
572 856 86 32 shape
668 855 29 26 of
708 865 15 15 a
736 856 74 32 large
821 856 166 29 mushroom,

131 902 42 25 for
197 910 75 24 upon
298 901 188 25 examination
509 902 11 24 I
544 901 84 25 found
650 901 20 25 it
697 901 79 32 equal
798 909 35 17 on
852 901 35 25 all
907 900 81 30 sides,

131 947 69 25 from
224 947 48 24 the
293 955 70 24 apex
385 950 29 21 to
436 947 47 24 the
504 946 109 24 outside
635 945 29 25 of
683 946 47 24 the
748 945 91 30 circle,
859 946 60 24 well
939 950 49 28 put

130 992 126 32 together
267 1000 5 20 ;
288 991 27 25 in
327 991 64 29 fact,
403 991 53 24 like
465 999 16 16 a
492 990 69 25 solid
571 991 90 31 paved
670 999 153 24 causeway,
834 990 155 33 measuring

130 1036 28 26 in
184 1036 134 25 diameter
343 1039 172 30 twenty-two
539 1036 54 24 and
619 1044 16 16 a
658 1035 60 25 half
736 1035 62 29 feet,
819 1035 53 25 and
896 1036 94 33 nearly

131 1086 55 21 two
200 1081 53 26 feet
273 1081 125 25 fourteen
416 1080 96 25 inches
531 1080 27 25 in
577 1080 86 33 depth
681 1080 27 24 in
727 1080 47 25 the
793 1084 92 21 centre
898 1080 30 25 of
943 1080 47 25 the

132 1126 85 30 flints,
237 1126 158 32 measuring
414 1126 80 25 down
513 1130 29 21 to
564 1125 98 25 twelve
681 1125 102 25 inches.
822 1125 94 25 Under
935 1125 55 25 this

134 1171 210 34 extraordinary
357 1180 75 16 mass
445 1171 30 25 of
493 1171 83 29 flints,
592 1171 54 25 and
664 1171 110 32 exactly
786 1170 27 25 in
832 1170 47 25 the
898 1174 92 22 centre

131 1218 30 24 of
179 1218 48 24 the
247 1217 91 29 circle,
354 1217 78 25 there
444 1225 57 17 was
522 1225 16 16 a
557 1216 87 25 round
664 1220 77 21 stone
762 1217 48 32 (not
828 1215 80 33 flint),
923 1224 29 17 as
972 1215 21 25 if

131 1263 99 33 placed
251 1267 30 21 to
301 1263 78 24 mark
399 1262 47 25 the
468 1266 93 20 centre
581 1262 54 24 and
654 1265 44 21 act
718 1269 30 16 as
770 1269 15 16 a
804 1260 81 33 guide
902 1261 88 24 round

131 1308 91 26 which
245 1308 48 26 the
315 1307 75 26 flints
412 1316 70 17 were
504 1312 29 20 to
552 1307 34 25 be
604 1307 99 32 placed
721 1311 28 20 to
769 1306 67 25 form
857 1315 15 15 a
891 1315 99 24 proper

134 1353 91 26 circle.
264 1353 81 25 Close
367 1356 29 22 to
416 1351 56 26 this
494 1356 79 21 stone
594 1360 57 17 was
673 1360 35 16 an
730 1360 50 16 urn
802 1359 30 16 or
878 1351 112 32 passing

229 1397 67 26 with
316 1401 55 22 two
390 1397 115 25 handles
526 1396 98 33 placed
643 1395 191 33 horizontally,
848 1395 47 25 the
913 1395 77 25 holes

132 1443 28 25 in
173 1444 69 24 each
255 1443 101 24 handle
370 1442 82 33 being
465 1450 30 17 so
513 1442 79 25 small
606 1450 30 17 as
655 1445 28 21 to
702 1445 110 28 suggest
825 1441 60 25 that
900 1440 19 26 it
934 1450 56 16 was

133 1489 130 25 intended
283 1491 28 22 to
332 1496 65 24 pass
416 1496 16 16 a
452 1486 86 33 string
557 1487 119 32 through
696 1486 40 25 for
756 1485 170 33 suspension.
965 1486 25 25 It

133 1534 64 33 only
217 1533 148 26 contained
389 1533 79 25 earth
491 1532 54 25 and
567 1541 15 15 a
604 1532 51 25 few
677 1531 79 33 chips
775 1532 27 23 of
823 1531 68 29 flint,
912 1531 78 25 stood

134 1578 121 34 upright,
270 1578 54 25 and
338 1577 22 25 is
374 1577 53 26 five
446 1577 54 25 and
519 1577 206 33 threequarters
740 1576 95 25 inches
847 1576 76 33 high,
937 1577 53 24 and

133 1624 75 33 eight
228 1623 96 26 inches
344 1622 27 26 in
392 1622 142 29 diameter,
549 1622 164 33 apparently
725 1622 30 24 of
774 1622 127 24 unbaked
920 1622 70 33 clay,

133 1669 67 27 with
213 1677 66 26 very
292 1668 68 25 rude
377 1667 249 34 diamond-shaped
645 1666 140 34 markings
798 1666 146 27 scratched
957 1675 34 18 on
