1117 1922
427 197 57 17 THE
504 195 99 19 HUMAN
625 194 109 18 PERIOD.

156 196 47 17 202

155 269 80 31 equal
249 267 63 30 size,
327 268 54 25 and
402 268 46 25 the
469 268 82 32 edges
569 267 71 25 have
659 267 68 24 been
747 262 132 33 carefully
893 260 122 34 chipped

156 312 40 25 for
222 322 48 16 use
294 322 31 16 as
349 322 16 16 a
390 322 122 23 weapon,
535 322 29 16 or
590 312 160 32 implement
763 318 5 20 ;
789 309 27 24 in
841 308 88 31 shape
951 307 20 24 it
992 314 24 16 is

156 357 110 32 unique,
282 366 29 17 as
325 358 59 25 flint
404 357 174 33 implements
597 356 139 33 generally
748 355 65 24 take
828 353 48 25 the
890 352 86 31 shape
990 349 29 26 of

157 410 35 16 an
206 410 87 17 arrow
306 402 71 25 head
390 410 30 17 or
439 410 59 21 axe,
513 401 87 25 either
614 401 39 25 for
673 400 46 25 the
739 406 120 26 purpose
873 397 28 24 of
916 405 57 16 war
986 404 31 16 or

157 446 40 24 for
211 447 46 23 the

206 492 31 23 In
256 492 137 24 reference
411 495 29 21 to
460 492 54 24 this
527 499 115 25 weapon
658 491 46 24 the
724 489 138 32 following
878 487 138 34 appeared

157 536 27 24 in
198 537 46 23 the

233 581 68 24 Last
316 581 74 25 week
410 590 15 15 a
438 590 66 24 very
516 581 172 25 remarkable
707 581 59 24 flint
786 581 161 31 implement
961 587 57 16 was

161 626 139 24 exhibited
321 630 26 20 at
361 626 47 24 the
422 626 245 33 Anthropological
683 626 139 24 Institute.
860 626 44 23 All
918 624 100 33 agreed

159 670 60 24 that
250 670 20 24 it
295 679 56 16 was
377 670 100 33 unique
488 679 5 20 ;
524 670 46 24 the
596 671 59 24 best
686 670 163 25 authorities
874 669 55 24 had
955 676 64 17 seen

161 714 116 32 nothing
290 714 53 24 like
356 714 31 29 it,
402 714 53 24 and
475 714 76 24 there
564 723 56 16 was
640 714 144 24 unlimited
804 722 82 24 scope
906 713 40 24 for
966 713 53 24 dis-

162 758 110 24 cussion
286 767 35 15 on
339 758 36 24 its
394 767 71 19 uses,
480 758 40 24 for
538 758 77 24 there
628 767 57 16 was
706 767 34 15 an
760 758 122 33 enticing
898 761 123 30 mystery

162 803 84 25 about
272 802 29 25 it.
339 803 37 24 At
395 803 53 24 last
471 812 129 15 someone
620 802 163 33 whispered,
805 808 5 10 '
821 803 75 24 Flint
918 802 69 34 Jack
998 802 22 16 '*

162 857 58 17 was
233 848 104 25 abroad
346 857 4 20 ;
366 848 54 25 and
429 848 47 25 the
488 848 170 32 implement,
667 857 30 16 or
706 857 123 23 weapon,
841 857 29 16 or
880 848 142 25 whatever

163 892 20 26 it
205 902 63 23 may
281 893 43 28 be,
338 902 57 16 was
415 892 80 33 again
515 893 119 24 handled
653 894 36 31 by
702 893 47 25 the
769 894 59 24 best
848 892 173 29 authorities,

165 938 54 24 and
233 938 114 28 rubbed,
362 937 125 32 scraped,
501 937 133 32 weighed,
648 937 200 32 microscoped,
863 938 90 28 smelt,
968 937 55 25 and

166 983 119 32 perhaps
305 982 100 29 tasted,
423 982 54 25 and
499 982 65 33 they
586 982 55 25 laid
664 982 20 25 it
704 982 80 25 down
804 982 28 25 in
854 986 72 21 utter
949 982 74 25 inde-

297 1049 3 2 .
319 1028 45 24 No
386 1035 51 17 one
460 1028 81 23 could
564 1035 81 24 guess
667 1027 35 24 its
721 1027 114 33 history,
851 1028 54 24 and
924 1027 21 25 it
964 1036 60 16 now

165 1073 50 25 lies
228 1073 27 24 in
269 1073 36 25 its
318 1073 45 24 old
377 1073 90 28 home,
483 1073 48 24 the
545 1073 78 31 Ryde
638 1072 139 25 Institute.

213 1120 24 24 A
251 1122 78 22 stone
347 1119 63 29 celt,
425 1118 68 25 from
513 1118 151 33 Hillyards,
680 1118 127 33 formerly
822 1118 26 25 in
868 1118 157 32 possession

166 1164 29 25 of
212 1165 53 24 Mr.
281 1165 29 24 C.
327 1164 96 25 Roach
443 1163 99 29 Smith,
560 1164 54 24 and
634 1172 14 16 a
668 1163 174 33 remarkably
861 1163 53 25 fine
934 1172 90 24 spear-

166 1210 72 25 head
263 1210 84 24 found
372 1218 35 15 on
432 1210 47 23 the
504 1209 88 24 beach
618 1217 65 16 near
706 1209 153 33 Plumbly's
881 1210 93 28 Hotel,
998 1213 27 21 at

167 1255 183 28 Freshwater,
382 1264 45 15 are
460 1255 57 24 also
551 1263 100 24 among
680 1255 47 24 the
756 1255 69 24 later
850 1254 175 26 discoveries.

167 1300 124 25 Another
305 1309 55 16 was
380 1299 84 25 found
483 1299 126 33 opposite
630 1304 28 20 to
680 1299 140 33 Stowgate
840 1300 92 28 Farm,
952 1299 75 33 lying

167 1355 16 16 a
205 1346 50 25 few
268 1346 83 32 yards
371 1345 80 25 down
471 1345 47 25 the
537 1345 103 25 broken
654 1345 76 32 slope
744 1344 29 25 of
789 1345 46 25 the
849 1344 63 30 cliff,
927 1354 100 23 among

167 1392 47 24 the
227 1391 76 24 debris
321 1390 30 25 of
370 1391 47 24 the
435 1390 120 33 capping
575 1390 29 25 of
621 1390 74 30 drift,
709 1390 91 25 which
819 1390 55 25 had
888 1390 139 34 evidently

167 1437 82 24 fallen
263 1436 75 32 quite
351 1436 131 33 recently,
498 1436 54 24 and
564 1444 57 17 was
640 1436 136 33 probably
789 1437 37 23 let
844 1436 80 25 down
937 1436 90 33 owing

167 1487 27 19 to
220 1481 47 25 the
292 1481 162 33 underlying
481 1481 166 33 Bembridge
670 1482 96 28 Marls,
792 1490 74 24 upon
890 1481 91 26 which
1006 1481 21 25 it

166 1526 100 28 rested,
288 1526 104 32 having
414 1526 81 32 given
517 1535 69 24 way.
625 1527 35 24 At
681 1526 56 25 this
763 1531 61 28 spot
848 1528 47 24 the
918 1527 64 26 drift
1005 1527 22 26 is

167 1572 123 24 between
305 1575 114 28 seventy
432 1571 54 25 and
500 1571 94 33 eighty
607 1571 53 25 feet
678 1572 75 32 high,
768 1573 259 29 ordnance-datum,

168 1615 54 25 and
235 1615 48 24 the
301 1618 63 29 spot
383 1614 23 25 is
425 1614 63 25 nine
508 1616 125 25 hundred
652 1617 84 32 yards
748 1621 68 21 west
835 1617 30 25 of
884 1618 48 24 the
951 1623 76 21 coast

166 1659 87 31 guard
273 1658 112 25 station.

179 1714 28 18 *A
216 1713 105 17 celebrated
329 1713 65 17 maker
403 1714 20 17 of
430 1715 88 20 spurious
526 1715 44 18 flint
580 1716 128 21 implements.
730 1718 31 17 He
769 1718 44 17 died
820 1724 51 11 some
883 1724 54 16 years
945 1720 71 19 before.
