1117 1922
394 149 164 18 bembridge
578 150 104 17 series.

920 152 46 24 149

154 218 60 26 The
234 219 81 25 shore
328 228 66 16 near
413 221 47 24 the
474 221 82 24 Point
577 222 22 24 is
619 222 118 25 studded
750 222 65 25 with
834 223 94 25 blocks
941 223 28 25 of

107 262 145 26 limestone
267 264 159 33 containing
440 269 74 21 casts
533 266 30 24 of
577 266 119 28 Limnæa,
709 267 127 24 Planorbis
853 268 53 24 and
920 268 46 24 the

107 309 79 23 small
201 308 135 25 fossilised
350 310 64 24 seed
428 310 103 25 vessels
544 310 29 25 of
584 311 82 24 Chara
681 311 163 31 Gyroginites.

153 354 59 24 The
239 354 139 28 collector,
400 354 21 25 if
449 359 46 21 not
524 354 144 27 fastidious
694 365 30 16 as
750 360 27 21 to
797 356 46 25 the
863 356 104 34 quality

107 398 29 25 of
153 398 43 25 his
211 398 163 33 specimens,
389 399 54 25 will
460 404 46 21 not
527 400 33 25 be
579 401 129 25 troubled
726 409 35 16 on
781 401 46 25 the
846 409 77 17 score
941 401 28 25 of

107 443 136 33 quantity,
267 444 47 25 the
334 444 113 32 organic
474 445 119 25 remains
614 445 81 33 being
720 450 70 20 most
816 447 149 24 abundant.

108 489 32 24 In
163 489 46 25 the
232 490 92 27 marls,
349 489 121 33 myriads
492 490 29 24 of
544 499 15 15 a
582 490 105 32 species
711 491 30 24 of
763 491 134 25 Cerithium
922 500 45 16 are

107 533 83 25 found
216 533 67 25 with
315 534 46 24 the
394 535 83 24 shells
507 535 155 33 destroyed,
688 536 54 24 and
772 536 47 24 the
850 536 116 24 internal

106 578 101 25 whorls
220 578 74 25 filled
308 578 66 25 with
394 580 46 23 the
461 580 148 24 substance
627 580 30 24 of
673 581 47 23 the
733 580 139 31 enclosing
889 581 75 24 beds.

157 623 61 24 The
251 624 160 24 Limestone
444 624 87 33 yields
563 633 75 16 some
671 624 50 25 fair
755 625 153 32 specimens
939 625 29 25 of

106 669 134 27 Planorbis,
256 669 93 32 Cyrena
362 669 88 28 obtusa,
465 669 109 25 Melania
587 670 94 28 striata,
694 670 131 28 Paludina,
839 670 124 28 Limnæa;

107 713 54 25 and
186 713 26 25 in
238 713 47 25 the
311 723 86 23 upper
422 714 110 32 portion
557 714 77 25 there
659 713 23 26 is
704 723 15 15 a
742 714 51 25 bed
814 713 27 25 in
863 713 99 30 which,

106 759 125 32 together
246 758 66 26 with
327 759 79 25 other
425 759 99 29 fossils,
539 759 114 32 Oysters
666 768 91 16 occur.

152 804 60 24 The
231 807 99 22 waters
350 804 86 24 under
455 803 90 26 which
566 804 77 24 these
662 807 86 21 strata
768 812 69 17 were
858 803 104 26 formed

107 853 72 20 must
194 849 71 24 have
279 849 107 24 teemed
400 848 66 25 with
480 848 102 25 animal
601 848 53 29 life,
669 849 53 24 and
737 849 131 31 although
883 848 78 32 (with

106 895 46 24 the
166 894 146 32 exception
325 894 30 24 of
371 894 46 24 the
432 894 123 32 Oysters,
570 893 90 25 which
679 901 45 16 are
737 893 60 24 well
815 893 146 32 preserved

105 939 66 25 with
191 939 67 25 both
279 939 93 25 valves
392 938 27 24 in
439 939 121 29 contact)
575 939 46 23 the
640 937 75 25 fossil
734 937 118 25 remains
871 946 45 16 are
935 937 28 25 of

105 993 35 16 no
153 988 77 29 great
250 984 81 24 value
350 983 39 24 for
409 984 46 23 the
475 983 118 28 cabinet,
608 987 44 29 yet
667 991 30 15 as
710 982 133 32 affording
862 990 97 24 oppor-

104 1029 114 25 tunities
250 1028 29 25 of
308 1028 82 33 study
422 1028 53 24 and
508 1027 182 33 comparison,
716 1027 65 33 they
812 1035 46 16 are
889 1031 70 20 most

104 1073 170 32 interesting.
315 1074 24 24 It
361 1082 57 16 was
440 1081 65 16 near
524 1072 47 25 the
590 1072 77 32 point
689 1072 60 24 that
772 1080 15 16 a
809 1072 73 32 palm
908 1072 55 24 leaf

104 1127 56 17 was
174 1118 161 25 discovered
350 1118 35 31 by
400 1118 48 24 Dr.
464 1116 124 25 Mantell.

150 1164 59 24 The
229 1162 122 33 deposits
371 1161 27 26 in
416 1160 156 26 Whitecliff
589 1161 59 32 Bay
661 1160 70 26 have
750 1169 16 16 a
785 1160 68 25 total
872 1160 86 25 thick-

103 1217 62 17 ness
186 1208 29 25 of
235 1216 32 16 20
289 1208 52 24 feet
355 1216 5 21 ;
383 1206 71 26 their
477 1205 206 26 characteristic
703 1204 89 26 fossils
814 1214 144 24 re-appear

103 1254 103 28 inland,
232 1253 157 25 associated
413 1252 66 25 with
509 1251 54 25 and
590 1250 157 26 sometimes
772 1250 126 32 replaced
923 1250 35 32 by

102 1309 61 17 new
195 1298 115 33 species.
365 1298 109 24 Limnæa
507 1298 53 23 and
593 1296 126 24 Planorbis
753 1304 45 16 are
831 1299 127 21 constant

102 1344 179 33 throughout.
328 1343 36 25 At
391 1342 120 33 Dodpits
537 1342 54 23 and
617 1342 87 31 Stony
731 1341 82 24 Cross
836 1340 122 24 Paludina

102 1389 138 25 orbicularis
262 1388 55 25 and
341 1388 114 25 Bulimus
478 1387 119 33 ellipticus
621 1394 46 16 are
693 1385 82 24 found
787 1393 5 21 ;
813 1385 46 24 the
878 1385 80 24 finest

102 1435 155 31 specimens
271 1433 30 25 of
317 1434 46 24 the
383 1433 81 24 latter
483 1432 69 24 shell
571 1439 46 16 are
636 1430 83 25 found
733 1434 27 20 at
775 1430 114 24 Sconce.

148 1481 60 23 The
231 1478 168 32 Bembridge
422 1477 160 25 Limestone
603 1481 27 20 at
651 1476 46 24 the
719 1480 48 27 top
788 1475 30 24 of
841 1475 117 24 Headon

102 1525 60 26 Hill
192 1525 51 25 has
274 1524 165 33 apparently
465 1523 156 31 undergone
652 1519 177 30 denudation,
856 1519 53 25 and
936 1519 22 25 is

101 1570 102 26 hidden
223 1571 36 31 by
279 1579 15 15 a
313 1569 108 32 deposit
441 1568 29 24 of
486 1568 81 24 chalk
587 1567 53 24 and
660 1566 77 25 sand.

177 1616 42 24 On
243 1614 47 25 the
312 1613 81 25 north
417 1613 57 24 side
492 1612 19 24 it
536 1619 117 25 appears
672 1610 27 25 in
721 1610 47 25 the
787 1609 59 26 face
864 1609 29 25 of
913 1609 45 25 the

101 1661 64 29 cliff,
185 1660 55 25 and
262 1659 23 26 is
305 1658 145 33 displayed
471 1658 89 25 better
582 1657 66 25 than
671 1660 27 21 at
720 1657 105 24 Sconce
847 1663 29 16 or
897 1654 64 28 Cliff
