1117 1922
133 179 48 30 236

479 180 166 18 ECONOMICS.

131 257 69 33 Clay
224 257 51 24 has
306 257 69 23 been
407 254 55 32 dug
494 261 83 24 many
601 259 81 26 years
711 257 61 25 ago,
798 247 55 26 and
878 246 116 26 shallow

130 301 128 25 trenches
279 299 126 32 marking
426 299 47 24 the
495 297 67 25 sites
585 296 30 25 of
637 295 45 25 old
704 293 139 32 workings
866 300 47 17 are
938 290 56 26 still

133 345 97 25 visible
251 344 171 33 (Geological
437 343 115 32 Survey,
566 350 28 24 p.
611 340 68 33 107).

178 435 35 25 At
245 434 93 27 Shide,
364 441 65 17 near
456 433 143 31 Newport,
630 431 116 31 Pottery
774 428 55 25 and
854 428 64 25 tiles
949 435 46 16 are

131 478 210 27 manufactured
360 478 68 24 from
448 478 47 23 the
516 477 49 23 red
588 476 75 32 clays
682 474 30 25 of
729 474 48 25 the
798 472 107 26 Plastic
925 472 70 33 Clay

130 522 156 26 formation.
325 522 98 24 Bricks
446 529 46 16 are
513 520 81 24 made
616 519 70 25 from
704 519 49 25 the
772 517 120 26 London
916 517 79 33 Clay,

130 567 90 26 which
240 566 188 33 immediately
446 565 117 25 overlies
583 565 29 24 it.
651 563 99 25 Bricks
770 572 46 16 are
836 563 58 24 also
914 561 81 26 made

130 612 68 26 from
218 612 48 25 the
289 612 75 32 clays
384 611 30 24 of
433 611 95 32 nearly
545 611 37 23 all
603 610 48 24 the
673 608 130 34 Tertiary
823 612 97 21 strata.
958 608 37 25 At

131 656 122 26 Ninham
275 656 48 25 the
344 656 73 24 loam
442 655 143 33 overlying
610 655 48 24 the
682 654 61 24 flint
768 654 95 32 gravel
883 653 24 25 is
931 662 64 16 con-

130 701 95 25 verted
240 700 57 25 into
312 699 100 26 bricks.
450 700 37 24 At
506 699 48 25 the
573 699 78 25 brick
665 699 56 32 pits
734 699 81 24 north
831 699 29 24 of
876 699 119 24 Arreton

131 747 89 24 Down
240 746 48 25 the
308 745 79 25 brick
408 745 78 25 earth
507 744 23 25 is
550 744 114 25 derived
686 743 70 26 from
776 753 16 16 a
811 744 48 25 red
878 744 117 26 mottled

129 792 92 32 loamy
243 791 69 33 clay,
336 789 161 33 containing
517 798 16 17 a
553 789 52 26 few
626 790 80 25 small
726 789 85 30 flints,
834 790 55 25 and
911 790 84 25 much

130 835 166 33 resembling
323 835 104 25 Plastic
454 836 77 32 Clay,
558 839 99 28 except
682 835 28 24 in
735 834 36 25 its
791 835 77 33 paler
891 836 103 24 colour.

130 881 94 25 About
244 881 99 25 twelve
362 880 55 25 feet
437 880 30 25 of
484 881 48 24 the
551 881 73 24 loam
647 885 71 20 rests
740 889 75 24 upon
838 881 78 25 three
941 881 54 25 feet

130 925 29 26 of
180 925 60 26 flint
266 926 216 32 pebble-gravel,
508 925 91 26 which
625 925 85 25 forms
734 925 48 26 the
807 926 68 25 base
899 925 30 26 of
947 926 48 25 the

130 971 66 33 high
216 972 70 24 level
307 971 93 32 gravel
422 971 86 25 there.
546 971 37 25 At
604 970 140 31 Gunville,
764 980 67 16 near
850 972 144 32 Newport,

130 1017 47 24 the
202 1017 106 24 Barton
334 1016 70 33 Clay
428 1015 138 26 furnishes
591 1016 47 25 the
668 1015 78 26 brick
771 1016 89 30 earth,
886 1016 55 25 and
966 1019 29 22 at

132 1062 157 32 Ningwood
309 1062 47 24 the
383 1062 167 32 Bembridge
577 1062 87 24 Marls
689 1070 47 16 are
760 1063 151 24 converted
936 1062 59 25 into

130 1107 69 24 both
213 1106 77 25 brick
305 1107 54 24 and
373 1106 71 25 tiles.

178 1197 81 25 Alum
285 1206 57 16 was
367 1196 129 33 formerly
522 1196 212 27 manufactured
765 1198 28 25 in
824 1198 48 25 the
900 1199 93 24 Island

131 1242 69 25 from
218 1242 48 25 the
286 1243 62 32 clay
361 1242 30 25 of
409 1242 83 25 Alum
514 1243 69 33 Bay,
599 1243 54 25 and
673 1251 31 17 as
724 1244 75 33 early
819 1252 30 16 as
871 1251 75 26 1579,
966 1248 27 21 at

130 1287 89 25 works
238 1287 27 25 in
286 1287 154 25 Parkhurst
461 1288 98 24 Forest
583 1288 174 33 (Geological
777 1290 116 33 Survey,
919 1290 74 29 1862,

130 1341 26 22 p.
174 1333 66 30 107).

177 1422 99 25 Bricks
299 1431 46 16 are
364 1422 211 26 manufactured
595 1424 82 33 along
699 1425 48 25 the
768 1426 55 24 Isle
842 1426 31 25 of
895 1427 99 33 Wight

131 1466 125 34 Railway
280 1471 28 20 at
334 1467 133 29 Wroxall,
494 1467 144 30 Shanklin,
666 1470 55 24 and
749 1470 148 31 Sandown,
924 1471 69 25 from

130 1511 92 33 loamy
246 1512 70 32 clay.
361 1511 59 25 The
445 1513 63 32 clay
529 1513 213 26 manufactured
765 1515 27 24 in
818 1516 47 25 the
887 1517 55 25 Isle
967 1517 29 25 of

130 1555 98 32 Wight
242 1555 99 33 during
362 1556 47 25 the
422 1566 65 23 year
509 1559 64 29 1858
593 1557 23 25 is
635 1559 149 26 estimated
803 1565 29 21 at
853 1563 141 31 6,750,000

130 1599 92 24 bricks
241 1600 54 24 and
314 1599 71 30 tiles,
400 1601 89 25 worth

130 1676 469 32 iOSa8r5Iei,InSr|r0,tt^el,GlrlogicalrTSurvey
612 1681 20 17 of
648 1682 59 17 Great
721 1683 77 18 Britain
812 1686 39 16 and
864 1687 85 21 Ireland,
964 1688 29 18 for

130 1698 48 19 1858,
190 1698 24 20 by
223 1698 71 17 Robert
304 1698 61 20 Hunt,
374 1699 67 17 F.R.S.
445 1712 4 8 ,
458 1702 44 18 part
511 1701 33 19 n.,
554 1706 18 14 p.
581 1704 28 14 38.
964 1697 29 9 ior
