1117 1922
164 189 32 24 80

416 195 57 15 THE
493 192 90 18 UPPER
602 190 177 19 GREENSAND.

166 271 122 26 rostratus,
303 277 15 16 a
331 268 77 25 short
420 266 67 26 time
501 274 60 24 ago,
575 264 28 26 in
616 264 47 25 the
674 263 110 33 Quarry
797 264 28 21 at
839 258 48 27 the
901 256 126 33 Railway

168 315 118 28 Station,
299 313 91 26 which
405 313 10 24 I
431 312 71 25 have
514 318 83 17 never
616 312 55 22 met
690 307 94 26 before
796 305 68 25 with
878 304 89 25 above
979 301 48 26 the

166 360 55 25 five
232 359 54 25 feet
299 357 125 33 building
436 360 88 24 stone,
537 353 129 34 upwards
679 352 30 25 of
718 351 88 33 thirty
815 350 54 24 feet
883 348 97 25 below.

214 405 61 24 The
296 402 138 32 following
453 401 91 25 fossils
566 408 46 16 are
634 397 84 26 found
740 396 28 25 in
790 395 56 25 this
866 392 128 29 division,
1013 400 14 16 a

168 451 75 30 large
262 448 109 33 portion
392 447 29 25 of
442 446 91 26 which
553 445 71 25 have
646 443 71 25 their
738 440 173 34 equivalents
932 438 28 25 in
981 437 46 25 the

170 495 88 24 Chalk
272 494 72 25 Marl
354 505 40 13 ;—

623 565 205 25 Pleurotomaria

170 572 123 26 Nautilus
305 570 214 34 pseudo-elegaDS

222 627 16 10 „
302 612 129 26 expansus

170 641 139 25 Turrilites
321 638 181 25 tuberculatus

171 675 157 25 Belemnites
341 673 125 24 minimus

171 708 164 24 Ammonites
348 708 131 23 rostratus

622 600 122 25 Hamites
757 599 105 32 elegans

623 636 97 22 Pecten
733 633 152 25 orbicularis

663 688 16 11 ,,
732 667 234 33 quinquecostatus

623 703 82 23 Teeth
713 702 52 24 and
774 701 127 25 vertebræ
909 700 28 24 of
946 699 84 24 Shark

659 736 126 33 (Lamna)

625 771 111 24 Saurian
749 770 112 24 remains

328 740 119 24 Mantelli

242 796 14 11 „
327 783 104 16 varians

242 830 14 11 „
329 808 137 33 Comptoni

243 864 14 9 „
326 842 138 26 Vectensis

623 806 123 32 Exogyra
759 806 91 23 conica

624 838 199 34 Rhynchonella
835 838 108 23 limbata

624 873 172 25 Terebratula
808 872 125 32 biplicata

624 907 214 33 Trochocyathus

625 942 82 24 Teeth
721 942 28 24 of
762 941 100 24 Lamna

175 880 96 24 Ostrea
284 879 114 24 carinata

209 932 15 11 „
276 912 151 25 vesicularis

175 949 96 24 Pecten
284 954 74 23 asper

211 1118 32 25 In
263 1118 50 25 few
332 1118 95 33 places
447 1118 23 24 is
486 1117 48 25 the
547 1117 156 32 deposition
717 1116 29 25 of
762 1117 47 24 the
821 1117 97 32 Upper
932 1116 104 25 Green-

177 1163 68 27 sand
258 1172 29 16 or
301 1163 47 25 the
360 1163 121 33 position
494 1162 30 25 of
540 1162 35 25 its
589 1163 89 32 layers
691 1162 30 24 of
735 1166 88 20 strata
837 1163 90 23 better
941 1161 96 25 shown

177 1212 67 24 than
261 1210 27 25 in
310 1210 48 24 the
375 1210 117 32 journey
504 1210 124 24 between
647 1209 125 24 Ventnor
791 1208 54 25 and
865 1207 172 33 Blackgang.

178 1257 109 31 Among
298 1255 48 25 the
366 1255 125 24 different
504 1254 85 25 views
608 1254 29 25 of
656 1254 36 25 its
711 1254 70 25 cliffs
800 1253 23 26 is
842 1262 53 17 one
907 1253 71 26 from
991 1254 47 25 the

177 1301 49 25 hill
245 1300 91 26 which
355 1308 106 16 crowns
486 1299 46 25 the
551 1300 138 24 headland
707 1300 90 24 called
814 1299 113 34 Woody
946 1299 93 29 Point,

178 1356 16 16 a
213 1346 105 25 central
337 1345 111 25 outlook
467 1345 69 24 from
553 1344 92 26 which
664 1345 48 24 the
731 1345 131 25 observer
877 1345 23 25 is
922 1345 118 25 enabled

178 1397 29 20 to
229 1392 64 25 take
311 1390 27 26 in
358 1391 46 25 the
424 1390 89 26 whole
530 1389 31 26 of
580 1390 46 25 the
645 1395 184 27 escarpment,
843 1389 69 26 from
933 1395 60 21 east
1011 1395 30 21 to

180 1442 76 24 west,
282 1441 27 21 at
336 1446 15 15 a
375 1437 106 32 glance,
507 1436 54 25 and
583 1436 47 25 the
655 1436 88 25 whole
768 1436 30 25 of
819 1436 48 25 the
889 1436 153 33 geological

180 1483 119 25 features
312 1483 29 24 of
359 1483 48 24 the
420 1482 116 24 district.
574 1482 61 24 The
652 1481 179 25 undulations
844 1481 29 25 of
890 1482 48 25 the
952 1483 91 24 Chalk

182 1529 112 28 Downs,
315 1527 53 25 and
386 1527 48 25 the
458 1527 77 24 short
553 1527 55 24 fine
626 1527 59 25 turf
706 1527 67 25 with
797 1527 92 25 which
911 1528 67 33 they
996 1537 47 16 are

182 1573 126 29 covered,
327 1572 78 29 form,
425 1573 37 32 by
481 1571 71 27 their
570 1572 126 28 verdure,
712 1581 16 16 a
747 1572 181 33 background
948 1577 29 22 to
996 1573 47 26 the

182 1618 69 24 cliffs
268 1618 97 24 below.

228 1663 60 24 The
307 1662 146 25 formation
472 1662 90 25 varies
575 1671 66 24 very
654 1661 70 26 little
743 1661 28 26 in
790 1662 143 27 thickness
951 1664 28 25 in
997 1664 47 26 the

185 1709 100 24 Island.
337 1709 30 23 In
393 1708 137 31 Compton
551 1708 60 31 Bay
630 1707 20 25 it
675 1707 23 24 is
726 1715 48 24 150
798 1707 53 26 feet
877 1708 87 30 thick,
989 1709 55 27 and
