<?xml version="1.0" encoding="UTF-8"?>
<alto xmlns:xsi="http://www.w3.org/2001/XMLSchema-instance" xsi:noNamespaceSchemaLocation="http://www.bl.uk/schemas/alto/alto-1-4.xsd" xmlns:xlink="http://www.w3.org/1999/xlink">
	<Description>
		<MeasurementUnit>mm10</MeasurementUnit>
		<sourceImageInformation>
			<fileName>//head1/IN/2008-16/A0011467890/006623.jp2</fileName>
		</sourceImageInformation>
		<OCRProcessing ID="OCRPROCESSING_1">
			<preProcessingStep>
				<processingSoftware>
					<softwareCreator>CCS Content Conversion Specialists GmbH, Germany</softwareCreator>
					<softwareName>CCS docWORKS</softwareName>
					<softwareVersion>6.1-0.67</softwareVersion>
				</processingSoftware>
			</preProcessingStep>
			<ocrProcessingStep>
				<processingSoftware>
					<softwareCreator>ABBYY (BIT Software), Russia</softwareCreator>
					<softwareName>Finereader</softwareName>
				</processingSoftware>
			</ocrProcessingStep>
		</OCRProcessing>
	</Description>
	<Styles>
		<TextStyle ID="TXT_0" FONTSIZE="9" FONTFAMILY="Courier New"/>
		<TextStyle ID="TXT_1" FONTSIZE="10" FONTFAMILY="Courier New"/>
		<ParagraphStyle ID="PAR_CENTER" ALIGN="Center"/>
		<ParagraphStyle ID="PAR_RIGHT" ALIGN="Right"/>
		<ParagraphStyle ID="PAR_LEFT" ALIGN="Left"/>
	</Styles>
	<Layout>
		<Page ID="P133" PHYSICAL_IMG_NR="133" HEIGHT="1922" WIDTH="1117" PRINTED_IMG_NR="95" POSITION="Right" ACCURACY="84.77">
			<TopMargin ID="P133_TM00001" HPOS="0" VPOS="0" WIDTH="1116" HEIGHT="181">
				<TextBlock ID="P133_TB00001" HPOS="422" VPOS="154" WIDTH="267" HEIGHT="17" STYLEREFS="TXT_0 PAR_CENTER">
					<TextLine ID="P133_TL00001" HPOS="423" VPOS="154" WIDTH="266" HEIGHT="17">
						<String ID="P133_ST00001" HPOS="423" VPOS="154" WIDTH="57" HEIGHT="17" CONTENT="THE" WC="0.52" CC="832"/>
						<SP ID="P133_SP00001" HPOS="480" VPOS="171" WIDTH="20"/>
						<String ID="P133_ST00002" HPOS="500" VPOS="155" WIDTH="89" HEIGHT="16" CONTENT="chalk" WC="0.84" CC="01060"/>
						<SP ID="P133_SP00002" HPOS="589" VPOS="171" WIDTH="21"/>
						<String ID="P133_ST00003" HPOS="610" VPOS="155" WIDTH="79" HEIGHT="16" CONTENT="marl." WC="0.71" CC="70700"/>
					</TextLine>
				</TextBlock>
				<TextBlock ID="P133_TB00002" HPOS="949" VPOS="154" WIDTH="31" HEIGHT="25" STYLEREFS="TXT_1 PAR_RIGHT">
					<TextLine ID="P133_TL00002" HPOS="950" VPOS="156" WIDTH="30" HEIGHT="23">
						<String ID="P133_ST00004" HPOS="950" VPOS="156" WIDTH="30" HEIGHT="23" CONTENT="95" WC="0.47" CC="54"/>
					</TextLine>
				</TextBlock>
			</TopMargin>
			<LeftMargin ID="P133_LM00001" HPOS="0" VPOS="181" WIDTH="131" HEIGHT="1508"/>
			<RightMargin ID="P133_RM00001" HPOS="993" VPOS="181" WIDTH="123" HEIGHT="1508"/>
			<BottomMargin ID="P133_BM00001" HPOS="0" VPOS="1689" WIDTH="1116" HEIGHT="232"/>
			<PrintSpace ID="P133_PS00001" HPOS="131" VPOS="181" WIDTH="862" HEIGHT="1508">
				<TextBlock ID="P133_TB00003" HPOS="131" VPOS="225" WIDTH="852" HEIGHT="124" STYLEREFS="TXT_0 PAR_LEFT">
					<TextLine ID="P133_TL00003" HPOS="132" VPOS="225" WIDTH="851" HEIGHT="35">
						<String ID="P133_ST00005" HPOS="132" VPOS="225" WIDTH="56" HEIGHT="24" CONTENT="fore" WC="0.90" CC="0030"/>
						<SP ID="P133_SP00003" HPOS="188" VPOS="249" WIDTH="20"/>
						<String ID="P133_ST00006" HPOS="208" VPOS="226" WIDTH="64" HEIGHT="32" CONTENT="only" WC="0.90" CC="0030"/>
						<SP ID="P133_SP00004" HPOS="272" VPOS="258" WIDTH="13"/>
						<String ID="P133_ST00007" HPOS="285" VPOS="226" WIDTH="68" HEIGHT="24" CONTENT="been" WC="1.00" CC="0000"/>
						<SP ID="P133_SP00005" HPOS="353" VPOS="258" WIDTH="21"/>
						<String ID="P133_ST00008" HPOS="374" VPOS="226" WIDTH="61" HEIGHT="25" CONTENT="able" WC="1.00" CC="0000"/>
						<SP ID="P133_SP00006" HPOS="435" VPOS="258" WIDTH="19"/>
						<String ID="P133_ST00009" HPOS="454" VPOS="230" WIDTH="28" HEIGHT="20" CONTENT="to" WC="1.00" CC="00"/>
						<SP ID="P133_SP00007" HPOS="482" VPOS="258" WIDTH="19"/>
						<String ID="P133_ST00010" HPOS="501" VPOS="227" WIDTH="63" HEIGHT="23" CONTENT="take" WC="1.00" CC="0000"/>
						<SP ID="P133_SP00008" HPOS="564" VPOS="258" WIDTH="20"/>
						<String ID="P133_ST00011" HPOS="584" VPOS="232" WIDTH="215" HEIGHT="20" CONTENT="measurements" WC="0.94" CC="001040000100"/>
						<SP ID="P133_SP00009" HPOS="799" VPOS="258" WIDTH="19"/>
						<String ID="P133_ST00012" HPOS="818" VPOS="227" WIDTH="27" HEIGHT="25" CONTENT="in" WC="0.48" CC="64"/>
						<SP ID="P133_SP00010" HPOS="845" VPOS="258" WIDTH="14"/>
						<String ID="P133_ST00013" HPOS="859" VPOS="232" WIDTH="124" HEIGHT="28" CONTENT="separate" WC="1.00" CC="00000000"/>
					</TextLine>
					<TextLine ID="P133_TL00004" HPOS="133" VPOS="270" WIDTH="850" HEIGHT="33">
						<String ID="P133_ST00014" HPOS="133" VPOS="270" WIDTH="142" HEIGHT="28" CONTENT="localities," WC="0.80" CC="20006604002"/>
						<SP ID="P133_SP00011" HPOS="275" VPOS="298" WIDTH="15"/>
						<String ID="P133_ST00015" HPOS="290" VPOS="271" WIDTH="36" HEIGHT="32" CONTENT="by" WC="1.00" CC="00"/>
						<SP ID="P133_SP00012" HPOS="326" VPOS="303" WIDTH="12"/>
						<String ID="P133_ST00016" HPOS="338" VPOS="270" WIDTH="108" HEIGHT="33" CONTENT="tracing" WC="0.98" CC="0000010"/>
						<SP ID="P133_SP00013" HPOS="446" VPOS="303" WIDTH="18"/>
						<String ID="P133_ST00017" HPOS="464" VPOS="271" WIDTH="47" HEIGHT="24" CONTENT="the" WC="0.90" CC="030"/>
						<SP ID="P133_SP00014" HPOS="511" VPOS="303" WIDTH="19"/>
						<String ID="P133_ST00018" HPOS="530" VPOS="280" WIDTH="82" HEIGHT="16" CONTENT="zones" WC="0.94" CC="00300"/>
						<SP ID="P133_SP00015" HPOS="612" VPOS="303" WIDTH="19"/>
						<String ID="P133_ST00019" HPOS="631" VPOS="271" WIDTH="68" HEIGHT="25" CONTENT="from" WC="0.95" CC="0200"/>
						<SP ID="P133_SP00016" HPOS="699" VPOS="303" WIDTH="14"/>
						<String ID="P133_ST00020" HPOS="713" VPOS="272" WIDTH="46" HEIGHT="24" CONTENT="the" WC="0.95" CC="010"/>
						<SP ID="P133_SP00017" HPOS="759" VPOS="303" WIDTH="19"/>
						<String ID="P133_ST00021" HPOS="778" VPOS="273" WIDTH="141" HEIGHT="24" CONTENT="basement" WC="0.82" CC="06100060"/>
						<SP ID="P133_SP00018" HPOS="919" VPOS="303" WIDTH="14"/>
						<String ID="P133_ST00022" HPOS="933" VPOS="273" WIDTH="50" HEIGHT="24" CONTENT="bed" WC="1.00" CC="000"/>
					</TextLine>
					<TextLine ID="P133_TL00005" HPOS="133" VPOS="315" WIDTH="800" HEIGHT="34">
						<String ID="P133_ST00023" HPOS="133" VPOS="323" WIDTH="29" HEIGHT="15" CONTENT="or" WC="0.85" CC="20"/>
						<SP ID="P133_SP00019" HPOS="162" VPOS="338" WIDTH="15"/>
						<String ID="P133_ST00024" HPOS="177" VPOS="315" WIDTH="191" HEIGHT="24" CONTENT="Fossiliferous" WC="0.86" CC="0000600002080"/>
						<SP ID="P133_SP00020" HPOS="368" VPOS="339" WIDTH="17"/>
						<String ID="P133_ST00025" HPOS="385" VPOS="315" WIDTH="87" HEIGHT="25" CONTENT="Chalk" WC="0.88" CC="02030"/>
						<SP ID="P133_SP00021" HPOS="472" VPOS="340" WIDTH="15"/>
						<String ID="P133_ST00026" HPOS="487" VPOS="316" WIDTH="80" HEIGHT="27" CONTENT="Marl," WC="0.99" CC="00000"/>
						<SP ID="P133_SP00022" HPOS="567" VPOS="343" WIDTH="15"/>
						<String ID="P133_ST00027" HPOS="582" VPOS="325" WIDTH="37" HEIGHT="23" CONTENT="up" WC="0.73" CC="50"/>
						<SP ID="P133_SP00023" HPOS="619" VPOS="348" WIDTH="19"/>
						<String ID="P133_ST00028" HPOS="638" VPOS="320" WIDTH="27" HEIGHT="21" CONTENT="to" WC="1.00" CC="00"/>
						<SP ID="P133_SP00024" HPOS="665" VPOS="348" WIDTH="20"/>
						<String ID="P133_ST00029" HPOS="685" VPOS="316" WIDTH="46" HEIGHT="25" CONTENT="the" WC="0.73" CC="160"/>
						<SP ID="P133_SP00025" HPOS="731" VPOS="348" WIDTH="18"/>
						<String ID="P133_ST00030" HPOS="749" VPOS="317" WIDTH="74" HEIGHT="32" CONTENT="Grey" WC="0.89" CC="0400"/>
						<SP ID="P133_SP00026" HPOS="823" VPOS="349" WIDTH="14"/>
						<String ID="P133_ST00031" HPOS="837" VPOS="317" WIDTH="96" HEIGHT="25" CONTENT="Chalk." WC="1.00" CC="000000"/>
					</TextLine>
				</TextBlock>
				<TextBlock ID="P133_TB00004" HPOS="412" VPOS="446" WIDTH="291" HEIGHT="24" STYLEREFS="TXT_0 PAR_CENTER">
					<TextLine ID="P133_TL00006" HPOS="413" VPOS="446" WIDTH="290" HEIGHT="24">
						<String ID="P133_ST00032" HPOS="413" VPOS="446" WIDTH="63" HEIGHT="24" CONTENT="The" WC="1.00" CC="000"/>
						<SP ID="P133_SP00027" HPOS="476" VPOS="470" WIDTH="21"/>
						<String ID="P133_ST00033" HPOS="497" VPOS="446" WIDTH="97" HEIGHT="24" CONTENT="Chalk" WC="0.86" CC="00006"/>
						<SP ID="P133_SP00028" HPOS="594" VPOS="470" WIDTH="19"/>
						<String ID="P133_ST00034" HPOS="613" VPOS="447" WIDTH="90" HEIGHT="23" CONTENT="Marl." WC="0.87" CC="00240"/>
					</TextLine>
				</TextBlock>
				<TextBlock ID="P133_TB00005" HPOS="132" VPOS="549" WIDTH="856" HEIGHT="258" STYLEREFS="TXT_0 PAR_LEFT">
					<TextLine ID="P133_TL00007" HPOS="181" VPOS="549" WIDTH="807" HEIGHT="33">
						<String ID="P133_ST00035" HPOS="181" VPOS="549" WIDTH="199" HEIGHT="33" CONTENT="Commencing" WC="0.70" CC="0006060149"/>
						<SP ID="P133_SP00029" HPOS="380" VPOS="582" WIDTH="20"/>
						<String ID="P133_ST00036" HPOS="400" VPOS="553" WIDTH="27" HEIGHT="21" CONTENT="at" WC="1.00" CC="00"/>
						<SP ID="P133_SP00030" HPOS="427" VPOS="582" WIDTH="23"/>
						<String ID="P133_ST00037" HPOS="450" VPOS="549" WIDTH="47" HEIGHT="25" CONTENT="the" WC="0.84" CC="040"/>
						<SP ID="P133_SP00031" HPOS="497" VPOS="582" WIDTH="20"/>
						<String ID="P133_ST00038" HPOS="517" VPOS="551" WIDTH="74" HEIGHT="28" CONTENT="base," WC="0.90" CC="40000"/>
						<SP ID="P133_SP00032" HPOS="591" VPOS="582" WIDTH="20"/>
						<String ID="P133_ST00039" HPOS="611" VPOS="558" WIDTH="40" HEIGHT="17" CONTENT="we" WC="1.00" CC="00"/>
						<SP ID="P133_SP00033" HPOS="651" VPOS="582" WIDTH="18"/>
						<String ID="P133_ST00040" HPOS="669" VPOS="550" WIDTH="57" HEIGHT="25" CONTENT="find" WC="0.90" CC="1110"/>
						<SP ID="P133_SP00034" HPOS="726" VPOS="582" WIDTH="22"/>
						<String ID="P133_ST00041" HPOS="748" VPOS="551" WIDTH="46" HEIGHT="24" CONTENT="the" WC="0.84" CC="040"/>
						<SP ID="P133_SP00035" HPOS="794" VPOS="582" WIDTH="18"/>
						<String ID="P133_ST00042" HPOS="812" VPOS="551" WIDTH="176" HEIGHT="24" CONTENT="fossiliferous" WC="0.81" CC="0212005004240"/>
					</TextLine>
					<TextLine ID="P133_TL00008" HPOS="135" VPOS="594" WIDTH="853" HEIGHT="33">
						<String ID="P133_ST00043" HPOS="135" VPOS="595" WIDTH="89" HEIGHT="24" CONTENT="Chalk" WC="0.91" CC="04000"/>
						<SP ID="P133_SP00036" HPOS="224" VPOS="619" WIDTH="24"/>
						<String ID="P133_ST00044" HPOS="248" VPOS="595" WIDTH="80" HEIGHT="28" CONTENT="Marl," WC="0.79" CC="00333"/>
						<SP ID="P133_SP00037" HPOS="328" VPOS="623" WIDTH="24"/>
						<String ID="P133_ST00045" HPOS="352" VPOS="595" WIDTH="53" HEIGHT="24" CONTENT="and" WC="0.90" CC="020"/>
						<SP ID="P133_SP00038" HPOS="405" VPOS="623" WIDTH="23"/>
						<String ID="P133_ST00046" HPOS="428" VPOS="594" WIDTH="103" HEIGHT="33" CONTENT="resting" WC="0.82" CC="0000056"/>
						<SP ID="P133_SP00039" HPOS="531" VPOS="627" WIDTH="19"/>
						<String ID="P133_ST00047" HPOS="550" VPOS="603" WIDTH="73" HEIGHT="24" CONTENT="upon" WC="0.81" CC="3003"/>
						<SP ID="P133_SP00040" HPOS="623" VPOS="627" WIDTH="20"/>
						<String ID="P133_ST00048" HPOS="643" VPOS="595" WIDTH="20" HEIGHT="24" CONTENT="it" WC="0.72" CC="50"/>
						<SP ID="P133_SP00041" HPOS="663" VPOS="627" WIDTH="23"/>
						<String ID="P133_ST00049" HPOS="686" VPOS="604" WIDTH="46" HEIGHT="15" CONTENT="are" WC="0.72" CC="340"/>
						<SP ID="P133_SP00042" HPOS="732" VPOS="627" WIDTH="19"/>
						<String ID="P133_ST00050" HPOS="751" VPOS="600" WIDTH="53" HEIGHT="20" CONTENT="two" WC="0.67" CC="090"/>
						<SP ID="P133_SP00043" HPOS="804" VPOS="627" WIDTH="19"/>
						<String ID="P133_ST00051" HPOS="823" VPOS="595" WIDTH="59" HEIGHT="25" CONTENT="thin" WC="0.84" CC="0140"/>
						<SP ID="P133_SP00044" HPOS="882" VPOS="627" WIDTH="19"/>
						<String ID="P133_ST00052" HPOS="901" VPOS="596" WIDTH="87" HEIGHT="24" CONTENT="bands" WC="1.00" CC="00000"/>
					</TextLine>
					<TextLine ID="P133_TL00009" HPOS="134" VPOS="639" WIDTH="854" HEIGHT="34">
						<String ID="P133_ST00053" HPOS="134" VPOS="640" WIDTH="30" HEIGHT="23" CONTENT="of" WC="0.93" CC="10"/>
						<SP ID="P133_SP00045" HPOS="164" VPOS="663" WIDTH="16"/>
						<String ID="P133_ST00054" HPOS="180" VPOS="640" WIDTH="69" HEIGHT="24" CONTENT="hard" WC="0.72" CC="3700"/>
						<SP ID="P133_SP00046" HPOS="249" VPOS="664" WIDTH="19"/>
						<String ID="P133_ST00055" HPOS="268" VPOS="639" WIDTH="107" HEIGHT="33" CONTENT="impure" WC="0.89" CC="300200"/>
						<SP ID="P133_SP00047" HPOS="375" VPOS="672" WIDTH="16"/>
						<String ID="P133_ST00056" HPOS="391" VPOS="640" WIDTH="152" HEIGHT="28" CONTENT="limestone," WC="0.88" CC="0500000600"/>
						<SP ID="P133_SP00048" HPOS="543" VPOS="672" WIDTH="15"/>
						<String ID="P133_ST00057" HPOS="558" VPOS="640" WIDTH="47" HEIGHT="24" CONTENT="full" WC="0.90" CC="0004"/>
						<SP ID="P133_SP00049" HPOS="605" VPOS="672" WIDTH="19"/>
						<String ID="P133_ST00058" HPOS="624" VPOS="640" WIDTH="29" HEIGHT="24" CONTENT="of" WC="1.00" CC="00"/>
						<SP ID="P133_SP00050" HPOS="653" VPOS="672" WIDTH="16"/>
						<String ID="P133_ST00059" HPOS="669" VPOS="641" WIDTH="80" HEIGHT="23" CONTENT="black" WC="1.00" CC="00000"/>
						<SP ID="P133_SP00051" HPOS="749" VPOS="672" WIDTH="13"/>
						<String ID="P133_ST00060" HPOS="762" VPOS="641" WIDTH="100" HEIGHT="32" CONTENT="grains." WC="0.64" CC="0367403"/>
						<SP ID="P133_SP00052" HPOS="862" VPOS="673" WIDTH="38"/>
						<String ID="P133_ST00061" HPOS="900" VPOS="641" WIDTH="88" HEIGHT="24" CONTENT="These" WC="0.99" CC="00000"/>
					</TextLine>
					<TextLine ID="P133_TL00010" HPOS="133" VPOS="685" WIDTH="855" HEIGHT="28">
						<String ID="P133_ST00062" HPOS="133" VPOS="689" WIDTH="55" HEIGHT="22" CONTENT="two" WC="0.67" CC="090"/>
						<SP ID="P133_SP00053" HPOS="188" VPOS="711" WIDTH="21"/>
						<String ID="P133_ST00063" HPOS="209" VPOS="685" WIDTH="67" HEIGHT="25" CONTENT="beds" WC="1.00" CC="0000"/>
						<SP ID="P133_SP00054" HPOS="276" VPOS="711" WIDTH="22"/>
						<String ID="P133_ST00064" HPOS="298" VPOS="685" WIDTH="72" HEIGHT="25" CONTENT="have" WC="0.98" CC="0000"/>
						<SP ID="P133_SP00055" HPOS="370" VPOS="711" WIDTH="22"/>
						<String ID="P133_ST00065" HPOS="392" VPOS="694" WIDTH="14" HEIGHT="16" CONTENT="a" WC="0.95" CC="0"/>
						<SP ID="P133_SP00056" HPOS="406" VPOS="711" WIDTH="23"/>
						<String ID="P133_ST00066" HPOS="429" VPOS="685" WIDTH="94" HEIGHT="25" CONTENT="united" WC="0.77" CC="515000"/>
						<SP ID="P133_SP00057" HPOS="523" VPOS="711" WIDTH="19"/>
						<String ID="P133_ST00067" HPOS="542" VPOS="685" WIDTH="141" HEIGHT="25" CONTENT="thickness" WC="0.88" CC="024003000"/>
						<SP ID="P133_SP00058" HPOS="683" VPOS="711" WIDTH="13"/>
						<String ID="P133_ST00068" HPOS="696" VPOS="685" WIDTH="29" HEIGHT="25" CONTENT="of" WC="1.00" CC="00"/>
						<SP ID="P133_SP00059" HPOS="725" VPOS="711" WIDTH="16"/>
						<String ID="P133_ST00069" HPOS="741" VPOS="695" WIDTH="50" HEIGHT="15" CONTENT="one" WC="0.66" CC="360"/>
						<SP ID="P133_SP00060" HPOS="791" VPOS="711" WIDTH="20"/>
						<String ID="P133_ST00070" HPOS="811" VPOS="686" WIDTH="63" HEIGHT="25" CONTENT="foot." WC="0.98" CC="00000"/>
						<SP ID="P133_SP00061" HPOS="874" VPOS="711" WIDTH="38"/>
						<String ID="P133_ST00071" HPOS="912" VPOS="686" WIDTH="76" HEIGHT="27" CONTENT="Thev" WC="0.88" CC="0103"/>
					</TextLine>
					<TextLine ID="P133_TL00011" HPOS="134" VPOS="729" WIDTH="854" HEIGHT="33">
						<String ID="P133_ST00072" HPOS="134" VPOS="730" WIDTH="121" HEIGHT="25" CONTENT="indicate" WC="0.78" CC="58030000"/>
						<SP ID="P133_SP00062" HPOS="255" VPOS="755" WIDTH="21"/>
						<String ID="P133_ST00073" HPOS="276" VPOS="739" WIDTH="16" HEIGHT="16" CONTENT="a" WC="0.21" CC="7"/>
						<SP ID="P133_SP00063" HPOS="292" VPOS="755" WIDTH="20"/>
						<String ID="P133_ST00074" HPOS="312" VPOS="730" WIDTH="107" HEIGHT="32" CONTENT="change" WC="0.81" CC="000190"/>
						<SP ID="P133_SP00064" HPOS="419" VPOS="762" WIDTH="19"/>
						<String ID="P133_ST00075" HPOS="438" VPOS="729" WIDTH="27" HEIGHT="25" CONTENT="in" WC="0.94" CC="10"/>
						<SP ID="P133_SP00065" HPOS="465" VPOS="762" WIDTH="20"/>
						<String ID="P133_ST00076" HPOS="485" VPOS="729" WIDTH="46" HEIGHT="26" CONTENT="the" WC="0.92" CC="020"/>
						<SP ID="P133_SP00066" HPOS="531" VPOS="762" WIDTH="19"/>
						<String ID="P133_ST00077" HPOS="550" VPOS="729" WIDTH="168" HEIGHT="33" CONTENT="lithological" WC="0.90" CC="000200300005"/>
						<SP ID="P133_SP00067" HPOS="718" VPOS="762" WIDTH="19"/>
						<String ID="P133_ST00078" HPOS="737" VPOS="730" WIDTH="142" HEIGHT="25" CONTENT="character" WC="0.92" CC="002030000"/>
						<SP ID="P133_SP00068" HPOS="879" VPOS="762" WIDTH="20"/>
						<String ID="P133_ST00079" HPOS="899" VPOS="730" WIDTH="29" HEIGHT="25" CONTENT="of" WC="1.00" CC="00"/>
						<SP ID="P133_SP00069" HPOS="928" VPOS="762" WIDTH="15"/>
						<String ID="P133_ST00080" HPOS="943" VPOS="730" WIDTH="45" HEIGHT="25" CONTENT="the" WC="1.00" CC="000"/>
					</TextLine>
					<TextLine ID="P133_TL00012" HPOS="134" VPOS="775" WIDTH="819" HEIGHT="32">
						<String ID="P133_ST00081" HPOS="134" VPOS="775" WIDTH="124" HEIGHT="32" CONTENT="deposits" WC="0.91" CC="00002400"/>
						<SP ID="P133_SP00070" HPOS="258" VPOS="807" WIDTH="14"/>
						<String ID="P133_ST00082" HPOS="272" VPOS="776" WIDTH="97" HEIGHT="27" CONTENT="below," WC="0.92" CC="004000"/>
						<SP ID="P133_SP00071" HPOS="369" VPOS="807" WIDTH="14"/>
						<String ID="P133_ST00083" HPOS="383" VPOS="775" WIDTH="54" HEIGHT="25" CONTENT="and" WC="0.83" CC="040"/>
						<SP ID="P133_SP00072" HPOS="437" VPOS="807" WIDTH="14"/>
						<String ID="P133_ST00084" HPOS="451" VPOS="784" WIDTH="35" HEIGHT="16" CONTENT="an" WC="0.94" CC="01"/>
						<SP ID="P133_SP00073" HPOS="486" VPOS="807" WIDTH="14"/>
						<String ID="P133_ST00085" HPOS="500" VPOS="775" WIDTH="141" HEIGHT="32" CONTENT="approach" WC="0.85" CC="00050500"/>
						<SP ID="P133_SP00074" HPOS="641" VPOS="807" WIDTH="13"/>
						<String ID="P133_ST00086" HPOS="654" VPOS="779" WIDTH="28" HEIGHT="21" CONTENT="to" WC="0.99" CC="00"/>
						<SP ID="P133_SP00075" HPOS="682" VPOS="807" WIDTH="14"/>
						<String ID="P133_ST00087" HPOS="696" VPOS="775" WIDTH="45" HEIGHT="25" CONTENT="the" WC="0.88" CC="030"/>
						<SP ID="P133_SP00076" HPOS="741" VPOS="807" WIDTH="16"/>
						<String ID="P133_ST00088" HPOS="757" VPOS="776" WIDTH="87" HEIGHT="24" CONTENT="Chalk" WC="0.76" CC="05060"/>
						<SP ID="P133_SP00077" HPOS="844" VPOS="807" WIDTH="14"/>
						<String ID="P133_ST00089" HPOS="858" VPOS="776" WIDTH="95" HEIGHT="25" CONTENT="above." WC="0.97" CC="010000"/>
					</TextLine>
				</TextBlock>
				<TextBlock ID="P133_TB00006" HPOS="133" VPOS="820" WIDTH="857" HEIGHT="257" STYLEREFS="TXT_0 PAR_LEFT">
					<TextLine ID="P133_TL00013" HPOS="181" VPOS="820" WIDTH="808" HEIGHT="29">
						<String ID="P133_ST00090" HPOS="181" VPOS="821" WIDTH="60" HEIGHT="24" CONTENT="The" WC="0.98" CC="000"/>
						<SP ID="P133_SP00078" HPOS="241" VPOS="845" WIDTH="30"/>
						<String ID="P133_ST00091" HPOS="271" VPOS="821" WIDTH="210" HEIGHT="24" CONTENT="characteristic" WC="0.97" CC="00000000020000"/>
						<SP ID="P133_SP00079" HPOS="481" VPOS="845" WIDTH="33"/>
						<String ID="P133_ST00092" HPOS="514" VPOS="820" WIDTH="89" HEIGHT="25" CONTENT="fossils" WC="0.89" CC="0000420"/>
						<SP ID="P133_SP00080" HPOS="603" VPOS="845" WIDTH="30"/>
						<String ID="P133_ST00093" HPOS="633" VPOS="829" WIDTH="53" HEIGHT="20" CONTENT="are," WC="0.95" CC="0100"/>
						<SP ID="P133_SP00081" HPOS="686" VPOS="849" WIDTH="31"/>
						<String ID="P133_ST00094" HPOS="717" VPOS="821" WIDTH="145" HEIGHT="24" CONTENT="Ammonites" WC="0.77" CC="000050770"/>
						<SP ID="P133_SP00082" HPOS="862" VPOS="849" WIDTH="24"/>
						<String ID="P133_ST00095" HPOS="886" VPOS="821" WIDTH="103" HEIGHT="28" CONTENT="varians," WC="0.77" CC="00000493"/>
					</TextLine>
					<TextLine ID="P133_TL00014" HPOS="136" VPOS="866" WIDTH="853" HEIGHT="33">
						<String ID="P133_ST00096" HPOS="136" VPOS="867" WIDTH="129" HEIGHT="24" CONTENT="Turrelites" WC="0.54" CC="6707015078"/>
						<SP ID="P133_SP00083" HPOS="265" VPOS="891" WIDTH="18"/>
						<String ID="P133_ST00097" HPOS="283" VPOS="866" WIDTH="109" HEIGHT="33" CONTENT="Bergeri," WC="0.78" CC="10900330"/>
						<SP ID="P133_SP00084" HPOS="392" VPOS="899" WIDTH="21"/>
						<String ID="P133_ST00098" HPOS="413" VPOS="866" WIDTH="54" HEIGHT="24" CONTENT="and" WC="0.78" CC="060"/>
						<SP ID="P133_SP00085" HPOS="467" VPOS="899" WIDTH="19"/>
						<String ID="P133_ST00099" HPOS="486" VPOS="866" WIDTH="86" HEIGHT="25" CONTENT="Ostrea" WC="0.61" CC="058900"/>
						<SP ID="P133_SP00086" HPOS="572" VPOS="899" WIDTH="19"/>
						<String ID="P133_ST00100" HPOS="591" VPOS="866" WIDTH="126" HEIGHT="24" CONTENT="Carinata." WC="0.67" CC="002289500"/>
						<SP ID="P133_SP00087" HPOS="717" VPOS="899" WIDTH="38"/>
						<String ID="P133_ST00101" HPOS="755" VPOS="866" WIDTH="77" HEIGHT="32" CONTENT="They" WC="0.83" CC="0402"/>
						<SP ID="P133_SP00088" HPOS="832" VPOS="899" WIDTH="19"/>
						<String ID="P133_ST00102" HPOS="851" VPOS="866" WIDTH="57" HEIGHT="24" CONTENT="also" WC="0.93" CC="0200"/>
						<SP ID="P133_SP00089" HPOS="908" VPOS="899" WIDTH="20"/>
						<String ID="P133_ST00103" HPOS="928" VPOS="874" WIDTH="61" HEIGHT="16" CONTENT="con" SUBS_TYPE="HypPart1" SUBS_CONTENT="contain" WC="1.00" CC="0000"/>
						<HYP CONTENT="-"/>
					</TextLine>
					<TextLine ID="P133_TL00015" HPOS="134" VPOS="911" WIDTH="856" HEIGHT="33">
						<String ID="P133_ST00104" HPOS="134" VPOS="911" WIDTH="59" HEIGHT="25" CONTENT="tain" SUBS_TYPE="HypPart2" SUBS_CONTENT="contain" WC="0.87" CC="0050"/>
						<SP ID="P133_SP00090" HPOS="193" VPOS="936" WIDTH="25"/>
						<String ID="P133_ST00105" HPOS="218" VPOS="920" WIDTH="103" HEIGHT="24" CONTENT="groups" WC="0.90" CC="000060"/>
						<SP ID="P133_SP00091" HPOS="321" VPOS="944" WIDTH="24"/>
						<String ID="P133_ST00106" HPOS="345" VPOS="911" WIDTH="31" HEIGHT="24" CONTENT="of" WC="1.00" CC="00"/>
						<SP ID="P133_SP00092" HPOS="376" VPOS="944" WIDTH="24"/>
						<String ID="P133_ST00107" HPOS="400" VPOS="911" WIDTH="163" HEIGHT="32" CONTENT="organisms," WC="0.92" CC="0300400000"/>
						<SP ID="P133_SP00093" HPOS="563" VPOS="944" WIDTH="30"/>
						<String ID="P133_ST00108" HPOS="593" VPOS="911" WIDTH="159" HEIGHT="33" CONTENT="cylindrical" WC="0.79" CC="02542004003"/>
						<SP ID="P133_SP00094" HPOS="752" VPOS="944" WIDTH="32"/>
						<String ID="P133_ST00109" HPOS="784" VPOS="911" WIDTH="26" HEIGHT="23" CONTENT="in" WC="0.76" CC="40"/>
						<SP ID="P133_SP00095" HPOS="810" VPOS="944" WIDTH="24"/>
						<String ID="P133_ST00110" HPOS="834" VPOS="911" WIDTH="77" HEIGHT="28" CONTENT="form," WC="1.00" CC="00000"/>
						<SP ID="P133_SP00096" HPOS="911" VPOS="944" WIDTH="27"/>
						<String ID="P133_ST00111" HPOS="938" VPOS="911" WIDTH="52" HEIGHT="24" CONTENT="and" WC="0.81" CC="050"/>
					</TextLine>
					<TextLine ID="P133_TL00016" HPOS="135" VPOS="955" WIDTH="855" HEIGHT="28">
						<String ID="P133_ST00112" HPOS="135" VPOS="955" WIDTH="164" HEIGHT="26" CONTENT="reticulated" WC="0.94" CC="00000400000"/>
						<SP ID="P133_SP00097" HPOS="299" VPOS="981" WIDTH="20"/>
						<String ID="P133_ST00113" HPOS="319" VPOS="965" WIDTH="35" HEIGHT="15" CONTENT="on" WC="0.88" CC="02"/>
						<SP ID="P133_SP00098" HPOS="354" VPOS="981" WIDTH="19"/>
						<String ID="P133_ST00114" HPOS="373" VPOS="955" WIDTH="71" HEIGHT="25" CONTENT="their" WC="0.74" CC="05042"/>
						<SP ID="P133_SP00099" HPOS="444" VPOS="981" WIDTH="20"/>
						<String ID="P133_ST00115" HPOS="464" VPOS="955" WIDTH="129" HEIGHT="28" CONTENT="surfaces," WC="0.94" CC="000030000"/>
						<SP ID="P133_SP00100" HPOS="593" VPOS="983" WIDTH="15"/>
						<String ID="P133_ST00116" HPOS="608" VPOS="955" WIDTH="89" HEIGHT="25" CONTENT="which" WC="0.72" CC="05304"/>
						<SP ID="P133_SP00101" HPOS="697" VPOS="983" WIDTH="20"/>
						<String ID="P133_ST00117" HPOS="717" VPOS="955" WIDTH="70" HEIGHT="25" CONTENT="have" WC="0.82" CC="3300"/>
						<SP ID="P133_SP00102" HPOS="787" VPOS="983" WIDTH="19"/>
						<String ID="P133_ST00118" HPOS="806" VPOS="955" WIDTH="68" HEIGHT="24" CONTENT="been" WC="1.00" CC="0000"/>
						<SP ID="P133_SP00103" HPOS="874" VPOS="983" WIDTH="13"/>
						<String ID="P133_ST00119" HPOS="887" VPOS="955" WIDTH="103" HEIGHT="25" CONTENT="termed" WC="0.80" CC="003800"/>
					</TextLine>
					<TextLine ID="P133_TL00017" HPOS="135" VPOS="1000" WIDTH="855" HEIGHT="34">
						<String ID="P133_ST00120" HPOS="135" VPOS="1001" WIDTH="36" HEIGHT="33" CONTENT="by" WC="1.00" CC="00"/>
						<SP ID="P133_SP00104" HPOS="171" VPOS="1034" WIDTH="23"/>
						<String ID="P133_ST00121" HPOS="194" VPOS="1001" WIDTH="49" HEIGHT="24" CONTENT="Dr." WC="1.00" CC="000"/>
						<SP ID="P133_SP00105" HPOS="243" VPOS="1034" WIDTH="27"/>
						<String ID="P133_ST00122" HPOS="270" VPOS="1000" WIDTH="115" HEIGHT="25" CONTENT="Mantell" WC="0.75" CC="0840004"/>
						<SP ID="P133_SP00106" HPOS="385" VPOS="1034" WIDTH="28"/>
						<String ID="P133_ST00123" HPOS="413" VPOS="1005" WIDTH="14" HEIGHT="9" CONTENT='"' WC="0.61" CC="3"/>
						<SP ID="P133_SP00107" HPOS="427" VPOS="1034" WIDTH="14"/>
						<String ID="P133_ST00124" HPOS="441" VPOS="1000" WIDTH="73" HEIGHT="24" CONTENT="fossil" WC="0.84" CC="030050"/>
						<SP ID="P133_SP00108" HPOS="514" VPOS="1034" WIDTH="27"/>
						<String ID="P133_ST00125" HPOS="541" VPOS="1000" WIDTH="116" HEIGHT="27" CONTENT='corals,"' WC="0.82" CC="00305005"/>
						<SP ID="P133_SP00109" HPOS="657" VPOS="1034" WIDTH="27"/>
						<String ID="P133_ST00126" HPOS="684" VPOS="1000" WIDTH="137" HEIGHT="31" CONTENT="supposed" WC="0.96" CC="02000000"/>
						<SP ID="P133_SP00110" HPOS="821" VPOS="1034" WIDTH="20"/>
						<String ID="P133_ST00127" HPOS="841" VPOS="1004" WIDTH="28" HEIGHT="20" CONTENT="to" WC="0.92" CC="10"/>
						<SP ID="P133_SP00111" HPOS="869" VPOS="1034" WIDTH="26"/>
						<String ID="P133_ST00128" HPOS="895" VPOS="1000" WIDTH="95" HEIGHT="32" CONTENT="belong" WC="0.73" CC="002066"/>
					</TextLine>
					<TextLine ID="P133_TL00018" HPOS="135" VPOS="1045" WIDTH="377" HEIGHT="32">
						<String ID="P133_ST00129" HPOS="135" VPOS="1050" WIDTH="29" HEIGHT="21" CONTENT="to" WC="1.00" CC="00"/>
						<SP ID="P133_SP00112" HPOS="164" VPOS="1071" WIDTH="19"/>
						<String ID="P133_ST00130" HPOS="183" VPOS="1046" WIDTH="47" HEIGHT="24" CONTENT="the" WC="1.00" CC="000"/>
						<SP ID="P133_SP00113" HPOS="230" VPOS="1071" WIDTH="19"/>
						<String ID="P133_ST00131" HPOS="249" VPOS="1054" WIDTH="87" HEIGHT="23" CONTENT="genus" WC="1.00" CC="00000"/>
						<SP ID="P133_SP00114" HPOS="336" VPOS="1077" WIDTH="18"/>
						<String ID="P133_ST00132" HPOS="354" VPOS="1045" WIDTH="158" HEIGHT="32" CONTENT="Mellepora.*" WC="0.88" CC="00130050002"/>
					</TextLine>
				</TextBlock>
				<TextBlock ID="P133_TB00007" HPOS="133" VPOS="1088" WIDTH="860" HEIGHT="530" STYLEREFS="TXT_0 PAR_LEFT">
					<TextLine ID="P133_TL00019" HPOS="182" VPOS="1089" WIDTH="810" HEIGHT="33">
						<String ID="P133_ST00133" HPOS="182" VPOS="1091" WIDTH="60" HEIGHT="25" CONTENT="The" WC="1.00" CC="000"/>
						<SP ID="P133_SP00115" HPOS="242" VPOS="1116" WIDTH="20"/>
						<String ID="P133_ST00134" HPOS="262" VPOS="1094" WIDTH="65" HEIGHT="22" CONTENT="next" WC="0.78" CC="3005"/>
						<SP ID="P133_SP00116" HPOS="327" VPOS="1116" WIDTH="21"/>
						<String ID="P133_ST00135" HPOS="348" VPOS="1094" WIDTH="147" HEIGHT="21" CONTENT="seventeen" WC="0.90" CC="000030004"/>
						<SP ID="P133_SP00117" HPOS="495" VPOS="1116" WIDTH="23"/>
						<String ID="P133_ST00136" HPOS="518" VPOS="1089" WIDTH="52" HEIGHT="26" CONTENT="feet" WC="0.97" CC="0100"/>
						<SP ID="P133_SP00118" HPOS="570" VPOS="1116" WIDTH="23"/>
						<String ID="P133_ST00137" HPOS="593" VPOS="1089" WIDTH="118" HEIGHT="25" CONTENT="consists" WC="0.96" CC="00300000"/>
						<SP ID="P133_SP00119" HPOS="711" VPOS="1116" WIDTH="20"/>
						<String ID="P133_ST00138" HPOS="731" VPOS="1089" WIDTH="29" HEIGHT="25" CONTENT="of" WC="0.60" CC="16"/>
						<SP ID="P133_SP00120" HPOS="760" VPOS="1116" WIDTH="17"/>
						<String ID="P133_ST00139" HPOS="777" VPOS="1089" WIDTH="107" HEIGHT="33" CONTENT="impure" WC="0.90" CC="300200"/>
						<SP ID="P133_SP00121" HPOS="884" VPOS="1122" WIDTH="22"/>
						<String ID="P133_ST00140" HPOS="906" VPOS="1089" WIDTH="86" HEIGHT="33" CONTENT="sandy" WC="1.00" CC="00000"/>
					</TextLine>
					<TextLine ID="P133_TL00020" HPOS="135" VPOS="1134" WIDTH="857" HEIGHT="33">
						<String ID="P133_ST00141" HPOS="135" VPOS="1136" WIDTH="146" HEIGHT="25" CONTENT="limestone" WC="0.96" CC="020000000"/>
						<SP ID="P133_SP00122" HPOS="281" VPOS="1161" WIDTH="18"/>
						<String ID="P133_ST00142" HPOS="299" VPOS="1135" WIDTH="30" HEIGHT="25" CONTENT="of" WC="0.78" CC="40"/>
						<SP ID="P133_SP00123" HPOS="329" VPOS="1161" WIDTH="17"/>
						<String ID="P133_ST00143" HPOS="346" VPOS="1143" WIDTH="16" HEIGHT="17" CONTENT="a" WC="1.00" CC="0"/>
						<SP ID="P133_SP00124" HPOS="362" VPOS="1161" WIDTH="20"/>
						<String ID="P133_ST00144" HPOS="382" VPOS="1134" WIDTH="92" HEIGHT="26" CONTENT="bluish" WC="0.81" CC="003601"/>
						<SP ID="P133_SP00125" HPOS="474" VPOS="1161" WIDTH="19"/>
						<String ID="P133_ST00145" HPOS="493" VPOS="1143" WIDTH="65" HEIGHT="24" CONTENT="grey" WC="1.00" CC="0000"/>
						<SP ID="P133_SP00126" HPOS="558" VPOS="1167" WIDTH="18"/>
						<String ID="P133_ST00146" HPOS="576" VPOS="1134" WIDTH="54" HEIGHT="25" CONTENT="and" WC="0.92" CC="020"/>
						<SP ID="P133_SP00127" HPOS="630" VPOS="1167" WIDTH="19"/>
						<String ID="P133_ST00147" HPOS="649" VPOS="1134" WIDTH="61" HEIGHT="25" CONTENT="buff" WC="0.83" CC="0600"/>
						<SP ID="P133_SP00128" HPOS="710" VPOS="1167" WIDTH="16"/>
						<String ID="P133_ST00148" HPOS="726" VPOS="1134" WIDTH="102" HEIGHT="29" CONTENT="colour," WC="0.84" CC="0054000"/>
						<SP ID="P133_SP00129" HPOS="828" VPOS="1167" WIDTH="20"/>
						<String ID="P133_ST00149" HPOS="848" VPOS="1134" WIDTH="69" HEIGHT="25" CONTENT="hard" WC="0.65" CC="5800"/>
						<SP ID="P133_SP00130" HPOS="917" VPOS="1167" WIDTH="22"/>
						<String ID="P133_ST00150" HPOS="939" VPOS="1134" WIDTH="53" HEIGHT="25" CONTENT="and" WC="1.00" CC="000"/>
					</TextLine>
					<TextLine ID="P133_TL00021" HPOS="136" VPOS="1178" WIDTH="857" HEIGHT="36">
						<String ID="P133_ST00151" HPOS="136" VPOS="1182" WIDTH="132" HEIGHT="32" CONTENT="irregular" WC="0.77" CC="510000175"/>
						<SP ID="P133_SP00131" HPOS="268" VPOS="1214" WIDTH="22"/>
						<String ID="P133_ST00152" HPOS="290" VPOS="1181" WIDTH="88" HEIGHT="24" CONTENT="bands" WC="0.92" CC="00300"/>
						<SP ID="P133_SP00132" HPOS="378" VPOS="1214" WIDTH="23"/>
						<String ID="P133_ST00153" HPOS="401" VPOS="1180" WIDTH="163" HEIGHT="32" CONTENT="apparently" WC="0.99" CC="0000000010"/>
						<SP ID="P133_SP00133" HPOS="564" VPOS="1214" WIDTH="21"/>
						<String ID="P133_ST00154" HPOS="585" VPOS="1178" WIDTH="122" HEIGHT="33" CONTENT="dividing" WC="0.77" CC="00050570"/>
						<SP ID="P133_SP00134" HPOS="707" VPOS="1214" WIDTH="21"/>
						<String ID="P133_ST00155" HPOS="728" VPOS="1179" WIDTH="19" HEIGHT="25" CONTENT="it" WC="0.74" CC="50"/>
						<SP ID="P133_SP00135" HPOS="747" VPOS="1214" WIDTH="26"/>
						<String ID="P133_ST00156" HPOS="773" VPOS="1187" WIDTH="37" HEIGHT="24" CONTENT="up" WC="0.71" CC="50"/>
						<SP ID="P133_SP00136" HPOS="810" VPOS="1214" WIDTH="24"/>
						<String ID="P133_ST00157" HPOS="834" VPOS="1180" WIDTH="57" HEIGHT="24" CONTENT="into" WC="0.77" CC="2501"/>
						<SP ID="P133_SP00137" HPOS="891" VPOS="1214" WIDTH="26"/>
						<String ID="P133_ST00158" HPOS="917" VPOS="1179" WIDTH="76" HEIGHT="25" CONTENT="three" WC="0.77" CC="05600"/>
					</TextLine>
					<TextLine ID="P133_TL00022" HPOS="136" VPOS="1225" WIDTH="856" HEIGHT="29">
						<String ID="P133_ST00159" HPOS="136" VPOS="1227" WIDTH="76" HEIGHT="25" CONTENT="beds." WC="0.90" CC="00400"/>
						<SP ID="P133_SP00138" HPOS="212" VPOS="1252" WIDTH="38"/>
						<String ID="P133_ST00160" HPOS="250" VPOS="1226" WIDTH="61" HEIGHT="25" CONTENT="The" WC="0.93" CC="020"/>
						<SP ID="P133_SP00139" HPOS="311" VPOS="1252" WIDTH="21"/>
						<String ID="P133_ST00161" HPOS="332" VPOS="1225" WIDTH="89" HEIGHT="25" CONTENT="fossils" WC="0.84" CC="0400600"/>
						<SP ID="P133_SP00140" HPOS="421" VPOS="1252" WIDTH="26"/>
						<String ID="P133_ST00162" HPOS="447" VPOS="1233" WIDTH="55" HEIGHT="21" CONTENT="are," WC="0.90" CC="0102"/>
						<SP ID="P133_SP00141" HPOS="502" VPOS="1254" WIDTH="22"/>
						<String ID="P133_ST00163" HPOS="524" VPOS="1225" WIDTH="146" HEIGHT="24" CONTENT="Ammonites" WC="0.85" CC="000530102"/>
						<SP ID="P133_SP00142" HPOS="670" VPOS="1254" WIDTH="21"/>
						<String ID="P133_ST00164" HPOS="691" VPOS="1225" WIDTH="122" HEIGHT="28" CONTENT="Mantelli," WC="0.89" CC="001201300"/>
						<SP ID="P133_SP00143" HPOS="813" VPOS="1254" WIDTH="21"/>
						<String ID="P133_ST00165" HPOS="834" VPOS="1226" WIDTH="34" HEIGHT="22" CONTENT="A." WC="1.00" CC="00"/>
						<SP ID="P133_SP00144" HPOS="868" VPOS="1254" WIDTH="21"/>
						<String ID="P133_ST00166" HPOS="889" VPOS="1225" WIDTH="103" HEIGHT="28" CONTENT="varians," WC="0.72" CC="09007400"/>
					</TextLine>
					<TextLine ID="P133_TL00023" HPOS="137" VPOS="1269" WIDTH="855" HEIGHT="34">
						<String ID="P133_ST00167" HPOS="137" VPOS="1272" WIDTH="85" HEIGHT="26" CONTENT="Ostrea" WC="0.52" CC="090909"/>
						<SP ID="P133_SP00145" HPOS="222" VPOS="1298" WIDTH="27"/>
						<String ID="P133_ST00168" HPOS="249" VPOS="1271" WIDTH="145" HEIGHT="28" CONTENT="vesicularis," WC="0.55" CC="792438079000"/>
						<SP ID="P133_SP00146" HPOS="394" VPOS="1299" WIDTH="23"/>
						<String ID="P133_ST00169" HPOS="417" VPOS="1271" WIDTH="86" HEIGHT="24" CONTENT="Pecten" WC="0.66" CC="090405"/>
						<SP ID="P133_SP00147" HPOS="503" VPOS="1299" WIDTH="21"/>
						<String ID="P133_ST00170" HPOS="524" VPOS="1270" WIDTH="102" HEIGHT="24" CONTENT="Beaveri" WC="0.67" CC="0008633"/>
						<SP ID="P133_SP00148" HPOS="626" VPOS="1299" WIDTH="20"/>
						<String ID="P133_ST00171" HPOS="646" VPOS="1269" WIDTH="99" HEIGHT="34" CONTENT="(which" WC="0.85" CC="006200"/>
						<SP ID="P133_SP00149" HPOS="745" VPOS="1303" WIDTH="23"/>
						<String ID="P133_ST00172" HPOS="768" VPOS="1270" WIDTH="94" HEIGHT="23" CONTENT="makes" WC="1.00" CC="00000"/>
						<SP ID="P133_SP00150" HPOS="862" VPOS="1303" WIDTH="18"/>
						<String ID="P133_ST00173" HPOS="880" VPOS="1269" WIDTH="35" HEIGHT="24" CONTENT="its" WC="0.81" CC="500"/>
						<SP ID="P133_SP00151" HPOS="915" VPOS="1303" WIDTH="19"/>
						<String ID="P133_ST00174" HPOS="934" VPOS="1269" WIDTH="58" HEIGHT="25" CONTENT="first" WC="0.91" CC="22000"/>
					</TextLine>
					<TextLine ID="P133_TL00024" HPOS="136" VPOS="1314" WIDTH="856" HEIGHT="36">
						<String ID="P133_ST00175" HPOS="136" VPOS="1325" WIDTH="174" HEIGHT="25" CONTENT="appearance" WC="0.97" CC="0000000200"/>
						<SP ID="P133_SP00152" HPOS="310" VPOS="1350" WIDTH="14"/>
						<String ID="P133_ST00176" HPOS="324" VPOS="1316" WIDTH="85" HEIGHT="33" CONTENT="here)," WC="0.94" CC="300000"/>
						<SP ID="P133_SP00153" HPOS="409" VPOS="1350" WIDTH="16"/>
						<String ID="P133_ST00177" HPOS="425" VPOS="1315" WIDTH="146" HEIGHT="25" CONTENT="Ammonites" WC="0.75" CC="060500360"/>
						<String ID="P133_ST00178" HPOS="580" VPOS="1315" WIDTH="145" HEIGHT="32" CONTENT="peramphts," WC="0.77" CC="0080406300"/>
						<SP ID="P133_SP00154" HPOS="725" VPOS="1350" WIDTH="15"/>
						<String ID="P133_ST00179" HPOS="740" VPOS="1323" WIDTH="16" HEIGHT="15" CONTENT="a" WC="1.00" CC="0"/>
						<SP ID="P133_SP00155" HPOS="756" VPOS="1350" WIDTH="12"/>
						<String ID="P133_ST00180" HPOS="768" VPOS="1314" WIDTH="75" HEIGHT="32" CONTENT="large" WC="0.86" CC="70000"/>
						<SP ID="P133_SP00156" HPOS="843" VPOS="1350" WIDTH="14"/>
						<String ID="P133_ST00181" HPOS="857" VPOS="1314" WIDTH="135" HEIGHT="28" CONTENT="Turrellite," WC="0.70" CC="77906000002"/>
					</TextLine>
					<TextLine ID="P133_TL00025" HPOS="137" VPOS="1359" WIDTH="856" HEIGHT="32">
						<String ID="P133_ST00182" HPOS="137" VPOS="1363" WIDTH="30" HEIGHT="23" CONTENT="T." WC="0.58" CC="80"/>
						<SP ID="P133_SP00157" HPOS="167" VPOS="1386" WIDTH="25"/>
						<String ID="P133_ST00183" HPOS="192" VPOS="1362" WIDTH="186" HEIGHT="26" CONTENT="Tuberculatus;" WC="0.58" CC="6700006097833"/>
						<SP ID="P133_SP00158" HPOS="378" VPOS="1388" WIDTH="22"/>
						<String ID="P133_ST00184" HPOS="400" VPOS="1361" WIDTH="48" HEIGHT="24" CONTENT="but" WC="0.77" CC="060"/>
						<SP ID="P133_SP00159" HPOS="448" VPOS="1388" WIDTH="23"/>
						<String ID="P133_ST00185" HPOS="471" VPOS="1360" WIDTH="78" HEIGHT="24" CONTENT="these" WC="1.00" CC="00000"/>
						<SP ID="P133_SP00160" HPOS="549" VPOS="1388" WIDTH="21"/>
						<String ID="P133_ST00186" HPOS="570" VPOS="1359" WIDTH="82" HEIGHT="24" CONTENT="latter" WC="0.79" CC="390000"/>
						<SP ID="P133_SP00161" HPOS="652" VPOS="1388" WIDTH="22"/>
						<String ID="P133_ST00187" HPOS="674" VPOS="1363" WIDTH="53" HEIGHT="20" CONTENT="two" WC="0.92" CC="002"/>
						<SP ID="P133_SP00162" HPOS="727" VPOS="1388" WIDTH="21"/>
						<String ID="P133_ST00188" HPOS="748" VPOS="1367" WIDTH="102" HEIGHT="24" CONTENT="appear" WC="1.00" CC="000000"/>
						<SP ID="P133_SP00163" HPOS="850" VPOS="1391" WIDTH="24"/>
						<String ID="P133_ST00189" HPOS="874" VPOS="1363" WIDTH="28" HEIGHT="20" CONTENT="to" WC="1.00" CC="00"/>
						<SP ID="P133_SP00164" HPOS="902" VPOS="1391" WIDTH="22"/>
						<String ID="P133_ST00190" HPOS="924" VPOS="1359" WIDTH="69" HEIGHT="24" CONTENT="have" WC="0.44" CC="7950"/>
					</TextLine>
					<TextLine ID="P133_TL00026" HPOS="136" VPOS="1403" WIDTH="857" HEIGHT="35">
						<String ID="P133_ST00191" HPOS="136" VPOS="1408" WIDTH="69" HEIGHT="25" CONTENT="been" WC="1.00" CC="0000"/>
						<SP ID="P133_SP00165" HPOS="205" VPOS="1433" WIDTH="22"/>
						<String ID="P133_ST00192" HPOS="227" VPOS="1407" WIDTH="121" HEIGHT="28" CONTENT="derived," WC="0.94" CC="00130000"/>
						<SP ID="P133_SP00166" HPOS="348" VPOS="1435" WIDTH="22"/>
						<String ID="P133_ST00193" HPOS="370" VPOS="1405" WIDTH="116" HEIGHT="33" CONTENT="judging" WC="0.71" CC="1009250"/>
						<SP ID="P133_SP00167" HPOS="486" VPOS="1438" WIDTH="22"/>
						<String ID="P133_ST00194" HPOS="508" VPOS="1404" WIDTH="68" HEIGHT="25" CONTENT="from" WC="0.92" CC="0200"/>
						<SP ID="P133_SP00168" HPOS="576" VPOS="1438" WIDTH="22"/>
						<String ID="P133_ST00195" HPOS="598" VPOS="1403" WIDTH="71" HEIGHT="26" CONTENT="their" WC="0.79" CC="04022"/>
						<SP ID="P133_SP00169" HPOS="669" VPOS="1438" WIDTH="23"/>
						<String ID="P133_ST00196" HPOS="692" VPOS="1403" WIDTH="109" HEIGHT="25" CONTENT="smooth" WC="0.86" CC="010104"/>
						<SP ID="P133_SP00170" HPOS="801" VPOS="1438" WIDTH="22"/>
						<String ID="P133_ST00197" HPOS="823" VPOS="1404" WIDTH="54" HEIGHT="24" CONTENT="and" WC="0.84" CC="040"/>
						<SP ID="P133_SP00171" HPOS="877" VPOS="1438" WIDTH="22"/>
						<String ID="P133_ST00198" HPOS="899" VPOS="1408" WIDTH="94" HEIGHT="20" CONTENT="water" SUBS_TYPE="HypPart1" SUBS_CONTENT="waterworn" WC="0.91" CC="050000"/>
						<HYP CONTENT="-"/>
					</TextLine>
					<TextLine ID="P133_TL00027" HPOS="134" VPOS="1447" WIDTH="859" HEIGHT="38">
						<String ID="P133_ST00199" HPOS="134" VPOS="1462" WIDTH="76" HEIGHT="17" CONTENT="worn" SUBS_TYPE="HypPart2" SUBS_CONTENT="waterworn" WC="0.83" CC="6000"/>
						<SP ID="P133_SP00172" HPOS="210" VPOS="1479" WIDTH="23"/>
						<String ID="P133_ST00200" HPOS="233" VPOS="1459" WIDTH="182" HEIGHT="26" CONTENT="appearance." WC="0.96" CC="00000002000"/>
						<SP ID="P133_SP00173" HPOS="415" VPOS="1485" WIDTH="47"/>
						<String ID="P133_ST00201" HPOS="462" VPOS="1449" WIDTH="116" HEIGHT="33" CONTENT="Resting" WC="0.84" CC="0001440"/>
						<SP ID="P133_SP00174" HPOS="578" VPOS="1485" WIDTH="21"/>
						<String ID="P133_ST00202" HPOS="599" VPOS="1458" WIDTH="74" HEIGHT="23" CONTENT="upon" WC="0.94" CC="2000"/>
						<SP ID="P133_SP00175" HPOS="673" VPOS="1485" WIDTH="20"/>
						<String ID="P133_ST00203" HPOS="693" VPOS="1449" WIDTH="77" HEIGHT="25" CONTENT="these" WC="0.88" CC="03020"/>
						<SP ID="P133_SP00176" HPOS="770" VPOS="1485" WIDTH="21"/>
						<String ID="P133_ST00204" HPOS="791" VPOS="1457" WIDTH="45" HEIGHT="16" CONTENT="are" WC="0.94" CC="010"/>
						<SP ID="P133_SP00177" HPOS="836" VPOS="1485" WIDTH="20"/>
						<String ID="P133_ST00205" HPOS="856" VPOS="1452" WIDTH="54" HEIGHT="21" CONTENT="two" WC="0.67" CC="090"/>
						<SP ID="P133_SP00178" HPOS="910" VPOS="1485" WIDTH="25"/>
						<String ID="P133_ST00206" HPOS="935" VPOS="1447" WIDTH="58" HEIGHT="26" CONTENT="thin" WC="0.64" CC="0652"/>
					</TextLine>
					<TextLine ID="P133_TL00028" HPOS="135" VPOS="1494" WIDTH="858" HEIGHT="30">
						<String ID="P133_ST00207" HPOS="135" VPOS="1499" WIDTH="69" HEIGHT="25" CONTENT="beds" WC="1.00" CC="0000"/>
						<SP ID="P133_SP00179" HPOS="204" VPOS="1524" WIDTH="17"/>
						<String ID="P133_ST00208" HPOS="221" VPOS="1497" WIDTH="30" HEIGHT="26" CONTENT="of" WC="1.00" CC="00"/>
						<SP ID="P133_SP00180" HPOS="251" VPOS="1524" WIDTH="16"/>
						<String ID="P133_ST00209" HPOS="267" VPOS="1497" WIDTH="70" HEIGHT="25" CONTENT="hard" WC="1.00" CC="0000"/>
						<SP ID="P133_SP00181" HPOS="337" VPOS="1524" WIDTH="21"/>
						<String ID="P133_ST00210" HPOS="358" VPOS="1495" WIDTH="236" HEIGHT="26" CONTENT="cream-coloured" WC="0.87" CC="02040000540000"/>
						<SP ID="P133_SP00182" HPOS="594" VPOS="1524" WIDTH="19"/>
						<String ID="P133_ST00211" HPOS="613" VPOS="1495" WIDTH="77" HEIGHT="28" CONTENT="marl," WC="0.86" CC="00240"/>
						<SP ID="P133_SP00183" HPOS="690" VPOS="1524" WIDTH="14"/>
						<String ID="P133_ST00212" HPOS="704" VPOS="1494" WIDTH="47" HEIGHT="25" CONTENT="the" WC="1.00" CC="000"/>
						<SP ID="P133_SP00184" HPOS="751" VPOS="1524" WIDTH="19"/>
						<String ID="P133_ST00213" HPOS="770" VPOS="1495" WIDTH="153" HEIGHT="24" CONTENT="lowermost" WC="0.89" CC="400010300"/>
						<SP ID="P133_SP00185" HPOS="923" VPOS="1524" WIDTH="20"/>
						<String ID="P133_ST00214" HPOS="943" VPOS="1502" WIDTH="50" HEIGHT="16" CONTENT="one" WC="1.00" CC="000"/>
					</TextLine>
					<TextLine ID="P133_TL00029" HPOS="135" VPOS="1537" WIDTH="858" HEIGHT="39">
						<String ID="P133_ST00215" HPOS="135" VPOS="1543" WIDTH="116" HEIGHT="33" CONTENT="varying" WC="0.89" CC="0000150"/>
						<SP ID="P133_SP00186" HPOS="251" VPOS="1576" WIDTH="14"/>
						<String ID="P133_ST00216" HPOS="265" VPOS="1541" WIDTH="27" HEIGHT="26" CONTENT="in" WC="0.70" CC="50"/>
						<SP ID="P133_SP00187" HPOS="292" VPOS="1576" WIDTH="22"/>
						<String ID="P133_ST00217" HPOS="314" VPOS="1541" WIDTH="142" HEIGHT="26" CONTENT="thickness" WC="0.93" CC="014000000"/>
						<SP ID="P133_SP00188" HPOS="456" VPOS="1576" WIDTH="19"/>
						<String ID="P133_ST00218" HPOS="475" VPOS="1540" WIDTH="68" HEIGHT="24" CONTENT="from" WC="0.98" CC="0000"/>
						<SP ID="P133_SP00189" HPOS="543" VPOS="1576" WIDTH="22"/>
						<String ID="P133_ST00219" HPOS="565" VPOS="1538" WIDTH="43" HEIGHT="25" CONTENT="six" WC="0.80" CC="050"/>
						<SP ID="P133_SP00190" HPOS="608" VPOS="1576" WIDTH="18"/>
						<String ID="P133_ST00220" HPOS="626" VPOS="1538" WIDTH="95" HEIGHT="25" CONTENT="inches" WC="0.74" CC="560300"/>
						<SP ID="P133_SP00191" HPOS="721" VPOS="1576" WIDTH="19"/>
						<String ID="P133_ST00221" HPOS="740" VPOS="1542" WIDTH="28" HEIGHT="21" CONTENT="to" WC="1.00" CC="00"/>
						<SP ID="P133_SP00192" HPOS="768" VPOS="1576" WIDTH="20"/>
						<String ID="P133_ST00222" HPOS="788" VPOS="1546" WIDTH="51" HEIGHT="17" CONTENT="one" WC="0.65" CC="450"/>
						<SP ID="P133_SP00193" HPOS="839" VPOS="1576" WIDTH="17"/>
						<String ID="P133_ST00223" HPOS="856" VPOS="1537" WIDTH="66" HEIGHT="30" CONTENT="foot," WC="0.91" CC="00400"/>
						<SP ID="P133_SP00194" HPOS="922" VPOS="1576" WIDTH="18"/>
						<String ID="P133_ST00224" HPOS="940" VPOS="1538" WIDTH="53" HEIGHT="25" CONTENT="and" WC="1.00" CC="000"/>
					</TextLine>
					<TextLine ID="P133_TL00030" HPOS="135" VPOS="1582" WIDTH="858" HEIGHT="36">
						<String ID="P133_ST00225" HPOS="135" VPOS="1587" WIDTH="162" HEIGHT="31" CONTENT="containing" WC="0.75" CC="0200623640"/>
						<SP ID="P133_SP00195" HPOS="297" VPOS="1618" WIDTH="20"/>
						<String ID="P133_ST00226" HPOS="317" VPOS="1586" WIDTH="116" HEIGHT="25" CONTENT="nodular" WC="0.85" CC="5002200"/>
						<SP ID="P133_SP00196" HPOS="433" VPOS="1618" WIDTH="20"/>
						<String ID="P133_ST00227" HPOS="453" VPOS="1593" WIDTH="105" HEIGHT="16" CONTENT="masses" WC="1.00" CC="000000"/>
						<SP ID="P133_SP00197" HPOS="558" VPOS="1618" WIDTH="19"/>
						<String ID="P133_ST00228" HPOS="577" VPOS="1584" WIDTH="26" HEIGHT="24" CONTENT="in" WC="0.70" CC="05"/>
						<SP ID="P133_SP00198" HPOS="603" VPOS="1618" WIDTH="21"/>
						<String ID="P133_ST00229" HPOS="624" VPOS="1592" WIDTH="35" HEIGHT="15" CONTENT="an" WC="1.00" CC="00"/>
						<SP ID="P133_SP00199" HPOS="659" VPOS="1618" WIDTH="20"/>
						<String ID="P133_ST00230" HPOS="679" VPOS="1582" WIDTH="179" HEIGHT="33" CONTENT="argillaceous" WC="0.92" CC="040004000000"/>
						<SP ID="P133_SP00200" HPOS="858" VPOS="1618" WIDTH="20"/>
						<String ID="P133_ST00231" HPOS="878" VPOS="1582" WIDTH="115" HEIGHT="32" CONTENT="deposit." WC="0.94" CC="00000400"/>
					</TextLine>
				</TextBlock>
				<TextBlock ID="P133_TB00008" HPOS="404" VPOS="1671" WIDTH="322" HEIGHT="18" STYLEREFS="TXT_0 PAR_CENTER">
					<TextLine ID="P133_TL00031" HPOS="406" VPOS="1672" WIDTH="320" HEIGHT="17">
						<String ID="P133_ST00232" HPOS="406" VPOS="1675" WIDTH="8" HEIGHT="9" CONTENT="•" WC="0.20" CC="8"/>
						<SP ID="P133_SP00201" HPOS="414" VPOS="1684" WIDTH="11"/>
						<String ID="P133_ST00233" HPOS="425" VPOS="1673" WIDTH="69" HEIGHT="16" CONTENT="Fossils" WC="0.38" CC="6777517"/>
						<SP ID="P133_SP00202" HPOS="494" VPOS="1689" WIDTH="12"/>
						<String ID="P133_ST00234" HPOS="506" VPOS="1673" WIDTH="20" HEIGHT="16" CONTENT="of" WC="0.42" CC="38"/>
						<SP ID="P133_SP00203" HPOS="526" VPOS="1689" WIDTH="11"/>
						<String ID="P133_ST00235" HPOS="537" VPOS="1673" WIDTH="32" HEIGHT="16" CONTENT="the" WC="0.54" CC="670"/>
						<SP ID="P133_SP00204" HPOS="569" VPOS="1689" WIDTH="12"/>
						<String ID="P133_ST00236" HPOS="581" VPOS="1672" WIDTH="60" HEIGHT="17" CONTENT="South" WC="0.60" CC="74007"/>
						<SP ID="P133_SP00205" HPOS="641" VPOS="1689" WIDTH="11"/>
						<String ID="P133_ST00237" HPOS="652" VPOS="1672" WIDTH="74" HEIGHT="16" CONTENT="Downs." WC="0.32" CC="769880"/>
					</TextLine>
				</TextBlock>
			</PrintSpace>
		</Page>
	</Layout>
</alto>
