1117 1922
963 184 29 24 81

453 190 77 17 CLIFF
550 191 140 17 FISSURES.

145 261 85 24 under
248 262 39 24 St.
303 261 172 25 Catherine's
495 263 88 24 Down
602 263 84 25 about
709 271 45 24 155
773 263 61 25 feet.
872 264 55 24 But
940 263 21 26 it
974 263 21 26 is

144 306 126 24 doubtful
295 314 30 16 as
349 310 29 21 to
403 307 122 24 whether
550 307 46 25 the
621 307 81 26 lower
726 316 30 24 55
782 308 52 25 feet
859 308 65 25 does
949 313 46 20 not

144 351 99 30 belong
262 354 28 21 to
309 351 46 24 the
375 351 85 25 Gault
480 351 155 26 formation.

179 396 58 23 The
253 396 95 32 Upper
362 396 171 30 Greensand,
548 406 30 15 as
591 397 60 25 well
665 406 30 16 as
710 397 46 25 the
770 398 77 24 other
861 398 135 25 members

143 440 29 25 of
188 440 46 25 the
248 441 167 25 Cretaceous
429 445 112 30 system,
554 451 58 16 owe
630 442 71 25 their
718 448 109 27 present
845 443 149 24 conforma-

143 484 57 26 tion
222 490 29 21 to
271 486 47 25 the
339 486 54 26 rise
413 486 29 26 of
460 487 48 25 the
530 488 134 24 Wealden
690 488 154 24 formation.
894 489 23 24 It
940 496 56 17 was

143 530 100 33 during
262 532 47 24 the
327 540 112 24 process
458 532 29 24 of
506 533 46 24 the
572 534 136 31 upheaval
727 534 59 24 that
807 534 64 32 they
883 534 113 24 became

143 576 111 24 divided
274 577 57 24 into
353 577 114 24 vertical
486 578 111 24 fissures
623 578 176 33 throughout.
844 578 67 24 This
930 578 64 32 phe-

143 629 116 16 nomena
279 621 23 25 is
318 622 103 33 plainly
438 622 173 33 exemplified
629 623 34 24 all
684 623 79 32 along
782 623 46 24 the
845 627 76 28 great
934 622 62 26 wall

143 666 29 24 of
194 666 47 24 the
271 666 161 28 Undercliff,
458 666 69 25 from
557 668 160 24 Luccombe
743 676 35 16 on
803 667 47 25 the
874 671 68 26 east,
967 672 29 21 to

146 711 161 33 Blackgang
326 720 34 16 011
380 712 46 25 the
440 716 75 21 west.
553 712 90 25 These
662 712 111 25 fissures
792 713 58 24 also
867 721 83 16 occur
968 711 28 26 in

143 756 46 26 the
204 756 131 32 quarries,
350 757 53 25 and
417 757 138 25 wherever
572 757 46 25 the
636 762 87 20 strata
736 757 22 25 is
772 758 128 31 exposed.
937 758 59 24 The

143 800 69 26 cliffs
237 801 90 25 which
354 801 69 25 form
451 802 46 24 the
522 803 62 23 wall
608 802 30 24 of
663 802 46 24 the
735 802 155 25 Undercliff
911 810 45 17 are
979 810 17 16 a

143 847 172 24 remarkable
337 847 124 25 instance
482 847 30 25 of
530 848 47 24 the
598 856 91 24 power
708 847 29 25 of
753 848 47 24 the
819 848 131 24 elements
969 847 27 24 in

143 891 120 33 wearing
283 901 78 24 away
381 892 46 25 the
453 896 95 24 strata,
574 901 39 19 as,
636 892 91 32 facing
749 893 46 23 the
820 893 90 27 south,
932 892 64 33 they

143 945 45 17 are
202 937 121 32 exposed
342 941 28 21 to
390 937 47 24 the
457 937 47 24 full
524 937 72 24 force
615 937 30 24 of
660 937 47 24 the
726 937 167 25 South-west
912 937 83 32 gales,

142 981 90 26 which
253 990 65 24 rage
338 986 27 21 at
388 981 81 26 times
491 981 66 26 with
581 986 76 28 great
683 981 68 33 fury,
774 981 108 33 driving
905 981 91 25 before

142 1026 74 26 them
243 1028 123 24 volumes
394 1027 29 25 of
452 1027 53 25 fine
537 1026 103 34 drizzly
665 1026 67 29 rain,
758 1026 164 33 excavating
950 1026 46 26 the

141 1072 82 25 lower
246 1072 68 25 beds
336 1071 29 25 of
384 1071 52 26 soft
459 1071 156 25 micaceous
638 1072 157 28 sandstone,
818 1071 53 25 and
895 1071 100 33 honey-

142 1117 128 33 combing
289 1118 48 24 the
356 1118 89 32 layers
464 1117 30 24 of
512 1118 62 23 blue
593 1116 143 25 limestone
756 1117 80 32 (local
849 1117 67 32 rag),
931 1116 63 25 thus

141 1163 114 32 causing
277 1167 62 20 vast
360 1171 104 16 masses
466 1179 34 1 —
502 1162 111 25 divided
635 1163 35 32 by
689 1163 46 23 the
752 1162 113 24 vertical
884 1162 110 23 fissures

140 1208 112 33 already
270 1208 104 32 spoken
394 1207 30 25 of
424 1224 31 1 —
457 1212 28 20 to
505 1207 94 33 topple
613 1216 64 16 over
690 1207 66 25 with
775 1215 15 16 a
808 1207 80 24 crash
900 1215 5 20 ;
926 1207 67 23 such

354 1262 30 16 as
414 1253 65 33 they
508 1262 45 15 are
581 1252 99 33 locally
711 1252 95 28 called,
837 1252 156 24 sometimes

139 1302 141 28 represent
298 1307 83 23 many
399 1301 63 22 tons
480 1297 30 25 of
524 1297 84 25 debris.

186 1344 60 24 The
261 1344 96 32 Upper
371 1342 163 26 Greensand
552 1342 23 25 is
595 1342 119 32 exposed
734 1341 27 25 in
779 1342 104 24 several
900 1341 93 32 places

138 1398 36 16 on
193 1390 47 24 the
258 1389 131 24 northern
406 1388 59 24 face
485 1387 29 25 of
530 1388 46 24 the
595 1387 136 25 Southern
752 1387 111 28 Downs,
878 1385 116 33 forming

137 1434 178 33 picturesque
341 1434 93 24 inland
464 1433 69 24 cliffs
557 1432 67 25 with
651 1441 16 15 a
691 1432 127 32 step-like
842 1431 151 32 projection

139 1479 108 33 beyond
276 1479 46 24 the
348 1478 243 33 superincumbent
620 1477 90 27 chalk,
736 1485 30 15 as
793 1484 35 16 on
856 1476 47 24 the
926 1479 68 21 west

138 1524 59 26 side
221 1524 30 26 of
274 1525 41 25 St.
339 1522 172 26 Catherine's
537 1523 98 27 Down,
660 1522 47 23 the
731 1521 129 24 northern
886 1520 57 24 side
967 1520 28 24 of

138 1569 246 34 Appuldurcombe
417 1569 97 27 Down,
545 1567 87 25 below
663 1566 152 33 Worsley's
847 1565 112 25 Obelisk
961 1581 33 2 —

138 1616 99 24 known
264 1623 30 15 as
314 1615 56 24 Gat
391 1613 72 29 Cliff,
484 1612 54 25 and
557 1612 47 25 the
623 1610 81 25 north
723 1610 54 24 and
796 1614 59 20 east
874 1610 72 24 sides
967 1609 28 25 of

138 1660 135 26 Shanklin
297 1660 97 27 Down,
418 1659 87 24 below
531 1657 101 25 Cook's
658 1655 102 26 Castle.
808 1655 68 24 This
901 1655 93 25 Castle

137 1715 56 17 was
214 1704 145 33 originally
379 1704 109 25 erected
510 1712 30 15 as
563 1711 33 15 an
618 1702 91 31 object
729 1701 27 24 in
775 1701 46 24 the
838 1700 68 26 view
925 1699 68 26 from

206 1757 11 14 F
