1117 1922
127 179 45 16 102

412 181 89 17 CHALK
522 182 167 16 FORMATION.

121 252 92 24 shells.
250 253 44 24 All
314 253 46 24 the
374 254 88 24 above
475 253 99 25 named
596 253 83 25 shells
693 253 148 31 disappear
855 253 67 25 with
936 253 46 24 the

121 297 73 24 close
207 297 30 25 of
255 297 47 25 the
321 298 88 25 Chalk
431 299 71 24 Marl
519 298 132 31 deposits,
667 302 97 27 except
778 299 48 24 the
841 297 138 29 Nautilus,

121 342 53 24 and
188 351 60 17 now
257 343 53 25 and
324 343 65 25 then
403 352 34 16 an
452 343 116 25 isolated
582 343 140 31 specimen
735 343 30 26 of
776 352 34 16 an
822 343 158 25 Ammonite

120 396 29 16 or
163 388 78 25 other
255 388 75 25 fossil
344 388 83 25 found
442 389 157 24 sometimes
613 389 27 24 in
653 389 48 24 the
714 390 75 30 Grey
804 389 96 24 Chalk.

431 515 108 23 White
560 516 103 22 Chalk.

165 601 58 26 The
242 602 136 32 principal
396 603 109 32 heights
526 603 29 25 of
573 603 46 25 the
639 604 105 24 central
763 603 76 32 ridge
859 603 54 25 and
933 604 45 24 the

117 648 131 24 southern
270 656 83 23 range
375 648 28 24 of
420 649 113 29 Downs,
552 648 149 31 according
718 653 28 20 to
764 649 48 24 the
831 649 147 24 Ordnance

116 693 115 33 Survey,
245 702 46 16 are
310 702 30 16 as
359 694 114 25 follows.
519 694 79 32 They
613 703 47 16 are
679 694 81 32 given
779 694 69 25 from
871 699 59 21 east
950 699 27 21 to

115 742 83 24 west;
219 739 74 24 what
312 739 23 24 is
355 739 106 25 termed
482 739 48 25 the
740 739 31 25 of
788 740 47 25 the

115 783 80 32 being
214 784 82 25 taken
316 784 69 30 first,
402 785 53 25 and
475 785 46 25 the
541 785 132 25 southern
692 785 114 25 outliers
825 785 76 25 after.

828 880 38 15 feet.

218 912 165 32 Bembridge
403 913 89 24 Down
547 932 27 5 ...
651 932 28 5 ...
755 932 27 5 ...
823 921 46 23 343

218 957 123 31 Brading
431 977 15 10 ,,
547 978 27 4 ...
651 978 28 4 ...
756 978 27 4 ...
823 965 48 23 407

217 1004 104 31 Messly
431 1023 15 9 „
547 1024 27 4 ...
651 1024 27 4 ...
755 1024 28 4 ...
822 1012 47 23 413

217 1048 118 25 Arreton
431 1068 15 10 ,,
547 1069 27 4 ...
651 1069 27 4 ...
754 1069 28 4 ...
821 1058 49 21 444

218 1093 152 25 Chillerton
430 1113 14 9 ,,
546 1114 27 5 ...
649 1114 28 5 ...
753 1114 27 5 ...
821 1102 47 23 549

219 1139 156 25 Idlecombe
431 1158 15 11 ,,
477 1158 4 3 .
547 1159 27 5 ...
651 1159 27 5 ...
755 1160 27 4 ...
822 1142 48 28 526

218 1183 116 25 Brixton
431 1186 15 27 ,',
547 1204 27 4 ...
650 1204 27 5 ...
755 1205 27 3 ...
823 1191 43 23 701

218 1229 163 24 Mottistone
431 1248 14 10 ,,
547 1249 26 4 ...
650 1249 28 5 ...
754 1250 27 4 ...
821 1231 48 29 667

217 1274 83 24 Afton
431 1293 15 9 ,,
547 1294 26 5 ...
650 1295 27 5 ...
754 1295 27 4 ...
822 1283 47 23 259

218 1318 75 33 High
430 1339 14 9 „
819 1322 48 30 483

422 1449 119 24 Southern
559 1450 91 23 Downs.

216 1523 133 25 Shanklin
364 1524 89 25 Down
544 1545 27 5 ...
647 1545 28 5 ...
751 1545 28 5 ...
819 1534 47 23 772

215 1567 132 26 Boniface
414 1588 15 10 ,,
544 1590 27 4 ...
647 1590 28 5 ...
751 1591 28 5 ...
819 1574 48 28 787

215 1613 87 25 Week
414 1633 15 10 „
818 1618 48 29 689

215 1658 130 25 Greenlid
366 1658 59 25 Hill
544 1680 27 4 ...
647 1681 28 4 ...
750 1682 29 5 ...
818 1670 48 23 522

214 1703 40 25 St.
270 1703 172 25 Catherine's
457 1705 88 25 Down
647 1726 27 5 ...
751 1726 28 6 ...
819 1710 45 29 781
