1117 1922
124 187 31 28 76

363 193 58 16 THE
440 192 90 17 UPPER
550 192 178 17 GREENSAND.

118 263 98 34 logical
230 264 143 24 character
387 272 30 16 as
436 264 47 24 the
502 264 53 24 bed
573 264 96 27 below,
684 264 48 23 but
749 271 76 16 more
838 265 140 28 compact,

119 308 99 29 which,
232 308 146 33 excepting
394 309 46 23 the
460 309 75 31 large
547 308 147 24 Ammonites
713 309 124 26 rostratus,
852 305 126 26 contains

118 354 49 24 but
185 353 51 25 few
249 353 98 25 fossils.

167 398 113 32 Resting
306 406 73 24 upon
405 398 77 24 these
504 398 68 24 beds
594 398 22 24 is
642 407 14 15 a
679 398 76 24 thick
778 398 53 24 bed
855 396 30 25 of
908 397 70 31 Rag,

119 444 54 24 and
192 452 81 16 seven
294 442 166 33 alternating
478 443 68 25 beds
565 442 29 25 of
615 442 52 26 soft
688 443 158 28 sandstone,
866 442 113 25 divided

119 489 36 32 by
169 488 114 25 another
296 488 74 32 layer
387 487 30 25 of
433 488 74 31 large
527 488 105 24 conical
652 487 133 26 flattened
804 486 175 26 concretions

119 533 88 25 called
229 533 35 32 by
284 541 162 24 quarrymen
643 532 91 25 which
757 531 111 26 contain
888 531 91 25 fossils

119 578 69 24 such
207 586 30 16 as
255 578 95 28 Limas,
372 578 106 27 Pectens,
503 578 164 28 Terebratulœ,
693 581 53 21 etc.
784 577 91 25 These
897 576 82 33 again

120 632 45 15 are
199 623 152 24 succeeded
387 623 35 32 by
452 626 54 21 two
541 623 88 23 bands
662 622 30 24 of
724 623 96 32 darkly
852 622 128 24 streaked

120 668 149 25 laminated
290 668 148 24 sandstone
457 668 159 32 containing
630 676 15 15 a
659 667 106 33 species
785 667 30 25 of
831 668 148 24 Cardiaster.

120 713 66 26 with
212 722 15 16 a
251 713 127 33 Panopæa,
405 712 55 25 this
484 712 23 25 is
533 713 88 24 called
647 713 46 24 the
752 713 87 24 Black

122 759 114 32 Resting
257 767 33 16 on
313 758 20 25 it
356 758 22 25 is
401 767 15 15 a
437 759 74 31 layer
533 757 30 26 of
587 758 69 32 Rag,
679 757 67 26 with
769 767 15 16 a
806 758 54 25 bed
879 757 29 26 of
927 757 53 26 soft

121 804 148 24 sandstone
283 803 29 25 of
329 812 15 16 a
362 803 69 33 light
449 812 66 24 grey
527 803 104 29 colour,
646 804 124 32 sparsely
782 803 181 25 fossiliferous
975 812 5 21 ;

121 849 152 24 succeeded
295 849 35 32 by
351 848 115 25 another
485 849 53 24 bed
557 848 30 25 of
607 849 61 32 Rag
687 848 29 25 of
733 857 52 16 one
804 848 66 30 foot,
890 849 91 24 which

121 898 70 21 rests
215 902 74 24 upon
312 903 15 15 a
349 894 74 24 band
443 893 29 25 of
494 894 69 32 light
584 902 67 25 grey
673 895 150 24 sandstone
844 895 31 24 of
897 895 84 24 about

121 939 59 25 four
205 939 52 24 feet
283 938 76 25 thick
372 947 5 20 ;
403 938 20 24 it
450 939 126 24 contains
600 947 36 16 no
665 939 91 25 fossils
783 944 99 28 except
908 940 74 32 large

120 993 102 23 groups
241 983 30 25 of
287 983 207 25 semi-silicified
513 983 171 33 sponge-like
703 984 105 25 bodies.

169 1031 122 24 Another
317 1031 52 24 bed
394 1030 29 25 of
452 1031 70 24 hard
554 1031 63 24 blue
650 1032 61 31 Rag
742 1040 51 15 one
824 1032 57 24 foot
906 1032 77 24 thick

123 1076 130 24 succeeds
273 1075 63 29 this,
351 1083 74 24 upon
444 1075 90 25 which
554 1075 23 25 is
596 1076 145 32 deposited
760 1086 16 14 a
792 1077 78 24 thick
890 1077 54 25 bed
957 1077 30 25 of

123 1121 199 33 close-grained
345 1129 66 25 grey
436 1121 149 24 sandstone
610 1121 30 24 of
661 1126 77 28 great
765 1122 143 25 economic
934 1122 48 25 im-

123 1171 139 27 portance,
295 1165 81 33 being
410 1165 27 25 in
472 1166 83 24 much
591 1166 162 32 requisition
788 1167 40 25 for
859 1168 126 32 building

124 1220 141 23 purposes,
279 1210 100 29 which,
394 1210 66 26 with
480 1220 15 15 a
515 1210 52 26 soft
588 1211 52 25 bed
660 1211 29 25 of
707 1212 47 25 the
768 1221 76 16 same
858 1213 127 24 material

123 1265 34 16 on
182 1256 47 25 the
253 1259 57 29 top,
336 1254 23 26 is
384 1256 84 25 about
494 1255 53 26 five
572 1255 52 26 feet
649 1256 86 25 thick.
787 1258 23 24 It
837 1257 23 25 is
884 1259 102 33 locally

124 1301 104 25 termed
252 1301 48 24 the
619 1302 54 24 and
702 1302 23 24 is
755 1312 75 16 more
855 1308 129 28 compact

124 1347 53 23 and
205 1346 99 24 harder
329 1346 66 24 than
425 1346 47 24 the
501 1347 67 23 beds
598 1347 88 25 below
710 1347 29 25 it.
790 1348 69 26 This
883 1349 54 25 bed
962 1349 24 26 is

125 1391 126 33 quarried
277 1392 53 24 and
360 1400 75 16 sawn
464 1392 58 24 into
547 1392 96 25 blocks
667 1392 41 25 for
738 1393 107 32 quoins,
870 1398 63 26 etc.,
958 1395 30 24 of

125 1436 146 33 buildings,
283 1436 53 25 and
347 1436 23 25 is
384 1436 183 33 conspicuous
581 1436 40 26 for
635 1437 36 26 its
683 1438 143 25 thickness
836 1441 149 31 compared

125 1481 66 26 with
204 1481 47 25 the
264 1481 78 25 other
362 1481 66 25 beds
448 1482 82 32 along
548 1482 47 25 the
614 1482 60 26 face
693 1483 29 25 of
742 1484 46 24 the
808 1484 70 25 cliffs
895 1485 91 25 which

125 1526 69 26 form
207 1527 48 25 the
273 1530 76 29 great
363 1527 62 25 wall
445 1526 28 26 of
489 1527 48 25 the
552 1528 158 24 Undercliff
725 1530 123 25 between
862 1531 125 25 Ventnor

126 1572 54 24 and
200 1572 168 32 Blackgang.
408 1572 24 24 It
456 1572 22 24 is
497 1572 69 24 from
589 1574 84 24 about
697 1582 30 24 32
751 1574 53 26 feet
826 1579 28 21 to
875 1585 33 24 34
933 1576 53 25 feet

126 1618 87 23 below
231 1617 47 24 the
298 1617 97 24 Lower
416 1617 97 24 Chalk.

174 1662 72 24 Next
268 1662 28 24 in
318 1662 149 33 ascending
489 1662 79 25 order
592 1662 22 26 is
637 1673 34 15 an
693 1673 86 24 upper
802 1666 53 24 bed
877 1666 30 25 of
927 1668 61 33 Rag

127 1717 51 17 one
191 1707 55 26 foot
260 1706 85 31 thick,
356 1716 35 16 on
406 1707 88 26 which
509 1712 70 22 rests
593 1709 46 25 the
650 1711 133 24 so-called
