1117 1922
394 424 65 38 Æije
482 425 107 40 ©pper
612 426 187 33 (greensanti.

295 569 48 21 You
356 577 53 19 may
424 573 62 18 trace
501 572 51 24 him,

294 597 33 27 By
343 605 61 13 scars
420 600 72 19 which
506 601 35 19 his
556 601 95 25 activity
666 602 40 20 has
721 602 41 20 left

293 626 80 20 Beside
389 634 40 13 our
443 629 65 19 roads
524 629 44 19 and
583 629 116 26 pathways

294 655 35 19 He
344 656 55 23 who,
415 657 55 19 with
486 658 78 25 pocket
580 657 107 25 hammer,
704 659 78 20 smites
797 659 37 20 the
849 660 55 25 edge

293 683 29 19 Of
337 690 66 20 every
419 684 96 21 luckless
530 686 54 19 rock
598 691 25 14 or
639 688 62 18 stone
716 687 52 19 that
783 688 77 19 stands
868 696 5 11 :

293 711 124 26 Detaching
419 723 25 4 —
446 713 30 25 by
492 713 37 21 the
544 714 75 20 stroke
624 724 25 4 —

292 739 19 19 A
326 740 52 26 chip
393 747 26 13 or
434 742 92 25 splinter
541 744 23 18 to
580 742 83 20 resolve
679 743 34 19 his
729 744 79 19 doubts
821 751 4 13 :

294 767 54 24 And,
366 769 54 20 with
436 770 49 19 that
499 771 70 24 ready
584 777 85 13 answer
685 772 105 24 satisfied,

293 795 59 21 Doth
368 799 22 18 to
405 797 38 20 the
459 798 119 20 substance
593 799 50 24 give
658 806 60 13 some
733 800 120 20 barbarous
869 807 67 18 name,

293 824 61 20 Then
370 825 84 19 hurries
470 833 34 17 on,
520 833 26 12 or
561 827 58 19 from
635 828 37 19 the
687 828 125 25 fragments
827 829 62 25 picks

293 852 41 20 His

697 895 27 3 —
729 885 148 19 Wordsworth.

168 1026 108 48 VWj^^fe
308 1033 145 26 ESTING
475 1035 182 33 everywhere,
681 1044 31 16 as
737 1035 20 24 it
782 1035 74 28 does,
880 1045 72 23 upon
974 1036 47 25 the

176 1101 13 16 t
210 1074 73 43 l(\V^*>
341 1079 95 28 Gault,
459 1079 47 24 the
533 1080 96 32 Upper
654 1080 161 25 Greensand
840 1084 44 28 yet
910 1080 50 25 has
983 1079 37 26 its

340 1123 96 26 widest
453 1133 63 16 area
529 1133 34 16 on
578 1124 46 25 the
637 1125 81 24 south
733 1124 57 26 side
807 1125 30 24 of
852 1125 46 25 the
917 1126 100 24 Island.

188 1163 96 43 'jt-»j*^_*
342 1168 113 33 Having
474 1169 131 33 carefully
618 1170 144 24 measured
781 1169 47 25 the
849 1173 86 22 strata
954 1179 29 16 as
1003 1179 14 16 a

337 1214 98 28 whole,
451 1214 11 24 I
483 1214 80 29 have,
578 1214 41 25 for
635 1214 193 29 convenience,
843 1214 110 25 divided
972 1216 46 24 the

159 1258 83 25 series
263 1259 58 25 into
343 1259 60 25 four
422 1259 142 30 divisions,
580 1260 54 24 and
653 1260 71 23 have
740 1259 81 33 given
837 1268 15 15 a
868 1260 44 24 list
926 1260 29 24 of
972 1261 45 24 the

157 1303 92 26 fossils
268 1305 84 24 found
371 1304 28 24 in
419 1305 68 24 each
507 1304 127 25 division.

486 1411 69 23 First
574 1410 120 24 Division.

200 1478 80 25 With
292 1483 107 28 respect
414 1483 28 20 to
456 1479 47 24 the
517 1479 82 24 lower
612 1478 60 33 fifty
682 1478 52 24 feet
748 1477 29 25 of
787 1486 65 25 grey
861 1478 153 25 micaceous

156 1524 70 24 sand
245 1524 54 24 and
314 1524 69 33 clay,
398 1524 99 32 locally
511 1523 105 24 termed
663 1524 96 23 rubble
913 1523 67 24 after
1000 1533 14 15 a

155 1569 103 25 careful
278 1568 188 26 examination
486 1568 29 25 of
533 1568 19 25 it
573 1573 26 20 at
619 1568 124 24 different
763 1568 109 32 heights
887 1568 68 25 from
969 1568 45 25 the

156 1615 87 25 Gault
257 1623 108 24 proper,
382 1615 10 24 I
413 1613 83 26 found
514 1623 34 15 no
569 1613 89 25 fossils
672 1612 89 26 which
779 1613 80 25 could
873 1614 33 24 be
919 1613 95 26 identi-

155 1661 61 25 fied.
255 1661 43 24 All
313 1661 61 24 that
394 1660 81 24 could
495 1660 33 24 be
546 1659 126 25 detected
686 1667 70 17 were
775 1667 74 16 some
866 1658 148 33 fragments

154 1706 29 26 of
201 1706 84 25 shells
311 1705 138 26 scattered
472 1704 119 32 through
613 1703 47 25 the
682 1711 86 25 upper
787 1703 117 33 portion,
924 1704 89 26 which
