1117 1922
88 198 33 26 74

339 199 57 16 THE
417 199 89 16 UPPER
526 198 178 17 GREENSAND.

90 280 70 17 were
181 271 27 25 in
231 271 68 25 such
322 279 15 16 a
359 270 96 25 friable
477 274 73 21 state
571 278 31 16 as
624 273 29 21 to
675 270 33 24 be
729 268 76 33 quite
824 271 125 22 untrans-

89 316 133 31 portable.

137 361 11 25 I
171 360 134 26 therefore
325 361 63 25 take
408 370 30 16 as
458 370 15 15 a
493 359 74 26 basis
587 369 15 16 a
620 359 55 26 bed
693 359 31 25 of
739 359 74 25 what
832 365 119 26 appears

90 409 28 22 to
140 406 34 25 be
194 406 95 29 Gault,
311 405 83 33 being
416 405 82 25 much
520 405 99 25 darker
643 404 55 26 and
721 413 76 16 more
822 406 129 30 compact

90 452 66 25 than
178 452 45 24 the
245 459 66 25 grey
332 451 157 24 micaceous
511 451 62 32 clay
593 450 55 25 and
669 450 68 25 sand
759 458 35 16 on
816 448 92 26 which
930 447 21 26 it

90 500 79 25 rests,
184 496 151 32 indicating
357 504 35 16 an
411 496 100 23 almost
532 495 106 24 sudden
658 495 106 32 change
784 494 69 25 from
873 493 79 26 these

90 545 28 22 to
133 542 94 26 Gault.
266 542 23 24 It
304 541 126 25 contains
446 541 27 24 in
487 549 75 16 some
581 541 94 32 places
688 548 106 17 masses
808 539 30 25 of
853 548 15 15 a
883 539 68 25 dark

91 586 79 33 shaly
189 587 156 28 substance,
360 585 54 26 and
433 585 23 25 is
475 585 48 25 full
545 585 30 25 of
592 585 47 25 the
660 585 120 25 remains
799 585 30 24 of
848 585 104 33 Serpula

90 632 133 32 antiquata.
272 632 36 24 At
333 631 36 25 its
391 632 66 25 base
478 630 23 25 is
526 639 17 16 a
565 630 59 26 thin
647 630 73 26 band
742 630 30 25 of
794 630 69 25 hard
889 630 64 25 blue

91 677 76 24 chert
182 676 158 33 containing
354 677 46 24 the
414 677 118 24 crushed
545 677 84 24 shells
642 675 55 26 ofa
711 676 75 31 large
793 676 159 27 Inoceramus,

91 730 35 16 on
140 722 46 24 the
200 725 47 29 top
261 721 28 24 of
300 721 90 25 which
405 721 23 24 is
443 721 115 24 another
568 721 53 24 bed
631 720 30 25 of
671 721 48 24 the
730 729 76 16 same
816 719 136 29 material,

92 767 59 24 also
170 765 159 33 containing
348 766 132 24 Inocerami
501 766 27 24 in
546 775 15 15 a
581 774 75 16 more
676 765 104 33 perfect
801 764 151 29 condition,

92 811 66 26 with
171 812 127 33 Panopæa.
335 811 59 25 The
407 812 69 24 total
493 811 143 25 thickness
653 811 29 24 of
697 811 79 24 these
789 811 83 24 lower
885 810 68 25 beds

92 856 23 26 is
140 857 83 25 about
246 856 77 26 three
344 855 63 27 feet.
452 857 79 33 They
552 856 112 26 contain
686 857 48 25 the
755 856 60 25 first
840 864 113 25 organic

92 902 119 25 remains
228 902 90 25 which
337 911 51 16 can
408 902 34 25 be
461 901 162 33 recognised
642 902 28 25 in
688 902 48 25 the
755 901 93 26 series.

139 948 59 24 The
219 951 64 21 next
306 947 87 33 thirty
414 947 52 25 feet
487 948 89 24 above
598 947 118 25 consists
736 946 29 26 of
784 946 53 26 soft
857 947 97 33 yellow

94 993 155 25 micaceous
268 993 92 29 sands,
375 992 111 25 divided
505 994 36 32 by
554 994 89 32 layers
661 993 30 24 of
706 993 76 32 large
795 993 116 24 nodules
924 1001 30 16 or

93 1038 173 25 concretions
278 1038 30 25 of
319 1038 69 33 Rag,
399 1038 84 25 about
498 1038 52 25 five
564 1046 29 16 or
607 1038 42 25 six
659 1038 27 24 in
700 1038 125 25 number.
863 1038 92 24 These

93 1083 123 29 nodules,
231 1082 27 25 in
272 1082 86 33 shape
374 1082 54 26 like
448 1092 15 15 a
481 1083 177 32 compressed
675 1092 77 20 cone,
767 1092 46 16 are
826 1082 128 30 circular,

94 1128 53 25 and
162 1136 124 16 measure
299 1127 68 25 from
386 1136 15 16 a
420 1127 51 26 few
483 1127 96 25 inches
598 1132 28 21 to
643 1128 79 25 three
739 1137 30 16 or
786 1128 60 25 four
860 1127 53 26 feet
927 1127 28 26 in

93 1173 141 25 diameter.
272 1173 104 33 Nearly
389 1173 36 24 all
443 1172 30 25 of
491 1173 85 29 them,
597 1173 149 33 especially
763 1174 80 24 those
862 1173 29 25 of
907 1174 48 24 the

92 1219 82 24 lower
196 1226 91 21 zones,
311 1217 120 30 contain,
454 1218 66 25 with
545 1218 47 25 the
616 1219 91 33 layers
729 1218 30 25 of
779 1220 70 32 Rag,
873 1228 82 25 many

93 1263 99 29 fossils,
206 1264 68 24 such
289 1272 29 15 as
332 1264 74 32 large
419 1264 148 24 Ammonites
581 1265 50 32 (A.
644 1267 124 26 rostratus,
781 1265 35 24 A.
828 1265 126 33 inflatus);

93 1309 54 24 and
160 1316 101 25 groups
275 1308 29 24 of
314 1308 91 24 fossils
418 1308 75 25 often
505 1317 83 16 occur
602 1309 28 24 in
643 1309 85 25 them.
766 1309 83 26 Some
862 1309 30 26 of
907 1310 48 26 the

93 1353 81 25 lower
194 1353 172 25 concretions
388 1353 72 25 have
479 1363 15 15 a
514 1354 105 25 central
638 1354 147 30 elevation,
805 1355 55 25 and
879 1364 76 16 some

93 1398 71 26 have
186 1407 16 16 a
224 1398 167 32 phosphatic
411 1398 134 26 tube-like
570 1403 138 21 structure
733 1399 27 25 in
782 1400 48 25 the
852 1405 103 25 centre,

93 1442 74 26 often
189 1442 59 26 four
270 1452 30 16 or
322 1443 52 25 five
395 1443 77 26 sided
485 1452 4 21 ;
516 1444 65 33 they
603 1452 47 17 are
672 1444 76 32 quite
774 1453 129 17 common
928 1446 27 24 in

93 1489 47 24 the
158 1489 81 24 lower
259 1489 68 24 beds
340 1488 29 25 of
384 1489 48 24 the
451 1490 81 24 black
552 1490 79 32 shaly
648 1498 105 16 masses
771 1491 168 26 mentioned.

140 1534 60 24 The
212 1534 90 33 layers
321 1534 29 25 of
367 1535 61 32 Rag
447 1535 55 24 and
521 1535 115 25 nodules
655 1544 46 17 are
719 1536 35 25 all
770 1537 100 25 coated
889 1536 68 27 with

95 1579 47 25 the
164 1579 52 24 soft
239 1579 156 25 micaceous
421 1580 88 32 sandy
530 1580 101 25 matrix
656 1580 28 25 in
708 1580 91 26 which
824 1582 66 33 they
911 1590 46 17 are

94 1623 155 30 imbedded,
275 1624 91 25 which
390 1625 136 25 weathers
556 1626 40 25 off
625 1634 35 17 on
691 1634 136 24 exposure
856 1632 29 20 to
910 1628 47 25 the

95 1670 141 28 elements,
261 1669 75 25 often
366 1669 154 33 exhibiting
546 1670 90 25 fossils
665 1670 27 25 in
718 1671 79 25 relief
826 1680 35 16 on
886 1673 71 25 their

95 1714 131 30 surfaces,
251 1715 149 34 especially
425 1715 27 25 in
479 1716 47 24 the
551 1716 69 25 cliffs
648 1717 68 25 East
741 1717 30 25 of
795 1718 162 33 Blackgang
