1117 1922
173 204 20 2 156

443 182 138 16 tertiary
601 182 107 16 series.

142 254 79 25 order
236 254 28 25 of
275 254 101 33 things.
416 254 115 25 Neither
551 254 66 25 does
636 254 20 25 it
677 262 73 17 seem
770 254 61 24 that
851 254 48 24 the
918 257 86 22 strata

141 299 161 32 composing
315 300 47 24 the
385 299 175 32 Hempstead
585 298 84 26 series
694 307 46 16 are
765 298 165 33 sufficiently
952 298 52 26 dis-

142 344 157 33 tinguished
319 346 35 32 by
369 354 52 24 any
435 344 116 32 striking
569 343 188 33 peculiarities
777 344 68 25 from
866 344 46 25 the
926 344 78 25 other

142 391 217 24 Fluvio-marine
380 390 123 32 deposits
524 394 28 20 to
573 390 33 24 be
628 390 80 24 made
722 398 15 16 a
755 393 128 28 separate
904 389 98 25 forma-

141 435 66 25 tion.
247 436 31 23 In
297 435 55 24 fact
372 436 46 23 the
439 435 132 24 evidence
590 434 80 24 tends
689 435 94 23 rather
802 438 29 21 to
850 435 76 24 show
942 435 61 25 that

141 481 46 24 the
201 480 86 25 entire
302 480 217 24 Fluvio-marine
539 479 83 25 series
642 479 119 25 consists
777 480 29 24 of
823 480 180 25 alternations

141 526 29 25 of
175 526 168 27 freshwater,
351 530 120 28 estuary,
479 525 54 24 and
542 525 105 24 marine
656 525 132 32 deposits,
799 525 204 26 characterised

141 572 36 32 by
198 571 48 25 the
267 579 131 23 presence
418 569 30 25 of
466 569 105 25 certain
592 570 91 28 shells,
706 579 75 16 some
800 569 30 26 of
847 570 90 26 which
958 580 45 16 are

141 624 128 17 common
291 619 28 22 to
341 616 105 25 several
467 615 29 25 of
518 615 47 25 the
587 614 162 26 formations
761 624 5 20 ;
794 615 53 25 and
870 616 61 25 that
956 616 47 25 the

141 662 88 25 whole
242 660 142 25 thickness
396 660 30 25 of
437 660 77 25 these
529 660 228 29 accumulations,
772 661 149 32 extending
933 661 69 24 from

140 708 47 25 the
209 708 66 24 base
296 706 29 25 of
341 707 48 24 the
413 706 117 24 Headon
552 706 75 24 Beds
649 710 28 20 to
698 707 46 23 the
764 706 109 33 highest
893 707 67 25 beds
976 707 28 25 of

141 752 183 33 Hempstead,
336 760 70 17 were
418 751 144 33 deposited
573 751 27 24 in
612 751 209 33 uninterrupted
835 752 166 29 succession,

142 799 116 23 without
272 798 47 24 the
334 797 184 25 intervention
531 797 30 25 of
578 806 14 16 a
606 797 84 25 break
706 797 69 25 from
789 798 60 24 first
862 801 29 21 to

175 867 59 25 The
244 866 137 30 following
393 874 46 16 are
452 866 44 24 the

512 865 103 27 fossils!

633 865 28 25 of
673 867 174 30 Hempstead
859 866 90 26 Series
960 876 5 16 :
969 883 31 3 —

142 936 90 29 Chara,
247 937 15 23 3
275 935 98 32 species

142 970 117 25 Caudoni
272 968 114 26 Forbesii

140 1005 93 24 Ostrea
246 1004 117 24 callifera

141 1038 124 23 Cardium

594 934 154 29 Cerithium,
762 934 15 25 8
791 944 37 22 sp.

593 969 123 29 Limnæa,
730 969 14 23 2
758 978 29 15 or
799 970 16 24 3
829 977 36 24 sp.

593 1003 120 29 Melania,
728 1004 15 23 5
757 1011 37 24 sp.

592 1037 167 31 Melanopsis,
773 1038 15 23 2
801 1046 37 24 sp.

592 1071 94 23 Murex
700 1071 116 24 Forbesii

591 1105 95 24 Natica
700 1105 122 24 labellata

591 1139 145 24 Nematura
749 1141 109 30 parvula

592 1173 131 26 Neretina,
739 1175 14 22 2
766 1182 38 23 sp.

592 1207 130 24 Paludina
733 1209 72 22 lenta

592 1242 144 29 Planorbis,
751 1243 15 22 2
780 1251 36 24 sp.

591 1276 93 23 Rissoa
703 1276 125 24 Chastelii

590 1309 99 24 Voluta
704 1310 114 23 Forbesii

141 1072 121 29 Corbula,
277 1072 14 23 2
306 1080 38 24 sp.

141 1107 108 31 Cyrena,
264 1106 15 24 2
291 1115 37 23 sp.

140 1141 129 31 Cytherea
282 1139 94 33 Lyellii

139 1175 114 23 Modiola
267 1173 165 25 Prestwichii

138 1209 63 32 Mya
216 1209 154 31 (Panopæa)
386 1208 83 23 minor

139 1237 103 28 Nucula

139 1277 99 21 Tellina

139 1311 76 29 Unio,
231 1311 15 23 2
259 1310 96 31 species

183 1394 60 23 The
275 1394 100 23 middle

412 1394 172 23 Freshwater

618 1394 54 24 and
706 1395 121 31 Estuary
860 1395 86 24 Marls
971 1395 28 25 of

138 1439 175 33 Hempstead
326 1447 46 16 are
381 1447 30 16 so
424 1438 102 25 hidden
540 1439 36 32 by
586 1439 134 32 landslips
738 1440 54 24 and
803 1441 65 24 mud
882 1445 115 21 streams

137 1485 61 25 that
212 1493 113 22 persons
345 1483 120 32 desiring
485 1488 29 20 to
537 1485 97 23 collect
658 1484 91 25 fossils
772 1485 99 25 should
891 1486 106 25 confine

537 1485 97 23 collect
658 1484 91 25 fossils
772 1485 99 24 should
891 1486 105 23 confine

137 1530 71 25 their
234 1529 96 25 search
356 1533 29 20 to
410 1529 47 24 the
479 1529 51 33 dry
551 1530 121 24 weather
699 1530 119 32 periods,
842 1531 154 29 otherwise,

137 1574 88 33 owing
239 1579 28 20 to
286 1574 48 24 the
353 1574 53 24 soft
425 1573 143 25 tenacious
588 1574 145 25 character
749 1574 28 25 of
794 1575 47 25 the
855 1575 59 30 soil,
929 1576 67 25 such

137 1629 14 15 a
165 1619 62 25 task
241 1619 128 25 becomes
383 1618 99 25 almost
497 1618 170 31 impossible.

178 1680 9 10 *
196 1681 57 16 Mem.
263 1680 51 17 Geol.
324 1680 60 20 Surv.,
393 1680 86 21 Bristow,
488 1681 37 16 Isle
534 1681 21 16 of
562 1681 73 21 Wight,
645 1683 48 18 1862,
701 1687 19 15 p.
729 1684 27 15 91.

179 1716 9 13 +
197 1712 57 17 Mem.
264 1712 51 17 Geol.
325 1712 77 21 Survey,
413 1712 87 20 Bristow,
509 1712 37 17 Isle
555 1712 20 17 of
584 1712 73 21 Wight,
667 1715 49 18 1862,
724 1718 19 15 p.
752 1716 26 16 96.
