1117 1922
406 195 91 15 CHALK
516 194 166 16 FORMATION.

115 194 46 24 104

115 266 31 23 In
171 266 55 24 this
250 266 135 25 direction
417 267 57 23 also
504 274 119 24 appears
651 274 33 16 an
712 263 110 26 ancient
848 270 127 18 mansion

115 310 173 34 (Knighton),
323 311 179 25 embellished
535 311 67 25 with
640 311 103 27 woods,
777 316 108 26 groves,
921 307 54 25 and

113 355 126 33 gardens.
287 355 237 26 South-eastward
538 355 23 25 is
580 364 16 15 a
609 355 87 25 broad
710 362 122 25 expanse
845 352 29 25 of
888 361 87 16 ocean

113 400 128 26 bounded
263 400 64 33 only
348 400 37 33 by
404 400 48 25 the
474 399 122 26 horizon.
635 399 79 25 More
735 402 29 21 to
785 398 49 25 the
856 400 69 26 east,
947 395 28 26 in

113 444 190 26 continuation
329 444 29 26 of
386 445 48 25 the
458 444 83 25 chain
566 444 30 25 of
624 443 64 26 hills
712 452 37 16 on
773 442 92 26 which
892 443 11 23 I
930 450 45 16 am

113 489 96 33 sitting
228 490 124 33 (Ashey),
366 489 54 26 rise
441 493 55 22 two
517 490 104 25 Downs
642 488 137 33 ((Brading
799 488 53 24 and
872 488 102 24 Yaver-

112 536 64 24 land
198 535 84 33 hills),
305 544 52 16 one
379 535 108 33 beyond
509 535 48 24 the
579 535 78 24 other
668 543 5 21 ;
699 533 68 26 both
790 542 47 16 are
856 532 119 26 covered

112 580 66 25 with
193 581 92 32 sheep,
300 581 54 24 and
368 581 46 24 the
429 589 45 16 sea
494 579 23 25 is
533 581 58 31 just
605 579 99 25 visible
717 587 66 17 over
795 578 49 26 the
856 577 119 26 furthest

111 626 58 29 hill,
184 635 30 16 as
228 635 15 16 a
257 626 179 33 terminating
448 626 153 33 boundary.
640 626 31 23 In
685 624 56 25 this
758 624 78 33 point
850 632 47 16 are
911 632 64 16 seen

111 670 87 33 ships,
218 679 75 16 some
312 670 30 25 of
357 670 90 25 which
467 679 46 16 are
538 670 108 33 sailing,
667 670 54 24 and
739 670 95 24 others
852 669 75 33 lying
947 672 27 22 at

112 716 112 25 anchor.
262 715 44 26 On
328 715 47 26 the
396 715 91 30 north,
507 715 47 26 the
576 724 47 17 sea
645 723 119 24 appears
785 714 54 25 like
859 723 15 16 a
894 715 81 24 noble

112 760 71 26 river
198 760 57 34 (the
275 761 116 34 Solent),
405 760 115 34 varying
532 760 70 26 from
621 761 78 25 three
712 764 29 21 to
758 769 85 16 seven
856 759 78 26 miles
948 759 27 26 in

112 806 126 30 breadth,
253 807 123 24 between
395 806 47 25 the
461 806 89 25 banks
572 806 30 24 of
617 806 48 24 the
683 805 128 33 opposite
828 809 78 21 coast
922 806 53 24 and

111 851 80 25 those
204 851 30 25 of
249 852 47 24 the
317 852 102 24 Island.
458 851 193 33 Immediately
663 851 174 25 underneath
856 859 44 16 me
918 850 24 25 is
960 859 15 16 a

111 896 54 25 fine
198 896 99 34 woody
325 896 120 29 district,
480 896 158 26 diversified
672 896 36 34 by
737 904 84 26 many
850 896 125 33 pleasing

111 942 116 32 objects.
265 941 114 26 Distant
397 946 90 21 towns
506 941 192 34 (Portsmouth
712 941 54 26 and
780 942 135 32 Gosport)
929 950 46 16 are

111 986 99 26 visible
231 996 35 16 on
288 987 48 25 the
358 986 128 33 opposite
508 990 87 26 coast,
617 986 54 25 and
693 987 132 25 numbers
846 985 31 26 of
899 985 76 34 ships

111 1040 108 25 occupy
249 1032 48 25 the
331 1031 137 26 sheltered
500 1031 102 26 station
635 1030 91 27 which
756 1030 57 26 this
843 1031 131 26 northern

111 1077 118 25 channel
242 1078 101 24 affords
357 1078 84 24 them.
480 1077 168 29 Westward,
662 1078 48 24 the
725 1077 64 25 hills
801 1077 93 25 follow
906 1078 69 24 each

111 1122 87 29 other,
213 1122 117 33 forming
343 1123 106 24 several
469 1122 193 25 intermediate
675 1123 55 24 and
746 1122 103 33 partial
861 1123 114 33 valleys,

111 1167 27 25 in
157 1167 179 26 undulations
348 1167 55 26 like
423 1168 48 25 the
484 1177 92 16 waves
595 1167 29 26 of
643 1168 48 25 the
711 1177 56 21 sea,
781 1168 55 25 and
855 1168 120 33 bending

110 1216 29 22 to
152 1212 48 26 the
213 1213 90 29 south,
318 1214 137 31 complete
468 1213 47 25 the
529 1213 144 34 boundary
686 1213 30 26 of
726 1213 47 26 the
786 1214 90 32 larger
886 1214 89 33 valley

112 1258 12 25 I
138 1258 72 25 have
223 1258 153 29 described,
391 1262 28 21 to
439 1258 47 25 the
500 1258 160 25 southward
673 1258 30 25 of
712 1259 49 24 the
773 1258 50 25 hill
835 1267 36 16 on
884 1259 91 25 which

112 1304 11 24 I
138 1303 45 25 sit.
221 1304 60 25 One
300 1303 49 25 hill
369 1304 79 24 alone
469 1304 55 32 (St.
539 1303 199 34 Catherine's),
751 1305 49 24 the
817 1304 112 34 highest
948 1304 27 25 in

110 1349 147 29 elevation,
272 1350 55 24 and
346 1350 85 25 about
450 1353 47 21 ten
517 1350 79 25 miles
614 1353 30 22 to
662 1350 48 25 the
723 1350 83 26 south
820 1351 155 29 westward,

110 1394 22 26 is
146 1395 152 33 enveloped
319 1394 27 26 in
366 1404 15 16 a
401 1395 90 30 cloud,
506 1395 91 26 which
614 1396 58 32 just
691 1396 116 33 permits
822 1405 15 16 a
850 1396 56 25 dim
922 1396 53 25 and

109 1440 73 34 hazy
205 1439 73 34 sight
303 1440 30 25 of
362 1449 15 17 a
403 1440 88 33 signal
516 1444 73 30 post,
615 1449 16 17 a
655 1440 179 34 light-house,
861 1442 55 24 and
941 1450 34 16 an

110 1486 109 25 ancient
239 1486 126 32 chantry,
380 1495 35 16 on
435 1486 35 26 its

157 1532 31 25 In
211 1532 82 25 Alum
317 1533 69 33 Bay,
407 1542 30 16 as
455 1533 62 26 well
540 1542 30 16 as
590 1533 171 33 throughout
780 1534 48 25 the
846 1543 85 24 range
950 1534 27 25 of

121 1578 35 25 he
170 1578 73 26 main
257 1587 84 21 mass,
355 1579 48 25 the
415 1578 48 33 dip
477 1578 30 26 of
516 1579 48 25 the
578 1583 88 21 strata
679 1579 145 35 gradually
837 1579 139 26 increases

109 1623 28 25 in
156 1627 122 26 amount,
298 1624 168 32 proceeding
493 1624 70 26 from
589 1625 83 25 south
694 1629 29 21 to
742 1626 92 29 north,
853 1634 30 17 or
905 1626 69 25 from

271 1728 74 18 Annals
353 1729 21 17 of
384 1729 33 18 the
508 1729 25 21 by
541 1729 33 18 the
582 1729 39 18 late
629 1729 46 18 Bev.
685 1729 54 21 Legh
746 1729 113 18 Bichmond.
