1117 1922
468 203 167 17 ADDENDUM.

123 203 48 17 222

122 275 118 25 remains
250 275 103 33 having
363 275 69 25 been
443 275 82 25 found
536 275 28 25 in
575 277 94 22 recent
683 280 80 26 years
777 274 27 22 at
816 269 169 27 Maidstone,

122 319 27 24 in
164 320 81 24 Kent.
283 320 60 24 The
364 320 185 25 Dinosaurian
572 319 122 33 reptiles,
716 316 30 25 of
764 314 93 27 which
879 314 11 25 I
915 313 71 25 shall

121 372 62 17 now
196 364 93 32 speak,
299 364 124 25 attained
437 364 27 25 in
477 364 55 26 this
546 363 95 33 period
652 372 16 15 a
681 362 55 25 size
747 361 55 25 and
812 360 174 32 importance

122 413 46 20 not
183 409 117 24 reached
315 408 101 29 before,
428 410 53 24 and
492 409 91 25 which
596 416 117 24 appears
724 411 29 21 to
764 407 72 24 have
847 404 139 25 dwindled

122 462 79 23 away
222 454 99 24 almost
343 453 189 33 immediately
553 453 78 25 after.
670 453 155 26 Foremost,
848 450 54 24 and
925 450 61 23 best

121 498 100 25 known
234 497 30 25 of
282 498 78 25 these
378 502 76 27 great
475 499 102 27 beasts,
592 497 23 25 is
633 497 48 25 the
702 495 171 34 Iguanodon,
894 494 92 25 which

121 543 135 32 probably
278 542 124 25 attained
425 551 15 16 a
465 542 94 32 length
582 541 30 26 of
634 541 73 33 sixty
729 541 62 28 feet,
816 540 54 25 and
893 540 93 23 whose

121 586 119 25 remains
260 587 72 24 have
354 587 69 24 been
445 586 85 25 found
552 586 28 25 in
602 590 77 28 great
701 586 165 25 abundance
889 584 28 25 in
940 584 46 25 the

120 631 88 25 whole
231 631 135 25 Wealden
389 639 72 17 area.
507 630 214 33 Unfortunately
744 629 28 25 in
797 630 48 25 the
868 628 118 33 English

122 675 122 33 deposits
258 684 40 16 we
321 676 71 24 have
410 676 65 32 only
493 675 85 25 found
599 675 96 32 single,
709 683 30 17 or
760 678 28 22 at
808 678 72 22 most
901 683 15 16 a
935 674 51 26 few

121 722 85 24 bones
220 721 27 24 in
260 729 52 16 one
327 724 60 29 spot
399 729 5 20 ;
420 722 48 23 but
491 724 26 20 at
533 720 167 29 Bernissart,
712 719 27 25 in
754 720 137 32 Belgium,
903 728 83 25 many

121 766 137 33 complete
278 766 139 24 skeletons
439 774 70 17 were
535 765 162 25 discovered
718 774 16 15 a
754 765 52 25 few
824 773 80 26 years
923 773 61 25 ago,

121 812 54 25 and
189 821 45 16 are
248 821 62 16 now
322 816 29 20 to
365 812 33 25 be
413 820 63 16 seen
496 810 26 26 in
539 811 48 25 the
602 811 128 25 Brussels
744 820 136 20 museum,
894 811 91 25 where

120 858 65 33 they
198 858 71 24 have
282 858 70 24 been
365 857 123 25 restored
502 857 55 25 and
570 856 69 26 built
651 865 37 24 up
699 856 81 33 again
794 857 36 33 by
842 857 38 25 M.
892 857 92 25 Dollo.

120 904 60 23 The
194 903 119 24 remains
332 902 29 25 of
378 903 48 24 the
441 903 209 32 Hylæosaurus,
671 903 210 32 Megalosaurus
897 903 87 31 (great

119 948 107 33 lizard),
252 948 54 25 and
333 948 48 25 the
404 948 243 33 Hypsilophodon,
674 948 76 25 show
775 957 32 16 us
829 948 61 25 that
913 948 71 25 their

119 1003 158 23 possessors
301 998 74 21 must
404 993 72 26 have
506 994 69 24 been
601 994 99 24 almost
727 1003 30 15 as
782 994 84 32 large,
892 993 22 25 if
936 998 48 20 not

119 1040 89 31 larger
222 1039 67 25 than
308 1039 47 25 the
371 1039 171 32 Iguanodon.
581 1039 116 25 Mantell
716 1038 93 33 points
826 1042 48 22 out
894 1038 28 26 in
940 1038 44 26 his

150 1084 195 25 Petrifactions
393 1085 68 32 (also
475 1084 27 24 in
546 1084 140 24 Wonders
699 1084 30 24 of
740 1085 125 32 Geology
921 1085 63 25 how

117 1130 49 25 the
190 1130 120 24 remains
332 1130 29 24 of
382 1130 78 24 these
481 1134 78 28 great
582 1134 141 20 creatures
745 1134 46 28 got
817 1130 86 24 rolled
929 1130 55 24 and

118 1175 113 29 broken,
258 1175 53 25 and
337 1184 65 24 goes
427 1184 35 16 on
487 1180 29 20 to
542 1175 110 33 explain
678 1175 61 25 that
764 1175 73 25 their
862 1175 122 33 position

118 1229 99 23 proves
238 1220 60 25 that
319 1220 66 33 they
398 1229 71 16 were
487 1219 104 26 floated
610 1220 81 26 down
709 1220 48 25 the
777 1219 81 31 river,
873 1221 111 33 buoyed

117 1273 38 24 up
177 1265 36 33 by
226 1265 47 25 the
294 1274 50 23 gas
365 1265 149 32 generated
534 1266 36 32 by
589 1265 72 25 their
681 1265 231 33 decomposition,
928 1266 55 25 and

117 1310 157 25 associated
293 1310 67 25 with
382 1311 97 24 trunks
500 1311 54 24 and
575 1312 93 24 leaves
686 1311 31 25 of
734 1315 81 25 trees,
830 1312 54 24 and
903 1312 80 25 other

117 1355 128 24 remains.
283 1356 78 33 They
375 1356 90 24 would
485 1357 136 33 probably
635 1357 57 24 lose
706 1357 47 24 the
774 1357 83 25 limbs
881 1366 52 16 one
946 1357 37 33 by

117 1409 60 20 one,
192 1401 54 24 and
268 1401 95 33 finally
384 1401 48 25 the
454 1410 113 16 carcase
589 1402 91 25 would
700 1402 35 26 be
753 1401 125 27 arrested
897 1402 28 26 in
944 1403 38 26 its

117 1454 96 16 course
235 1445 54 25 and
311 1446 34 25 be
371 1445 97 26 buried
488 1446 27 25 in
536 1447 48 25 the
607 1447 208 33 accumulating
835 1448 146 25 sediment.

118 1489 45 25 He
185 1490 58 24 also
265 1489 92 34 points
379 1495 47 21 out
450 1491 60 25 that
531 1492 27 24 in
581 1493 46 24 the
647 1501 64 16 case
730 1493 30 24 of
779 1494 47 24 the
846 1494 60 25 first
928 1494 53 25 dis-

117 1535 118 24 covered
255 1535 140 32 specimen
416 1536 30 25 of
465 1537 48 24 the
536 1538 201 32 Hylæosaurus
758 1539 94 33 (forest
873 1539 108 34 lizard),

117 1578 79 25 while
210 1588 83 24 many
305 1579 30 26 of
350 1580 48 25 the
411 1581 86 24 bones
510 1590 71 16 were
602 1583 120 25 crushed
737 1584 55 25 and
807 1585 113 29 broken,
935 1590 45 28 yet

117 1623 47 25 the
177 1623 91 32 pieces
282 1625 140 25 remained
442 1627 74 24 close
535 1627 135 33 together,
686 1629 55 25 and
759 1629 117 26 relative
891 1634 29 22 to
934 1631 48 25 the

117 1667 119 32 position
249 1669 66 33 they
325 1670 134 32 occupied
470 1671 100 33 during
580 1672 53 25 life.
672 1673 60 25 The
742 1675 110 31 glenoid
863 1676 119 26 cavities

117 1721 70 17 were
206 1713 74 26 filled
300 1714 67 25 with
388 1719 88 26 stone,
489 1716 119 34 proving
627 1718 62 25 that
711 1719 47 25 the
779 1720 116 33 forelegs
909 1731 73 18 were
