1117 1922
213 200 29 22 52

449 200 57 15 the
533 199 97 16 lower
655 198 179 17 greensand.

212 271 47 25 the
282 271 91 29 Point,
388 276 27 21 at
437 271 143 29 Shanklin,
601 270 175 26 concretions
797 269 30 25 of
849 268 142 25 ironstone
1013 275 64 25 may

213 317 33 25 be
265 317 143 29 observed,
423 316 48 30 full
489 316 30 25 of
535 315 91 26 fossils
646 315 28 26 in
697 325 16 15 a
730 318 73 22 state
816 314 30 25 of
862 317 70 22 cast.
971 313 11 24 I
997 312 80 25 think

213 361 20 26 it
246 370 67 26 very
325 363 134 32 probable
472 362 61 25 that
546 362 48 25 the
608 365 96 26 strata,
716 360 68 27 with
798 360 35 26 its
848 359 77 26 fossil
938 362 138 26 contents,

213 408 123 25 between
351 408 66 25 Cliff
434 408 62 24 End
514 408 55 24 and
583 408 121 31 Walpen
719 405 97 30 Chine,
831 414 47 16 are
897 404 48 26 the
964 403 112 33 equiva-

213 453 71 24 lents
306 452 28 25 of
353 453 81 24 those
453 456 68 21 west
543 452 29 24 of
594 452 48 24 the
665 451 89 25 Chine
773 454 28 21 at
822 449 146 30 Shanklin,
982 450 50 25 but
1047 458 30 17 as

213 498 46 25 the
285 498 67 25 beds
374 502 59 21 east
455 498 54 25 and
530 502 67 21 west
618 497 30 25 of
671 496 136 26 Shanklin
830 495 83 26 Point
932 495 73 26 have
1029 499 48 22 not

213 543 69 25 been
307 542 184 33 investigated
512 542 68 26 with
602 542 47 25 the
671 541 71 26 view
760 541 30 25 of
813 541 163 33 comparing
1000 541 76 25 them

214 588 54 25 and
288 587 71 26 their
384 587 77 26 fossil
485 591 129 22 contents
635 586 68 26 with
724 586 80 26 those
826 585 30 26 of
879 586 163 30 Atherfield,
1063 587 11 25 I

213 637 73 20 must
309 634 78 24 leave
408 633 48 25 the
478 636 100 21 matter
601 641 35 16 an
659 641 71 23 open
754 631 127 33 question
904 636 28 21 at
955 636 120 29 present.

214 679 76 24 Most
303 679 30 24 of
343 679 47 24 the
402 679 91 24 fossils
504 678 84 25 found
602 678 27 24 in
643 679 47 23 the
704 677 176 25 concretions
893 686 47 17 are
958 683 48 20 not
1020 678 27 25 in
1061 687 15 16 a

213 723 72 34 good
299 728 72 20 state
384 723 29 25 of
424 723 192 33 preservation
628 732 5 20 ;
655 723 65 28 still,
735 723 67 33 they
815 731 52 16 can
881 723 34 25 be
929 723 145 26 identified

215 769 135 31 Amongst
369 769 48 25 the
439 772 72 21 most
533 768 158 32 prominent
711 776 48 16 are
781 768 47 25 the
850 768 139 32 following
1001 779 5 15 :
1011 784 29 3 —
1040 784 2 4 ■

441 820 93 24 Ostrea
546 821 105 23 sinuata

441 855 157 22 Rostellaria

441 889 126 33 Trigonia
577 889 127 25 dædalea'i

494 943 14 10 ,,
550 924 143 24 alæformis
768 923 33 25 In

441 958 87 24 Perna
703 959 146 24 vironstone

440 993 92 24 Venus
545 1001 82 24 parva
727 993 116 24 nodules.

441 1027 92 24 Thetis
548 1027 86 24 minor

261 1082 24 23 A
310 1090 74 25 grey,
415 1082 86 33 gritty
526 1091 85 21 seam,
637 1092 67 16 near
732 1082 48 26 the
804 1086 49 29 top
882 1081 30 25 of
939 1080 48 25 the
1012 1080 63 30 cliff,

214 1127 124 25 encloses
358 1127 175 27 concretions
554 1127 30 26 of
606 1127 91 27 fossils
721 1127 93 27 which
836 1126 84 26 much
942 1126 134 26 resemble

213 1172 81 26 those
313 1172 28 25 in
361 1173 47 25 the
428 1174 145 29 Crackers,
588 1175 50 24 but
658 1174 78 25 differ
755 1173 28 25 in
803 1172 116 26 mineral
941 1171 133 34 composi-

213 1218 67 30 tion,
307 1219 47 24 the
379 1220 83 24 shells
488 1219 100 34 chiefly
615 1220 82 33 being
725 1219 185 26 transformed
939 1218 59 26 into
1023 1218 53 25 cal-

214 1272 115 16 careous
343 1272 73 24 spar,
431 1265 54 24 and
499 1265 103 33 having
616 1274 15 16 a
648 1265 111 33 coating
773 1265 30 25 of
813 1264 84 26 white
912 1264 112 33 powder
1042 1272 34 16 on

213 1309 72 24 their
309 1309 132 25 outsides.
479 1310 60 25 The
561 1310 140 32 following
720 1320 46 16 are
786 1320 16 16 a
820 1310 52 26 few
890 1309 30 26 of
938 1310 48 25 the
1005 1313 71 22 most

213 1353 210 25 characteristic
435 1364 5 14 :
445 1371 31 3 —

213 1400 158 25 Rostellaria
385 1402 95 31 (spec.)

215 1435 126 23 Gervillia
353 1436 138 24 alæformis

218 1469 122 32 Trigonia
353 1469 114 24 dædalea

265 1521 14 10 ,,
350 1503 139 25 alæformis

214 1535 94 25 Ostrea
321 1537 116 23 carinata

671 1403 132 33 Gryphæa
815 1403 105 25 sinuata

671 1437 116 25 Scalaria
801 1438 97 32 (spec.)

670 1472 165 24 Ammonites
848 1472 157 33 Deshayesii

670 1506 172 23 Terebratula
855 1507 164 22 tamarindus

737 1541 61 23 And
811 1541 95 23 others.

262 1593 31 24 In
321 1593 96 25 blocks
438 1593 30 25 of
492 1595 69 24 dark
588 1604 97 16 coarse
710 1597 70 24 sand
804 1606 48 17 are
870 1598 86 26 found
975 1607 101 25 groups

214 1636 30 25 of
266 1638 91 24 Echini
383 1639 106 33 (spec),
516 1640 154 24 Terebratula
693 1641 58 25 sella
765 1642 34 33 (?•)
824 1643 118 33 elongata,
966 1645 55 25 and
1047 1645 29 25 T.

213 1682 82 24 celtica
309 1682 42 31 (?).

261 1728 129 24 Between
418 1728 135 25 Shanklin
581 1729 82 26 Point
689 1731 55 25 and
767 1732 172 31 Luccombe,
961 1745 16 16 a
1000 1736 76 25 short
