1117 1922
478 168 88 17 BROOK
591 169 56 16 BAY.

971 173 14 21 9

129 251 34 3 —
165 235 22 25 if
196 245 41 17 we
251 246 63 24 may
322 237 85 33 judge
419 238 69 25 from
506 239 72 25 their
590 244 174 21 water-worn
782 249 172 25 appearance
955 257 32 3 —

129 280 67 34 they
220 281 56 26 had
298 282 101 25 drifted
425 292 15 15 a
464 284 65 32 long
553 284 134 29 distance,
713 285 54 25 and
794 285 115 26 become
933 295 54 16 em-

130 326 108 25 bedded
258 326 27 25 in
305 327 48 25 the
375 328 75 29 mud,
464 329 78 29 sand,
565 329 54 25 and
638 329 45 25 silt
703 329 30 25 of
750 330 47 25 the
818 330 54 27 bed
893 331 29 25 of
941 331 46 26 the

129 370 81 26 river.

177 416 144 34 Referring
343 421 30 22 to
395 417 47 26 the
462 427 116 23 waggon
596 418 64 26 load
679 418 30 26 of
725 420 85 25 bones
832 421 153 31 purchased

129 462 36 33 by
180 462 48 25 the
248 462 55 26 late
321 463 49 25 Dr.
391 464 101 25 Ernest
512 464 121 25 Wilkins
653 465 71 33 (now
742 464 28 25 in
789 466 47 24 the
855 466 130 33 Newport

131 507 150 33 Museum),
303 507 21 26 it
345 517 118 23 appears
482 509 66 33 they
567 517 71 17 were
660 510 35 24 all
716 510 55 32 dug
790 514 48 21 out
856 511 96 24 within
971 520 14 16 a

129 552 108 25 limited
257 561 63 16 area
331 562 5 21 ;
358 562 82 25 many
452 553 30 25 of
498 554 76 24 them
592 555 135 33 probably
739 555 134 33 belonged
893 560 28 20 to
940 556 45 25 the

130 606 77 16 same
226 598 126 25 animals.
390 599 79 33 They
486 599 139 25 consisted
643 600 29 24 of
688 600 86 33 thigh,
793 600 54 25 and
866 601 52 32 leg,
933 601 52 25 and

130 643 79 24 other
221 643 65 32 long
299 644 86 24 bones
395 652 5 20 ;
414 643 66 29 ribs,
495 644 129 32 scapulæ,
639 653 129 20 concave,
783 653 114 21 convex,
911 654 74 16 some

129 688 58 29 flat,
202 688 145 29 vertebræ,
362 688 54 25 and
430 688 87 31 pelvis
530 689 94 25 bones.

177 733 206 25 Measurement
408 733 30 25 of
467 743 16 15 a
511 733 103 32 perfect
645 733 78 33 thigh
750 734 53 25 and
828 734 43 33 leg
896 735 86 33 (tibia)

130 777 71 24 bone
212 787 6 14 :
220 793 34 3 —

509 822 99 15 THIGH.

198 866 31 24 42
250 857 94 25 inches
358 857 27 25 in
399 857 213 25 circumference
625 861 28 21 at
672 857 47 25 the
738 866 86 24 upper
842 861 69 29 part.

198 910 30 24 25
301 922 15 10 ,,
492 922 17 10 ,,
625 907 28 20 at
673 903 46 24 the
738 902 81 26 shaft.

198 956 30 25 43
302 967 15 11 ,,
493 967 16 11 ,,
626 951 28 22 at
673 948 47 25 the
739 948 138 33 condyles.

198 1001 30 26 45
302 1013 14 10 „
371 993 28 25 in
417 993 103 33 length.

480 1057 54 14 LEG
555 1057 83 14 BONE.

195 1101 32 26 37
246 1094 95 25 inches
361 1095 27 24 in
407 1094 213 25 circumference
639 1097 27 21 at
686 1094 46 24 the
751 1095 138 33 condyles.

196 1147 31 25 17
299 1159 15 10 ,,
491 1158 15 10 ,,
636 1142 28 21 at
683 1139 47 24 the
749 1139 81 25 shaft.

195 1194 32 24 33
300 1205 15 10 ,,
492 1204 15 10 ,,
637 1188 28 22 at
683 1184 48 26 the
749 1185 82 25 lower
850 1185 59 26 end.

195 1240 32 22 39
301 1250 15 11 „
353 1230 28 26 in
400 1231 103 31 length.

127 1278 84 29 Many
224 1276 30 25 of
269 1277 80 24 these
369 1277 85 24 bones
473 1284 71 16 were
565 1276 104 31 perfect
681 1284 5 21 ;
707 1276 49 24 but
776 1284 14 16 a
810 1284 88 23 vague
919 1276 59 25 idea

125 1322 29 25 of
173 1323 48 24 the
239 1322 69 25 form
330 1322 55 24 and
405 1329 173 25 appearance
603 1321 31 24 of
655 1321 46 24 the
726 1321 115 32 original
866 1321 112 25 animals

125 1376 52 17 can
197 1368 34 25 be
256 1367 113 25 derived
391 1367 69 24 from
487 1367 47 24 the
558 1366 81 24 relics
666 1366 121 24 hitherto
812 1366 166 25 discovered.

125 1411 267 33 Notwithstanding,
409 1420 16 16 a
444 1411 74 25 close
536 1411 223 33 approximation
776 1410 23 25 is
818 1411 114 25 allowed
953 1415 25 21 to

125 1459 33 25 be
182 1457 110 26 arrived
314 1461 37 26 at,
371 1456 28 26 in
419 1456 47 26 the
486 1455 126 33 splendid
629 1455 105 25 models
754 1459 27 21 at
803 1455 47 25 the
872 1456 106 32 Crystal

125 1504 109 27 Palace,
258 1502 178 25 constructed
456 1502 36 29 by
512 1502 32 25 B.
563 1501 46 25 W.
625 1500 143 30 Hawkins,
788 1501 77 30 Esq.,
879 1501 99 26 F.G.S.

274 1549 65 24 here
357 1548 20 24 it
391 1547 63 30 will,
470 1547 11 24 I
496 1550 80 26 trust,
591 1550 48 21 not
656 1547 34 24 be
704 1547 117 32 thought
835 1546 144 25 irrelevant

121 1594 22 26 if
162 1595 11 25 I
193 1595 86 25 relate
298 1603 16 16 a
332 1593 173 25 remarkable
524 1592 121 25 incident
665 1592 90 25 which
775 1593 65 24 took
857 1593 79 32 place
953 1596 26 21 at

120 1640 49 26 the
195 1640 111 34 Crystal
336 1639 111 28 Palace,
473 1638 99 33 during
591 1638 48 24 the
662 1638 189 24 construction
877 1637 29 25 of
933 1638 46 25 the

121 1686 157 25 celebrated
306 1685 106 25 models
436 1683 40 26 for
501 1683 47 26 the
577 1682 58 27 first
661 1682 74 26 time.
783 1683 88 25 Cards
890 1682 30 26 of
941 1682 37 26 in-
