1117 1922
154 182 49 23 206

425 188 57 16 THE
503 187 99 17 HUMAN
624 184 110 19 PERIOD.

154 260 35 26 its
203 264 77 21 outer
294 260 115 25 surface.
447 260 43 25 On
510 260 47 24 the
576 258 47 25 left
637 257 59 25 side
713 255 31 27 of
759 255 56 26 this
833 262 54 24 cup
901 253 11 24 I
928 251 85 26 found

155 314 15 17 a
189 305 104 26 human
315 305 79 29 skull,
416 304 48 26 the
483 305 54 32 jaw
559 304 54 24 and
635 301 127 34 splendid
781 299 76 26 teeth
876 298 30 25 of
922 297 91 26 which

154 349 120 26 touched
293 349 47 25 the
359 348 49 26 rim
428 348 30 25 of
475 348 46 25 the
541 357 63 24 cup,
619 347 55 25 and
696 355 34 16 on
750 346 47 25 the
816 343 73 33 right
909 343 59 25 side
987 341 29 25 of

154 394 47 25 the
215 394 78 28 skull,
309 394 87 25 above
414 393 47 25 the
475 402 54 19 ear,
544 402 15 15 a
575 390 214 34 wedge-shaped
802 390 71 28 hole,
889 397 13 16 2
917 387 96 25 inches

155 439 72 31 long,
241 438 53 25 and
314 438 93 33 nearly
420 437 59 26 half
498 447 35 15 an
552 437 64 25 inch
635 436 78 29 wide,
729 435 107 33 cleanly
853 437 47 22 cut
919 432 28 26 in
966 432 48 25 the

155 485 78 28 bone,
248 492 29 17 as
291 484 22 25 if
323 485 36 31 by
370 492 15 16 a
398 484 83 32 sharp
496 492 123 23 weapon.

231 529 82 31 Upon
326 528 105 25 further
449 527 142 32 removing
609 526 48 26 the
676 526 87 28 earth,
779 525 11 25 I
811 525 56 25 laid
886 525 67 24 bare
967 523 47 24 the

155 574 121 24 skeleton
300 573 29 25 of
348 582 16 15 a
384 574 165 31 well-grown
571 581 74 20 man,
665 571 164 33 apparently
851 578 76 17 more
945 569 69 24 than

155 622 15 23 6
183 619 53 26 feet
249 619 75 33 high,
339 619 53 25 and
411 619 97 25 buried
526 619 27 24 in
574 627 16 16 a
609 618 97 32 sitting
724 617 130 33 position.
893 616 75 24 Most
988 614 29 26 of

155 665 47 25 the
215 664 56 26 ribs
284 664 54 26 and
352 664 78 25 other
449 664 79 25 small
547 664 94 28 bones,
655 663 126 33 together
795 662 67 25 with
876 670 15 15 a
904 660 111 33 portion

155 709 30 26 of
206 710 48 25 the
276 710 62 32 jaw,
361 709 55 25 had
439 708 141 26 crumbled
603 717 86 24 away,
713 707 46 26 the
784 707 74 33 body
879 706 83 32 being
984 713 31 17 so

156 755 97 32 placed
267 755 54 24 and
332 755 119 24 doubled
464 763 46 23 up,
525 763 30 16 as
568 757 29 22 to
610 753 80 32 bring
702 753 48 25 the
767 753 84 25 knees
864 752 69 25 level
948 752 67 25 with

156 800 47 25 the
220 800 86 24 chest.
343 799 69 25 This
432 799 54 25 fact
508 803 126 29 suggests
656 799 46 24 the
723 798 61 25 idea
803 798 61 25 that
884 797 20 26 it
926 797 22 25 is
967 797 49 25 the

156 853 84 24 grave
253 845 29 24 of
299 853 37 16 an
358 844 108 25 ancient
490 844 106 25 Briton.
635 845 80 23 Close
738 844 86 24 under
845 844 47 24 the
912 844 70 32 jaw-s
1002 843 11 25 I

156 890 84 25 found
254 899 15 15 a
282 890 60 24 flint
361 890 79 28 flake,
455 889 214 33 corresponding
681 890 67 24 with
762 890 47 24 the
823 889 86 32 shape
922 888 30 25 of
968 889 48 24 the

156 935 63 25 hole
240 934 28 25 in
289 934 48 25 the
356 934 79 29 skull,
456 934 53 25 and
528 934 100 29 which,
649 934 11 24 I
681 934 136 29 consider,
837 934 87 32 might
944 934 72 24 have

157 980 103 25 caused
277 980 48 24 the
343 979 84 25 death
440 979 108 29 wound,
563 978 111 33 having,
689 988 30 16 as
739 979 20 25 it
776 988 80 19 were,
871 978 83 25 fallen
967 983 49 20 out

157 1025 30 25 of
197 1026 47 24 the
258 1026 71 24 skull
343 1033 29 17 as
386 1025 46 25 the
442 1025 73 32 body
525 1025 157 24 mouldered
694 1033 86 25 away.
817 1025 61 24 The
892 1025 124 24 skeleton

156 1071 46 33 lay
222 1079 31 16 or
275 1074 42 21 sat
337 1073 59 22 east
419 1070 54 24 and
492 1073 76 22 west.
608 1070 10 24 I
641 1070 82 24 could
745 1073 46 21 not
815 1069 127 25 discover
961 1077 55 25 any

157 1120 125 20 remnant
303 1115 29 25 of
348 1116 83 24 metal
450 1115 29 24 of
498 1123 54 25 any
570 1115 177 32 description.
786 1115 44 25 On
851 1114 87 25 either
958 1114 58 25 side

157 1161 30 25 of
206 1161 47 25 the
275 1161 123 25 skeleton
412 1169 70 16 were
501 1164 55 21 two
576 1160 109 24 smooth
705 1164 101 25 stones,
821 1160 47 25 the
887 1160 56 25 size
962 1160 55 25 and

158 1207 85 32 shape
273 1205 30 26 of
336 1215 34 16 an
395 1215 51 23 egg
458 1215 5 21 ;
494 1214 52 16 one
574 1215 15 15 a
619 1205 68 30 flint,
713 1206 47 25 the
790 1205 78 26 other
895 1215 16 16 a
936 1206 81 25 shore

157 1252 108 32 pebble.

232 1297 60 24 One
316 1295 30 25 of
375 1304 45 25 my
444 1296 152 29 labourers,
623 1304 34 16 an
686 1295 181 33 experienced
897 1305 64 15 man
990 1296 28 25 in

158 1346 226 24 measurements,
399 1342 158 32 computed,
571 1341 67 25 with
652 1341 105 34 myself,
769 1342 60 24 that
843 1342 48 24 the
905 1347 113 20 amount

158 1387 29 25 of
203 1387 74 25 flints
300 1395 65 17 over
387 1386 55 25 this
464 1395 84 24 grave
574 1387 80 24 could
680 1391 47 20 not
754 1387 33 25 be
809 1387 53 25 less
887 1387 68 25 than
979 1397 40 15 one

158 1432 107 24 hundred
282 1435 50 21 tons
357 1431 28 25 in
409 1440 52 16 one
486 1436 128 28 compact
641 1441 74 15 mass
728 1432 4 24 !
784 1432 11 25 I
818 1433 154 25 excavated
992 1432 26 25 in

158 1476 111 25 various
288 1475 149 26 directions
457 1476 29 25 of
503 1476 55 26 this
578 1477 117 29 barrow,
709 1477 49 25 but
779 1477 81 25 could
879 1478 65 33 only
962 1477 57 26 find

156 1521 48 25 the
222 1530 52 16 one

205 1566 24 25 It
250 1574 89 17 seems
358 1570 29 21 to
407 1567 34 24 be
459 1567 47 24 the
524 1568 111 31 general
647 1568 113 32 opinion
773 1569 61 24 that
849 1569 46 24 the
911 1569 109 25 Roman

158 1610 87 25 Villas
267 1610 163 25 discovered
450 1611 55 24 late
525 1611 27 24 in
574 1612 48 24 the
644 1617 111 27 present
776 1618 124 29 century,
920 1623 52 17 one
991 1618 28 22 at

159 1655 106 24 Gurnet
288 1655 55 24 and
365 1656 47 23 the
434 1656 79 24 other
532 1660 28 20 at
584 1657 194 31 Carisbrooke,
793 1667 30 16 as
842 1659 62 26 well
923 1668 31 17 as
972 1660 48 25 the

157 1703 61 22 vast
232 1699 120 25 remains
371 1703 27 22 at
414 1701 121 29 Morton,
549 1710 66 16 near
635 1702 133 34 Brading,
782 1712 71 17 were
871 1705 148 34 destroyed
