1117 1922
158 174 43 23 192

362 175 182 17 DENUDATION
566 175 55 17 AND
643 173 158 18 LANDSLIPS.

154 245 29 25 of
199 246 65 25 land
282 246 72 25 have
371 247 69 25 been
459 247 104 25 carried
585 255 76 24 away
680 250 27 19 at
729 242 139 28 Gurnard,
890 240 54 25 and
965 240 47 24 the

155 290 94 25 Solent
269 291 51 25 has
340 291 68 25 been
431 291 82 25 much
531 291 133 25 widened.
704 288 112 28 Indeed,
830 287 80 25 when
930 285 10 25 I
955 293 58 18 was

156 343 15 16 a
190 335 64 32 boy,
267 344 15 16 a
304 344 64 16 man
387 336 133 32 occupied
540 345 15 16 a
574 340 110 27 cottage
704 334 53 25 and
779 342 16 15 a
814 332 103 33 garden
939 331 74 33 (long

155 378 75 25 since
251 380 111 25 washed
386 382 87 31 away)
492 381 89 25 which
605 382 9 23 I
637 379 109 26 visited.
785 378 73 24 That
880 377 45 23 old
949 384 64 16 man

155 424 58 24 told
233 423 29 25 of
281 424 46 25 the
341 424 66 25 time
420 426 78 24 when
519 425 26 25 in
564 426 43 24 his
626 425 86 33 youth
735 424 34 25 he
787 423 55 25 had
864 421 99 34 played
986 421 26 23 in

157 477 81 23 green
260 469 77 25 fields
359 470 66 24 then
448 470 118 32 existing
587 479 35 16 on
644 471 46 24 the
712 470 50 24 site
785 468 29 26 of
834 468 47 25 the
903 471 111 29 present

156 513 82 25 white
251 514 73 33 buoy
338 516 170 31 (two-tenths
520 516 29 24 of
564 525 16 15 a
592 516 65 24 mile
671 516 69 24 from
753 516 48 24 the
815 514 93 27 shore)
923 511 91 27 which

157 566 60 16 now
236 566 90 17 warns
343 560 103 23 vessels
464 559 66 25 from
548 560 47 24 the
615 560 129 26 Gurnard
761 560 119 32 Ledges.
921 558 91 24 These

158 603 92 31 ledges
273 603 103 24 consist
398 604 29 24 of
448 605 80 23 rocks
550 605 30 24 of
599 605 47 24 the
668 605 152 25 dislocated
847 602 168 31 Bembridge

160 646 159 26 Limestone
350 652 125 24 stratum,
502 649 97 27 which,
625 649 81 32 being
735 649 99 24 harder
866 648 67 24 than
965 647 46 24 the

158 691 126 34 Tertiary
306 693 82 32 Clays
410 692 128 34 formerly
558 693 74 33 lying
654 693 85 25 under
762 693 54 25 and
841 700 65 17 over
928 692 86 28 them,

160 737 71 23 have
244 736 140 25 remained
398 737 38 24 for
456 737 47 24 the
516 746 90 16 waves
624 742 29 20 to
667 738 134 32 complete
817 737 72 25 their
902 737 113 25 disinte-

160 781 116 32 gration.
329 781 59 24 The
413 781 98 25 former
541 781 240 33 superincumbent
810 782 53 25 and
889 782 127 32 adjacent

163 826 75 33 clays
251 826 71 25 have
337 826 69 25 been
420 825 183 34 successively
617 826 105 25 carried
736 836 76 23 away
823 827 34 32 by
871 827 46 25 the
932 835 84 20 same,

162 880 30 16 or
208 880 68 16 even
289 870 66 26 with
375 875 106 28 greater
502 871 82 32 speed
602 871 36 32 by
655 871 46 25 the
722 871 73 25 force
813 871 30 25 of
859 881 35 15 an
912 871 105 29 earlier,

161 925 147 21 narrower,
323 917 53 24 and
398 916 100 25 swifter
519 916 65 25 rush
607 916 28 25 of
655 920 84 21 water
760 917 67 24 than
849 926 51 15 can
921 917 28 24 in
971 917 48 24 the

163 966 110 30 present
298 963 54 32 day
377 963 34 24 be
436 970 64 16 seen
525 962 27 24 in
577 970 136 24 progress.
762 963 142 31 Although
930 963 11 23 I
968 970 53 16 can

162 1008 158 33 personally
338 1007 94 33 testify
451 1011 28 20 to
498 1007 47 24 the
565 1007 230 24 encroachments
814 1006 28 24 of
862 1007 47 24 the
928 1015 47 16 sea
994 1010 28 21 at

162 1053 141 29 Gurnard,
330 1052 55 26 still
414 1052 20 25 it
459 1052 23 24 is
510 1051 110 26 evident
646 1052 61 24 that
734 1052 47 24 the
803 1056 77 20 coast
900 1051 122 25 districts

162 1101 124 23 between
300 1099 81 25 West
397 1099 96 25 Cowes
508 1098 54 24 and
575 1097 154 25 Yarmouth
746 1097 71 25 have
831 1097 110 32 equally
954 1097 69 25 been

160 1145 174 25 encroached
348 1153 83 24 upon,
448 1148 27 20 at
490 1152 51 16 one
554 1143 67 25 time
635 1151 74 17 more
723 1143 107 33 rapidly
845 1147 26 21 at
886 1151 51 17 one
950 1147 72 28 spot,

160 1190 55 25 and
240 1190 65 25 then
333 1190 110 33 equally
465 1198 30 15 or
521 1197 68 16 even
613 1196 75 17 more
713 1187 108 34 rapidly
846 1192 27 20 at
900 1188 122 29 another,

160 1235 88 25 either
262 1234 126 33 pointing
408 1240 28 19 to
459 1234 47 25 the
527 1234 55 25 fact
603 1234 30 24 of
652 1234 47 24 the
718 1238 77 28 great
817 1233 121 34 rapidity
956 1233 66 25 with

160 1280 91 25 which
282 1280 48 25 the
363 1280 94 25 Solent
489 1279 51 25 has
568 1278 124 26 widened
723 1278 35 25 its
790 1278 125 25 breadth.
964 1278 59 25 The

160 1325 129 32 elephant
314 1328 117 22 stratum
455 1333 56 17 was
534 1324 145 32 deposited
701 1323 99 33 during
819 1324 47 25 the
884 1323 139 26 existence

159 1370 30 24 of
208 1370 47 24 the
278 1371 103 23 human
404 1378 72 21 race,
497 1370 42 24 for
559 1370 59 24 side
640 1371 35 32 by
698 1369 59 25 side
776 1369 67 25 with
862 1370 86 24 bones
971 1370 52 24 and

159 1415 79 24 tusks
251 1414 30 25 of
292 1415 155 32 elephants,
464 1415 119 24 remains
597 1415 29 24 of
643 1415 104 24 human
762 1415 95 32 beings
871 1415 71 24 have
955 1416 68 23 been

160 1460 160 24 discovered
332 1460 27 23 in
370 1460 80 24 other
461 1460 137 32 regions.*
630 1461 114 33 Beyond
756 1470 15 15 a
782 1461 86 25 doubt
880 1461 143 33 elephants

158 1505 80 24 could
261 1509 47 20 not
327 1505 72 24 have
418 1505 82 25 dwelt
514 1505 96 25 within
630 1515 30 16 so
679 1506 217 25 circumscribed
911 1516 33 15 an
960 1516 62 15 area

217 1587 51 17 That
279 1587 51 21 early
337 1593 46 11 man
395 1593 38 11 saw
441 1587 38 17 and
490 1588 74 16 hunted
575 1589 33 16 the
620 1590 107 16 mammoth
735 1589 38 17 and
786 1590 54 16 other
852 1591 75 16 extinct
934 1591 88 18 animals.

155 1607 16 16 is
180 1608 76 16 evident
267 1608 50 16 from
329 1609 32 16 the
373 1609 83 19 pictures
468 1609 23 17 he
503 1609 35 17 has
549 1609 37 17 left
594 1615 28 15 us,
632 1611 95 20 engraved
735 1616 24 11 on
771 1612 61 20 pieces
844 1612 21 16 of
877 1612 55 17 bone.
955 1613 41 17 One
1005 1614 18 16 of

156 1629 60 18 these,
224 1633 12 11 a
251 1630 111 18 mammoth,
378 1630 16 15 is
407 1630 66 16 drawn
488 1631 46 16 with
550 1632 93 20 masterly
658 1632 50 16 skill.
732 1632 19 16 It
762 1637 39 11 was
817 1633 61 17 found
892 1634 19 15 in
923 1639 11 11 a
949 1639 44 12 cave
1005 1637 18 15 at

157 1649 27 16 La
192 1649 113 20 Madelaine,
315 1651 76 18 France,
403 1651 38 16 and
453 1656 11 11 a
477 1651 61 20 figure
546 1653 21 15 of
579 1654 16 14 it
608 1658 36 11 can
656 1653 23 16 be
690 1658 45 12 seen
746 1654 21 16 in
775 1654 160 21 Boyd-Dawkins'
967 1656 56 20 Early

157 1670 47 16 Man
211 1670 21 16 in
348 1673 48 18 1880,
405 1676 19 16 p.
437 1673 37 18 105,
489 1673 47 15 with
550 1678 58 16 many
620 1674 76 20 others;
709 1680 21 11 or
743 1675 20 17 in
775 1676 72 18 Geikie,
939 1677 53 17 Book
1005 1679 18 15 of

271 1692 48 19 1882,
331 1697 19 14 p.
359 1693 37 17 905,
