1117 1922
177 189 20 2 160

440 173 138 17 TERTIARY
600 173 95 17 SERIES

195 246 52 25 Mr.
262 246 123 25 Thomas
405 245 179 33 Codrington,
600 245 27 25 in
640 245 109 33 writing
768 248 29 22 to
817 253 15 16 a
851 244 156 33 gentleman

147 300 35 17 on
196 291 56 26 this
271 292 107 32 subject
398 300 15 16 a
433 291 51 26 few
502 300 79 24 years
601 300 60 23 ago,
677 290 55 25 and
747 290 92 25 whose
859 289 80 26 letter
953 299 54 16 was

147 337 66 24 then
226 337 98 32 placed
339 340 27 21 at
381 345 45 24 my
440 336 131 32 disposal,
585 335 92 26 writes
690 345 5 15 :
700 350 32 4 —

307 382 137 24 Foreland
476 382 103 25 Gravel
608 381 23 24 is
656 380 159 25 mentioned
840 380 27 25 in
894 381 113 24 Forbes'

148 427 117 24 Memoir
280 427 53 24 and
352 427 47 24 the
419 426 132 25 Memoirs
571 426 29 24 of
616 426 47 24 the
683 425 161 33 Geological
860 425 105 34 Survey
979 434 30 16 as

147 472 81 32 being
247 477 5 9 '
264 480 16 16 a
292 472 108 32 deposit
415 471 148 33 extending
577 471 68 25 from
660 472 46 24 the
722 471 88 24 Chalk
827 474 29 21 to
871 471 137 25 Foreland

147 516 100 26 Point.'
286 517 55 25 But
363 516 77 26 there
462 525 47 16 are
532 520 55 21 two
609 516 124 33 deposits
756 516 30 24 of
803 524 66 25 very
882 516 125 25 different

147 561 152 25 character.
336 561 60 25 The
416 565 60 21 true
496 561 137 25 Foreland
648 560 103 26 Gravel
765 569 34 16 on
813 560 47 25 the
878 569 47 16 sea
938 561 69 26 level

147 610 28 21 at
198 606 137 25 Foreland
359 605 82 26 Point
462 606 67 25 ends
548 606 93 25 rather
661 606 130 32 abruptly
805 606 85 25 about
909 606 97 25 half-a-

145 651 63 25 mile
227 655 29 21 to
276 651 48 25 the
346 651 77 25 S.W.
463 651 24 25 It
507 650 127 26 contains
652 659 15 17 a
683 659 66 25 very
763 651 75 32 large
857 650 110 33 portion
981 651 28 25 of

145 696 88 24 beach
247 695 116 33 shingle,
378 695 143 34 distinctly
534 695 135 25 stratified
689 695 27 25 in
734 696 89 32 layers
837 695 29 25 of
882 696 125 24 assorted

145 740 79 30 sizes,
238 740 66 25 with
327 749 15 16 a
365 740 47 33 dip
436 741 120 24 towards
571 740 138 25 Foreland
727 740 92 25 Point.
857 741 91 24 There
961 749 46 16 are

145 786 88 25 bands
247 786 29 25 of
294 786 72 24 clear
389 786 84 32 sharp
492 786 78 28 sand,
585 794 15 16 a
622 786 75 33 layer
711 785 29 25 of
756 786 124 24 rounded
893 786 114 32 pebbles

146 839 29 16 as
189 830 46 34 big
255 840 30 16 as
306 840 116 24 oranges
440 830 83 34 being
541 830 189 34 immediately
743 830 122 26 overlaid
879 831 36 33 by
929 831 77 26 clean

145 876 76 25 sand.
259 876 91 25 There
369 885 46 16 are
436 876 100 32 pebble
556 876 88 25 bands
664 875 28 26 in
714 875 91 27 which
827 877 114 31 pebbles
960 885 46 17 are

144 921 108 25 stained
265 921 66 25 with
351 921 67 30 iron,
440 921 99 33 ending
562 922 113 33 sharply
697 923 96 28 above,
812 922 54 24 and
888 922 117 25 covered

143 966 66 26 with
231 967 84 25 white
339 968 114 31 pebbles
465 976 5 20 ;
494 967 46 25 the
562 975 88 25 upper
672 971 62 29 part
757 967 23 25 is
803 976 75 16 more
900 968 104 33 clayey,

144 1021 64 25 may
220 1013 71 24 have
304 1013 69 24 been
387 1012 112 26 derived
518 1013 69 24 from
604 1013 47 24 the
665 1021 52 24 cap
731 1013 29 24 of
776 1013 142 33 overlying
931 1013 73 25 drift.

143 1058 60 25 The
216 1058 82 25 lower
312 1062 62 28 part
393 1057 30 26 of
440 1058 47 26 the
506 1058 93 32 gravel
613 1058 23 25 is
650 1057 116 34 entirely
778 1058 55 25 free
853 1058 68 26 from
935 1058 68 33 clay.

143 1103 60 25 The
217 1107 137 21 structure
368 1103 54 25 and
436 1102 125 26 material
576 1103 30 25 of
620 1103 47 25 the
682 1103 106 32 shingle
801 1103 74 26 bank
889 1104 115 25 stretch-

142 1147 47 33 ing
203 1156 93 17 across
309 1148 47 25 the
370 1148 97 25 mouth
486 1148 30 25 of
527 1148 123 33 Brading
666 1149 140 28 Harbour,
821 1156 31 17 as
865 1148 55 25 laid
934 1157 70 23 open

142 1193 27 24 in
187 1193 47 24 the
253 1193 94 32 gravel
366 1192 55 33 pits
440 1201 66 16 near
525 1193 48 24 the
592 1192 80 34 ferry,
688 1201 46 16 are
753 1193 135 34 precisely
901 1192 103 26 similar

142 1241 28 21 to
194 1238 47 24 the
261 1238 137 24 Foreland
418 1238 104 25 Gravel
533 1246 5 21 ;
557 1238 67 34 they
643 1246 55 21 are,
714 1239 11 23 I
746 1238 114 29 believe,
881 1238 123 33 deposits

142 1283 29 24 of
182 1283 106 32 shingle
302 1283 54 24 and
369 1283 90 25 blown
479 1283 69 25 sand
567 1283 105 25 formed
692 1287 27 22 at
740 1283 48 25 the
802 1283 96 26 mouth
912 1283 30 26 of
958 1283 47 26 the

141 1327 72 26 river
225 1327 38 33 (?)
302 1327 151 34 Overlying
466 1327 47 25 the
532 1328 94 33 gravel
639 1327 23 26 is
677 1337 15 16 a
705 1327 65 27 drift
789 1328 30 26 of
835 1337 16 16 a
865 1328 100 26 matrix
979 1328 29 26 of

142 1372 88 34 sandy
252 1373 69 32 clay,
335 1372 67 26 with
423 1373 125 25 unrolled
570 1373 75 26 flints
669 1374 54 25 and
746 1373 115 34 tertiary
881 1374 122 32 pebbles,

142 1418 54 25 and
221 1418 20 25 it
266 1418 23 25 is
313 1418 56 25 this
394 1418 91 25 which
510 1419 116 25 extends
650 1427 66 17 over
741 1420 47 24 the
808 1420 83 32 edges
912 1419 30 25 of
958 1420 46 24 the

142 1464 127 34 Tertiary
283 1465 69 24 beds
370 1465 96 33 nearly
479 1469 28 21 to
521 1465 46 25 the
582 1465 82 25 chalk
677 1465 30 25 of
724 1465 168 34 Bembridge
906 1467 97 28 Down,

142 1510 54 23 and
220 1509 69 24 from
313 1509 56 25 this
395 1510 46 24 the
466 1510 60 24 flint
551 1510 161 33 implement
738 1520 88 16 came.
871 1511 134 26 Towards

142 1554 166 32 Bembridge
328 1555 97 28 Down,
440 1555 90 24 where
552 1555 48 25 the
623 1555 64 26 drift
711 1556 113 25 reaches
844 1565 30 16 as
893 1556 66 33 high
975 1565 29 16 as

144 1607 9 16 1
159 1607 32 16 20
204 1598 53 26 feet
271 1600 87 24 above
372 1600 47 24 the
433 1609 46 16 sea
492 1601 80 29 level,
586 1600 20 26 it
621 1601 119 25 consists
754 1601 29 25 of
793 1610 17 16 a
822 1602 54 25 bed
890 1602 29 25 of
929 1602 75 25 flints

142 1643 54 25 and
209 1643 126 34 Tertiary
349 1645 123 31 pebbles,
487 1646 118 24 covered
624 1654 37 24 up
681 1647 35 32 by
730 1646 53 25 five
802 1655 30 16 or
852 1647 42 24 six
911 1647 54 25 feet
978 1648 30 24 of

142 1688 87 34 sandy
252 1688 70 34 clay.
360 1689 24 24 A
409 1689 64 25 drift
497 1689 31 25 of
550 1690 104 25 similar
676 1691 146 26 character
845 1693 159 33 commonly
