1117 1922
179 180 45 18 112

463 182 90 16 CHALK
574 182 169 16 FORMATION.

176 253 122 33 Brading
312 254 89 24 Down
420 253 47 25 the
486 256 88 22 strata
593 253 23 24 is
635 252 125 29 vertical,
775 260 31 16 as
826 251 96 25 shown
942 249 36 33 by
992 248 47 25 the

174 298 54 25 line
249 298 30 25 of
296 298 85 25 flints.

222 343 32 25 In
269 352 52 16 one
337 343 31 25 of
383 343 78 25 these
480 342 55 33 pits
550 351 105 16 masses
668 342 30 25 of
708 341 133 25 Inocerami
854 340 27 24 in
895 348 16 16 a
925 338 113 26 commi-

175 389 85 25 nuted
274 392 72 22 state
359 397 47 17 are
419 388 84 25 found
514 397 5 21 ;
538 389 49 24 but
602 388 47 25 the
662 387 65 33 pits,
741 386 141 33 generally
895 384 144 33 speaking,

175 441 46 17 are
234 441 30 17 so
277 434 95 32 nearly
382 433 133 25 destitute
528 432 29 26 of
568 432 91 26 fossils
673 441 31 16 as
717 436 29 21 to
760 431 81 26 make
850 429 189 27 examination

175 478 123 33 scarcely
310 477 30 25 of
357 477 123 30 interest,
494 481 98 29 except
611 477 20 25 it
651 478 34 24 be
704 480 29 22 to
754 476 84 32 study
853 475 47 25 the
917 474 121 33 position

173 523 30 25 of
219 524 46 24 the
279 523 76 25 beds.
392 523 60 24 The
472 524 63 32 only
549 524 94 31 places
657 522 93 25 where
768 522 48 24 the
836 522 98 31 Upper
949 520 90 25 Chalk

172 568 91 25 fossils
283 576 52 17 can
351 568 34 25 be
405 568 134 25 collected
557 568 28 24 in
602 568 65 28 situ,
681 567 23 24 is
723 567 70 24 from
812 566 49 25 the
873 566 84 24 lower
971 565 68 25 beds

173 617 27 21 at
215 613 101 26 Culver
331 613 71 29 Cliff,
417 613 54 24 and
486 617 27 20 at
528 613 184 25 Freshwater.
750 613 36 24 At
800 612 48 24 the
861 612 83 23 latter
958 611 81 32 place

172 658 65 34 they
250 667 52 16 can
322 658 34 26 be
376 658 119 25 reached
516 659 36 32 by
565 657 105 33 rowing
687 657 89 26 round
796 657 48 25 the
864 657 67 26 base
944 656 30 25 of
991 657 47 24 the

172 703 78 24 cliffs.

219 749 38 25 Of
266 750 48 24 the
327 753 59 20 east
400 749 53 24 end
466 748 30 25 of
506 749 47 24 the
567 749 81 24 chalk
662 756 94 25 range,
770 748 91 25 which
875 747 163 26 terminates

171 794 27 25 in
221 795 101 24 Culver
346 794 85 29 Cliffs,
455 794 43 25 Sir
523 795 97 32 Henry
642 794 156 32 Englefield
817 793 106 25 writes:

172 840 89 25 Chalk
275 839 67 26 rises
353 839 117 33 directly
480 844 47 20 out
541 839 30 25 of
580 839 48 25 the
642 848 55 20 sea,
709 839 96 33 nearly
813 839 223 33 perpendicular,

171 889 29 22 to
221 894 16 16 a
257 889 77 29 great
348 884 105 33 height,
471 885 54 25 and
546 884 82 33 being
646 885 99 33 totally
759 884 27 26 in
806 884 115 26 shadow
940 889 30 21 to
990 884 48 26 the

171 931 63 24 blue
254 931 50 33 sky
324 931 97 29 above,
440 930 54 25 and
515 930 47 25 the
584 930 121 33 pellucid
722 939 83 24 green
822 930 30 25 of
872 930 48 25 the
941 938 47 17 sea
1009 934 27 21 at

170 976 36 25 its
226 976 66 28 foot,
305 976 20 25 it
346 977 51 24 has
419 985 16 15 a
458 980 55 21 sort
535 976 29 25 of
584 976 93 25 aærial

216 1021 37 25 At
266 1021 98 25 White
386 1021 67 25 Cliff
470 1021 61 33 Bay
544 1021 47 25 the
609 1021 97 33 Upper
720 1021 98 25 White
838 1021 89 26 Chalk
941 1030 95 17 ceases

171 1065 66 27 with
255 1066 48 26 the
322 1066 151 26 Belemitella
493 1067 145 24 Mucronata
658 1075 77 20 zone,
756 1065 92 27 which
868 1065 132 34 occupies
1021 1076 15 16 a

171 1111 120 32 position
304 1111 27 25 in
346 1111 47 26 the
407 1112 162 25 north-west
588 1112 53 25 end
654 1111 30 26 of
698 1112 47 25 the
762 1113 70 32 Bay,
846 1112 190 34 immediately

170 1157 88 24 below
270 1156 48 25 the
334 1155 101 34 plastic
452 1157 63 33 clay
531 1156 30 25 of
577 1157 48 24 the
639 1156 142 34 adjoining
795 1157 129 34 Tertiary
937 1161 98 22 strata.

170 1201 69 25 This
258 1210 77 21 zone,
349 1201 27 25 in
397 1206 108 29 respect
526 1206 29 21 to
575 1202 36 25 its
629 1202 129 33 junction
778 1203 68 25 with
867 1203 47 25 the
934 1203 101 33 plastic

170 1248 70 32 clay,
254 1247 78 25 takes
354 1248 48 24 the
422 1256 76 16 same
523 1247 122 33 position
665 1252 28 22 at
714 1248 84 26 Alum
820 1249 69 33 Bay,
911 1250 55 25 and
988 1250 47 25 the

171 1292 209 25 characteristic
393 1292 76 25 fossil
483 1292 23 26 is
519 1297 29 21 to
562 1293 34 25 be
609 1293 85 25 found
708 1297 27 22 at
750 1294 67 25 both
832 1295 104 32 places,
947 1295 88 25 either

170 1336 28 25 in
211 1336 47 26 the
271 1336 82 26 fallen
366 1337 97 25 blocks
475 1347 36 16 on
524 1338 48 25 the
585 1338 90 30 shore,
687 1347 30 16 or
731 1343 28 20 at
773 1340 47 24 the
833 1339 101 25 former
945 1341 88 32 place,

170 1382 36 31 by
219 1382 150 31 ascending
382 1383 48 25 the
442 1383 74 25 talus
530 1387 27 21 at
572 1384 47 24 the
633 1383 57 26 foot
704 1384 30 25 of
744 1385 48 24 the
806 1385 64 25 cliff.

217 1427 142 33 Referring
373 1431 29 22 to
419 1428 46 25 the
479 1428 90 25 fossils
583 1429 30 25 of
629 1430 48 24 the
695 1434 163 22 cretaceous
876 1431 157 32 formation,

171 1472 141 24 Professor
323 1473 32 24 A.
366 1473 98 25 Geikie
474 1474 93 25 writes
577 1484 5 15 :
625 1474 201 27 Foraminifera
839 1485 62 17 now
915 1478 119 25 reached

170 1526 34 16 an
218 1518 172 33 importance
409 1528 30 16 as
461 1520 202 25 rock-builders
680 1520 93 26 which
793 1522 67 34 they
877 1524 56 24 had
950 1533 84 17 never

170 1562 91 26 before
282 1563 132 26 attained.
452 1564 84 26 Their
558 1565 121 25 remains
700 1574 46 16 are
768 1567 144 27 abundant
936 1568 28 26 in
986 1570 48 25 the

171 1607 96 26 White
287 1608 89 25 Chalk
397 1608 29 26 of
447 1609 48 25 the
518 1610 140 24 Northern
680 1611 149 31 European
856 1614 96 28 Basin,
979 1616 54 24 and

312 1706 8 8 •
354 1705 123 22 Picturesque
489 1706 86 16 Account
587 1706 20 16 of
618 1706 33 16 the
763 1709 48 19 1816,
823 1713 20 15 p.
856 1711 27 17 78.
