<?xml version="1.0" encoding="UTF-8"?>
<alto xmlns:xsi="http://www.w3.org/2001/XMLSchema-instance" xsi:noNamespaceSchemaLocation="http://www.bl.uk/schemas/alto/alto-1-4.xsd" xmlns:xlink="http://www.w3.org/1999/xlink">
	<Description>
		<MeasurementUnit>mm10</MeasurementUnit>
		<sourceImageInformation>
			<fileName>//head1/IN/2008-16/A0011467890/006518.jp2</fileName>
		</sourceImageInformation>
		<OCRProcessing ID="OCRPROCESSING_1">
			<preProcessingStep>
				<processingSoftware>
					<softwareCreator>CCS Content Conversion Specialists GmbH, Germany</softwareCreator>
					<softwareName>CCS docWORKS</softwareName>
					<softwareVersion>6.1-0.67</softwareVersion>
				</processingSoftware>
			</preProcessingStep>
			<ocrProcessingStep>
				<processingSoftware>
					<softwareCreator>ABBYY (BIT Software), Russia</softwareCreator>
					<softwareName>Finereader</softwareName>
				</processingSoftware>
			</ocrProcessingStep>
		</OCRProcessing>
	</Description>
	<Styles>
		<TextStyle ID="TXT_0" FONTSIZE="10" FONTFAMILY="Courier New"/>
		<TextStyle ID="TXT_1" FONTSIZE="9" FONTFAMILY="Courier New"/>
		<ParagraphStyle ID="PAR_LEFT" ALIGN="Left"/>
		<ParagraphStyle ID="PAR_CENTER" ALIGN="Center"/>
	</Styles>
	<Layout>
		<Page ID="P34" PHYSICAL_IMG_NR="34" HEIGHT="1922" WIDTH="1117" PRINTED_IMG_NR="20" POSITION="Left" ACCURACY="90.73">
			<TopMargin ID="P34_TM00001" HPOS="0" VPOS="0" WIDTH="1116" HEIGHT="191">
				<TextBlock ID="P34_TB00001" HPOS="152" VPOS="172" WIDTH="32" HEIGHT="15" STYLEREFS="TXT_0 PAR_LEFT">
					<TextLine ID="P34_TL00001" HPOS="154" VPOS="172" WIDTH="30" HEIGHT="15">
						<String ID="P34_ST00001" HPOS="154" VPOS="172" WIDTH="30" HEIGHT="15" CONTENT="20" WC="0.38" CC="74"/>
					</TextLine>
				</TextBlock>
				<TextBlock ID="P34_TB00002" HPOS="412" VPOS="171" WIDTH="336" HEIGHT="20" STYLEREFS="TXT_1 PAR_CENTER">
					<TextLine ID="P34_TL00002" HPOS="413" VPOS="171" WIDTH="335" HEIGHT="20">
						<String ID="P34_ST00002" HPOS="413" VPOS="172" WIDTH="137" HEIGHT="17" CONTENT="wealden" WC="0.76" CC="6002007"/>
						<SP ID="P34_SP00001" HPOS="550" VPOS="189" WIDTH="28"/>
						<String ID="P34_ST00003" HPOS="578" VPOS="171" WIDTH="170" HEIGHT="20" CONTENT="formation," WC="0.75" CC="2048005040"/>
					</TextLine>
				</TextBlock>
			</TopMargin>
			<LeftMargin ID="P34_LM00001" HPOS="0" VPOS="189" WIDTH="220" HEIGHT="1544"/>
			<RightMargin ID="P34_RM00001" HPOS="1023" VPOS="189" WIDTH="93" HEIGHT="1544"/>
			<BottomMargin ID="P34_BM00001" HPOS="0" VPOS="1733" WIDTH="1116" HEIGHT="188"/>
			<PrintSpace ID="P34_PS00001" HPOS="220" VPOS="189" WIDTH="803" HEIGHT="1544">
				<TextBlock ID="P34_TB00003" HPOS="220" VPOS="237" WIDTH="797" HEIGHT="304" STYLEREFS="TXT_1 PAR_LEFT">
					<TextLine ID="P34_TL00003" HPOS="220" VPOS="237" WIDTH="796" HEIGHT="39">
						<String ID="P34_ST00004" HPOS="220" VPOS="252" WIDTH="42" HEIGHT="24" CONTENT="24." WC="0.80" CC="230"/>
						<SP ID="P34_SP00002" HPOS="262" VPOS="276" WIDTH="21"/>
						<String ID="P34_ST00005" HPOS="283" VPOS="244" WIDTH="81" HEIGHT="25" CONTENT="Hard" WC="0.94" CC="1000"/>
						<SP ID="P34_SP00003" HPOS="364" VPOS="276" WIDTH="13"/>
						<String ID="P34_ST00006" HPOS="377" VPOS="244" WIDTH="53" HEIGHT="24" CONTENT="bed" WC="1.00" CC="000"/>
						<SP ID="P34_SP00004" HPOS="430" VPOS="276" WIDTH="13"/>
						<String ID="P34_ST00007" HPOS="443" VPOS="243" WIDTH="30" HEIGHT="25" CONTENT="of" WC="1.00" CC="00"/>
						<SP ID="P34_SP00005" HPOS="473" VPOS="276" WIDTH="15"/>
						<String ID="P34_ST00008" HPOS="488" VPOS="243" WIDTH="84" HEIGHT="25" CONTENT="white" WC="1.00" CC="00000"/>
						<SP ID="P34_SP00006" HPOS="572" VPOS="276" WIDTH="19"/>
						<String ID="P34_ST00009" HPOS="591" VPOS="243" WIDTH="55" HEIGHT="24" CONTENT="and" WC="1.00" CC="000"/>
						<SP ID="P34_SP00007" HPOS="646" VPOS="276" WIDTH="19"/>
						<String ID="P34_ST00010" HPOS="665" VPOS="243" WIDTH="98" HEIGHT="33" CONTENT="yellow" WC="0.94" CC="002000"/>
						<SP ID="P34_SP00008" HPOS="763" VPOS="276" WIDTH="14"/>
						<String ID="P34_ST00011" HPOS="777" VPOS="240" WIDTH="161" HEIGHT="27" CONTENT="sandstone," WC="0.95" CC="0020001000"/>
						<SP ID="P34_SP00009" HPOS="938" VPOS="276" WIDTH="15"/>
						<String ID="P34_ST00012" HPOS="953" VPOS="237" WIDTH="63" HEIGHT="30" CONTENT="soft," WC="0.98" CC="00000"/>
					</TextLine>
					<TextLine ID="P34_TL00004" HPOS="323" VPOS="276" WIDTH="693" HEIGHT="34">
						<String ID="P34_ST00013" HPOS="323" VPOS="278" WIDTH="96" HEIGHT="32" CONTENT="clayey" WC="1.00" CC="000000"/>
						<SP ID="P34_SP00010" HPOS="419" VPOS="310" WIDTH="20"/>
						<String ID="P34_ST00014" HPOS="439" VPOS="277" WIDTH="54" HEIGHT="25" CONTENT="and" WC="1.00" CC="000"/>
						<SP ID="P34_SP00011" HPOS="493" VPOS="310" WIDTH="19"/>
						<String ID="P34_ST00015" HPOS="512" VPOS="277" WIDTH="173" HEIGHT="33" CONTENT="ferruginous" WC="0.83" CC="00303040060"/>
						<SP ID="P34_SP00012" HPOS="685" VPOS="310" WIDTH="19"/>
						<String ID="P34_ST00016" HPOS="704" VPOS="277" WIDTH="28" HEIGHT="23" CONTENT="in" WC="1.00" CC="00"/>
						<SP ID="P34_SP00013" HPOS="732" VPOS="310" WIDTH="25"/>
						<String ID="P34_ST00017" HPOS="757" VPOS="276" WIDTH="48" HEIGHT="24" CONTENT="the" WC="0.87" CC="030"/>
						<SP ID="P34_SP00014" HPOS="805" VPOS="310" WIDTH="25"/>
						<String ID="P34_ST00018" HPOS="830" VPOS="282" WIDTH="88" HEIGHT="24" CONTENT="upper" WC="0.93" CC="00003"/>
						<SP ID="P34_SP00015" HPOS="918" VPOS="310" WIDTH="25"/>
						<String ID="P34_ST00019" HPOS="943" VPOS="276" WIDTH="73" HEIGHT="29" CONTENT="part," WC="1.00" CC="00000"/>
					</TextLine>
					<TextLine ID="P34_TL00005" HPOS="323" VPOS="306" WIDTH="693" HEIGHT="38">
						<String ID="P34_ST00020" HPOS="323" VPOS="312" WIDTH="117" HEIGHT="32" CONTENT="forming" WC="0.86" CC="1020050"/>
						<SP ID="P34_SP00016" HPOS="440" VPOS="344" WIDTH="22"/>
						<String ID="P34_ST00021" HPOS="462" VPOS="321" WIDTH="16" HEIGHT="15" CONTENT="a" WC="0.23" CC="7"/>
						<SP ID="P34_SP00017" HPOS="478" VPOS="344" WIDTH="21"/>
						<String ID="P34_ST00022" HPOS="499" VPOS="320" WIDTH="119" HEIGHT="24" CONTENT="passage" WC="0.89" CC="0700000"/>
						<SP ID="P34_SP00018" HPOS="618" VPOS="344" WIDTH="22"/>
						<String ID="P34_ST00023" HPOS="640" VPOS="311" WIDTH="57" HEIGHT="25" CONTENT="into" WC="1.00" CC="0000"/>
						<SP ID="P34_SP00019" HPOS="697" VPOS="344" WIDTH="23"/>
						<String ID="P34_ST00024" HPOS="720" VPOS="310" WIDTH="47" HEIGHT="25" CONTENT="the" WC="1.00" CC="000"/>
						<SP ID="P34_SP00020" HPOS="767" VPOS="344" WIDTH="22"/>
						<String ID="P34_ST00025" HPOS="789" VPOS="307" WIDTH="144" HEIGHT="34" CONTENT="overlying" WC="1.00" CC="000000000"/>
						<SP ID="P34_SP00021" HPOS="933" VPOS="344" WIDTH="20"/>
						<String ID="P34_ST00026" HPOS="953" VPOS="306" WIDTH="63" HEIGHT="26" CONTENT="bed." WC="0.99" CC="0000"/>
					</TextLine>
					<TextLine ID="P34_TL00006" HPOS="220" VPOS="343" WIDTH="703" HEIGHT="36">
						<String ID="P34_ST00027" HPOS="220" VPOS="354" WIDTH="41" HEIGHT="24" CONTENT="25." WC="0.70" CC="350"/>
						<SP ID="P34_SP00022" HPOS="261" VPOS="378" WIDTH="21"/>
						<String ID="P34_ST00028" HPOS="282" VPOS="347" WIDTH="81" HEIGHT="24" CONTENT="Hard" WC="0.88" CC="0040"/>
						<SP ID="P34_SP00023" HPOS="363" VPOS="378" WIDTH="20"/>
						<String ID="P34_ST00029" HPOS="383" VPOS="347" WIDTH="92" HEIGHT="32" CONTENT="cyclas" WC="1.00" CC="000000"/>
						<SP ID="P34_SP00024" HPOS="475" VPOS="379" WIDTH="21"/>
						<String ID="P34_ST00030" HPOS="496" VPOS="346" WIDTH="83" HEIGHT="29" CONTENT="band," WC="0.98" CC="00000"/>
						<SP ID="P34_SP00025" HPOS="579" VPOS="379" WIDTH="21"/>
						<String ID="P34_ST00031" HPOS="600" VPOS="345" WIDTH="27" HEIGHT="25" CONTENT="in" WC="0.73" CC="31"/>
						<SP ID="P34_SP00026" HPOS="627" VPOS="379" WIDTH="21"/>
						<String ID="P34_ST00032" HPOS="648" VPOS="345" WIDTH="69" HEIGHT="25" CONTENT="dark" WC="0.85" CC="0320"/>
						<SP ID="P34_SP00027" HPOS="717" VPOS="379" WIDTH="20"/>
						<String ID="P34_ST00033" HPOS="737" VPOS="353" WIDTH="67" HEIGHT="23" CONTENT="grey" WC="1.00" CC="0000"/>
						<SP ID="P34_SP00028" HPOS="804" VPOS="379" WIDTH="18"/>
						<String ID="P34_ST00034" HPOS="822" VPOS="343" WIDTH="101" HEIGHT="25" CONTENT="shales." WC="1.00" CC="0000000"/>
					</TextLine>
					<TextLine ID="P34_TL00007" HPOS="220" VPOS="375" WIDTH="796" HEIGHT="39">
						<String ID="P34_ST00035" HPOS="220" VPOS="382" WIDTH="41" HEIGHT="23" CONTENT="26." WC="0.72" CC="520"/>
						<SP ID="P34_SP00029" HPOS="261" VPOS="405" WIDTH="21"/>
						<String ID="P34_ST00036" HPOS="282" VPOS="381" WIDTH="77" HEIGHT="24" CONTENT="Dark" WC="0.91" CC="0300"/>
						<SP ID="P34_SP00030" HPOS="359" VPOS="405" WIDTH="20"/>
						<String ID="P34_ST00037" HPOS="379" VPOS="389" WIDTH="66" HEIGHT="25" CONTENT="grey" WC="1.00" CC="0000"/>
						<SP ID="P34_SP00031" HPOS="445" VPOS="414" WIDTH="19"/>
						<String ID="P34_ST00038" HPOS="464" VPOS="380" WIDTH="101" HEIGHT="29" CONTENT="shales," WC="0.93" CC="0300000"/>
						<SP ID="P34_SP00032" HPOS="565" VPOS="414" WIDTH="20"/>
						<String ID="P34_ST00039" HPOS="585" VPOS="380" WIDTH="101" HEIGHT="24" CONTENT="harder" WC="0.83" CC="602001"/>
						<SP ID="P34_SP00033" HPOS="686" VPOS="414" WIDTH="21"/>
						<String ID="P34_ST00040" HPOS="707" VPOS="379" WIDTH="55" HEIGHT="25" CONTENT="and" WC="0.80" CC="050"/>
						<SP ID="P34_SP00034" HPOS="762" VPOS="414" WIDTH="21"/>
						<String ID="P34_ST00041" HPOS="783" VPOS="386" WIDTH="77" HEIGHT="17" CONTENT="more" WC="0.92" CC="2100"/>
						<SP ID="P34_SP00035" HPOS="860" VPOS="414" WIDTH="19"/>
						<String ID="P34_ST00042" HPOS="879" VPOS="376" WIDTH="90" HEIGHT="33" CONTENT="marly" WC="0.76" CC="40700"/>
						<SP ID="P34_SP00036" HPOS="969" VPOS="414" WIDTH="19"/>
						<String ID="P34_ST00043" HPOS="988" VPOS="375" WIDTH="28" HEIGHT="25" CONTENT="in" WC="0.85" CC="20"/>
					</TextLine>
					<TextLine ID="P34_TL00008" HPOS="322" VPOS="414" WIDTH="280" HEIGHT="33">
						<String ID="P34_ST00044" HPOS="322" VPOS="415" WIDTH="47" HEIGHT="24" CONTENT="the" WC="0.98" CC="000"/>
						<SP ID="P34_SP00037" HPOS="369" VPOS="439" WIDTH="19"/>
						<String ID="P34_ST00045" HPOS="388" VPOS="415" WIDTH="82" HEIGHT="25" CONTENT="lower" WC="0.93" CC="03000"/>
						<SP ID="P34_SP00038" HPOS="470" VPOS="440" WIDTH="21"/>
						<String ID="P34_ST00046" HPOS="491" VPOS="423" WIDTH="29" HEIGHT="24" CONTENT="13" WC="0.78" CC="40"/>
						<SP ID="P34_SP00039" HPOS="520" VPOS="447" WIDTH="20"/>
						<String ID="P34_ST00047" HPOS="540" VPOS="414" WIDTH="62" HEIGHT="25" CONTENT="feet." WC="1.00" CC="00000"/>
					</TextLine>
					<TextLine ID="P34_TL00009" HPOS="220" VPOS="446" WIDTH="731" HEIGHT="35">
						<String ID="P34_ST00048" HPOS="220" VPOS="455" WIDTH="42" HEIGHT="25" CONTENT="27." WC="0.87" CC="300"/>
						<SP ID="P34_SP00040" HPOS="262" VPOS="480" WIDTH="21"/>
						<String ID="P34_ST00049" HPOS="283" VPOS="448" WIDTH="81" HEIGHT="25" CONTENT="Hard" WC="0.88" CC="2010"/>
						<SP ID="P34_SP00041" HPOS="364" VPOS="480" WIDTH="18"/>
						<String ID="P34_ST00050" HPOS="382" VPOS="448" WIDTH="88" HEIGHT="33" CONTENT="sandy" WC="1.00" CC="00000"/>
						<SP ID="P34_SP00042" HPOS="470" VPOS="481" WIDTH="19"/>
						<String ID="P34_ST00051" HPOS="489" VPOS="448" WIDTH="62" HEIGHT="29" CONTENT="bed," WC="0.95" CC="1000"/>
						<SP ID="P34_SP00043" HPOS="551" VPOS="481" WIDTH="19"/>
						<String ID="P34_ST00052" HPOS="570" VPOS="448" WIDTH="68" HEIGHT="26" CONTENT="with" WC="0.92" CC="0300"/>
						<SP ID="P34_SP00044" HPOS="638" VPOS="481" WIDTH="18"/>
						<String ID="P34_ST00053" HPOS="656" VPOS="447" WIDTH="97" HEIGHT="33" CONTENT="lignite" WC="0.82" CC="0320500"/>
						<SP ID="P34_SP00045" HPOS="753" VPOS="481" WIDTH="19"/>
						<String ID="P34_ST00054" HPOS="772" VPOS="455" WIDTH="35" HEIGHT="16" CONTENT="on" WC="1.00" CC="00"/>
						<SP ID="P34_SP00046" HPOS="807" VPOS="481" WIDTH="20"/>
						<String ID="P34_ST00055" HPOS="827" VPOS="446" WIDTH="48" HEIGHT="24" CONTENT="the" WC="1.00" CC="000"/>
						<SP ID="P34_SP00047" HPOS="875" VPOS="481" WIDTH="18"/>
						<String ID="P34_ST00056" HPOS="893" VPOS="448" WIDTH="58" HEIGHT="29" CONTENT="top." WC="0.98" CC="0000"/>
					</TextLine>
					<TextLine ID="P34_TL00010" HPOS="221" VPOS="480" WIDTH="796" HEIGHT="36">
						<String ID="P34_ST00057" HPOS="221" VPOS="484" WIDTH="41" HEIGHT="24" CONTENT="28." WC="0.69" CC="900"/>
						<SP ID="P34_SP00048" HPOS="262" VPOS="508" WIDTH="21"/>
						<String ID="P34_ST00058" HPOS="283" VPOS="483" WIDTH="74" HEIGHT="32" CONTENT="Grey" WC="0.91" CC="0300"/>
						<SP ID="P34_SP00049" HPOS="357" VPOS="515" WIDTH="20"/>
						<String ID="P34_ST00059" HPOS="377" VPOS="483" WIDTH="88" HEIGHT="33" CONTENT="sandy" WC="0.90" CC="00400"/>
						<SP ID="P34_SP00050" HPOS="465" VPOS="516" WIDTH="12"/>
						<String ID="P34_ST00060" HPOS="477" VPOS="483" WIDTH="93" HEIGHT="29" CONTENT="marls," WC="1.00" CC="000000"/>
						<SP ID="P34_SP00051" HPOS="570" VPOS="516" WIDTH="15"/>
						<String ID="P34_ST00061" HPOS="585" VPOS="482" WIDTH="66" HEIGHT="26" CONTENT="with" WC="0.84" CC="0104"/>
						<SP ID="P34_SP00052" HPOS="651" VPOS="516" WIDTH="14"/>
						<String ID="P34_ST00062" HPOS="665" VPOS="482" WIDTH="116" HEIGHT="25" CONTENT="nodules" WC="0.92" CC="0005000"/>
						<SP ID="P34_SP00053" HPOS="781" VPOS="516" WIDTH="13"/>
						<String ID="P34_ST00063" HPOS="794" VPOS="480" WIDTH="31" HEIGHT="26" CONTENT="of" WC="1.00" CC="00"/>
						<SP ID="P34_SP00054" HPOS="825" VPOS="516" WIDTH="10"/>
						<String ID="P34_ST00064" HPOS="835" VPOS="480" WIDTH="182" HEIGHT="33" CONTENT="argillaceous" WC="0.92" CC="050301000000"/>
					</TextLine>
					<TextLine ID="P34_TL00011" HPOS="324" VPOS="517" WIDTH="154" HEIGHT="24">
						<String ID="P34_ST00065" HPOS="324" VPOS="517" WIDTH="154" HEIGHT="24" CONTENT="limestone." WC="1.00" CC="0000000000"/>
					</TextLine>
				</TextBlock>
				<TextBlock ID="P34_TB00004" HPOS="223" VPOS="547" WIDTH="794" HEIGHT="62" STYLEREFS="TXT_1 PAR_LEFT">
					<TextLine ID="P34_TL00012" HPOS="224" VPOS="547" WIDTH="793" HEIGHT="38">
						<String ID="P34_ST00066" HPOS="224" VPOS="558" WIDTH="40" HEIGHT="25" CONTENT="29." WC="0.52" CC="940"/>
						<SP ID="P34_SP00055" HPOS="264" VPOS="583" WIDTH="22"/>
						<String ID="P34_ST00067" HPOS="286" VPOS="552" WIDTH="67" HEIGHT="23" CONTENT="Pale" WC="0.69" CC="6050"/>
						<SP ID="P34_SP00056" HPOS="353" VPOS="583" WIDTH="22"/>
						<String ID="P34_ST00068" HPOS="375" VPOS="560" WIDTH="66" HEIGHT="24" CONTENT="grey" WC="0.96" CC="0100"/>
						<SP ID="P34_SP00057" HPOS="441" VPOS="584" WIDTH="22"/>
						<String ID="P34_ST00069" HPOS="463" VPOS="552" WIDTH="88" HEIGHT="33" CONTENT="sandy" WC="1.00" CC="00000"/>
						<SP ID="P34_SP00058" HPOS="551" VPOS="585" WIDTH="19"/>
						<String ID="P34_ST00070" HPOS="570" VPOS="552" WIDTH="93" HEIGHT="28" CONTENT="marls," WC="0.91" CC="000500"/>
						<SP ID="P34_SP00059" HPOS="663" VPOS="585" WIDTH="15"/>
						<String ID="P34_ST00071" HPOS="678" VPOS="550" WIDTH="67" HEIGHT="25" CONTENT="with" WC="0.93" CC="0101"/>
						<SP ID="P34_SP00060" HPOS="745" VPOS="585" WIDTH="22"/>
						<String ID="P34_ST00072" HPOS="767" VPOS="558" WIDTH="17" HEIGHT="17" CONTENT="a" WC="1.00" CC="0"/>
						<SP ID="P34_SP00061" HPOS="784" VPOS="585" WIDTH="22"/>
						<String ID="P34_ST00073" HPOS="806" VPOS="549" WIDTH="75" HEIGHT="26" CONTENT="band" WC="1.00" CC="0000"/>
						<SP ID="P34_SP00062" HPOS="881" VPOS="585" WIDTH="20"/>
						<String ID="P34_ST00074" HPOS="901" VPOS="548" WIDTH="31" HEIGHT="26" CONTENT="of" WC="1.00" CC="00"/>
						<SP ID="P34_SP00063" HPOS="932" VPOS="585" WIDTH="17"/>
						<String ID="P34_ST00075" HPOS="949" VPOS="547" WIDTH="68" HEIGHT="26" CONTENT="hard" WC="0.92" CC="0030"/>
					</TextLine>
					<TextLine ID="P34_TL00013" HPOS="325" VPOS="586" WIDTH="352" HEIGHT="23">
						<String ID="P34_ST00076" HPOS="325" VPOS="586" WIDTH="150" HEIGHT="23" CONTENT="sandstone" WC="1.00" CC="000000000"/>
						<SP ID="P34_SP00064" HPOS="475" VPOS="609" WIDTH="19"/>
						<String ID="P34_ST00077" HPOS="494" VPOS="586" WIDTH="183" HEIGHT="23" CONTENT="concretions." WC="0.92" CC="000050031000"/>
					</TextLine>
				</TextBlock>
				<TextBlock ID="P34_TB00005" HPOS="224" VPOS="618" WIDTH="796" HEIGHT="720" STYLEREFS="TXT_1 PAR_LEFT">
					<TextLine ID="P34_TL00014" HPOS="225" VPOS="618" WIDTH="686" HEIGHT="34">
						<String ID="P34_ST00078" HPOS="225" VPOS="627" WIDTH="40" HEIGHT="24" CONTENT="30." WC="0.76" CC="700"/>
						<SP ID="P34_SP00065" HPOS="265" VPOS="651" WIDTH="22"/>
						<String ID="P34_ST00079" HPOS="287" VPOS="620" WIDTH="80" HEIGHT="24" CONTENT="Hard" WC="0.78" CC="4040"/>
						<SP ID="P34_SP00066" HPOS="367" VPOS="651" WIDTH="19"/>
						<String ID="P34_ST00080" HPOS="386" VPOS="620" WIDTH="55" HEIGHT="24" CONTENT="and" WC="1.00" CC="000"/>
						<SP ID="P34_SP00067" HPOS="441" VPOS="651" WIDTH="18"/>
						<String ID="P34_ST00081" HPOS="459" VPOS="619" WIDTH="133" HEIGHT="33" CONTENT="irregular" WC="0.88" CC="230004000"/>
						<SP ID="P34_SP00068" HPOS="592" VPOS="652" WIDTH="20"/>
						<String ID="P34_ST00082" HPOS="612" VPOS="619" WIDTH="74" HEIGHT="26" CONTENT="band" WC="0.94" CC="0020"/>
						<SP ID="P34_SP00069" HPOS="686" VPOS="652" WIDTH="19"/>
						<String ID="P34_ST00083" HPOS="705" VPOS="619" WIDTH="29" HEIGHT="25" CONTENT="of" WC="1.00" CC="00"/>
						<SP ID="P34_SP00070" HPOS="734" VPOS="652" WIDTH="17"/>
						<String ID="P34_ST00084" HPOS="751" VPOS="618" WIDTH="160" HEIGHT="25" CONTENT="sandstone." WC="0.91" CC="0080000000"/>
					</TextLine>
					<TextLine ID="P34_TL00015" HPOS="225" VPOS="654" WIDTH="255" HEIGHT="31">
						<String ID="P34_ST00085" HPOS="225" VPOS="662" WIDTH="41" HEIGHT="23" CONTENT="31." WC="1.00" CC="000"/>
						<SP ID="P34_SP00071" HPOS="266" VPOS="685" WIDTH="20"/>
						<String ID="P34_ST00086" HPOS="286" VPOS="654" WIDTH="89" HEIGHT="25" CONTENT="Black" WC="0.88" CC="14000"/>
						<SP ID="P34_SP00072" HPOS="375" VPOS="685" WIDTH="19"/>
						<String ID="P34_ST00087" HPOS="394" VPOS="654" WIDTH="86" HEIGHT="25" CONTENT="shale." WC="0.95" CC="010100"/>
					</TextLine>
					<TextLine ID="P34_TL00016" HPOS="225" VPOS="686" WIDTH="795" HEIGHT="35">
						<String ID="P34_ST00088" HPOS="225" VPOS="696" WIDTH="40" HEIGHT="24" CONTENT="32." WC="0.97" CC="000"/>
						<SP ID="P34_SP00073" HPOS="265" VPOS="720" WIDTH="22"/>
						<String ID="P34_ST00089" HPOS="287" VPOS="688" WIDTH="182" HEIGHT="25" CONTENT="Concretions" WC="0.92" CC="00003005000"/>
						<SP ID="P34_SP00074" HPOS="469" VPOS="720" WIDTH="24"/>
						<String ID="P34_ST00090" HPOS="493" VPOS="687" WIDTH="31" HEIGHT="26" CONTENT="of" WC="1.00" CC="00"/>
						<SP ID="P34_SP00075" HPOS="524" VPOS="720" WIDTH="21"/>
						<String ID="P34_ST00091" HPOS="545" VPOS="688" WIDTH="98" HEIGHT="33" CONTENT="yellow" WC="1.00" CC="000000"/>
						<SP ID="P34_SP00076" HPOS="643" VPOS="721" WIDTH="24"/>
						<String ID="P34_ST00092" HPOS="667" VPOS="687" WIDTH="89" HEIGHT="33" CONTENT="sandy" WC="1.00" CC="00000"/>
						<SP ID="P34_SP00077" HPOS="756" VPOS="721" WIDTH="24"/>
						<String ID="P34_ST00093" HPOS="780" VPOS="687" WIDTH="155" HEIGHT="29" CONTENT="limestone," WC="0.99" CC="0100000000"/>
						<SP ID="P34_SP00078" HPOS="935" VPOS="721" WIDTH="23"/>
						<String ID="P34_ST00094" HPOS="958" VPOS="686" WIDTH="62" HEIGHT="33" CONTENT="clay" WC="1.00" CC="0000"/>
					</TextLine>
					<TextLine ID="P34_TL00017" HPOS="325" VPOS="721" WIDTH="695" HEIGHT="34">
						<String ID="P34_ST00095" HPOS="325" VPOS="723" WIDTH="150" HEIGHT="29" CONTENT="ironstone," WC="0.99" CC="0010000000"/>
						<SP ID="P34_SP00079" HPOS="475" VPOS="752" WIDTH="34"/>
						<String ID="P34_ST00096" HPOS="509" VPOS="722" WIDTH="152" HEIGHT="25" CONTENT="laminated" WC="0.96" CC="000003000"/>
						<SP ID="P34_SP00080" HPOS="661" VPOS="752" WIDTH="33"/>
						<String ID="P34_ST00097" HPOS="694" VPOS="722" WIDTH="67" HEIGHT="25" CONTENT="with" WC="0.99" CC="0000"/>
						<SP ID="P34_SP00081" HPOS="761" VPOS="752" WIDTH="34"/>
						<String ID="P34_ST00098" HPOS="795" VPOS="721" WIDTH="93" HEIGHT="34" CONTENT="bright" WC="0.75" CC="034025"/>
						<SP ID="P34_SP00082" HPOS="888" VPOS="755" WIDTH="34"/>
						<String ID="P34_ST00099" HPOS="922" VPOS="722" WIDTH="98" HEIGHT="33" CONTENT="yellow" WC="0.73" CC="003308"/>
					</TextLine>
					<TextLine ID="P34_TL00018" HPOS="327" VPOS="757" WIDTH="394" HEIGHT="33">
						<String ID="P34_ST00100" HPOS="327" VPOS="757" WIDTH="70" HEIGHT="25" CONTENT="sand" WC="1.00" CC="0000"/>
						<SP ID="P34_SP00083" HPOS="397" VPOS="782" WIDTH="11"/>
						<String ID="P34_ST00101" HPOS="408" VPOS="767" WIDTH="5" HEIGHT="15" CONTENT=":" WC="1.00" CC="0"/>
						<SP ID="P34_SP00084" HPOS="413" VPOS="782" WIDTH="20"/>
						<String ID="P34_ST00102" HPOS="433" VPOS="757" WIDTH="92" HEIGHT="33" CONTENT="cypris" WC="0.94" CC="000101"/>
						<SP ID="P34_SP00085" HPOS="525" VPOS="790" WIDTH="20"/>
						<String ID="P34_ST00103" HPOS="545" VPOS="757" WIDTH="54" HEIGHT="24" CONTENT="and" WC="1.00" CC="000"/>
						<SP ID="P34_SP00086" HPOS="599" VPOS="790" WIDTH="19"/>
						<String ID="P34_ST00104" HPOS="618" VPOS="757" WIDTH="103" HEIGHT="32" CONTENT="plants." WC="0.98" CC="0100000"/>
					</TextLine>
					<TextLine ID="P34_TL00019" HPOS="226" VPOS="791" WIDTH="740" HEIGHT="33">
						<String ID="P34_ST00105" HPOS="226" VPOS="799" WIDTH="40" HEIGHT="24" CONTENT="33." WC="1.00" CC="000"/>
						<SP ID="P34_SP00087" HPOS="266" VPOS="823" WIDTH="21"/>
						<String ID="P34_ST00106" HPOS="287" VPOS="791" WIDTH="93" HEIGHT="33" CONTENT="Large" WC="0.91" CC="20200"/>
						<SP ID="P34_SP00088" HPOS="380" VPOS="824" WIDTH="20"/>
						<String ID="P34_ST00107" HPOS="400" VPOS="791" WIDTH="74" HEIGHT="27" CONTENT="Unio" WC="0.65" CC="0723"/>
						<SP ID="P34_SP00089" HPOS="474" VPOS="824" WIDTH="19"/>
						<String ID="P34_ST00108" HPOS="493" VPOS="791" WIDTH="55" HEIGHT="25" CONTENT="and" WC="1.00" CC="000"/>
						<SP ID="P34_SP00090" HPOS="548" VPOS="824" WIDTH="20"/>
						<String ID="P34_ST00109" HPOS="568" VPOS="792" WIDTH="101" HEIGHT="32" CONTENT="Cyclas" WC="1.00" CC="000000"/>
						<SP ID="P34_SP00091" HPOS="669" VPOS="824" WIDTH="12"/>
						<String ID="P34_ST00110" HPOS="681" VPOS="801" WIDTH="5" HEIGHT="15" CONTENT=":" WC="0.62" CC="3"/>
						<SP ID="P34_SP00092" HPOS="686" VPOS="824" WIDTH="21"/>
						<String ID="P34_ST00111" HPOS="707" VPOS="791" WIDTH="124" HEIGHT="25" CONTENT="Paludina" WC="0.55" CC="70975050"/>
						<SP ID="P34_SP00093" HPOS="831" VPOS="824" WIDTH="19"/>
						<String ID="P34_ST00112" HPOS="850" VPOS="791" WIDTH="116" HEIGHT="32" CONTENT="elongata." WC="0.80" CC="006500400"/>
					</TextLine>
					<TextLine ID="P34_TL00020" HPOS="226" VPOS="828" WIDTH="792" HEIGHT="34">
						<String ID="P34_ST00113" HPOS="226" VPOS="837" WIDTH="41" HEIGHT="24" CONTENT="34." WC="1.00" CC="000"/>
						<SP ID="P34_SP00094" HPOS="267" VPOS="861" WIDTH="22"/>
						<String ID="P34_ST00114" HPOS="289" VPOS="829" WIDTH="124" HEIGHT="25" CONTENT="Nodules" WC="0.99" CC="0000000"/>
						<SP ID="P34_SP00095" HPOS="413" VPOS="861" WIDTH="20"/>
						<String ID="P34_ST00115" HPOS="433" VPOS="829" WIDTH="30" HEIGHT="25" CONTENT="of" WC="1.00" CC="00"/>
						<SP ID="P34_SP00096" HPOS="463" VPOS="861" WIDTH="15"/>
						<String ID="P34_ST00116" HPOS="478" VPOS="829" WIDTH="105" HEIGHT="33" CONTENT="pyrites" WC="0.90" CC="0040002"/>
						<SP ID="P34_SP00097" HPOS="583" VPOS="862" WIDTH="14"/>
						<String ID="P34_ST00117" HPOS="597" VPOS="829" WIDTH="54" HEIGHT="24" CONTENT="and" WC="1.00" CC="000"/>
						<SP ID="P34_SP00098" HPOS="651" VPOS="862" WIDTH="15"/>
						<String ID="P34_ST00118" HPOS="666" VPOS="837" WIDTH="16" HEIGHT="16" CONTENT="a" WC="1.00" CC="0"/>
						<SP ID="P34_SP00099" HPOS="682" VPOS="862" WIDTH="17"/>
						<String ID="P34_ST00119" HPOS="699" VPOS="829" WIDTH="51" HEIGHT="25" CONTENT="few" WC="0.72" CC="008"/>
						<SP ID="P34_SP00100" HPOS="750" VPOS="862" WIDTH="19"/>
						<String ID="P34_ST00120" HPOS="769" VPOS="829" WIDTH="115" HEIGHT="33" CONTENT="pebbles" WC="1.00" CC="0000000"/>
						<SP ID="P34_SP00101" HPOS="884" VPOS="862" WIDTH="14"/>
						<String ID="P34_ST00121" HPOS="898" VPOS="828" WIDTH="29" HEIGHT="25" CONTENT="of" WC="1.00" CC="00"/>
						<SP ID="P34_SP00102" HPOS="927" VPOS="862" WIDTH="13"/>
						<String ID="P34_ST00122" HPOS="940" VPOS="829" WIDTH="62" HEIGHT="33" CONTENT="clay" WC="1.00" CC="0000"/>
						<SP ID="P34_SP00103" HPOS="1002" VPOS="862" WIDTH="11"/>
						<String ID="P34_ST00123" HPOS="1013" VPOS="837" WIDTH="5" HEIGHT="20" CONTENT=";" WC="0.74" CC="2"/>
					</TextLine>
					<TextLine ID="P34_TL00021" HPOS="329" VPOS="863" WIDTH="403" HEIGHT="32">
						<String ID="P34_ST00124" HPOS="329" VPOS="865" WIDTH="206" HEIGHT="24" CONTENT="carbonaceous" WC="1.00" CC="000000000000"/>
						<SP ID="P34_SP00104" HPOS="535" VPOS="889" WIDTH="23"/>
						<String ID="P34_ST00125" HPOS="558" VPOS="863" WIDTH="27" HEIGHT="25" CONTENT="in" WC="0.56" CC="26"/>
						<SP ID="P34_SP00105" HPOS="585" VPOS="889" WIDTH="22"/>
						<String ID="P34_ST00126" HPOS="607" VPOS="863" WIDTH="125" HEIGHT="32" CONTENT="patches." WC="0.93" CC="00002002"/>
					</TextLine>
					<TextLine ID="P34_TL00022" HPOS="226" VPOS="898" WIDTH="793" HEIGHT="33">
						<String ID="P34_ST00127" HPOS="226" VPOS="905" WIDTH="41" HEIGHT="25" CONTENT="35." WC="0.81" CC="050"/>
						<SP ID="P34_SP00106" HPOS="267" VPOS="930" WIDTH="20"/>
						<String ID="P34_ST00128" HPOS="287" VPOS="899" WIDTH="104" HEIGHT="25" CONTENT="Yellow" WC="0.97" CC="001000"/>
						<SP ID="P34_SP00107" HPOS="391" VPOS="930" WIDTH="14"/>
						<String ID="P34_ST00129" HPOS="405" VPOS="898" WIDTH="69" HEIGHT="25" CONTENT="sand" WC="1.00" CC="0000"/>
						<SP ID="P34_SP00108" HPOS="474" VPOS="930" WIDTH="18"/>
						<String ID="P34_ST00130" HPOS="492" VPOS="898" WIDTH="54" HEIGHT="25" CONTENT="and" WC="1.00" CC="000"/>
						<SP ID="P34_SP00109" HPOS="546" VPOS="930" WIDTH="18"/>
						<String ID="P34_ST00131" HPOS="564" VPOS="898" WIDTH="54" HEIGHT="25" CONTENT="soft" WC="0.98" CC="0000"/>
						<SP ID="P34_SP00110" HPOS="618" VPOS="930" WIDTH="18"/>
						<String ID="P34_ST00132" HPOS="636" VPOS="898" WIDTH="92" HEIGHT="33" CONTENT="bright" WC="0.71" CC="043090"/>
						<SP ID="P34_SP00111" HPOS="728" VPOS="931" WIDTH="20"/>
						<String ID="P34_ST00133" HPOS="748" VPOS="898" WIDTH="97" HEIGHT="33" CONTENT="yellow" WC="0.85" CC="000009"/>
						<SP ID="P34_SP00112" HPOS="845" VPOS="931" WIDTH="15"/>
						<String ID="P34_ST00134" HPOS="860" VPOS="898" WIDTH="159" HEIGHT="29" CONTENT="sandstone," WC="1.00" CC="0000000000"/>
					</TextLine>
					<TextLine ID="P34_TL00023" HPOS="329" VPOS="932" WIDTH="691" HEIGHT="35">
						<String ID="P34_ST00135" HPOS="329" VPOS="934" WIDTH="101" HEIGHT="33" CONTENT="mostly" WC="0.94" CC="000030"/>
						<SP ID="P34_SP00113" HPOS="430" VPOS="967" WIDTH="19"/>
						<String ID="P34_ST00136" HPOS="449" VPOS="933" WIDTH="117" HEIGHT="25" CONTENT="without" WC="0.86" CC="0023030"/>
						<SP ID="P34_SP00114" HPOS="566" VPOS="967" WIDTH="19"/>
						<String ID="P34_ST00137" HPOS="585" VPOS="932" WIDTH="100" HEIGHT="30" CONTENT="fossils," WC="0.94" CC="01000003"/>
						<SP ID="P34_SP00115" HPOS="685" VPOS="967" WIDTH="22"/>
						<String ID="P34_ST00138" HPOS="707" VPOS="934" WIDTH="98" HEIGHT="32" CONTENT="evenly" WC="0.78" CC="090300"/>
						<SP ID="P34_SP00116" HPOS="805" VPOS="967" WIDTH="20"/>
						<String ID="P34_ST00139" HPOS="825" VPOS="933" WIDTH="108" HEIGHT="24" CONTENT="bedded" WC="1.00" CC="000000"/>
						<SP ID="P34_SP00117" HPOS="933" VPOS="967" WIDTH="20"/>
						<String ID="P34_ST00140" HPOS="953" VPOS="932" WIDTH="67" HEIGHT="26" CONTENT="with" WC="0.90" CC="0400"/>
					</TextLine>
					<TextLine ID="P34_TL00024" HPOS="329" VPOS="967" WIDTH="566" HEIGHT="33">
						<String ID="P34_ST00141" HPOS="329" VPOS="967" WIDTH="88" HEIGHT="33" CONTENT="ripple" WC="0.89" CC="400010"/>
						<SP ID="P34_SP00118" HPOS="417" VPOS="1000" WIDTH="19"/>
						<String ID="P34_ST00142" HPOS="436" VPOS="967" WIDTH="93" HEIGHT="25" CONTENT="marks" WC="0.98" CC="00000"/>
						<SP ID="P34_SP00119" HPOS="529" VPOS="1000" WIDTH="20"/>
						<String ID="P34_ST00143" HPOS="549" VPOS="967" WIDTH="54" HEIGHT="25" CONTENT="and" WC="1.00" CC="000"/>
						<SP ID="P34_SP00120" HPOS="603" VPOS="1000" WIDTH="20"/>
						<String ID="P34_ST00144" HPOS="623" VPOS="967" WIDTH="67" HEIGHT="25" CONTENT="false" WC="1.00" CC="00000"/>
						<SP ID="P34_SP00121" HPOS="690" VPOS="1000" WIDTH="17"/>
						<String ID="P34_ST00145" HPOS="707" VPOS="967" WIDTH="188" HEIGHT="25" CONTENT="laminations." WC="0.90" CC="400200000400"/>
					</TextLine>
					<TextLine ID="P34_TL00025" HPOS="226" VPOS="1001" WIDTH="794" HEIGHT="35">
						<String ID="P34_ST00146" HPOS="226" VPOS="1003" WIDTH="41" HEIGHT="31" CONTENT="36." WC="0.72" CC="602"/>
						<SP ID="P34_SP00122" HPOS="267" VPOS="1034" WIDTH="21"/>
						<String ID="P34_ST00147" HPOS="288" VPOS="1002" WIDTH="95" HEIGHT="34" CONTENT="Shaly," WC="0.71" CC="650050"/>
						<SP ID="P34_SP00123" HPOS="383" VPOS="1036" WIDTH="34"/>
						<String ID="P34_ST00148" HPOS="417" VPOS="1011" WIDTH="96" HEIGHT="24" CONTENT="passes" WC="1.00" CC="000000"/>
						<SP ID="P34_SP00124" HPOS="513" VPOS="1036" WIDTH="33"/>
						<String ID="P34_ST00149" HPOS="546" VPOS="1002" WIDTH="147" HEIGHT="26" CONTENT="westward" WC="0.96" CC="00000030"/>
						<SP ID="P34_SP00125" HPOS="693" VPOS="1036" WIDTH="34"/>
						<String ID="P34_ST00150" HPOS="727" VPOS="1003" WIDTH="57" HEIGHT="24" CONTENT="into" WC="0.90" CC="4000"/>
						<SP ID="P34_SP00126" HPOS="784" VPOS="1036" WIDTH="33"/>
						<String ID="P34_ST00151" HPOS="817" VPOS="1002" WIDTH="82" HEIGHT="25" CONTENT="black" WC="1.00" CC="00000"/>
						<SP ID="P34_SP00127" HPOS="899" VPOS="1036" WIDTH="35"/>
						<String ID="P34_ST00152" HPOS="934" VPOS="1001" WIDTH="86" HEIGHT="26" CONTENT="shale." WC="0.89" CC="060000"/>
					</TextLine>
					<TextLine ID="P34_TL00026" HPOS="329" VPOS="1036" WIDTH="691" HEIGHT="33">
						<String ID="P34_ST00153" HPOS="329" VPOS="1038" WIDTH="99" HEIGHT="23" CONTENT="Forms" WC="0.98" CC="00100"/>
						<SP ID="P34_SP00128" HPOS="428" VPOS="1061" WIDTH="13"/>
						<String ID="P34_ST00154" HPOS="441" VPOS="1037" WIDTH="48" HEIGHT="24" CONTENT="the" WC="0.85" CC="040"/>
						<SP ID="P34_SP00129" HPOS="489" VPOS="1061" WIDTH="18"/>
						<String ID="P34_ST00155" HPOS="507" VPOS="1038" WIDTH="83" HEIGHT="24" CONTENT="lower" WC="0.91" CC="00004"/>
						<SP ID="P34_SP00130" HPOS="590" VPOS="1062" WIDTH="20"/>
						<String ID="P34_ST00156" HPOS="610" VPOS="1041" WIDTH="63" HEIGHT="28" CONTENT="part" WC="0.84" CC="0060"/>
						<SP ID="P34_SP00131" HPOS="673" VPOS="1069" WIDTH="18"/>
						<String ID="P34_ST00157" HPOS="691" VPOS="1037" WIDTH="30" HEIGHT="24" CONTENT="of" WC="1.00" CC="00"/>
						<SP ID="P34_SP00132" HPOS="721" VPOS="1069" WIDTH="18"/>
						<String ID="P34_ST00158" HPOS="739" VPOS="1037" WIDTH="169" HEIGHT="32" CONTENT="Shepherd's" WC="0.87" CC="0600600000"/>
						<SP ID="P34_SP00133" HPOS="908" VPOS="1069" WIDTH="15"/>
						<String ID="P34_ST00159" HPOS="923" VPOS="1036" WIDTH="97" HEIGHT="25" CONTENT="Chine." WC="1.00" CC="000000"/>
					</TextLine>
					<TextLine ID="P34_TL00027" HPOS="227" VPOS="1071" WIDTH="793" HEIGHT="34">
						<String ID="P34_ST00160" HPOS="227" VPOS="1079" WIDTH="41" HEIGHT="25" CONTENT="37." WC="1.00" CC="000"/>
						<SP ID="P34_SP00134" HPOS="268" VPOS="1104" WIDTH="21"/>
						<String ID="P34_ST00161" HPOS="289" VPOS="1072" WIDTH="95" HEIGHT="33" CONTENT="Sandy" WC="0.89" CC="00005"/>
						<SP ID="P34_SP00135" HPOS="384" VPOS="1105" WIDTH="13"/>
						<String ID="P34_ST00162" HPOS="397" VPOS="1072" WIDTH="153" HEIGHT="28" CONTENT="limestone," WC="0.98" CC="0000000100"/>
						<SP ID="P34_SP00136" HPOS="550" VPOS="1105" WIDTH="15"/>
						<String ID="P34_ST00163" HPOS="565" VPOS="1072" WIDTH="118" HEIGHT="24" CONTENT="covered" WC="0.93" CC="0200100"/>
						<SP ID="P34_SP00137" HPOS="683" VPOS="1105" WIDTH="12"/>
						<String ID="P34_ST00164" HPOS="695" VPOS="1072" WIDTH="68" HEIGHT="25" CONTENT="with" WC="0.76" CC="0405"/>
						<SP ID="P34_SP00138" HPOS="763" VPOS="1105" WIDTH="19"/>
						<String ID="P34_ST00165" HPOS="782" VPOS="1071" WIDTH="68" HEIGHT="29" CONTENT="iron," WC="0.87" CC="06000"/>
						<SP ID="P34_SP00139" HPOS="850" VPOS="1105" WIDTH="16"/>
						<String ID="P34_ST00166" HPOS="866" VPOS="1071" WIDTH="66" HEIGHT="26" CONTENT="with" WC="0.94" CC="0002"/>
						<SP ID="P34_SP00140" HPOS="932" VPOS="1105" WIDTH="13"/>
						<String ID="P34_ST00167" HPOS="945" VPOS="1072" WIDTH="75" HEIGHT="33" CONTENT="layer" WC="0.92" CC="00004"/>
					</TextLine>
					<TextLine ID="P34_TL00028" HPOS="328" VPOS="1106" WIDTH="303" HEIGHT="32">
						<String ID="P34_ST00168" HPOS="328" VPOS="1106" WIDTH="30" HEIGHT="25" CONTENT="of" WC="1.00" CC="00"/>
						<SP ID="P34_SP00141" HPOS="358" VPOS="1131" WIDTH="16"/>
						<String ID="P34_ST00169" HPOS="374" VPOS="1106" WIDTH="122" HEIGHT="26" CONTENT="Paludina" WC="0.84" CC="20070030"/>
						<SP ID="P34_SP00142" HPOS="496" VPOS="1132" WIDTH="18"/>
						<String ID="P34_ST00170" HPOS="514" VPOS="1107" WIDTH="117" HEIGHT="31" CONTENT="elongata." WC="0.85" CC="520000500"/>
					</TextLine>
					<TextLine ID="P34_TL00029" HPOS="227" VPOS="1140" WIDTH="540" HEIGHT="33">
						<String ID="P34_ST00171" HPOS="227" VPOS="1142" WIDTH="41" HEIGHT="31" CONTENT="38." WC="1.00" CC="000"/>
						<SP ID="P34_SP00143" HPOS="268" VPOS="1173" WIDTH="22"/>
						<String ID="P34_ST00172" HPOS="290" VPOS="1140" WIDTH="59" HEIGHT="26" CONTENT="Soft" WC="1.00" CC="0000"/>
						<SP ID="P34_SP00144" HPOS="349" VPOS="1173" WIDTH="22"/>
						<String ID="P34_ST00173" HPOS="371" VPOS="1141" WIDTH="82" HEIGHT="25" CONTENT="black" WC="1.00" CC="00000"/>
						<SP ID="P34_SP00145" HPOS="453" VPOS="1173" WIDTH="22"/>
						<String ID="P34_ST00174" HPOS="475" VPOS="1140" WIDTH="183" HEIGHT="33" CONTENT="argillaceous" WC="0.96" CC="020100000000"/>
						<SP ID="P34_SP00146" HPOS="658" VPOS="1173" WIDTH="23"/>
						<String ID="P34_ST00175" HPOS="681" VPOS="1140" WIDTH="86" HEIGHT="26" CONTENT="shale." WC="0.90" CC="050000"/>
					</TextLine>
					<TextLine ID="P34_TL00030" HPOS="226" VPOS="1174" WIDTH="794" HEIGHT="35">
						<String ID="P34_ST00176" HPOS="226" VPOS="1184" WIDTH="41" HEIGHT="23" CONTENT="39." WC="0.72" CC="520"/>
						<SP ID="P34_SP00147" HPOS="267" VPOS="1207" WIDTH="20"/>
						<String ID="P34_ST00177" HPOS="287" VPOS="1175" WIDTH="78" HEIGHT="25" CONTENT="Dark" WC="0.90" CC="0030"/>
						<SP ID="P34_SP00148" HPOS="365" VPOS="1207" WIDTH="25"/>
						<String ID="P34_ST00178" HPOS="390" VPOS="1184" WIDTH="66" HEIGHT="25" CONTENT="grey" WC="1.00" CC="0000"/>
						<SP ID="P34_SP00149" HPOS="456" VPOS="1209" WIDTH="22"/>
						<String ID="P34_ST00179" HPOS="478" VPOS="1176" WIDTH="79" HEIGHT="33" CONTENT="shaly" WC="0.97" CC="01000"/>
						<SP ID="P34_SP00150" HPOS="557" VPOS="1209" WIDTH="25"/>
						<String ID="P34_ST00180" HPOS="582" VPOS="1176" WIDTH="70" HEIGHT="33" CONTENT="clay," WC="0.96" CC="00200"/>
						<SP ID="P34_SP00151" HPOS="652" VPOS="1209" WIDTH="23"/>
						<String ID="P34_ST00181" HPOS="675" VPOS="1175" WIDTH="68" HEIGHT="25" CONTENT="with" WC="0.75" CC="0413"/>
						<SP ID="P34_SP00152" HPOS="743" VPOS="1209" WIDTH="25"/>
						<String ID="P34_ST00182" HPOS="768" VPOS="1175" WIDTH="89" HEIGHT="25" CONTENT="bands" WC="1.00" CC="00000"/>
						<SP ID="P34_SP00153" HPOS="857" VPOS="1209" WIDTH="25"/>
						<String ID="P34_ST00183" HPOS="882" VPOS="1174" WIDTH="30" HEIGHT="25" CONTENT="of" WC="1.00" CC="00"/>
						<SP ID="P34_SP00154" HPOS="912" VPOS="1209" WIDTH="22"/>
						<String ID="P34_ST00184" HPOS="934" VPOS="1175" WIDTH="86" HEIGHT="32" CONTENT="Cyclas" WC="0.85" CC="000404"/>
					</TextLine>
					<TextLine ID="P34_TL00031" HPOS="328" VPOS="1209" WIDTH="692" HEIGHT="34">
						<String ID="P34_ST00185" HPOS="328" VPOS="1210" WIDTH="76" HEIGHT="25" CONTENT="media" WC="0.86" CC="06000"/>
						<SP ID="P34_SP00155" HPOS="404" VPOS="1235" WIDTH="14"/>
						<String ID="P34_ST00186" HPOS="418" VPOS="1210" WIDTH="54" HEIGHT="24" CONTENT="and" WC="1.00" CC="000"/>
						<SP ID="P34_SP00156" HPOS="472" VPOS="1235" WIDTH="13"/>
						<String ID="P34_ST00187" HPOS="485" VPOS="1210" WIDTH="124" HEIGHT="25" CONTENT="Paludina" WC="0.83" CC="09030000"/>
						<SP ID="P34_SP00157" HPOS="609" VPOS="1235" WIDTH="21"/>
						<String ID="P34_ST00188" HPOS="630" VPOS="1211" WIDTH="118" HEIGHT="32" CONTENT="elongata," WC="0.89" CC="305000000"/>
						<SP ID="P34_SP00158" HPOS="748" VPOS="1243" WIDTH="17"/>
						<String ID="P34_ST00189" HPOS="765" VPOS="1210" WIDTH="87" HEIGHT="33" CONTENT="Cypris" WC="0.65" CC="700904"/>
						<SP ID="P34_SP00159" HPOS="852" VPOS="1243" WIDTH="14"/>
						<String ID="P34_ST00190" HPOS="866" VPOS="1209" WIDTH="154" HEIGHT="34" CONTENT="fasciculata," WC="0.83" CC="000000300492"/>
					</TextLine>
					<TextLine ID="P34_TL00032" HPOS="331" VPOS="1244" WIDTH="689" HEIGHT="38">
						<String ID="P34_ST00191" HPOS="331" VPOS="1246" WIDTH="27" HEIGHT="25" CONTENT="C." WC="0.61" CC="70"/>
						<SP ID="P34_SP00160" HPOS="358" VPOS="1271" WIDTH="24"/>
						<String ID="P34_ST00192" HPOS="382" VPOS="1244" WIDTH="133" HEIGHT="30" CONTENT="Valdensis," WC="0.84" CC="2020730000"/>
						<SP ID="P34_SP00161" HPOS="515" VPOS="1274" WIDTH="23"/>
						<String ID="P34_ST00193" HPOS="538" VPOS="1247" WIDTH="27" HEIGHT="24" CONTENT="C." WC="0.65" CC="51"/>
						<SP ID="P34_SP00162" HPOS="565" VPOS="1274" WIDTH="23"/>
						<String ID="P34_ST00194" HPOS="588" VPOS="1244" WIDTH="174" HEIGHT="34" CONTENT="(granulated" WC="0.81" CC="00353501010"/>
						<SP ID="P34_SP00163" HPOS="762" VPOS="1278" WIDTH="22"/>
						<String ID="P34_ST00195" HPOS="784" VPOS="1245" WIDTH="53" HEIGHT="37" CONTENT="sp.)" WC="0.81" CC="0007"/>
						<SP ID="P34_SP00164" HPOS="837" VPOS="1282" WIDTH="21"/>
						<String ID="P34_ST00196" HPOS="858" VPOS="1244" WIDTH="162" HEIGHT="32" CONTENT="Gyroginites," WC="0.77" CC="006400504600"/>
					</TextLine>
					<TextLine ID="P34_TL00033" HPOS="330" VPOS="1279" WIDTH="690" HEIGHT="34">
						<String ID="P34_ST00197" HPOS="330" VPOS="1279" WIDTH="97" HEIGHT="33" CONTENT="Elytra" WC="0.94" CC="030000"/>
						<SP ID="P34_SP00165" HPOS="427" VPOS="1312" WIDTH="14"/>
						<String ID="P34_ST00198" HPOS="441" VPOS="1279" WIDTH="29" HEIGHT="25" CONTENT="of" WC="1.00" CC="00"/>
						<SP ID="P34_SP00166" HPOS="470" VPOS="1312" WIDTH="17"/>
						<String ID="P34_ST00199" HPOS="487" VPOS="1279" WIDTH="103" HEIGHT="25" CONTENT="insects" WC="0.90" CC="4200000"/>
						<SP ID="P34_SP00167" HPOS="590" VPOS="1312" WIDTH="19"/>
						<String ID="P34_ST00200" HPOS="609" VPOS="1280" WIDTH="91" HEIGHT="33" CONTENT="(rare)." WC="0.85" CC="3070000"/>
						<SP ID="P34_SP00168" HPOS="700" VPOS="1313" WIDTH="39"/>
						<String ID="P34_ST00201" HPOS="739" VPOS="1279" WIDTH="68" HEIGHT="25" CONTENT="This" WC="0.96" CC="0100"/>
						<SP ID="P34_SP00169" HPOS="807" VPOS="1313" WIDTH="19"/>
						<String ID="P34_ST00202" HPOS="826" VPOS="1288" WIDTH="23" HEIGHT="16" CONTENT="is" WC="0.96" CC="00"/>
						<SP ID="P34_SP00170" HPOS="849" VPOS="1313" WIDTH="17"/>
						<String ID="P34_ST00203" HPOS="866" VPOS="1280" WIDTH="48" HEIGHT="24" CONTENT="the" WC="0.77" CC="060"/>
						<SP ID="P34_SP00171" HPOS="914" VPOS="1313" WIDTH="13"/>
						<String ID="P34_ST00204" HPOS="927" VPOS="1280" WIDTH="93" HEIGHT="24" CONTENT="lower-" WC="0.82" CC="010062"/>
					</TextLine>
					<TextLine ID="P34_TL00034" HPOS="329" VPOS="1309" WIDTH="657" HEIGHT="29">
						<String ID="P34_ST00205" HPOS="329" VPOS="1318" WIDTH="72" HEIGHT="20" CONTENT="most" WC="0.91" CC="0300"/>
						<SP ID="P34_SP00172" HPOS="401" VPOS="1338" WIDTH="20"/>
						<String ID="P34_ST00206" HPOS="421" VPOS="1314" WIDTH="30" HEIGHT="24" CONTENT="of" WC="0.90" CC="02"/>
						<SP ID="P34_SP00173" HPOS="451" VPOS="1338" WIDTH="16"/>
						<String ID="P34_ST00207" HPOS="467" VPOS="1314" WIDTH="47" HEIGHT="24" CONTENT="the" WC="0.89" CC="030"/>
						<SP ID="P34_SP00174" HPOS="514" VPOS="1338" WIDTH="20"/>
						<String ID="P34_ST00208" HPOS="534" VPOS="1314" WIDTH="84" HEIGHT="24" CONTENT="series" WC="0.93" CC="000400"/>
						<SP ID="P34_SP00175" HPOS="618" VPOS="1338" WIDTH="14"/>
						<String ID="P34_ST00209" HPOS="632" VPOS="1314" WIDTH="30" HEIGHT="24" CONTENT="of" WC="1.00" CC="00"/>
						<SP ID="P34_SP00176" HPOS="662" VPOS="1338" WIDTH="16"/>
						<String ID="P34_ST00210" HPOS="678" VPOS="1309" WIDTH="214" HEIGHT="29" CONTENT="dark-coloured" WC="0.81" CC="0040003506400"/>
						<SP ID="P34_SP00177" HPOS="892" VPOS="1338" WIDTH="17"/>
						<String ID="P34_ST00211" HPOS="909" VPOS="1314" WIDTH="77" HEIGHT="24" CONTENT="beds." WC="1.00" CC="00000"/>
					</TextLine>
				</TextBlock>
				<TextBlock ID="P34_TB00006" HPOS="224" VPOS="1347" WIDTH="797" HEIGHT="103" STYLEREFS="TXT_1 PAR_LEFT">
					<TextLine ID="P34_TL00035" HPOS="226" VPOS="1348" WIDTH="795" HEIGHT="33">
						<String ID="P34_ST00212" HPOS="226" VPOS="1354" WIDTH="42" HEIGHT="25" CONTENT="40." WC="1.00" CC="000"/>
						<SP ID="P34_SP00178" HPOS="268" VPOS="1379" WIDTH="21"/>
						<String ID="P34_ST00213" HPOS="289" VPOS="1348" WIDTH="69" HEIGHT="29" CONTENT="Red," WC="1.00" CC="0000"/>
						<SP ID="P34_SP00179" HPOS="358" VPOS="1379" WIDTH="18"/>
						<String ID="P34_ST00214" HPOS="376" VPOS="1348" WIDTH="108" HEIGHT="33" CONTENT="purple," WC="1.00" CC="0000000"/>
						<SP ID="P34_SP00180" HPOS="484" VPOS="1381" WIDTH="20"/>
						<String ID="P34_ST00215" HPOS="504" VPOS="1348" WIDTH="54" HEIGHT="25" CONTENT="and" WC="1.00" CC="000"/>
						<SP ID="P34_SP00181" HPOS="558" VPOS="1381" WIDTH="21"/>
						<String ID="P34_ST00216" HPOS="579" VPOS="1357" WIDTH="83" HEIGHT="24" CONTENT="green" WC="0.89" CC="05000"/>
						<SP ID="P34_SP00182" HPOS="662" VPOS="1381" WIDTH="18"/>
						<String ID="P34_ST00217" HPOS="680" VPOS="1348" WIDTH="161" HEIGHT="33" CONTENT="variegated" WC="0.89" CC="0000000108"/>
						<SP ID="P34_SP00183" HPOS="841" VPOS="1381" WIDTH="21"/>
						<String ID="P34_ST00218" HPOS="862" VPOS="1349" WIDTH="78" HEIGHT="28" CONTENT="marl," WC="0.98" CC="00000"/>
						<SP ID="P34_SP00184" HPOS="940" VPOS="1381" WIDTH="14"/>
						<String ID="P34_ST00219" HPOS="954" VPOS="1348" WIDTH="67" HEIGHT="26" CONTENT="with" WC="0.64" CC="0229"/>
					</TextLine>
					<TextLine ID="P34_TL00036" HPOS="327" VPOS="1382" WIDTH="285" HEIGHT="33">
						<String ID="P34_ST00220" HPOS="327" VPOS="1382" WIDTH="117" HEIGHT="32" CONTENT="patches" WC="0.93" CC="0000400"/>
						<SP ID="P34_SP00185" HPOS="444" VPOS="1414" WIDTH="17"/>
						<String ID="P34_ST00221" HPOS="461" VPOS="1382" WIDTH="30" HEIGHT="25" CONTENT="of" WC="1.00" CC="00"/>
						<SP ID="P34_SP00186" HPOS="491" VPOS="1414" WIDTH="16"/>
						<String ID="P34_ST00222" HPOS="507" VPOS="1382" WIDTH="105" HEIGHT="33" CONTENT="lignite." WC="0.93" CC="02000100"/>
					</TextLine>
					<TextLine ID="P34_TL00037" HPOS="225" VPOS="1416" WIDTH="707" HEIGHT="34">
						<String ID="P34_ST00223" HPOS="225" VPOS="1423" WIDTH="41" HEIGHT="24" CONTENT="41." WC="0.96" CC="010"/>
						<SP ID="P34_SP00187" HPOS="266" VPOS="1447" WIDTH="22"/>
						<String ID="P34_ST00224" HPOS="288" VPOS="1416" WIDTH="59" HEIGHT="25" CONTENT="Red" WC="0.95" CC="100"/>
						<SP ID="P34_SP00188" HPOS="347" VPOS="1447" WIDTH="20"/>
						<String ID="P34_ST00225" HPOS="367" VPOS="1418" WIDTH="158" HEIGHT="28" CONTENT="sandstone," WC="0.93" CC="0010000500"/>
						<SP ID="P34_SP00189" HPOS="525" VPOS="1447" WIDTH="22"/>
						<String ID="P34_ST00226" HPOS="547" VPOS="1417" WIDTH="126" HEIGHT="33" CONTENT="crossing" WC="0.80" CC="01000409"/>
						<SP ID="P34_SP00190" HPOS="673" VPOS="1450" WIDTH="22"/>
						<String ID="P34_ST00227" HPOS="695" VPOS="1418" WIDTH="115" HEIGHT="24" CONTENT="Barnes'" WC="0.98" CC="0010000"/>
						<SP ID="P34_SP00191" HPOS="810" VPOS="1450" WIDTH="26"/>
						<String ID="P34_ST00228" HPOS="836" VPOS="1417" WIDTH="96" HEIGHT="25" CONTENT="Chine." WC="0.92" CC="003000"/>
					</TextLine>
				</TextBlock>
				<TextBlock ID="P34_TB00007" HPOS="225" VPOS="1456" WIDTH="795" HEIGHT="34" STYLEREFS="TXT_1 PAR_CENTER">
					<TextLine ID="P34_TL00038" HPOS="226" VPOS="1456" WIDTH="794" HEIGHT="34">
						<String ID="P34_ST00229" HPOS="226" VPOS="1464" WIDTH="41" HEIGHT="23" CONTENT="42." WC="0.81" CC="050"/>
						<SP ID="P34_SP00192" HPOS="267" VPOS="1487" WIDTH="21"/>
						<String ID="P34_ST00230" HPOS="288" VPOS="1456" WIDTH="96" HEIGHT="24" CONTENT="Bands" WC="0.88" CC="50000"/>
						<SP ID="P34_SP00193" HPOS="384" VPOS="1487" WIDTH="13"/>
						<String ID="P34_ST00231" HPOS="397" VPOS="1456" WIDTH="29" HEIGHT="24" CONTENT="of" WC="0.96" CC="00"/>
						<SP ID="P34_SP00194" HPOS="426" VPOS="1487" WIDTH="16"/>
						<String ID="P34_ST00232" HPOS="442" VPOS="1457" WIDTH="71" HEIGHT="24" CONTENT="hard" WC="0.90" CC="0210"/>
						<SP ID="P34_SP00195" HPOS="513" VPOS="1487" WIDTH="13"/>
						<String ID="P34_ST00233" HPOS="526" VPOS="1458" WIDTH="160" HEIGHT="28" CONTENT="sandstone," WC="0.98" CC="0020000000"/>
						<SP ID="P34_SP00196" HPOS="686" VPOS="1487" WIDTH="15"/>
						<String ID="P34_ST00234" HPOS="701" VPOS="1458" WIDTH="125" HEIGHT="32" CONTENT="crossing" WC="0.94" CC="01000200"/>
						<SP ID="P34_SP00197" HPOS="826" VPOS="1490" WIDTH="14"/>
						<String ID="P34_ST00235" HPOS="840" VPOS="1458" WIDTH="70" HEIGHT="32" CONTENT="Ship" WC="0.99" CC="0000"/>
						<SP ID="P34_SP00198" HPOS="910" VPOS="1490" WIDTH="14"/>
						<String ID="P34_ST00236" HPOS="924" VPOS="1458" WIDTH="96" HEIGHT="25" CONTENT="Chine." WC="0.97" CC="100000"/>
					</TextLine>
				</TextBlock>
				<TextBlock ID="P34_TB00008" HPOS="225" VPOS="1495" WIDTH="798" HEIGHT="238" STYLEREFS="TXT_1 PAR_LEFT">
					<TextLine ID="P34_TL00039" HPOS="226" VPOS="1495" WIDTH="797" HEIGHT="36">
						<String ID="P34_ST00237" HPOS="226" VPOS="1503" WIDTH="41" HEIGHT="24" CONTENT="43." WC="1.00" CC="000"/>
						<SP ID="P34_SP00199" HPOS="267" VPOS="1527" WIDTH="22"/>
						<String ID="P34_ST00238" HPOS="289" VPOS="1495" WIDTH="59" HEIGHT="24" CONTENT="Red" WC="1.00" CC="000"/>
						<SP ID="P34_SP00200" HPOS="348" VPOS="1527" WIDTH="27"/>
						<String ID="P34_ST00239" HPOS="375" VPOS="1496" WIDTH="213" HEIGHT="34" CONTENT="concretionary" WC="0.90" CC="0060200200010"/>
						<SP ID="P34_SP00201" HPOS="588" VPOS="1530" WIDTH="25"/>
						<String ID="P34_ST00240" HPOS="613" VPOS="1497" WIDTH="160" HEIGHT="30" CONTENT="sandstone," WC="0.85" CC="0930100000"/>
						<SP ID="P34_SP00202" HPOS="773" VPOS="1530" WIDTH="27"/>
						<String ID="P34_ST00241" HPOS="800" VPOS="1498" WIDTH="88" HEIGHT="33" CONTENT="marly" WC="0.88" CC="00500"/>
						<SP ID="P34_SP00203" HPOS="888" VPOS="1531" WIDTH="25"/>
						<String ID="P34_ST00242" HPOS="913" VPOS="1507" WIDTH="36" HEIGHT="16" CONTENT="on" WC="0.97" CC="00"/>
						<SP ID="P34_SP00204" HPOS="949" VPOS="1531" WIDTH="26"/>
						<String ID="P34_ST00243" HPOS="975" VPOS="1497" WIDTH="48" HEIGHT="26" CONTENT="the" WC="1.00" CC="000"/>
					</TextLine>
					<TextLine ID="P34_TL00040" HPOS="328" VPOS="1530" WIDTH="694" HEIGHT="35">
						<String ID="P34_ST00244" HPOS="328" VPOS="1533" WIDTH="57" HEIGHT="29" CONTENT="top," WC="0.83" CC="0204"/>
						<SP ID="P34_SP00205" HPOS="385" VPOS="1562" WIDTH="17"/>
						<String ID="P34_ST00245" HPOS="402" VPOS="1530" WIDTH="55" HEIGHT="25" CONTENT="and" WC="0.93" CC="020"/>
						<SP ID="P34_SP00206" HPOS="457" VPOS="1562" WIDTH="16"/>
						<String ID="P34_ST00246" HPOS="473" VPOS="1530" WIDTH="66" HEIGHT="26" CONTENT="with" WC="0.87" CC="0301"/>
						<SP ID="P34_SP00207" HPOS="539" VPOS="1562" WIDTH="19"/>
						<String ID="P34_ST00247" HPOS="558" VPOS="1540" WIDTH="15" HEIGHT="15" CONTENT="a" WC="1.00" CC="0"/>
						<SP ID="P34_SP00208" HPOS="573" VPOS="1562" WIDTH="21"/>
						<String ID="P34_ST00248" HPOS="594" VPOS="1532" WIDTH="73" HEIGHT="25" CONTENT="band" WC="0.97" CC="0000"/>
						<SP ID="P34_SP00209" HPOS="667" VPOS="1562" WIDTH="20"/>
						<String ID="P34_ST00249" HPOS="687" VPOS="1532" WIDTH="30" HEIGHT="25" CONTENT="of" WC="0.98" CC="00"/>
						<SP ID="P34_SP00210" HPOS="717" VPOS="1562" WIDTH="16"/>
						<String ID="P34_ST00250" HPOS="733" VPOS="1533" WIDTH="159" HEIGHT="25" CONTENT="brecciated" WC="0.85" CC="0000059000"/>
						<SP ID="P34_SP00211" HPOS="892" VPOS="1562" WIDTH="20"/>
						<String ID="P34_ST00251" HPOS="912" VPOS="1533" WIDTH="110" HEIGHT="32" CONTENT="conglo-" WC="0.92" CC="0050000"/>
					</TextLine>
					<TextLine ID="P34_TL00041" HPOS="329" VPOS="1564" WIDTH="694" HEIGHT="32">
						<String ID="P34_ST00252" HPOS="329" VPOS="1569" WIDTH="104" HEIGHT="20" CONTENT="merate" WC="0.79" CC="903000"/>
						<SP ID="P34_SP00212" HPOS="433" VPOS="1589" WIDTH="13"/>
						<String ID="P34_ST00253" HPOS="446" VPOS="1567" WIDTH="16" HEIGHT="22" CONTENT="6" WC="1.00" CC="0"/>
						<SP ID="P34_SP00213" HPOS="462" VPOS="1589" WIDTH="12"/>
						<String ID="P34_ST00254" HPOS="474" VPOS="1564" WIDTH="97" HEIGHT="26" CONTENT="inches" WC="0.90" CC="400100"/>
						<SP ID="P34_SP00214" HPOS="571" VPOS="1590" WIDTH="17"/>
						<String ID="P34_ST00255" HPOS="588" VPOS="1566" WIDTH="78" HEIGHT="25" CONTENT="thick" WC="0.99" CC="00000"/>
						<SP ID="P34_SP00215" HPOS="666" VPOS="1591" WIDTH="19"/>
						<String ID="P34_ST00256" HPOS="685" VPOS="1571" WIDTH="28" HEIGHT="20" CONTENT="at" WC="1.00" CC="00"/>
						<SP ID="P34_SP00216" HPOS="713" VPOS="1591" WIDTH="20"/>
						<String ID="P34_ST00257" HPOS="733" VPOS="1567" WIDTH="48" HEIGHT="24" CONTENT="the" WC="1.00" CC="000"/>
						<SP ID="P34_SP00217" HPOS="781" VPOS="1591" WIDTH="13"/>
						<String ID="P34_ST00258" HPOS="794" VPOS="1568" WIDTH="108" HEIGHT="24" CONTENT="bottom" WC="0.95" CC="002000"/>
						<SP ID="P34_SP00218" HPOS="902" VPOS="1592" WIDTH="14"/>
						<String ID="P34_ST00259" HPOS="916" VPOS="1576" WIDTH="4" HEIGHT="20" CONTENT=";" WC="1.00" CC="0"/>
						<SP ID="P34_SP00219" HPOS="920" VPOS="1596" WIDTH="19"/>
						<String ID="P34_ST00260" HPOS="939" VPOS="1568" WIDTH="84" HEIGHT="24" CONTENT="much" WC="0.89" CC="0201"/>
					</TextLine>
					<TextLine ID="P34_TL00042" HPOS="328" VPOS="1597" WIDTH="694" HEIGHT="36">
						<String ID="P34_ST00261" HPOS="328" VPOS="1597" WIDTH="67" HEIGHT="26" CONTENT="false" WC="0.84" CC="30400"/>
						<SP ID="P34_SP00220" HPOS="395" VPOS="1623" WIDTH="13"/>
						<String ID="P34_ST00262" HPOS="408" VPOS="1598" WIDTH="172" HEIGHT="31" CONTENT="lamination," WC="0.81" CC="00014064002"/>
						<SP ID="P34_SP00221" HPOS="580" VPOS="1629" WIDTH="14"/>
						<String ID="P34_ST00263" HPOS="594" VPOS="1605" WIDTH="97" HEIGHT="27" CONTENT="quartz" WC="0.79" CC="230006"/>
						<SP ID="P34_SP00222" HPOS="691" VPOS="1632" WIDTH="15"/>
						<String ID="P34_ST00264" HPOS="706" VPOS="1602" WIDTH="123" HEIGHT="31" CONTENT="pebbles," WC="0.88" CC="30051000"/>
						<SP ID="P34_SP00223" HPOS="829" VPOS="1633" WIDTH="12"/>
						<String ID="P34_ST00265" HPOS="841" VPOS="1602" WIDTH="89" HEIGHT="29" CONTENT="wood," WC="0.95" CC="00200"/>
						<SP ID="P34_SP00224" HPOS="930" VPOS="1633" WIDTH="12"/>
						<String ID="P34_ST00266" HPOS="942" VPOS="1603" WIDTH="80" HEIGHT="24" CONTENT="bone." WC="0.96" CC="00200"/>
					</TextLine>
					<TextLine ID="P34_TL00043" HPOS="226" VPOS="1631" WIDTH="797" HEIGHT="39">
						<String ID="P34_ST00267" HPOS="226" VPOS="1639" WIDTH="41" HEIGHT="24" CONTENT="44." WC="1.00" CC="000"/>
						<SP ID="P34_SP00225" HPOS="267" VPOS="1663" WIDTH="20"/>
						<String ID="P34_ST00268" HPOS="287" VPOS="1631" WIDTH="73" HEIGHT="25" CONTENT="Thin" WC="0.96" CC="0100"/>
						<SP ID="P34_SP00226" HPOS="360" VPOS="1663" WIDTH="19"/>
						<String ID="P34_ST00269" HPOS="379" VPOS="1633" WIDTH="107" HEIGHT="24" CONTENT="bedded" WC="1.00" CC="000000"/>
						<SP ID="P34_SP00227" HPOS="486" VPOS="1663" WIDTH="21"/>
						<String ID="P34_ST00270" HPOS="507" VPOS="1635" WIDTH="150" HEIGHT="24" CONTENT="sandstone" WC="0.95" CC="030000000"/>
						<SP ID="P34_SP00228" HPOS="657" VPOS="1663" WIDTH="18"/>
						<String ID="P34_ST00271" HPOS="675" VPOS="1636" WIDTH="54" HEIGHT="24" CONTENT="and" WC="1.00" CC="000"/>
						<SP ID="P34_SP00229" HPOS="729" VPOS="1663" WIDTH="18"/>
						<String ID="P34_ST00272" HPOS="747" VPOS="1636" WIDTH="79" HEIGHT="29" CONTENT="sand," WC="0.89" CC="00500"/>
						<SP ID="P34_SP00230" HPOS="826" VPOS="1665" WIDTH="14"/>
						<String ID="P34_ST00273" HPOS="840" VPOS="1646" WIDTH="68" HEIGHT="24" CONTENT="very" WC="1.00" CC="0000"/>
						<SP ID="P34_SP00231" HPOS="908" VPOS="1670" WIDTH="13"/>
						<String ID="P34_ST00274" HPOS="921" VPOS="1636" WIDTH="102" HEIGHT="33" CONTENT="irregu-" WC="0.86" CC="0130040"/>
					</TextLine>
					<TextLine ID="P34_TL00044" HPOS="330" VPOS="1666" WIDTH="693" HEIGHT="38">
						<String ID="P34_ST00275" HPOS="330" VPOS="1666" WIDTH="49" HEIGHT="29" CONTENT="lar," WC="0.89" CC="0400"/>
						<SP ID="P34_SP00232" HPOS="379" VPOS="1695" WIDTH="23"/>
						<String ID="P34_ST00276" HPOS="402" VPOS="1667" WIDTH="55" HEIGHT="24" CONTENT="and" WC="1.00" CC="000"/>
						<SP ID="P34_SP00233" HPOS="457" VPOS="1695" WIDTH="20"/>
						<String ID="P34_ST00277" HPOS="477" VPOS="1668" WIDTH="169" HEIGHT="33" CONTENT="weathering" WC="0.90" CC="0000000440"/>
						<SP ID="P34_SP00234" HPOS="646" VPOS="1701" WIDTH="25"/>
						<String ID="P34_ST00278" HPOS="671" VPOS="1671" WIDTH="150" HEIGHT="33" CONTENT="unequally" WC="0.93" CC="200020000"/>
						<SP ID="P34_SP00235" HPOS="821" VPOS="1704" WIDTH="12"/>
						<String ID="P34_ST00279" HPOS="833" VPOS="1679" WIDTH="5" HEIGHT="22" CONTENT=";" WC="1.00" CC="0"/>
						<SP ID="P34_SP00236" HPOS="838" VPOS="1704" WIDTH="20"/>
						<String ID="P34_ST00280" HPOS="858" VPOS="1672" WIDTH="48" HEIGHT="24" CONTENT="red" WC="0.86" CC="400"/>
						<SP ID="P34_SP00237" HPOS="906" VPOS="1704" WIDTH="22"/>
						<String ID="P34_ST00281" HPOS="928" VPOS="1671" WIDTH="28" HEIGHT="25" CONTENT="in" WC="1.00" CC="00"/>
						<SP ID="P34_SP00238" HPOS="956" VPOS="1704" WIDTH="21"/>
						<String ID="P34_ST00282" HPOS="977" VPOS="1672" WIDTH="46" HEIGHT="25" CONTENT="the" WC="0.97" CC="000"/>
					</TextLine>
					<TextLine ID="P34_TL00045" HPOS="331" VPOS="1701" WIDTH="345" HEIGHT="32">
						<String ID="P34_ST00283" HPOS="331" VPOS="1708" WIDTH="87" HEIGHT="24" CONTENT="upper" WC="0.94" CC="00002"/>
						<SP ID="P34_SP00239" HPOS="418" VPOS="1732" WIDTH="22"/>
						<String ID="P34_ST00284" HPOS="440" VPOS="1705" WIDTH="62" HEIGHT="28" CONTENT="part" WC="0.97" CC="0000"/>
						<SP ID="P34_SP00240" HPOS="502" VPOS="1733" WIDTH="22"/>
						<String ID="P34_ST00285" HPOS="524" VPOS="1701" WIDTH="27" HEIGHT="25" CONTENT="in" WC="0.48" CC="36"/>
						<SP ID="P34_SP00241" HPOS="551" VPOS="1733" WIDTH="22"/>
						<String ID="P34_ST00286" HPOS="573" VPOS="1703" WIDTH="103" HEIGHT="30" CONTENT="places." WC="0.94" CC="0040000"/>
					</TextLine>
				</TextBlock>
			</PrintSpace>
		</Page>
	</Layout>
</alto>
