1117 1922
386 148 57 18 THE
464 149 98 17 HUMAN
584 149 107 17 PERIOD.

964 174 2 2 209

109 226 30 17 or
153 218 54 26 five
222 219 52 26 feet
289 220 27 24 in
330 220 103 33 height.
471 221 78 33 They
562 221 70 25 have
645 231 34 15 an
695 222 62 25 oval
771 221 61 26 hole
845 226 28 21 to
887 231 78 23 creep

109 263 27 24 in
156 268 36 21 at.
231 265 60 25 The
313 265 48 25 fire
380 265 22 26 is
422 266 69 25 built
511 266 27 25 in
557 276 16 15 a
592 267 79 24 small
690 266 163 26 excavation
872 266 26 25 in
919 267 46 25 the

109 309 104 25 middle
227 309 29 25 of
267 310 46 25 the
327 310 58 25 hut.
424 311 59 25 The
496 311 67 25 floor
583 312 23 24 is
619 311 29 25 of
659 312 69 32 clay,
748 312 90 25 which
851 312 50 25 has
920 312 45 25 the

109 362 175 24 appearance
302 354 30 26 of
351 355 82 32 being
446 356 60 25 well
525 356 132 25 kneaded.
695 356 60 25 The
768 357 79 24 usual
860 365 105 16 accom-

109 398 143 32 paniment
267 399 30 25 of
308 408 15 16 a
335 400 50 25 hut
400 400 22 25 is
436 409 15 16 a
465 401 108 24 conical
583 401 54 32 pile
650 401 29 24 of
690 402 101 23 mussel
805 402 53 23 and
871 401 94 32 limpet

110 444 84 25 shells
206 445 127 32 opposite
341 446 48 24 the
398 446 75 28 door,
484 447 94 31 nearly
587 455 30 15 as
626 447 74 31 large
711 454 31 17 as
752 447 47 23 the
808 447 48 23 hut

159 489 157 25 Substitute
330 499 16 15 a
364 490 68 25 floor
446 491 29 24 of
491 491 87 32 rough
598 491 69 28 flint,
682 491 53 24 and
751 495 92 20 stones
857 491 67 24 such
938 499 30 16 as

111 542 84 16 occur
208 534 28 24 in
250 535 47 24 the
310 535 56 33 pits
379 535 30 25 of
421 535 146 33 Gallibury
580 536 54 24 and
650 535 190 33 Rowborough
854 535 40 25 for
908 535 59 25 that

111 579 31 25 of
164 580 70 33 clay,
258 580 55 25 and
335 581 55 24 add
410 581 47 25 the
479 581 119 24 remains
620 580 84 26 found
726 581 87 25 above
836 580 132 33 Steephill

114 625 94 25 Castle
221 625 66 25 with
302 626 79 24 those
395 625 27 25 in
441 626 47 25 the
507 625 110 25 midden
635 626 94 31 heaps,
744 625 54 25 and
810 626 47 24 the
870 634 98 16 resem-

112 670 100 25 blance
225 671 124 24 between
363 671 47 24 the
424 671 44 24 old
488 679 101 24 savage
606 670 84 25 tribes
705 670 28 25 of
749 671 46 24 the
810 670 90 25 Island
916 670 52 24 and

113 715 80 25 those
215 715 30 25 of
261 716 47 24 the
328 719 109 28 present
457 716 54 31 day
523 715 28 25 in
571 715 95 25 Tierra
679 715 43 25 del
737 716 92 31 Fuego
849 714 22 25 is
888 715 80 24 close.

160 761 59 23 The
241 761 125 24 different
386 765 126 20 contents
533 760 29 25 of
584 761 46 24 the
650 760 210 31 midden-heaps
880 759 91 25 divide

113 805 75 24 them
208 805 58 25 into
289 805 112 25 distinct
424 814 60 15 eras
495 814 5 20 ;
520 805 80 24 those
622 805 28 24 of
671 805 124 24 absolute
817 803 153 25 barbarism

114 850 92 25 would
230 850 123 33 scarcely
373 850 111 25 contain
508 859 15 15 a
546 850 137 32 specimen
707 849 29 24 of
755 853 117 28 pottery,
892 857 38 20 or,
954 848 19 24 if

114 895 94 29 found,
223 896 90 25 would
327 896 34 25 be
374 895 29 25 of
413 895 47 25 the
474 899 122 21 coarsest
611 894 176 32 description,
801 894 80 24 while
894 894 78 24 those

114 940 30 26 of
162 941 70 24 later
254 940 65 25 date
341 940 77 25 show
439 939 203 26 unmistakable
661 938 74 33 signs
757 938 29 25 of
805 937 167 26 civilization

114 985 55 25 and
191 985 81 33 yield,
293 994 30 16 as
342 985 27 25 in
392 985 47 25 the
461 984 119 25 remains
603 984 88 24 above
714 983 133 26 Steephill
871 983 100 27 Castle,

114 1031 144 24 abundant
272 1034 110 29 pottery
385 1046 32 3 —
419 1030 90 28 black,
529 1028 181 28 ornamental,
731 1027 53 25 and
805 1027 120 28 Samian,
943 1035 30 16 or

114 1076 49 24 red
176 1085 81 16 ware.
296 1076 23 23 A
339 1084 65 16 vase
424 1074 28 25 of
468 1074 55 25 this
542 1075 90 27 latter,
652 1073 94 32 nearly
765 1076 95 24 intact,
882 1071 53 25 and
958 1080 15 15 a

114 1121 130 33 hair-pin,
260 1129 53 20 are,
329 1121 67 25 with
415 1120 79 24 other
509 1120 108 23 Roman
630 1117 88 29 relics,
733 1117 27 24 in
774 1126 15 15 a
804 1125 62 16 case
880 1120 27 21 at
926 1116 47 25 the

117 1167 124 24 Ventnor
262 1166 128 32 Literary
410 1165 139 24 Institute.

162 1212 60 25 The
241 1215 55 22 two
309 1210 119 29 nations,
440 1210 46 25 the
501 1208 167 33 conquering
682 1208 53 24 and
749 1208 46 23 the
809 1207 162 31 conquered,

114 1258 72 25 have
200 1258 64 32 long
285 1256 74 25 since
379 1256 98 25 ceased
496 1259 28 21 to
544 1255 52 24 live
616 1263 29 15 as
665 1253 64 33 they
741 1252 73 25 lived
832 1252 66 24 then
915 1250 58 25 side

114 1303 37 33 by
164 1303 67 24 side.
269 1302 80 24 Time
368 1302 50 23 has
440 1300 111 25 worked
569 1299 36 25 its
622 1299 128 31 changes.
789 1297 94 28 Rome,
904 1305 67 15 once

115 1348 125 25 mistress
253 1347 30 26 of
293 1347 47 25 the
352 1347 94 28 world,
461 1350 76 28 great
551 1345 27 24 in
591 1345 48 24 her
653 1347 156 28 conquests,
821 1342 151 25 unrivalled

114 1393 28 26 in
157 1393 48 25 her
219 1397 56 20 arts
295 1392 54 25 and
368 1391 132 28 sciences,
520 1391 22 23 is
562 1398 60 16 now
642 1389 123 32 scarcely
777 1396 75 16 more
871 1387 66 25 than
957 1395 15 16 a

114 1447 82 16 name
207 1447 4 22 ;
232 1438 81 25 while
334 1437 75 28 rude,
434 1435 153 26 unlettered
613 1434 108 25 Britain
742 1434 51 23 has
816 1432 97 33 gained
939 1441 33 15 an

116 1484 114 33 Empire
245 1492 74 24 upon
333 1483 91 25 which
442 1482 47 25 the
509 1490 50 16 sun
578 1489 82 16 never
680 1484 64 23 sets,
759 1479 53 23 and
826 1487 15 15 a
854 1477 119 33 position

115 1529 31 26 of
156 1529 101 26 wealth
277 1528 55 25 and
353 1527 136 25 influence
511 1526 88 32 rarely
617 1524 121 25 attained
759 1524 27 23 in
805 1523 46 24 the
870 1522 103 32 history

116 1575 30 26 of
162 1574 119 26 nations.

195 1621 138 24 However
355 1617 176 33 humiliating
550 1616 20 25 it
593 1625 63 24 may
668 1616 34 24 be
721 1618 28 22 to
768 1623 49 16 our
836 1613 85 32 pride,
936 1621 39 16 we

118 1670 74 23 must
214 1664 196 32 acknowledge
435 1663 60 26 that
521 1662 27 24 in
573 1662 47 26 the
642 1660 113 29 earliest,
765 1658 100 36 period
886 1657 29 26 of
933 1656 42 27 his

163 1717 14 17 o
