1117 1922
134 165 46 25 166

430 171 137 17 TERTIARY
587 171 104 17 series.

130 244 54 26 and
206 244 91 25 rabbit
320 244 70 25 have
413 244 67 25 been
506 243 93 29 found,
622 243 126 32 together
771 241 67 25 with
863 241 76 24 teeth
964 239 29 26 of

130 290 79 25 other
231 289 125 29 animals,
381 290 53 24 and
456 297 148 16 numerous
626 288 64 24 land
713 287 93 25 shells.
844 286 68 25 This
938 286 53 25 bed

131 334 23 25 is
173 335 57 24 also
254 334 83 25 found
358 334 103 32 resting
483 343 74 22 upon
577 333 53 25 and
650 332 139 33 following
808 332 47 24 the
874 332 76 32 slope
964 331 29 25 of

131 380 47 23 the
200 380 89 23 Down
311 380 87 23 above
421 378 29 29 it,
474 377 102 33 having
598 378 68 25 been
686 381 46 21 cut
752 377 120 32 through
893 376 98 33 during

132 424 47 24 the
201 423 178 25 excavations
402 423 79 24 made
503 422 41 25 for
564 422 125 32 building
713 422 48 25 the
783 421 81 26 north
887 421 52 25 end
965 420 28 26 of

132 469 47 24 the
199 469 124 31 Railway
342 468 117 25 Station.

179 514 43 23 On
235 513 47 24 the
295 519 116 18 western
425 513 58 24 side
497 512 28 24 of
544 512 134 24 Milanese
691 512 82 29 Villa,
787 511 91 25 which
894 512 96 24 stands

132 562 28 20 at
174 558 47 24 the
233 562 67 21 west
314 558 53 24 end
381 558 28 24 of
427 558 58 24 Mill
502 558 67 33 Bay,
585 558 46 24 the
651 558 53 24 low
718 557 119 25 sea-cliff
846 557 23 25 is
883 558 107 31 capped

132 604 36 32 by
193 612 15 15 a
233 607 118 21 stratum
376 602 29 25 of
430 602 265 33 partially-rounded
721 602 81 25 chalk
827 602 84 28 debris,
938 602 53 24 and

131 648 79 24 small
232 648 114 31 angular
369 647 74 25 flints
454 657 4 19 ;
480 647 19 25 it
522 647 23 25 is
570 647 70 25 from
662 649 15 23 8
696 652 29 20 to
747 656 30 15 10
795 646 54 26 feet
868 646 86 30 thick,
968 646 23 25 is

131 693 143 28 stratified,
297 693 53 25 and
372 692 23 25 is
416 693 136 32 probably
574 693 47 25 the
646 693 84 25 result
753 692 30 26 of
805 693 46 25 the
873 692 118 32 wasting

130 746 101 24 energy
243 737 29 25 of
288 738 47 24 the
349 738 82 24 rains.
471 739 25 23 It
516 746 160 24 re-appears
696 741 27 21 at
742 737 133 25 intervals
894 746 34 16 on
944 738 47 24 the

133 786 63 29 tops
221 782 29 25 of
272 783 47 24 the
343 784 52 23 low
420 783 69 24 cliffs
517 784 123 24 between
666 784 123 23 Ventnor
815 784 53 23 and
895 784 95 24 Niton.

131 828 103 24 Loams
248 828 55 24 and
316 828 48 24 red
377 828 191 33 flint-gravels,
581 828 100 29 which,
697 828 70 25 from
785 828 48 25 the
846 828 145 34 similarity

128 873 30 24 of
168 872 70 25 their
252 873 76 24 fossil
348 877 126 20 contents
494 873 52 24 and
568 873 78 25 other
665 873 102 33 points,
783 882 45 16 are
846 873 143 25 doubtless

129 922 268 28 contemporaneous
410 917 66 26 with
496 917 47 25 the
563 917 118 33 existing
695 918 79 24 order
789 917 28 25 of
828 917 102 33 things,
945 927 46 16 are

128 961 85 26 found
235 962 64 24 here
310 971 5 20 ;
335 962 66 32 they
422 962 38 24 fill
483 971 15 15 a
520 962 98 25 fissure
637 962 28 25 in
687 962 47 25 the
753 962 59 25 cliff
828 963 88 24 above
937 963 53 25 Old

131 1007 82 29 Park,
227 1006 54 25 and
300 1015 84 17 occur
403 1007 58 25 also
483 1007 124 25 between
628 1008 153 25 Puckaster
801 1008 55 25 and
876 1008 113 25 Rocken

130 1052 71 25 End.
239 1052 124 24 Another
385 1052 76 25 thick
487 1053 52 24 bed
560 1061 97 16 occurs
684 1054 88 23 above
792 1053 47 24 the
866 1053 124 33 Railway

130 1097 115 28 Tunnel,
276 1100 26 21 at
326 1097 122 24 Ventnor
462 1106 4 20 ;
494 1096 20 25 it
536 1097 24 24 is
582 1097 84 25 found
689 1098 149 32 extending
861 1102 28 20 to
916 1106 74 16 some

128 1141 133 29 distance,
284 1150 35 15 on
342 1142 46 23 the
411 1146 108 20 eastern
545 1142 58 24 side
625 1142 29 25 of
676 1143 47 24 the
749 1143 115 32 cutting,
887 1143 103 33 resting

128 1196 73 23 upon
221 1187 46 24 the
288 1187 97 32 Upper
406 1188 172 25 Greensand.

175 1232 23 24 A
221 1232 81 24 black
321 1236 84 29 peaty
425 1232 108 33 deposit
557 1232 158 26 sometimes
740 1242 99 16 occurs
860 1233 27 25 in
912 1233 76 26 these

129 1276 156 33 superficial
298 1277 68 24 beds
379 1276 29 25 of
419 1277 161 25 undoubted
594 1279 145 31 vegetable
752 1278 96 32 origin.

175 1322 24 24 A
221 1322 102 24 human
348 1322 78 32 thigh
452 1323 79 29 bone,
558 1323 83 25 found
668 1325 35 32 by
729 1324 105 33 myself,
862 1325 56 24 and
943 1325 47 24 the

130 1375 86 23 upper
241 1366 109 32 portion
375 1367 29 25 of
432 1376 15 16 a
473 1368 71 24 skull
574 1368 28 24 of
625 1377 15 15 a
666 1377 92 25 young
784 1370 130 31 elephant
941 1370 47 33 (E.

126 1412 173 32 primogemus)
322 1412 84 24 found
429 1414 35 32 by
487 1421 76 16 some
586 1414 149 29 workmen,
759 1414 37 25 fix
821 1415 46 25 the
893 1424 51 23 age
965 1414 29 26 of

132 1456 77 24 these
234 1456 123 32 deposits
381 1465 31 16 as
436 1458 61 24 that
523 1458 29 24 of
574 1458 47 25 the
647 1459 115 25 Human
785 1459 109 26 Period.
933 1460 59 25 The

131 1500 117 33 wasting
267 1501 92 25 action
378 1502 30 24 of
427 1502 47 25 the
497 1504 186 31 atmosphere,
697 1504 92 27 which
809 1506 109 24 attacks
939 1506 53 24 and

132 1546 138 24 crumbles
281 1546 57 25 into
353 1546 50 26 soil
416 1547 48 25 the
474 1548 80 25 rocks
568 1549 29 25 of
607 1549 48 25 the
668 1550 116 29 surface,
796 1551 51 24 has
857 1552 137 33 probably

132 1590 67 25 been
225 1590 70 25 their
321 1591 87 33 origin
422 1601 4 21 ;
457 1592 40 25 for
522 1593 69 25 from
617 1594 71 24 their
717 1596 126 24 elevated
871 1596 121 32 position

133 1636 63 32 (300
209 1640 28 21 to
251 1645 50 23 400
314 1636 53 26 feet
381 1637 88 25 above
480 1646 46 16 sea
536 1639 83 33 level)
630 1639 21 25 it
665 1640 23 24 is
699 1640 115 25 difficult
825 1645 28 21 to
865 1640 127 26 consider

131 1680 75 26 them
220 1681 46 25 the
279 1682 74 24 work
367 1682 29 24 of
412 1682 94 25 rivers.
