1117 1922
153 166 31 31 64

393 172 58 17 THE
472 172 96 17 LOWER
588 171 179 18 GREENSAND.

153 253 16 16 a
198 244 62 25 firm
286 253 88 24 group
404 244 30 25 of
455 244 173 33 ferruginous
653 243 68 25 beds
745 242 52 24 has
822 239 120 33 stopped
967 238 48 25 the

153 289 145 33 corroding
312 289 92 26 action
417 289 30 26 of
463 289 48 25 the
530 289 141 25 streamlet
673 304 34 2 —
709 297 15 15 a
738 287 61 25 thin
811 286 55 24 line
884 284 30 26 of
929 287 86 22 water

153 334 61 26 falls
227 335 82 33 lazily
322 335 68 25 from
412 344 16 16 a
451 335 94 32 height
565 334 30 25 of
613 342 32 24 74
664 333 63 29 feet,
742 332 55 25 and
815 332 25 24 is
860 329 156 33 dissipated

153 380 92 25 before
258 381 21 24 it
292 381 115 24 reaches
425 381 48 24 the
490 381 111 32 gloomy
613 380 77 24 vault
710 379 97 25 below.
844 377 61 24 The
924 376 91 28 rocks,

153 426 109 25 instead
275 426 30 25 of
320 426 48 25 the
380 426 71 33 deep
466 426 82 25 black
567 426 47 24 the
633 424 100 26 tourist
747 432 57 16 was
818 422 45 26 led
876 426 28 21 to
919 421 96 26 antici-

153 475 74 29 pate,
241 480 47 16 are
301 471 29 24 of
346 480 16 15 a
376 471 84 33 dingy
473 471 104 28 brown,
591 469 110 26 banded
715 468 67 26 with
796 468 69 25 lines
882 466 30 26 of
928 466 88 33 sandy

154 520 98 21 strata.
288 516 61 25 The
371 516 89 25 banks
482 525 35 15 on
539 515 89 25 either
653 515 58 24 side
737 522 46 16 are
808 513 30 24 of
859 513 50 24 but
935 520 81 17 mean

153 560 95 33 height
271 561 54 25 and
347 560 132 33 irregular
501 560 79 25 form.
627 559 60 25 The
709 558 100 26 tourist
832 557 23 25 is
876 557 140 25 fortunate

153 607 62 25 who
237 615 60 16 sees
317 607 162 32 Blackgang
499 605 88 26 Chine
606 604 99 33 during
724 614 16 15 a
760 608 95 24 storm,
869 603 80 26 when
969 603 47 25 the

154 660 47 17 sea
214 660 66 17 runs
296 660 67 25 very
375 651 66 33 high
461 660 74 24 upon
554 651 48 24 the
621 653 88 27 coast,
722 649 135 32 breaking
876 658 74 23 upon
969 648 47 26 the

153 697 89 26 beach
259 697 28 25 in
310 706 15 16 a
344 697 54 25 line
417 697 29 25 of
465 705 96 25 snowy
573 696 66 29 surf,
653 696 47 25 the
719 695 72 25 back
810 695 120 32 draught
949 694 31 25 of
995 694 20 25 it

154 742 82 33 being
256 742 131 33 powerful
409 741 109 33 enough
538 746 29 21 to
587 741 65 26 take
674 750 15 16 a
709 749 100 25 person
829 741 41 24 off
887 740 43 25 his
948 741 67 32 legs,

154 787 54 26 and
230 788 80 32 place
328 787 57 25 him
407 786 28 26 in
455 796 76 16 some
552 786 192 26 considerable
763 786 112 32 danger.
913 786 56 25 But
988 785 28 25 in

154 841 16 16 a
190 833 62 33 gale
273 832 29 25 of
324 832 73 26 wind
422 832 68 25 from
518 832 48 25 the
589 832 77 25 S.W.
689 832 49 25 the
759 831 55 26 line
835 830 30 27 of
886 831 130 26 breakers

154 878 105 26 exhibit
279 886 92 18 waves
393 877 30 25 of
445 886 16 16 a
479 878 89 32 larger
589 877 55 25 size
667 877 55 25 and
744 885 75 17 more
838 876 178 33 magnificent

154 923 105 26 motion
272 923 69 25 than
357 932 36 16 on
415 923 101 25 almost
535 931 54 25 any
607 923 79 25 other
704 926 63 29 part
787 922 29 25 of
832 922 48 25 the
899 922 117 33 English

154 973 87 22 coast.
285 968 61 26 The
364 977 93 17 waves
473 967 75 26 often
566 968 69 25 dash
652 967 68 26 with
738 967 103 26 terrific
860 967 62 34 fury
941 967 75 33 quite

153 1014 59 26 into
233 1014 47 25 the
302 1014 100 25 hollow
423 1013 29 26 of
470 1014 48 25 the
544 1013 96 30 Chine,
661 1013 99 26 thence
782 1012 152 34 ascending
958 1012 58 27 into

153 1060 49 25 the
220 1059 40 25 air
280 1059 27 25 in
326 1059 85 25 dense
429 1059 98 25 clouds
545 1059 30 25 of

201 1105 78 25 After
303 1105 159 33 describing
486 1105 48 25 the
558 1106 131 24 Western
716 1104 103 26 Chines
845 1104 44 26 Sir
919 1105 98 33 Henry

154 1150 155 33 Englefield
326 1150 92 26 writes
429 1160 5 15 :
484 1150 60 25 The
557 1154 65 21 next
641 1150 89 25 Chine
749 1150 23 25 is
793 1150 61 25 that
874 1154 28 21 at
916 1150 99 25 Black-

153 1204 82 24 gang,
245 1195 117 33 directly
372 1195 85 26 under
472 1195 46 26 the
531 1199 118 22 western
662 1194 76 26 flank
748 1195 29 25 of
789 1195 40 26 St.
843 1194 173 27 Catherine's

156 1241 68 25 Hill.
273 1240 69 26 This
364 1240 24 26 is
413 1250 16 16 a
451 1241 96 25 chasm
572 1241 100 33 totally
696 1241 126 25 different
844 1240 70 26 from
937 1241 80 25 those

154 1287 113 33 already
282 1286 154 26 described.
475 1288 25 24 It
520 1287 67 24 does
606 1292 47 20 not
675 1287 74 25 wind
769 1295 30 17 so
818 1287 41 24 far
877 1287 70 24 from
970 1287 47 24 the

154 1332 89 28 shore,
269 1331 107 25 neither
396 1340 45 16 are
462 1331 35 25 its
520 1331 74 25 sides
619 1332 76 33 quite
717 1340 32 17 so
768 1336 86 29 steep,
875 1332 49 25 but
950 1332 20 25 it
993 1332 23 24 is

154 1377 83 25 much
252 1386 75 16 more
345 1377 190 25 considerable
554 1377 27 25 in
601 1377 95 33 depth,
711 1387 30 16 as
760 1387 53 16 one
832 1377 29 26 of
877 1377 37 26 its
926 1377 90 26 flanks

154 1422 24 25 is
197 1421 59 26 four
275 1422 126 25 hundred
422 1421 52 26 feet
495 1422 69 25 from
578 1423 47 25 the
644 1431 47 17 sea
710 1423 98 25 beach.
846 1423 61 25 The
920 1423 96 25 chasm

154 1467 66 25 does
245 1470 57 26 not,
328 1467 136 29 however,
487 1467 121 25 descend
634 1468 76 32 quite
734 1472 29 20 to
783 1468 49 25 the
854 1476 55 22 sea,
933 1477 31 15 as
989 1472 28 21 at

155 1511 186 34 seventy-four
363 1511 54 25 feet
440 1512 88 25 above
552 1513 48 24 the
626 1517 85 21 water
733 1522 15 15 a
773 1513 60 25 thin
853 1517 119 22 stratum
991 1513 29 26 of

154 1565 67 26 very
234 1556 69 25 solid
317 1556 140 25 ironstone
470 1557 85 25 forms
572 1566 17 16 a
606 1558 54 25 bed
677 1562 28 21 to
725 1558 47 25 the
785 1558 71 26 little
870 1558 43 26 rill
926 1559 91 26 which

153 1611 66 16 runs
241 1602 120 32 through
383 1602 47 24 the
453 1602 97 25 Chine.
589 1603 45 25 No
656 1604 159 32 vegetation
838 1605 108 25 clothes
964 1614 55 24 any

456 1701 10 9 *
474 1701 100 17 Venables'
588 1701 67 20 Guide,
667 1702 48 17 1866.
