<?xml version="1.0" encoding="UTF-8"?>
<alto xmlns:xsi="http://www.w3.org/2001/XMLSchema-instance" xsi:noNamespaceSchemaLocation="http://www.bl.uk/schemas/alto/alto-1-4.xsd" xmlns:xlink="http://www.w3.org/1999/xlink">
	<Description>
		<MeasurementUnit>mm10</MeasurementUnit>
		<sourceImageInformation>
			<fileName>//head1/IN/2008-16/A0011467890/006585.jp2</fileName>
		</sourceImageInformation>
		<OCRProcessing ID="OCRPROCESSING_1">
			<preProcessingStep>
				<processingSoftware>
					<softwareCreator>CCS Content Conversion Specialists GmbH, Germany</softwareCreator>
					<softwareName>CCS docWORKS</softwareName>
					<softwareVersion>6.1-0.67</softwareVersion>
				</processingSoftware>
			</preProcessingStep>
			<ocrProcessingStep>
				<processingSoftware>
					<softwareCreator>ABBYY (BIT Software), Russia</softwareCreator>
					<softwareName>Finereader</softwareName>
				</processingSoftware>
			</ocrProcessingStep>
		</OCRProcessing>
	</Description>
	<Styles>
		<TextStyle ID="TXT_0" FONTSIZE="9" FONTFAMILY="Courier New"/>
		<TextStyle ID="TXT_1" FONTSIZE="10" FONTFAMILY="Courier New"/>
		<ParagraphStyle ID="PAR_CENTER" ALIGN="Center"/>
		<ParagraphStyle ID="PAR_RIGHT" ALIGN="Right"/>
		<ParagraphStyle ID="PAR_LEFT" ALIGN="Left"/>
	</Styles>
	<Layout>
		<Page ID="P97" PHYSICAL_IMG_NR="97" HEIGHT="1922" WIDTH="1117" PRINTED_IMG_NR="71" POSITION="Right" ACCURACY="90.62">
			<TopMargin ID="P97_TM00001" HPOS="0" VPOS="0" WIDTH="1116" HEIGHT="223">
				<TextBlock ID="P97_TB00001" HPOS="385" VPOS="197" WIDTH="344" HEIGHT="17" STYLEREFS="TXT_0 PAR_CENTER">
					<TextLine ID="P97_TL00001" HPOS="385" VPOS="198" WIDTH="344" HEIGHT="16">
						<String ID="P97_ST00001" HPOS="385" VPOS="198" WIDTH="131" HEIGHT="16" CONTENT="GENERAL" WC="0.70" CC="0505009"/>
						<SP ID="P97_SP00001" HPOS="516" VPOS="214" WIDTH="19"/>
						<String ID="P97_ST00002" HPOS="535" VPOS="199" WIDTH="194" HEIGHT="15" CONTENT="DESCRIPTION." WC="0.88" CC="300003202200"/>
					</TextLine>
				</TextBlock>
				<TextBlock ID="P97_TB00002" HPOS="950" VPOS="198" WIDTH="28" HEIGHT="23" STYLEREFS="TXT_1 PAR_RIGHT">
					<TextLine ID="P97_TL00002" HPOS="951" VPOS="199" WIDTH="27" HEIGHT="22">
						<String ID="P97_ST00003" HPOS="951" VPOS="199" WIDTH="27" HEIGHT="22" CONTENT="71" WC="0.37" CC="48"/>
					</TextLine>
				</TextBlock>
			</TopMargin>
			<LeftMargin ID="P97_LM00001" HPOS="0" VPOS="223" WIDTH="126" HEIGHT="1517"/>
			<RightMargin ID="P97_RM00001" HPOS="991" VPOS="223" WIDTH="125" HEIGHT="1517"/>
			<BottomMargin ID="P97_BM00001" HPOS="0" VPOS="1740" WIDTH="1116" HEIGHT="181"/>
			<PrintSpace ID="P97_PS00001" HPOS="126" VPOS="223" WIDTH="865" HEIGHT="1517">
				<TextBlock ID="P97_TB00003" HPOS="126" VPOS="267" WIDTH="856" HEIGHT="170" STYLEREFS="TXT_0 PAR_LEFT">
					<TextLine ID="P97_TL00003" HPOS="126" VPOS="268" WIDTH="855" HEIGHT="34">
						<String ID="P97_ST00004" HPOS="126" VPOS="277" WIDTH="30" HEIGHT="16" CONTENT="or" WC="1.00" CC="00"/>
						<SP ID="P97_SP00002" HPOS="156" VPOS="293" WIDTH="13"/>
						<String ID="P97_ST00005" HPOS="169" VPOS="268" WIDTH="72" HEIGHT="34" CONTENT="forty" WC="1.00" CC="00000"/>
						<SP ID="P97_SP00003" HPOS="241" VPOS="302" WIDTH="13"/>
						<String ID="P97_ST00006" HPOS="254" VPOS="268" WIDTH="52" HEIGHT="25" CONTENT="feet" WC="0.82" CC="7000"/>
						<SP ID="P97_SP00004" HPOS="306" VPOS="302" WIDTH="14"/>
						<String ID="P97_ST00007" HPOS="320" VPOS="277" WIDTH="46" HEIGHT="16" CONTENT="are" WC="1.00" CC="000"/>
						<SP ID="P97_SP00005" HPOS="366" VPOS="302" WIDTH="17"/>
						<String ID="P97_ST00008" HPOS="383" VPOS="269" WIDTH="98" HEIGHT="33" CONTENT="totally" WC="0.94" CC="0000120"/>
						<SP ID="P97_SP00006" HPOS="481" VPOS="302" WIDTH="13"/>
						<String ID="P97_ST00009" HPOS="494" VPOS="269" WIDTH="99" HEIGHT="24" CONTENT="devoid" WC="1.00" CC="000000"/>
						<SP ID="P97_SP00007" HPOS="593" VPOS="302" WIDTH="14"/>
						<String ID="P97_ST00010" HPOS="607" VPOS="269" WIDTH="29" HEIGHT="24" CONTENT="of" WC="1.00" CC="00"/>
						<SP ID="P97_SP00008" HPOS="636" VPOS="302" WIDTH="13"/>
						<String ID="P97_ST00011" HPOS="649" VPOS="269" WIDTH="111" HEIGHT="33" CONTENT="organic" WC="0.81" CC="1100440"/>
						<SP ID="P97_SP00009" HPOS="760" VPOS="302" WIDTH="14"/>
						<String ID="P97_ST00012" HPOS="774" VPOS="270" WIDTH="127" HEIGHT="29" CONTENT="remains," WC="0.89" CC="00403100"/>
						<SP ID="P97_SP00010" HPOS="901" VPOS="302" WIDTH="15"/>
						<String ID="P97_ST00013" HPOS="916" VPOS="270" WIDTH="65" HEIGHT="25" CONTENT="with" WC="0.53" CC="7550"/>
					</TextLine>
					<TextLine ID="P97_TL00004" HPOS="126" VPOS="313" WIDTH="856" HEIGHT="33">
						<String ID="P97_ST00014" HPOS="126" VPOS="314" WIDTH="47" HEIGHT="24" CONTENT="the" WC="0.87" CC="030"/>
						<SP ID="P97_SP00011" HPOS="173" VPOS="338" WIDTH="21"/>
						<String ID="P97_ST00015" HPOS="194" VPOS="313" WIDTH="146" HEIGHT="33" CONTENT="exception" WC="1.00" CC="000000000"/>
						<SP ID="P97_SP00012" HPOS="340" VPOS="346" WIDTH="19"/>
						<String ID="P97_ST00016" HPOS="359" VPOS="313" WIDTH="29" HEIGHT="24" CONTENT="of" WC="1.00" CC="00"/>
						<SP ID="P97_SP00013" HPOS="388" VPOS="346" WIDTH="17"/>
						<String ID="P97_ST00017" HPOS="405" VPOS="322" WIDTH="16" HEIGHT="15" CONTENT="a" WC="1.00" CC="0"/>
						<SP ID="P97_SP00014" HPOS="421" VPOS="346" WIDTH="19"/>
						<String ID="P97_ST00018" HPOS="440" VPOS="313" WIDTH="50" HEIGHT="26" CONTENT="few" WC="0.75" CC="006"/>
						<SP ID="P97_SP00015" HPOS="490" VPOS="346" WIDTH="18"/>
						<String ID="P97_ST00019" HPOS="508" VPOS="314" WIDTH="166" HEIGHT="32" CONTENT="phosphatic" WC="0.96" CC="0000000040"/>
						<SP ID="P97_SP00016" HPOS="674" VPOS="346" WIDTH="20"/>
						<String ID="P97_ST00020" HPOS="694" VPOS="314" WIDTH="180" HEIGHT="30" CONTENT="concretions," WC="0.73" CC="025020950500"/>
						<SP ID="P97_SP00017" HPOS="874" VPOS="346" WIDTH="19"/>
						<String ID="P97_ST00021" HPOS="893" VPOS="315" WIDTH="89" HEIGHT="25" CONTENT="which" WC="0.85" CC="02301"/>
					</TextLine>
					<TextLine ID="P97_TL00005" HPOS="127" VPOS="359" WIDTH="855" HEIGHT="33">
						<String ID="P97_ST00022" HPOS="127" VPOS="367" WIDTH="83" HEIGHT="24" CONTENT="range" WC="1.00" CC="00000"/>
						<SP ID="P97_SP00018" HPOS="210" VPOS="391" WIDTH="25"/>
						<String ID="P97_ST00023" HPOS="235" VPOS="359" WIDTH="179" HEIGHT="32" CONTENT="throughout," WC="0.83" CC="06500050000"/>
						<SP ID="P97_SP00019" HPOS="414" VPOS="391" WIDTH="26"/>
						<String ID="P97_ST00024" HPOS="440" VPOS="359" WIDTH="54" HEIGHT="25" CONTENT="and" WC="0.83" CC="050"/>
						<SP ID="P97_SP00020" HPOS="494" VPOS="391" WIDTH="27"/>
						<String ID="P97_ST00025" HPOS="521" VPOS="367" WIDTH="75" HEIGHT="17" CONTENT="some" WC="0.92" CC="0300"/>
						<SP ID="P97_SP00021" HPOS="596" VPOS="391" WIDTH="29"/>
						<String ID="P97_ST00026" HPOS="625" VPOS="359" WIDTH="84" HEIGHT="33" CONTENT="spiral" WC="0.94" CC="000030"/>
						<SP ID="P97_SP00022" HPOS="709" VPOS="392" WIDTH="27"/>
						<String ID="P97_ST00027" HPOS="736" VPOS="359" WIDTH="104" HEIGHT="33" CONTENT="shaped" WC="0.88" CC="070000"/>
						<SP ID="P97_SP00023" HPOS="840" VPOS="392" WIDTH="29"/>
						<String ID="P97_ST00028" HPOS="869" VPOS="368" WIDTH="113" HEIGHT="21" CONTENT="masses," WC="1.00" CC="0000000"/>
					</TextLine>
					<TextLine ID="P97_TL00006" HPOS="127" VPOS="403" WIDTH="810" HEIGHT="34">
						<String ID="P97_ST00029" HPOS="127" VPOS="403" WIDTH="154" HEIGHT="33" CONTENT="exhibiting" WC="0.84" CC="0201020520"/>
						<SP ID="P97_SP00024" HPOS="281" VPOS="436" WIDTH="18"/>
						<String ID="P97_ST00030" HPOS="299" VPOS="404" WIDTH="158" HEIGHT="25" CONTENT="concentric" WC="0.95" CC="0000000050"/>
						<SP ID="P97_SP00025" HPOS="457" VPOS="436" WIDTH="18"/>
						<String ID="P97_ST00031" HPOS="475" VPOS="404" WIDTH="83" HEIGHT="32" CONTENT="rings," WC="0.80" CC="226000"/>
						<SP ID="P97_SP00026" HPOS="558" VPOS="436" WIDTH="15"/>
						<String ID="P97_ST00032" HPOS="573" VPOS="404" WIDTH="59" HEIGHT="26" CONTENT="said" WC="0.91" CC="0030"/>
						<SP ID="P97_SP00027" HPOS="632" VPOS="436" WIDTH="19"/>
						<String ID="P97_ST00033" HPOS="651" VPOS="409" WIDTH="28" HEIGHT="21" CONTENT="to" WC="1.00" CC="00"/>
						<SP ID="P97_SP00028" HPOS="679" VPOS="436" WIDTH="19"/>
						<String ID="P97_ST00034" HPOS="698" VPOS="405" WIDTH="34" HEIGHT="25" CONTENT="be" WC="1.00" CC="00"/>
						<SP ID="P97_SP00029" HPOS="732" VPOS="436" WIDTH="19"/>
						<String ID="P97_ST00035" HPOS="751" VPOS="405" WIDTH="129" HEIGHT="32" CONTENT="Coprolites" WC="0.84" CC="0107000403"/>
						<SP ID="P97_SP00030" HPOS="880" VPOS="437" WIDTH="14"/>
						<String ID="P97_ST00036" HPOS="894" VPOS="405" WIDTH="43" HEIGHT="32" CONTENT="(?)." WC="1.00" CC="0000"/>
					</TextLine>
				</TextBlock>
				<TextBlock ID="P97_TB00004" HPOS="128" VPOS="447" WIDTH="856" HEIGHT="205" STYLEREFS="TXT_0 PAR_LEFT">
					<TextLine ID="P97_TL00007" HPOS="175" VPOS="448" WIDTH="808" HEIGHT="33">
						<String ID="P97_ST00037" HPOS="175" VPOS="449" WIDTH="24" HEIGHT="24" CONTENT="A" WC="1.00" CC="0"/>
						<SP ID="P97_SP00031" HPOS="199" VPOS="473" WIDTH="22"/>
						<String ID="P97_ST00038" HPOS="221" VPOS="449" WIDTH="80" HEIGHT="24" CONTENT="small" WC="1.00" CC="00000"/>
						<SP ID="P97_SP00032" HPOS="301" VPOS="473" WIDTH="19"/>
						<String ID="P97_ST00039" HPOS="320" VPOS="448" WIDTH="110" HEIGHT="33" CONTENT="portion" WC="0.94" CC="3000000"/>
						<SP ID="P97_SP00033" HPOS="430" VPOS="481" WIDTH="25"/>
						<String ID="P97_ST00040" HPOS="455" VPOS="449" WIDTH="29" HEIGHT="25" CONTENT="of" WC="0.80" CC="03"/>
						<SP ID="P97_SP00034" HPOS="484" VPOS="481" WIDTH="22"/>
						<String ID="P97_ST00041" HPOS="506" VPOS="449" WIDTH="46" HEIGHT="25" CONTENT="the" WC="0.84" CC="040"/>
						<SP ID="P97_SP00035" HPOS="552" VPOS="481" WIDTH="22"/>
						<String ID="P97_ST00042" HPOS="574" VPOS="450" WIDTH="86" HEIGHT="25" CONTENT="Gault" WC="0.91" CC="00400"/>
						<SP ID="P97_SP00036" HPOS="660" VPOS="481" WIDTH="20"/>
						<String ID="P97_ST00043" HPOS="680" VPOS="458" WIDTH="98" HEIGHT="17" CONTENT="occurs" WC="0.90" CC="000500"/>
						<SP ID="P97_SP00037" HPOS="778" VPOS="481" WIDTH="21"/>
						<String ID="P97_ST00044" HPOS="799" VPOS="458" WIDTH="35" HEIGHT="17" CONTENT="on" WC="1.00" CC="00"/>
						<SP ID="P97_SP00038" HPOS="834" VPOS="481" WIDTH="20"/>
						<String ID="P97_ST00045" HPOS="854" VPOS="450" WIDTH="46" HEIGHT="25" CONTENT="the" WC="0.80" CC="050"/>
						<SP ID="P97_SP00039" HPOS="900" VPOS="481" WIDTH="24"/>
						<String ID="P97_ST00046" HPOS="924" VPOS="453" WIDTH="59" HEIGHT="22" CONTENT="east" WC="1.00" CC="0000"/>
					</TextLine>
					<TextLine ID="P97_TL00008" HPOS="128" VPOS="494" WIDTH="855" HEIGHT="30">
						<String ID="P97_ST00047" HPOS="128" VPOS="494" WIDTH="59" HEIGHT="25" CONTENT="side" WC="0.91" CC="0300"/>
						<SP ID="P97_SP00040" HPOS="187" VPOS="519" WIDTH="13"/>
						<String ID="P97_ST00048" HPOS="200" VPOS="494" WIDTH="30" HEIGHT="25" CONTENT="of" WC="0.89" CC="20"/>
						<SP ID="P97_SP00041" HPOS="230" VPOS="519" WIDTH="16"/>
						<String ID="P97_ST00049" HPOS="246" VPOS="494" WIDTH="46" HEIGHT="25" CONTENT="the" WC="0.83" CC="050"/>
						<SP ID="P97_SP00042" HPOS="292" VPOS="519" WIDTH="15"/>
						<String ID="P97_ST00050" HPOS="307" VPOS="495" WIDTH="58" HEIGHT="24" CONTENT="Gas" WC="1.00" CC="000"/>
						<SP ID="P97_SP00043" HPOS="365" VPOS="519" WIDTH="16"/>
						<String ID="P97_ST00051" HPOS="381" VPOS="495" WIDTH="105" HEIGHT="28" CONTENT="House," WC="0.93" CC="004000"/>
						<SP ID="P97_SP00044" HPOS="486" VPOS="523" WIDTH="14"/>
						<String ID="P97_ST00052" HPOS="500" VPOS="494" WIDTH="27" HEIGHT="25" CONTENT="in" WC="0.70" CC="50"/>
						<SP ID="P97_SP00045" HPOS="527" VPOS="523" WIDTH="14"/>
						<String ID="P97_ST00053" HPOS="541" VPOS="494" WIDTH="54" HEIGHT="25" CONTENT="situ" WC="0.78" CC="0530"/>
						<SP ID="P97_SP00046" HPOS="595" VPOS="523" WIDTH="13"/>
						<String ID="P97_ST00054" HPOS="608" VPOS="503" WIDTH="35" HEIGHT="16" CONTENT="on" WC="1.00" CC="00"/>
						<SP ID="P97_SP00047" HPOS="643" VPOS="523" WIDTH="14"/>
						<String ID="P97_ST00055" HPOS="657" VPOS="495" WIDTH="46" HEIGHT="24" CONTENT="the" WC="0.98" CC="000"/>
						<SP ID="P97_SP00048" HPOS="703" VPOS="523" WIDTH="14"/>
						<String ID="P97_ST00056" HPOS="717" VPOS="495" WIDTH="79" HEIGHT="24" CONTENT="shore" WC="0.94" CC="02000"/>
						<SP ID="P97_SP00049" HPOS="796" VPOS="523" WIDTH="14"/>
						<String ID="P97_ST00057" HPOS="810" VPOS="499" WIDTH="27" HEIGHT="20" CONTENT="at" WC="1.00" CC="00"/>
						<SP ID="P97_SP00050" HPOS="837" VPOS="523" WIDTH="14"/>
						<String ID="P97_ST00058" HPOS="851" VPOS="496" WIDTH="132" HEIGHT="28" CONTENT="Ventnor," WC="0.90" CC="00304000"/>
					</TextLine>
					<TextLine ID="P97_TL00009" HPOS="129" VPOS="539" WIDTH="854" HEIGHT="33">
						<String ID="P97_ST00059" HPOS="129" VPOS="539" WIDTH="58" HEIGHT="24" CONTENT="also" WC="0.83" CC="0600"/>
						<SP ID="P97_SP00051" HPOS="187" VPOS="563" WIDTH="13"/>
						<String ID="P97_ST00060" HPOS="200" VPOS="539" WIDTH="104" HEIGHT="24" CONTENT="further" WC="0.94" CC="0400000"/>
						<SP ID="P97_SP00052" HPOS="304" VPOS="563" WIDTH="15"/>
						<String ID="P97_ST00061" HPOS="319" VPOS="543" WIDTH="67" HEIGHT="25" CONTENT="east," WC="1.00" CC="00000"/>
						<SP ID="P97_SP00053" HPOS="386" VPOS="568" WIDTH="15"/>
						<String ID="P97_ST00062" HPOS="401" VPOS="539" WIDTH="27" HEIGHT="24" CONTENT="in" WC="0.64" CC="07"/>
						<SP ID="P97_SP00054" HPOS="428" VPOS="568" WIDTH="15"/>
						<String ID="P97_ST00063" HPOS="443" VPOS="540" WIDTH="91" HEIGHT="23" CONTENT="Horse" WC="0.97" CC="00100"/>
						<SP ID="P97_SP00055" HPOS="534" VPOS="568" WIDTH="20"/>
						<String ID="P97_ST00064" HPOS="554" VPOS="539" WIDTH="72" HEIGHT="25" CONTENT="Shoe" WC="0.87" CC="0500"/>
						<SP ID="P97_SP00056" HPOS="626" VPOS="568" WIDTH="19"/>
						<String ID="P97_ST00065" HPOS="645" VPOS="540" WIDTH="67" HEIGHT="32" CONTENT="Bay," WC="1.00" CC="0000"/>
						<SP ID="P97_SP00057" HPOS="712" VPOS="572" WIDTH="15"/>
						<String ID="P97_ST00066" HPOS="727" VPOS="548" WIDTH="64" HEIGHT="15" CONTENT="near" WC="1.00" CC="0000"/>
						<SP ID="P97_SP00058" HPOS="791" VPOS="572" WIDTH="17"/>
						<String ID="P97_ST00067" HPOS="808" VPOS="540" WIDTH="175" HEIGHT="29" CONTENT="Bonchurch," WC="0.81" CC="3040200032"/>
					</TextLine>
					<TextLine ID="P97_TL00010" HPOS="129" VPOS="583" WIDTH="855" HEIGHT="33">
						<String ID="P97_ST00068" HPOS="129" VPOS="584" WIDTH="54" HEIGHT="24" CONTENT="and" WC="1.00" CC="000"/>
						<SP ID="P97_SP00059" HPOS="183" VPOS="608" WIDTH="22"/>
						<String ID="P97_ST00069" HPOS="205" VPOS="584" WIDTH="116" HEIGHT="24" CONTENT="extends" WC="0.92" CC="0000500"/>
						<SP ID="P97_SP00060" HPOS="321" VPOS="608" WIDTH="21"/>
						<String ID="P97_ST00070" HPOS="342" VPOS="583" WIDTH="70" HEIGHT="25" CONTENT="from" WC="0.87" CC="0040"/>
						<SP ID="P97_SP00061" HPOS="412" VPOS="608" WIDTH="22"/>
						<String ID="P97_ST00071" HPOS="434" VPOS="584" WIDTH="99" HEIGHT="24" CONTENT="thence" WC="0.87" CC="020500"/>
						<SP ID="P97_SP00062" HPOS="533" VPOS="608" WIDTH="22"/>
						<String ID="P97_ST00072" HPOS="555" VPOS="592" WIDTH="35" HEIGHT="16" CONTENT="on" WC="0.75" CC="05"/>
						<SP ID="P97_SP00063" HPOS="590" VPOS="608" WIDTH="24"/>
						<String ID="P97_ST00073" HPOS="614" VPOS="584" WIDTH="48" HEIGHT="24" CONTENT="the" WC="0.92" CC="020"/>
						<SP ID="P97_SP00064" HPOS="662" VPOS="608" WIDTH="23"/>
						<String ID="P97_ST00074" HPOS="685" VPOS="588" WIDTH="48" HEIGHT="28" CONTENT="top" WC="1.00" CC="000"/>
						<SP ID="P97_SP00065" HPOS="733" VPOS="616" WIDTH="25"/>
						<String ID="P97_ST00075" HPOS="758" VPOS="584" WIDTH="29" HEIGHT="24" CONTENT="of" WC="1.00" CC="00"/>
						<SP ID="P97_SP00066" HPOS="787" VPOS="616" WIDTH="21"/>
						<String ID="P97_ST00076" HPOS="808" VPOS="585" WIDTH="47" HEIGHT="24" CONTENT="the" WC="0.88" CC="030"/>
						<SP ID="P97_SP00067" HPOS="855" VPOS="616" WIDTH="24"/>
						<String ID="P97_ST00077" HPOS="879" VPOS="584" WIDTH="59" HEIGHT="24" CONTENT="cliff" WC="1.00" CC="00000"/>
						<SP ID="P97_SP00068" HPOS="938" VPOS="616" WIDTH="18"/>
						<String ID="P97_ST00078" HPOS="956" VPOS="588" WIDTH="28" HEIGHT="21" CONTENT="to" WC="1.00" CC="00"/>
					</TextLine>
					<TextLine ID="P97_TL00011" HPOS="130" VPOS="629" WIDTH="143" HEIGHT="23">
						<String ID="P97_ST00079" HPOS="130" VPOS="629" WIDTH="143" HEIGHT="23" CONTENT="Shanklin." WC="0.92" CC="020100030"/>
					</TextLine>
				</TextBlock>
				<TextBlock ID="P97_TB00005" HPOS="131" VPOS="672" WIDTH="855" HEIGHT="204" STYLEREFS="TXT_0 PAR_LEFT">
					<TextLine ID="P97_TL00012" HPOS="177" VPOS="673" WIDTH="806" HEIGHT="34">
						<String ID="P97_ST00080" HPOS="177" VPOS="674" WIDTH="23" HEIGHT="23" CONTENT="A" WC="1.00" CC="0"/>
						<SP ID="P97_SP00069" HPOS="200" VPOS="697" WIDTH="14"/>
						<String ID="P97_ST00081" HPOS="214" VPOS="674" WIDTH="71" HEIGHT="32" CONTENT="good" WC="1.00" CC="0000"/>
						<SP ID="P97_SP00070" HPOS="285" VPOS="706" WIDTH="13"/>
						<String ID="P97_ST00082" HPOS="298" VPOS="674" WIDTH="105" HEIGHT="24" CONTENT="section" WC="0.86" CC="0000405"/>
						<SP ID="P97_SP00071" HPOS="403" VPOS="706" WIDTH="15"/>
						<String ID="P97_ST00083" HPOS="418" VPOS="673" WIDTH="29" HEIGHT="25" CONTENT="of" WC="0.66" CC="33"/>
						<SP ID="P97_SP00072" HPOS="447" VPOS="706" WIDTH="10"/>
						<String ID="P97_ST00084" HPOS="457" VPOS="674" WIDTH="46" HEIGHT="24" CONTENT="the" WC="0.86" CC="040"/>
						<SP ID="P97_SP00073" HPOS="503" VPOS="706" WIDTH="14"/>
						<String ID="P97_ST00085" HPOS="517" VPOS="674" WIDTH="85" HEIGHT="25" CONTENT="Gault" WC="1.00" CC="00000"/>
						<SP ID="P97_SP00074" HPOS="602" VPOS="706" WIDTH="14"/>
						<String ID="P97_ST00086" HPOS="616" VPOS="674" WIDTH="23" HEIGHT="24" CONTENT="is" WC="0.76" CC="40"/>
						<SP ID="P97_SP00075" HPOS="639" VPOS="706" WIDTH="11"/>
						<String ID="P97_ST00087" HPOS="650" VPOS="682" WIDTH="63" HEIGHT="16" CONTENT="seen" WC="0.96" CC="1000"/>
						<SP ID="P97_SP00076" HPOS="713" VPOS="706" WIDTH="10"/>
						<String ID="P97_ST00088" HPOS="723" VPOS="674" WIDTH="28" HEIGHT="24" CONTENT="in" WC="1.00" CC="00"/>
						<SP ID="P97_SP00077" HPOS="751" VPOS="706" WIDTH="14"/>
						<String ID="P97_ST00089" HPOS="765" VPOS="674" WIDTH="135" HEIGHT="25" CONTENT="Sandown" WC="0.85" CC="0050031"/>
						<SP ID="P97_SP00078" HPOS="900" VPOS="706" WIDTH="16"/>
						<String ID="P97_ST00090" HPOS="916" VPOS="674" WIDTH="67" HEIGHT="33" CONTENT="Bay," WC="0.90" CC="4000"/>
					</TextLine>
					<TextLine ID="P97_TL00013" HPOS="131" VPOS="718" WIDTH="852" HEIGHT="33">
						<String ID="P97_ST00091" HPOS="131" VPOS="718" WIDTH="28" HEIGHT="24" CONTENT="in" WC="0.94" CC="10"/>
						<SP ID="P97_SP00079" HPOS="159" VPOS="742" WIDTH="12"/>
						<String ID="P97_ST00092" HPOS="171" VPOS="718" WIDTH="37" HEIGHT="25" CONTENT="its" WC="1.00" CC="000"/>
						<SP ID="P97_SP00080" HPOS="208" VPOS="743" WIDTH="13"/>
						<String ID="P97_ST00093" HPOS="221" VPOS="719" WIDTH="78" HEIGHT="32" CONTENT="place" WC="0.82" CC="90000"/>
						<SP ID="P97_SP00081" HPOS="299" VPOS="751" WIDTH="14"/>
						<String ID="P97_ST00094" HPOS="313" VPOS="719" WIDTH="123" HEIGHT="24" CONTENT="between" WC="0.93" CC="0000004"/>
						<SP ID="P97_SP00082" HPOS="436" VPOS="751" WIDTH="18"/>
						<String ID="P97_ST00095" HPOS="454" VPOS="718" WIDTH="48" HEIGHT="25" CONTENT="the" WC="0.94" CC="010"/>
						<SP ID="P97_SP00083" HPOS="502" VPOS="751" WIDTH="14"/>
						<String ID="P97_ST00096" HPOS="516" VPOS="719" WIDTH="96" HEIGHT="32" CONTENT="Upper" WC="1.00" CC="00000"/>
						<SP ID="P97_SP00084" HPOS="612" VPOS="751" WIDTH="18"/>
						<String ID="P97_ST00097" HPOS="630" VPOS="719" WIDTH="54" HEIGHT="24" CONTENT="and" WC="1.00" CC="000"/>
						<SP ID="P97_SP00085" HPOS="684" VPOS="751" WIDTH="18"/>
						<String ID="P97_ST00098" HPOS="702" VPOS="719" WIDTH="98" HEIGHT="25" CONTENT="Lower" WC="1.00" CC="00000"/>
						<SP ID="P97_SP00086" HPOS="800" VPOS="751" WIDTH="13"/>
						<String ID="P97_ST00099" HPOS="813" VPOS="719" WIDTH="170" HEIGHT="29" CONTENT="Greensand," WC="0.96" CC="0300000000"/>
					</TextLine>
					<TextLine ID="P97_TL00014" HPOS="132" VPOS="762" WIDTH="854" HEIGHT="33">
						<String ID="P97_ST00100" HPOS="132" VPOS="762" WIDTH="138" HEIGHT="33" CONTENT="following" WC="0.90" CC="000000440"/>
						<SP ID="P97_SP00087" HPOS="270" VPOS="795" WIDTH="21"/>
						<String ID="P97_ST00101" HPOS="291" VPOS="763" WIDTH="47" HEIGHT="25" CONTENT="the" WC="0.91" CC="020"/>
						<SP ID="P97_SP00088" HPOS="338" VPOS="795" WIDTH="19"/>
						<String ID="P97_ST00102" HPOS="357" VPOS="763" WIDTH="137" HEIGHT="32" CONTENT="upheaval" WC="0.91" CC="00300004"/>
						<SP ID="P97_SP00089" HPOS="494" VPOS="795" WIDTH="19"/>
						<String ID="P97_ST00103" HPOS="513" VPOS="762" WIDTH="29" HEIGHT="26" CONTENT="of" WC="0.96" CC="00"/>
						<SP ID="P97_SP00090" HPOS="542" VPOS="795" WIDTH="15"/>
						<String ID="P97_ST00104" HPOS="557" VPOS="763" WIDTH="47" HEIGHT="25" CONTENT="the" WC="0.90" CC="030"/>
						<SP ID="P97_SP00091" HPOS="604" VPOS="795" WIDTH="20"/>
						<String ID="P97_ST00105" HPOS="624" VPOS="767" WIDTH="96" HEIGHT="25" CONTENT="strata," WC="0.90" CC="0015000"/>
						<SP ID="P97_SP00092" HPOS="720" VPOS="795" WIDTH="14"/>
						<String ID="P97_ST00106" HPOS="734" VPOS="763" WIDTH="90" HEIGHT="26" CONTENT="where" WC="0.81" CC="06020"/>
						<SP ID="P97_SP00093" HPOS="824" VPOS="795" WIDTH="20"/>
						<String ID="P97_ST00107" HPOS="844" VPOS="763" WIDTH="20" HEIGHT="25" CONTENT="it" WC="0.80" CC="40"/>
						<SP ID="P97_SP00094" HPOS="864" VPOS="795" WIDTH="19"/>
						<String ID="P97_ST00108" HPOS="883" VPOS="772" WIDTH="51" HEIGHT="16" CONTENT="can" WC="1.00" CC="000"/>
						<SP ID="P97_SP00095" HPOS="934" VPOS="795" WIDTH="18"/>
						<String ID="P97_ST00109" HPOS="952" VPOS="764" WIDTH="34" HEIGHT="24" CONTENT="be" WC="1.00" CC="00"/>
					</TextLine>
					<TextLine ID="P97_TL00015" HPOS="132" VPOS="807" WIDTH="854" HEIGHT="33">
						<String ID="P97_ST00110" HPOS="132" VPOS="808" WIDTH="144" HEIGHT="25" CONTENT="measured" WC="0.89" CC="00003400"/>
						<SP ID="P97_SP00096" HPOS="276" VPOS="833" WIDTH="14"/>
						<String ID="P97_ST00111" HPOS="290" VPOS="807" WIDTH="220" HEIGHT="33" CONTENT="approximately" WC="0.93" CC="0000090000000"/>
						<SP ID="P97_SP00097" HPOS="510" VPOS="840" WIDTH="13"/>
						<String ID="P97_ST00112" HPOS="523" VPOS="812" WIDTH="28" HEIGHT="21" CONTENT="at" WC="1.00" CC="00"/>
						<SP ID="P97_SP00098" HPOS="551" VPOS="840" WIDTH="18"/>
						<String ID="P97_ST00113" HPOS="569" VPOS="808" WIDTH="46" HEIGHT="24" CONTENT="the" WC="0.86" CC="040"/>
						<SP ID="P97_SP00099" HPOS="615" VPOS="840" WIDTH="15"/>
						<String ID="P97_ST00114" HPOS="630" VPOS="808" WIDTH="66" HEIGHT="25" CONTENT="base" WC="1.00" CC="0000"/>
						<SP ID="P97_SP00100" HPOS="696" VPOS="840" WIDTH="16"/>
						<String ID="P97_ST00115" HPOS="712" VPOS="807" WIDTH="29" HEIGHT="25" CONTENT="of" WC="1.00" CC="00"/>
						<SP ID="P97_SP00101" HPOS="741" VPOS="840" WIDTH="15"/>
						<String ID="P97_ST00116" HPOS="756" VPOS="808" WIDTH="46" HEIGHT="25" CONTENT="the" WC="0.99" CC="000"/>
						<SP ID="P97_SP00102" HPOS="802" VPOS="840" WIDTH="15"/>
						<String ID="P97_ST00117" HPOS="817" VPOS="808" WIDTH="72" HEIGHT="25" CONTENT="talus" WC="0.92" CC="00210"/>
						<SP ID="P97_SP00103" HPOS="889" VPOS="840" WIDTH="13"/>
						<String ID="P97_ST00118" HPOS="902" VPOS="807" WIDTH="20" HEIGHT="26" CONTENT="it" WC="0.86" CC="20"/>
						<SP ID="P97_SP00104" HPOS="922" VPOS="840" WIDTH="14"/>
						<String ID="P97_ST00119" HPOS="936" VPOS="808" WIDTH="50" HEIGHT="25" CONTENT="has" WC="0.96" CC="100"/>
					</TextLine>
					<TextLine ID="P97_TL00016" HPOS="132" VPOS="853" WIDTH="113" HEIGHT="23">
						<String ID="P97_ST00120" HPOS="132" VPOS="853" WIDTH="113" HEIGHT="23" CONTENT="formed." WC="0.84" CC="0046000"/>
					</TextLine>
				</TextBlock>
				<TextBlock ID="P97_TB00006" HPOS="132" VPOS="896" WIDTH="859" HEIGHT="708" STYLEREFS="TXT_0 PAR_LEFT">
					<TextLine ID="P97_TL00017" HPOS="179" VPOS="897" WIDTH="807" HEIGHT="30">
						<String ID="P97_ST00121" HPOS="179" VPOS="898" WIDTH="59" HEIGHT="24" CONTENT="The" WC="0.83" CC="050"/>
						<SP ID="P97_SP00105" HPOS="238" VPOS="922" WIDTH="22"/>
						<String ID="P97_ST00122" HPOS="260" VPOS="898" WIDTH="126" HEIGHT="24" CONTENT="Meadow" WC="1.00" CC="000000"/>
						<SP ID="P97_SP00106" HPOS="386" VPOS="922" WIDTH="14"/>
						<String ID="P97_ST00123" HPOS="400" VPOS="897" WIDTH="88" HEIGHT="25" CONTENT="called" WC="1.00" CC="000000"/>
						<SP ID="P97_SP00107" HPOS="488" VPOS="922" WIDTH="19"/>
						<String ID="P97_ST00124" HPOS="507" VPOS="897" WIDTH="46" HEIGHT="25" CONTENT="the" WC="0.88" CC="030"/>
						<SP ID="P97_SP00108" HPOS="553" VPOS="922" WIDTH="17"/>
						<String ID="P97_ST00125" HPOS="570" VPOS="898" WIDTH="150" HEIGHT="29" CONTENT="Cowleaze," WC="0.93" CC="000200400"/>
						<SP ID="P97_SP00109" HPOS="720" VPOS="927" WIDTH="16"/>
						<String ID="P97_ST00126" HPOS="736" VPOS="898" WIDTH="87" HEIGHT="24" CONTENT="above" WC="1.00" CC="00000"/>
						<SP ID="P97_SP00110" HPOS="823" VPOS="927" WIDTH="22"/>
						<String ID="P97_ST00127" HPOS="845" VPOS="897" WIDTH="141" HEIGHT="29" CONTENT="Shanklin," WC="0.90" CC="000000340"/>
					</TextLine>
					<TextLine ID="P97_TL00018" HPOS="132" VPOS="941" WIDTH="856" HEIGHT="34">
						<String ID="P97_ST00128" HPOS="132" VPOS="943" WIDTH="23" HEIGHT="24" CONTENT="is" WC="0.90" CC="20"/>
						<SP ID="P97_SP00111" HPOS="155" VPOS="967" WIDTH="14"/>
						<String ID="P97_ST00129" HPOS="169" VPOS="943" WIDTH="149" HEIGHT="32" CONTENT="composed" WC="0.92" CC="00600000"/>
						<SP ID="P97_SP00112" HPOS="318" VPOS="975" WIDTH="13"/>
						<String ID="P97_ST00130" HPOS="331" VPOS="942" WIDTH="29" HEIGHT="24" CONTENT="of" WC="0.78" CC="04"/>
						<SP ID="P97_SP00113" HPOS="360" VPOS="975" WIDTH="10"/>
						<String ID="P97_ST00131" HPOS="370" VPOS="942" WIDTH="47" HEIGHT="24" CONTENT="the" WC="1.00" CC="000"/>
						<SP ID="P97_SP00114" HPOS="417" VPOS="975" WIDTH="14"/>
						<String ID="P97_ST00132" HPOS="431" VPOS="942" WIDTH="95" HEIGHT="25" CONTENT="Gault." WC="0.90" CC="103000"/>
						<SP ID="P97_SP00115" HPOS="526" VPOS="975" WIDTH="37"/>
						<String ID="P97_ST00133" HPOS="563" VPOS="942" WIDTH="44" HEIGHT="24" CONTENT="All" WC="1.00" CC="000"/>
						<SP ID="P97_SP00116" HPOS="607" VPOS="975" WIDTH="15"/>
						<String ID="P97_ST00134" HPOS="622" VPOS="942" WIDTH="80" HEIGHT="32" CONTENT="along" WC="0.82" CC="06020"/>
						<SP ID="P97_SP00117" HPOS="702" VPOS="975" WIDTH="13"/>
						<String ID="P97_ST00135" HPOS="715" VPOS="942" WIDTH="46" HEIGHT="24" CONTENT="the" WC="0.54" CC="750"/>
						<SP ID="P97_SP00118" HPOS="761" VPOS="975" WIDTH="17"/>
						<String ID="P97_ST00136" HPOS="778" VPOS="945" WIDTH="105" HEIGHT="21" CONTENT="terrace" WC="0.96" CC="0000200"/>
						<SP ID="P97_SP00119" HPOS="883" VPOS="975" WIDTH="13"/>
						<String ID="P97_ST00137" HPOS="896" VPOS="941" WIDTH="29" HEIGHT="25" CONTENT="of" WC="1.00" CC="00"/>
						<SP ID="P97_SP00120" HPOS="925" VPOS="975" WIDTH="16"/>
						<String ID="P97_ST00138" HPOS="941" VPOS="942" WIDTH="47" HEIGHT="24" CONTENT="the" WC="0.82" CC="050"/>
					</TextLine>
					<TextLine ID="P97_TL00019" HPOS="134" VPOS="986" WIDTH="854" HEIGHT="34">
						<String ID="P97_ST00139" HPOS="134" VPOS="987" WIDTH="156" HEIGHT="25" CONTENT="Undercliff" WC="0.94" CC="0000400100"/>
						<SP ID="P97_SP00121" HPOS="290" VPOS="1012" WIDTH="21"/>
						<String ID="P97_ST00140" HPOS="311" VPOS="995" WIDTH="64" HEIGHT="25" CONTENT="may" WC="0.90" CC="200"/>
						<SP ID="P97_SP00122" HPOS="375" VPOS="1020" WIDTH="23"/>
						<String ID="P97_ST00141" HPOS="398" VPOS="987" WIDTH="34" HEIGHT="24" CONTENT="be" WC="1.00" CC="00"/>
						<SP ID="P97_SP00123" HPOS="432" VPOS="1020" WIDTH="25"/>
						<String ID="P97_ST00142" HPOS="457" VPOS="994" WIDTH="63" HEIGHT="17" CONTENT="seen" WC="0.94" CC="2000"/>
						<SP ID="P97_SP00124" HPOS="520" VPOS="1020" WIDTH="26"/>
						<String ID="P97_ST00143" HPOS="546" VPOS="994" WIDTH="105" HEIGHT="17" CONTENT="masses" WC="0.96" CC="001000"/>
						<SP ID="P97_SP00125" HPOS="651" VPOS="1020" WIDTH="24"/>
						<String ID="P97_ST00144" HPOS="675" VPOS="986" WIDTH="30" HEIGHT="25" CONTENT="of" WC="0.97" CC="00"/>
						<SP ID="P97_SP00126" HPOS="705" VPOS="1020" WIDTH="20"/>
						<String ID="P97_ST00145" HPOS="725" VPOS="987" WIDTH="48" HEIGHT="24" CONTENT="the" WC="1.00" CC="000"/>
						<SP ID="P97_SP00127" HPOS="773" VPOS="1020" WIDTH="21"/>
						<String ID="P97_ST00146" HPOS="794" VPOS="987" WIDTH="75" HEIGHT="24" CONTENT="debris" WC="0.76" CC="040009"/>
						<SP ID="P97_SP00128" HPOS="869" VPOS="1020" WIDTH="21"/>
						<String ID="P97_ST00147" HPOS="890" VPOS="986" WIDTH="30" HEIGHT="25" CONTENT="of" WC="1.00" CC="00"/>
						<SP ID="P97_SP00129" HPOS="920" VPOS="1020" WIDTH="21"/>
						<String ID="P97_ST00148" HPOS="941" VPOS="987" WIDTH="47" HEIGHT="24" CONTENT="the" WC="1.00" CC="000"/>
					</TextLine>
					<TextLine ID="P97_TL00020" HPOS="132" VPOS="1031" WIDTH="859" HEIGHT="33">
						<String ID="P97_ST00149" HPOS="132" VPOS="1032" WIDTH="243" HEIGHT="32" CONTENT="superincumbent" WC="0.94" CC="00001100500000"/>
						<SP ID="P97_SP00130" HPOS="375" VPOS="1064" WIDTH="23"/>
						<String ID="P97_ST00150" HPOS="398" VPOS="1035" WIDTH="96" HEIGHT="25" CONTENT="strata," WC="1.00" CC="0000000"/>
						<SP ID="P97_SP00131" HPOS="494" VPOS="1064" WIDTH="24"/>
						<String ID="P97_ST00151" HPOS="518" VPOS="1031" WIDTH="150" HEIGHT="32" CONTENT="consisting" WC="0.85" CC="0000500450"/>
						<SP ID="P97_SP00132" HPOS="668" VPOS="1064" WIDTH="22"/>
						<String ID="P97_ST00152" HPOS="690" VPOS="1031" WIDTH="29" HEIGHT="24" CONTENT="of" WC="1.00" CC="00"/>
						<SP ID="P97_SP00133" HPOS="719" VPOS="1064" WIDTH="21"/>
						<String ID="P97_ST00153" HPOS="740" VPOS="1031" WIDTH="72" HEIGHT="33" CONTENT="huge" WC="0.86" CC="5000"/>
						<SP ID="P97_SP00134" HPOS="812" VPOS="1064" WIDTH="22"/>
						<String ID="P97_ST00154" HPOS="834" VPOS="1039" WIDTH="104" HEIGHT="16" CONTENT="masses" WC="1.00" CC="000000"/>
						<SP ID="P97_SP00135" HPOS="938" VPOS="1064" WIDTH="23"/>
						<String ID="P97_ST00155" HPOS="961" VPOS="1031" WIDTH="30" HEIGHT="24" CONTENT="of" WC="1.00" CC="00"/>
					</TextLine>
					<TextLine ID="P97_TL00021" HPOS="133" VPOS="1076" WIDTH="855" HEIGHT="33">
						<String ID="P97_ST00156" HPOS="133" VPOS="1077" WIDTH="89" HEIGHT="25" CONTENT="Chalk" WC="0.88" CC="32000"/>
						<SP ID="P97_SP00136" HPOS="222" VPOS="1102" WIDTH="14"/>
						<String ID="P97_ST00157" HPOS="236" VPOS="1077" WIDTH="54" HEIGHT="24" CONTENT="and" WC="1.00" CC="000"/>
						<SP ID="P97_SP00137" HPOS="290" VPOS="1102" WIDTH="15"/>
						<String ID="P97_ST00158" HPOS="305" VPOS="1077" WIDTH="96" HEIGHT="32" CONTENT="Upper" WC="0.99" CC="00000"/>
						<SP ID="P97_SP00138" HPOS="401" VPOS="1109" WIDTH="11"/>
						<String ID="P97_ST00159" HPOS="412" VPOS="1077" WIDTH="170" HEIGHT="27" CONTENT="Greensand," WC="0.87" CC="0600400001"/>
						<SP ID="P97_SP00139" HPOS="582" VPOS="1109" WIDTH="14"/>
						<String ID="P97_ST00160" HPOS="596" VPOS="1085" WIDTH="76" HEIGHT="16" CONTENT="some" WC="0.97" CC="0000"/>
						<SP ID="P97_SP00140" HPOS="672" VPOS="1109" WIDTH="16"/>
						<String ID="P97_ST00161" HPOS="688" VPOS="1076" WIDTH="30" HEIGHT="24" CONTENT="of" WC="1.00" CC="00"/>
						<SP ID="P97_SP00141" HPOS="718" VPOS="1109" WIDTH="15"/>
						<String ID="P97_ST00162" HPOS="733" VPOS="1076" WIDTH="90" HEIGHT="25" CONTENT="which" WC="0.73" CC="06402"/>
						<SP ID="P97_SP00142" HPOS="823" VPOS="1109" WIDTH="13"/>
						<String ID="P97_ST00163" HPOS="836" VPOS="1077" WIDTH="70" HEIGHT="24" CONTENT="have" WC="0.77" CC="0090"/>
						<SP ID="P97_SP00143" HPOS="906" VPOS="1109" WIDTH="13"/>
						<String ID="P97_ST00164" HPOS="919" VPOS="1076" WIDTH="69" HEIGHT="25" CONTENT="sunk" WC="0.91" CC="0020"/>
					</TextLine>
					<TextLine ID="P97_TL00022" HPOS="132" VPOS="1121" WIDTH="856" HEIGHT="33">
						<String ID="P97_ST00165" HPOS="132" VPOS="1121" WIDTH="94" HEIGHT="33" CONTENT="bodily" WC="0.83" CC="040500"/>
						<SP ID="P97_SP00144" HPOS="226" VPOS="1154" WIDTH="12"/>
						<String ID="P97_ST00166" HPOS="238" VPOS="1121" WIDTH="58" HEIGHT="25" CONTENT="into" WC="0.86" CC="0500"/>
						<SP ID="P97_SP00145" HPOS="296" VPOS="1154" WIDTH="14"/>
						<String ID="P97_ST00167" HPOS="310" VPOS="1121" WIDTH="47" HEIGHT="25" CONTENT="the" WC="0.81" CC="050"/>
						<SP ID="P97_SP00146" HPOS="357" VPOS="1154" WIDTH="13"/>
						<String ID="P97_ST00168" HPOS="370" VPOS="1121" WIDTH="59" HEIGHT="29" CONTENT="soil," WC="1.00" CC="00000"/>
						<SP ID="P97_SP00147" HPOS="429" VPOS="1154" WIDTH="15"/>
						<String ID="P97_ST00169" HPOS="444" VPOS="1121" WIDTH="90" HEIGHT="25" CONTENT="whilst" WC="0.90" CC="022000"/>
						<SP ID="P97_SP00148" HPOS="534" VPOS="1154" WIDTH="13"/>
						<String ID="P97_ST00170" HPOS="547" VPOS="1121" WIDTH="93" HEIGHT="25" CONTENT="others" WC="1.00" CC="000000"/>
						<SP ID="P97_SP00149" HPOS="640" VPOS="1154" WIDTH="14"/>
						<String ID="P97_ST00171" HPOS="654" VPOS="1130" WIDTH="63" HEIGHT="24" CONTENT="may" WC="1.00" CC="000"/>
						<SP ID="P97_SP00150" HPOS="717" VPOS="1154" WIDTH="11"/>
						<String ID="P97_ST00172" HPOS="728" VPOS="1121" WIDTH="33" HEIGHT="25" CONTENT="be" WC="1.00" CC="00"/>
						<SP ID="P97_SP00151" HPOS="761" VPOS="1154" WIDTH="14"/>
						<String ID="P97_ST00173" HPOS="775" VPOS="1130" WIDTH="63" HEIGHT="15" CONTENT="seen" WC="1.00" CC="0000"/>
						<SP ID="P97_SP00152" HPOS="838" VPOS="1154" WIDTH="13"/>
						<String ID="P97_ST00174" HPOS="851" VPOS="1121" WIDTH="137" HEIGHT="25" CONTENT="scattered" WC="0.99" CC="000000000"/>
					</TextLine>
					<TextLine ID="P97_TL00023" HPOS="132" VPOS="1165" WIDTH="856" HEIGHT="34">
						<String ID="P97_ST00175" HPOS="132" VPOS="1167" WIDTH="27" HEIGHT="25" CONTENT="in" WC="0.78" CC="04"/>
						<SP ID="P97_SP00153" HPOS="159" VPOS="1192" WIDTH="13"/>
						<String ID="P97_ST00176" HPOS="172" VPOS="1176" WIDTH="16" HEIGHT="16" CONTENT="a" WC="0.95" CC="0"/>
						<SP ID="P97_SP00154" HPOS="188" VPOS="1192" WIDTH="14"/>
						<String ID="P97_ST00177" HPOS="202" VPOS="1166" WIDTH="106" HEIGHT="33" CONTENT="variety" WC="0.91" CC="0060000"/>
						<SP ID="P97_SP00155" HPOS="308" VPOS="1199" WIDTH="12"/>
						<String ID="P97_ST00178" HPOS="320" VPOS="1165" WIDTH="30" HEIGHT="26" CONTENT="of" WC="0.89" CC="20"/>
						<SP ID="P97_SP00156" HPOS="350" VPOS="1199" WIDTH="15"/>
						<String ID="P97_ST00179" HPOS="365" VPOS="1165" WIDTH="143" HEIGHT="34" CONTENT="positions." WC="0.95" CC="0100030000"/>
						<SP ID="P97_SP00157" HPOS="508" VPOS="1199" WIDTH="38"/>
						<String ID="P97_ST00180" HPOS="546" VPOS="1166" WIDTH="99" HEIGHT="28" CONTENT="These," WC="0.89" CC="230000"/>
						<SP ID="P97_SP00158" HPOS="645" VPOS="1199" WIDTH="14"/>
						<String ID="P97_ST00181" HPOS="659" VPOS="1165" WIDTH="27" HEIGHT="25" CONTENT="in" WC="1.00" CC="00"/>
						<SP ID="P97_SP00159" HPOS="686" VPOS="1199" WIDTH="14"/>
						<String ID="P97_ST00182" HPOS="700" VPOS="1165" WIDTH="69" HEIGHT="25" CONTENT="their" WC="0.73" CC="51006"/>
						<SP ID="P97_SP00160" HPOS="769" VPOS="1199" WIDTH="15"/>
						<String ID="P97_ST00183" HPOS="784" VPOS="1165" WIDTH="120" HEIGHT="29" CONTENT="descent," WC="0.97" CC="00000200"/>
						<SP ID="P97_SP00161" HPOS="904" VPOS="1199" WIDTH="14"/>
						<String ID="P97_ST00184" HPOS="918" VPOS="1165" WIDTH="70" HEIGHT="25" CONTENT="have" WC="0.72" CC="2090"/>
					</TextLine>
					<TextLine ID="P97_TL00024" HPOS="132" VPOS="1210" WIDTH="857" HEIGHT="34">
						<String ID="P97_ST00185" HPOS="132" VPOS="1212" WIDTH="120" HEIGHT="32" CONTENT="scooped" WC="0.96" CC="0020000"/>
						<SP ID="P97_SP00162" HPOS="252" VPOS="1244" WIDTH="20"/>
						<String ID="P97_ST00186" HPOS="272" VPOS="1220" WIDTH="37" HEIGHT="23" CONTENT="up" WC="0.81" CC="30"/>
						<SP ID="P97_SP00163" HPOS="309" VPOS="1244" WIDTH="22"/>
						<String ID="P97_ST00187" HPOS="331" VPOS="1211" WIDTH="47" HEIGHT="25" CONTENT="the" WC="0.81" CC="500"/>
						<SP ID="P97_SP00164" HPOS="378" VPOS="1244" WIDTH="20"/>
						<String ID="P97_ST00188" HPOS="398" VPOS="1211" WIDTH="103" HEIGHT="25" CONTENT="earth's" WC="0.92" CC="0000130"/>
						<SP ID="P97_SP00165" HPOS="501" VPOS="1244" WIDTH="23"/>
						<String ID="P97_ST00189" HPOS="524" VPOS="1210" WIDTH="115" HEIGHT="29" CONTENT="surface," WC="0.98" CC="00100000"/>
						<SP ID="P97_SP00166" HPOS="639" VPOS="1244" WIDTH="14"/>
						<String ID="P97_ST00190" HPOS="653" VPOS="1210" WIDTH="114" HEIGHT="33" CONTENT="causing" WC="0.94" CC="0040000"/>
						<SP ID="P97_SP00167" HPOS="767" VPOS="1244" WIDTH="18"/>
						<String ID="P97_ST00191" HPOS="785" VPOS="1210" WIDTH="21" HEIGHT="25" CONTENT="it" WC="0.72" CC="50"/>
						<SP ID="P97_SP00168" HPOS="806" VPOS="1244" WIDTH="19"/>
						<String ID="P97_ST00192" HPOS="825" VPOS="1214" WIDTH="28" HEIGHT="21" CONTENT="to" WC="1.00" CC="00"/>
						<SP ID="P97_SP00169" HPOS="853" VPOS="1244" WIDTH="20"/>
						<String ID="P97_ST00193" HPOS="873" VPOS="1211" WIDTH="34" HEIGHT="24" CONTENT="be" WC="1.00" CC="00"/>
						<SP ID="P97_SP00170" HPOS="907" VPOS="1244" WIDTH="17"/>
						<String ID="P97_ST00194" HPOS="924" VPOS="1219" WIDTH="65" HEIGHT="24" CONTENT="very" WC="0.86" CC="0005"/>
					</TextLine>
					<TextLine ID="P97_TL00025" HPOS="132" VPOS="1255" WIDTH="857" HEIGHT="27">
						<String ID="P97_ST00195" HPOS="132" VPOS="1265" WIDTH="116" HEIGHT="17" CONTENT="uneven." WC="0.92" CC="5000000"/>
						<SP ID="P97_SP00171" HPOS="248" VPOS="1282" WIDTH="50"/>
						<String ID="P97_ST00196" HPOS="298" VPOS="1257" WIDTH="43" HEIGHT="24" CONTENT="On" WC="1.00" CC="00"/>
						<SP ID="P97_SP00172" HPOS="341" VPOS="1282" WIDTH="22"/>
						<String ID="P97_ST00197" HPOS="363" VPOS="1257" WIDTH="100" HEIGHT="24" CONTENT="almost" WC="0.94" CC="030000"/>
						<SP ID="P97_SP00173" HPOS="463" VPOS="1282" WIDTH="23"/>
						<String ID="P97_ST00198" HPOS="486" VPOS="1256" WIDTH="35" HEIGHT="25" CONTENT="all" WC="0.98" CC="000"/>
						<SP ID="P97_SP00174" HPOS="521" VPOS="1282" WIDTH="22"/>
						<String ID="P97_ST00199" HPOS="543" VPOS="1256" WIDTH="47" HEIGHT="25" CONTENT="the" WC="1.00" CC="000"/>
						<SP ID="P97_SP00175" HPOS="590" VPOS="1282" WIDTH="24"/>
						<String ID="P97_ST00200" HPOS="614" VPOS="1260" WIDTH="120" HEIGHT="21" CONTENT="terraces" WC="0.97" CC="20000000"/>
						<SP ID="P97_SP00176" HPOS="734" VPOS="1282" WIDTH="22"/>
						<String ID="P97_ST00201" HPOS="756" VPOS="1255" WIDTH="47" HEIGHT="26" CONTENT="the" WC="0.99" CC="000"/>
						<SP ID="P97_SP00177" HPOS="803" VPOS="1282" WIDTH="25"/>
						<String ID="P97_ST00202" HPOS="828" VPOS="1256" WIDTH="85" HEIGHT="25" CONTENT="Gault" WC="0.78" CC="00550"/>
						<SP ID="P97_SP00178" HPOS="913" VPOS="1282" WIDTH="26"/>
						<String ID="P97_ST00203" HPOS="939" VPOS="1255" WIDTH="50" HEIGHT="26" CONTENT="has" WC="0.95" CC="100"/>
					</TextLine>
					<TextLine ID="P97_TL00026" HPOS="132" VPOS="1301" WIDTH="857" HEIGHT="34">
						<String ID="P97_ST00204" HPOS="132" VPOS="1303" WIDTH="68" HEIGHT="25" CONTENT="been" WC="0.91" CC="0003"/>
						<SP ID="P97_SP00179" HPOS="200" VPOS="1328" WIDTH="23"/>
						<String ID="P97_ST00205" HPOS="223" VPOS="1302" WIDTH="84" HEIGHT="25" CONTENT="shorn" WC="0.78" CC="02035"/>
						<SP ID="P97_SP00180" HPOS="307" VPOS="1328" WIDTH="22"/>
						<String ID="P97_ST00206" HPOS="329" VPOS="1301" WIDTH="30" HEIGHT="25" CONTENT="of" WC="1.00" CC="00"/>
						<SP ID="P97_SP00181" HPOS="359" VPOS="1328" WIDTH="18"/>
						<String ID="P97_ST00207" HPOS="377" VPOS="1310" WIDTH="83" HEIGHT="25" CONTENT="many" WC="1.00" CC="0000"/>
						<SP ID="P97_SP00182" HPOS="460" VPOS="1335" WIDTH="21"/>
						<String ID="P97_ST00208" HPOS="481" VPOS="1301" WIDTH="54" HEIGHT="24" CONTENT="feet" WC="1.00" CC="0000"/>
						<SP ID="P97_SP00183" HPOS="535" VPOS="1335" WIDTH="22"/>
						<String ID="P97_ST00209" HPOS="557" VPOS="1301" WIDTH="29" HEIGHT="24" CONTENT="of" WC="1.00" CC="00"/>
						<SP ID="P97_SP00184" HPOS="586" VPOS="1335" WIDTH="19"/>
						<String ID="P97_ST00210" HPOS="605" VPOS="1301" WIDTH="35" HEIGHT="24" CONTENT="its" WC="0.93" CC="200"/>
						<SP ID="P97_SP00185" HPOS="640" VPOS="1335" WIDTH="22"/>
						<String ID="P97_ST00211" HPOS="662" VPOS="1301" WIDTH="150" HEIGHT="29" CONTENT="thickness," WC="0.83" CC="0050650000"/>
						<SP ID="P97_SP00186" HPOS="812" VPOS="1335" WIDTH="22"/>
						<String ID="P97_ST00212" HPOS="834" VPOS="1301" WIDTH="47" HEIGHT="24" CONTENT="the" WC="0.95" CC="100"/>
						<SP ID="P97_SP00187" HPOS="881" VPOS="1335" WIDTH="22"/>
						<String ID="P97_ST00213" HPOS="903" VPOS="1309" WIDTH="86" HEIGHT="24" CONTENT="upper" WC="0.98" CC="00000"/>
					</TextLine>
					<TextLine ID="P97_TL00027" HPOS="132" VPOS="1345" WIDTH="856" HEIGHT="35">
						<String ID="P97_ST00214" HPOS="132" VPOS="1347" WIDTH="110" HEIGHT="33" CONTENT="portion" WC="0.93" CC="0400000"/>
						<SP ID="P97_SP00188" HPOS="242" VPOS="1380" WIDTH="24"/>
						<String ID="P97_ST00215" HPOS="266" VPOS="1346" WIDTH="82" HEIGHT="33" CONTENT="being" WC="0.91" CC="00400"/>
						<SP ID="P97_SP00189" HPOS="348" VPOS="1380" WIDTH="22"/>
						<String ID="P97_ST00216" HPOS="370" VPOS="1347" WIDTH="89" HEIGHT="24" CONTENT="thrust" WC="0.82" CC="050400"/>
						<SP ID="P97_SP00190" HPOS="459" VPOS="1380" WIDTH="24"/>
						<String ID="P97_ST00217" HPOS="483" VPOS="1345" WIDTH="91" HEIGHT="25" CONTENT="before" WC="0.98" CC="000100"/>
						<SP ID="P97_SP00191" HPOS="574" VPOS="1380" WIDTH="25"/>
						<String ID="P97_ST00218" HPOS="599" VPOS="1345" WIDTH="30" HEIGHT="30" CONTENT="it," WC="0.78" CC="600"/>
						<SP ID="P97_SP00192" HPOS="629" VPOS="1380" WIDTH="23"/>
						<String ID="P97_ST00219" HPOS="652" VPOS="1346" WIDTH="35" HEIGHT="33" CONTENT="by" WC="1.00" CC="00"/>
						<SP ID="P97_SP00193" HPOS="687" VPOS="1380" WIDTH="22"/>
						<String ID="P97_ST00220" HPOS="709" VPOS="1346" WIDTH="47" HEIGHT="24" CONTENT="the" WC="0.88" CC="030"/>
						<SP ID="P97_SP00194" HPOS="756" VPOS="1380" WIDTH="22"/>
						<String ID="P97_ST00221" HPOS="778" VPOS="1345" WIDTH="94" HEIGHT="33" CONTENT="falling" WC="0.64" CC="0900409"/>
						<SP ID="P97_SP00195" HPOS="872" VPOS="1380" WIDTH="21"/>
						<String ID="P97_ST00222" HPOS="893" VPOS="1349" WIDTH="95" HEIGHT="26" CONTENT="strata," WC="0.92" CC="0050000"/>
					</TextLine>
					<TextLine ID="P97_TL00028" HPOS="132" VPOS="1390" WIDTH="858" HEIGHT="33">
						<String ID="P97_ST00223" HPOS="132" VPOS="1392" WIDTH="59" HEIGHT="25" CONTENT="into" WC="0.73" CC="2503"/>
						<SP ID="P97_SP00196" HPOS="191" VPOS="1417" WIDTH="24"/>
						<String ID="P97_ST00224" HPOS="215" VPOS="1392" WIDTH="47" HEIGHT="24" CONTENT="the" WC="0.85" CC="400"/>
						<SP ID="P97_SP00197" HPOS="262" VPOS="1417" WIDTH="22"/>
						<String ID="P97_ST00225" HPOS="284" VPOS="1400" WIDTH="55" HEIGHT="16" CONTENT="sea." WC="1.00" CC="0000"/>
						<SP ID="P97_SP00198" HPOS="339" VPOS="1417" WIDTH="53"/>
						<String ID="P97_ST00226" HPOS="392" VPOS="1391" WIDTH="68" HEIGHT="24" CONTENT="This" WC="0.99" CC="0000"/>
						<SP ID="P97_SP00199" HPOS="460" VPOS="1417" WIDTH="25"/>
						<String ID="P97_ST00227" HPOS="485" VPOS="1390" WIDTH="110" HEIGHT="33" CONTENT="portion" WC="0.97" CC="0010000"/>
						<SP ID="P97_SP00200" HPOS="595" VPOS="1423" WIDTH="24"/>
						<String ID="P97_ST00228" HPOS="619" VPOS="1390" WIDTH="30" HEIGHT="25" CONTENT="of" WC="1.00" CC="00"/>
						<SP ID="P97_SP00201" HPOS="649" VPOS="1423" WIDTH="24"/>
						<String ID="P97_ST00229" HPOS="673" VPOS="1391" WIDTH="48" HEIGHT="24" CONTENT="the" WC="1.00" CC="000"/>
						<SP ID="P97_SP00202" HPOS="721" VPOS="1423" WIDTH="24"/>
						<String ID="P97_ST00230" HPOS="745" VPOS="1391" WIDTH="107" HEIGHT="32" CONTENT="subject" WC="0.94" CC="0004000"/>
						<SP ID="P97_SP00203" HPOS="852" VPOS="1423" WIDTH="26"/>
						<String ID="P97_ST00231" HPOS="878" VPOS="1390" WIDTH="54" HEIGHT="25" CONTENT="will" WC="0.89" CC="0201"/>
						<SP ID="P97_SP00204" HPOS="932" VPOS="1423" WIDTH="24"/>
						<String ID="P97_ST00232" HPOS="956" VPOS="1391" WIDTH="34" HEIGHT="23" CONTENT="be" WC="1.00" CC="00"/>
					</TextLine>
					<TextLine ID="P97_TL00029" HPOS="133" VPOS="1435" WIDTH="856" HEIGHT="32">
						<String ID="P97_ST00233" HPOS="133" VPOS="1436" WIDTH="118" HEIGHT="25" CONTENT="referred" WC="0.94" CC="00004000"/>
						<SP ID="P97_SP00205" HPOS="251" VPOS="1461" WIDTH="14"/>
						<String ID="P97_ST00234" HPOS="265" VPOS="1441" WIDTH="27" HEIGHT="20" CONTENT="to" WC="1.00" CC="00"/>
						<SP ID="P97_SP00206" HPOS="292" VPOS="1461" WIDTH="17"/>
						<String ID="P97_ST00235" HPOS="309" VPOS="1436" WIDTH="27" HEIGHT="24" CONTENT="in" WC="1.00" CC="00"/>
						<SP ID="P97_SP00207" HPOS="336" VPOS="1461" WIDTH="20"/>
						<String ID="P97_ST00236" HPOS="356" VPOS="1436" WIDTH="47" HEIGHT="24" CONTENT="the" WC="0.81" CC="050"/>
						<SP ID="P97_SP00208" HPOS="403" VPOS="1461" WIDTH="19"/>
						<String ID="P97_ST00237" HPOS="422" VPOS="1435" WIDTH="169" HEIGHT="32" CONTENT="description" WC="0.93" CC="00003000300"/>
						<SP ID="P97_SP00209" HPOS="591" VPOS="1467" WIDTH="18"/>
						<String ID="P97_ST00238" HPOS="609" VPOS="1435" WIDTH="29" HEIGHT="24" CONTENT="of" WC="1.00" CC="00"/>
						<SP ID="P97_SP00210" HPOS="638" VPOS="1467" WIDTH="17"/>
						<String ID="P97_ST00239" HPOS="655" VPOS="1436" WIDTH="47" HEIGHT="24" CONTENT="the" WC="0.80" CC="050"/>
						<SP ID="P97_SP00211" HPOS="702" VPOS="1467" WIDTH="13"/>
						<String ID="P97_ST00240" HPOS="715" VPOS="1435" WIDTH="110" HEIGHT="25" CONTENT="various" WC="0.73" CC="8014030"/>
						<SP ID="P97_SP00212" HPOS="825" VPOS="1467" WIDTH="15"/>
						<String ID="P97_ST00241" HPOS="840" VPOS="1435" WIDTH="149" HEIGHT="32" CONTENT="Landslips" WC="0.83" CC="303000060"/>
					</TextLine>
					<TextLine ID="P97_TL00030" HPOS="133" VPOS="1480" WIDTH="857" HEIGHT="33">
						<String ID="P97_ST00242" HPOS="133" VPOS="1481" WIDTH="90" HEIGHT="26" CONTENT="which" WC="0.70" CC="84001"/>
						<SP ID="P97_SP00213" HPOS="223" VPOS="1507" WIDTH="22"/>
						<String ID="P97_ST00243" HPOS="245" VPOS="1481" WIDTH="71" HEIGHT="26" CONTENT="have" WC="0.88" CC="4000"/>
						<SP ID="P97_SP00214" HPOS="316" VPOS="1507" WIDTH="25"/>
						<String ID="P97_ST00244" HPOS="341" VPOS="1480" WIDTH="118" HEIGHT="26" CONTENT="occured" WC="0.88" CC="0004102"/>
						<SP ID="P97_SP00215" HPOS="459" VPOS="1507" WIDTH="25"/>
						<String ID="P97_ST00245" HPOS="484" VPOS="1480" WIDTH="27" HEIGHT="25" CONTENT="in" WC="0.79" CC="40"/>
						<SP ID="P97_SP00216" HPOS="511" VPOS="1507" WIDTH="25"/>
						<String ID="P97_ST00246" HPOS="536" VPOS="1480" WIDTH="47" HEIGHT="25" CONTENT="the" WC="0.90" CC="030"/>
						<SP ID="P97_SP00217" HPOS="583" VPOS="1507" WIDTH="25"/>
						<String ID="P97_ST00247" HPOS="608" VPOS="1480" WIDTH="161" HEIGHT="29" CONTENT="Undercliff," WC="0.77" CC="30903052000"/>
						<SP ID="P97_SP00218" HPOS="769" VPOS="1509" WIDTH="20"/>
						<String ID="P97_ST00248" HPOS="789" VPOS="1480" WIDTH="103" HEIGHT="25" CONTENT="caused" WC="1.00" CC="000000"/>
						<SP ID="P97_SP00219" HPOS="892" VPOS="1509" WIDTH="24"/>
						<String ID="P97_ST00249" HPOS="916" VPOS="1480" WIDTH="36" HEIGHT="33" CONTENT="by" WC="1.00" CC="00"/>
						<SP ID="P97_SP00220" HPOS="952" VPOS="1513" WIDTH="22"/>
						<String ID="P97_ST00250" HPOS="974" VPOS="1489" WIDTH="16" HEIGHT="15" CONTENT="a" WC="1.00" CC="0"/>
					</TextLine>
					<TextLine ID="P97_TL00031" HPOS="133" VPOS="1525" WIDTH="856" HEIGHT="33">
						<String ID="P97_ST00251" HPOS="133" VPOS="1527" WIDTH="71" HEIGHT="25" CONTENT="solid" WC="0.98" CC="00000"/>
						<SP ID="P97_SP00221" HPOS="204" VPOS="1552" WIDTH="12"/>
						<String ID="P97_ST00252" HPOS="216" VPOS="1535" WIDTH="74" HEIGHT="17" CONTENT="mass" WC="0.79" CC="0080"/>
						<SP ID="P97_SP00222" HPOS="290" VPOS="1552" WIDTH="19"/>
						<String ID="P97_ST00253" HPOS="309" VPOS="1527" WIDTH="29" HEIGHT="25" CONTENT="of" WC="0.73" CC="05"/>
						<SP ID="P97_SP00223" HPOS="338" VPOS="1552" WIDTH="15"/>
						<String ID="P97_ST00254" HPOS="353" VPOS="1530" WIDTH="87" HEIGHT="22" CONTENT="strata" WC="1.00" CC="000000"/>
						<SP ID="P97_SP00224" HPOS="440" VPOS="1552" WIDTH="15"/>
						<String ID="P97_ST00255" HPOS="455" VPOS="1526" WIDTH="104" HEIGHT="32" CONTENT="resting" WC="0.99" CC="0000000"/>
						<SP ID="P97_SP00225" HPOS="559" VPOS="1558" WIDTH="18"/>
						<String ID="P97_ST00256" HPOS="577" VPOS="1535" WIDTH="73" HEIGHT="23" CONTENT="upon" WC="0.80" CC="4003"/>
						<SP ID="P97_SP00226" HPOS="650" VPOS="1558" WIDTH="14"/>
						<String ID="P97_ST00257" HPOS="664" VPOS="1535" WIDTH="15" HEIGHT="16" CONTENT="a" WC="1.00" CC="0"/>
						<SP ID="P97_SP00227" HPOS="679" VPOS="1558" WIDTH="14"/>
						<String ID="P97_ST00258" HPOS="693" VPOS="1526" WIDTH="52" HEIGHT="25" CONTENT="bed" WC="1.00" CC="000"/>
						<SP ID="P97_SP00228" HPOS="745" VPOS="1558" WIDTH="13"/>
						<String ID="P97_ST00259" HPOS="758" VPOS="1525" WIDTH="30" HEIGHT="26" CONTENT="of" WC="0.93" CC="00"/>
						<SP ID="P97_SP00229" HPOS="788" VPOS="1558" WIDTH="12"/>
						<String ID="P97_ST00260" HPOS="800" VPOS="1534" WIDTH="189" HEIGHT="24" CONTENT="saponaceous" WC="0.83" CC="00621000440"/>
					</TextLine>
					<TextLine ID="P97_TL00032" HPOS="133" VPOS="1573" WIDTH="306" HEIGHT="31">
						<String ID="P97_ST00261" HPOS="133" VPOS="1574" WIDTH="70" HEIGHT="30" CONTENT="clay," WC="0.91" CC="04000"/>
						<SP ID="P97_SP00230" HPOS="203" VPOS="1604" WIDTH="13"/>
						<String ID="P97_ST00262" HPOS="216" VPOS="1573" WIDTH="49" HEIGHT="28" CONTENT="i.e.," WC="1.00" CC="00000"/>
						<SP ID="P97_SP00231" HPOS="265" VPOS="1604" WIDTH="13"/>
						<String ID="P97_ST00263" HPOS="278" VPOS="1573" WIDTH="48" HEIGHT="24" CONTENT="the" WC="0.58" CC="830"/>
						<SP ID="P97_SP00232" HPOS="326" VPOS="1604" WIDTH="19"/>
						<String ID="P97_ST00264" HPOS="345" VPOS="1573" WIDTH="94" HEIGHT="25" CONTENT="Gault." WC="0.95" CC="002000"/>
					</TextLine>
				</TextBlock>
				<TextBlock ID="P97_TB00007" HPOS="133" VPOS="1615" WIDTH="856" HEIGHT="125" STYLEREFS="TXT_0 PAR_LEFT">
					<TextLine ID="P97_TL00033" HPOS="179" VPOS="1616" WIDTH="810" HEIGHT="35">
						<String ID="P97_ST00265" HPOS="179" VPOS="1618" WIDTH="60" HEIGHT="25" CONTENT="The" WC="0.83" CC="040"/>
						<SP ID="P97_SP00233" HPOS="239" VPOS="1643" WIDTH="21"/>
						<String ID="P97_ST00266" HPOS="260" VPOS="1626" WIDTH="87" HEIGHT="25" CONTENT="upper" WC="0.63" CC="29005"/>
						<SP ID="P97_SP00234" HPOS="347" VPOS="1651" WIDTH="24"/>
						<String ID="P97_ST00267" HPOS="371" VPOS="1622" WIDTH="62" HEIGHT="29" CONTENT="part" WC="0.86" CC="0050"/>
						<SP ID="P97_SP00235" HPOS="433" VPOS="1651" WIDTH="23"/>
						<String ID="P97_ST00268" HPOS="456" VPOS="1618" WIDTH="30" HEIGHT="24" CONTENT="of" WC="1.00" CC="00"/>
						<SP ID="P97_SP00236" HPOS="486" VPOS="1651" WIDTH="21"/>
						<String ID="P97_ST00269" HPOS="507" VPOS="1618" WIDTH="47" HEIGHT="24" CONTENT="the" WC="1.00" CC="000"/>
						<SP ID="P97_SP00237" HPOS="554" VPOS="1651" WIDTH="22"/>
						<String ID="P97_ST00270" HPOS="576" VPOS="1617" WIDTH="52" HEIGHT="25" CONTENT="site" WC="0.93" CC="0200"/>
						<SP ID="P97_SP00238" HPOS="628" VPOS="1651" WIDTH="19"/>
						<String ID="P97_ST00271" HPOS="647" VPOS="1626" WIDTH="35" HEIGHT="16" CONTENT="on" WC="1.00" CC="00"/>
						<SP ID="P97_SP00239" HPOS="682" VPOS="1651" WIDTH="25"/>
						<String ID="P97_ST00272" HPOS="707" VPOS="1617" WIDTH="90" HEIGHT="25" CONTENT="which" WC="0.83" CC="00304"/>
						<SP ID="P97_SP00240" HPOS="797" VPOS="1651" WIDTH="22"/>
						<String ID="P97_ST00273" HPOS="819" VPOS="1617" WIDTH="47" HEIGHT="25" CONTENT="the" WC="0.91" CC="020"/>
						<SP ID="P97_SP00241" HPOS="866" VPOS="1651" WIDTH="25"/>
						<String ID="P97_ST00274" HPOS="891" VPOS="1616" WIDTH="98" HEIGHT="34" CONTENT="village" WC="0.75" CC="0546000"/>
					</TextLine>
					<TextLine ID="P97_TL00034" HPOS="133" VPOS="1662" WIDTH="856" HEIGHT="33">
						<String ID="P97_ST00275" HPOS="133" VPOS="1662" WIDTH="30" HEIGHT="26" CONTENT="of" WC="1.00" CC="00"/>
						<SP ID="P97_SP00242" HPOS="163" VPOS="1688" WIDTH="19"/>
						<String ID="P97_ST00276" HPOS="182" VPOS="1663" WIDTH="125" HEIGHT="25" CONTENT="Wroxall" WC="0.92" CC="0500000"/>
						<SP ID="P97_SP00243" HPOS="307" VPOS="1688" WIDTH="22"/>
						<String ID="P97_ST00277" HPOS="329" VPOS="1663" WIDTH="96" HEIGHT="25" CONTENT="stands" WC="0.90" CC="030200"/>
						<SP ID="P97_SP00244" HPOS="425" VPOS="1688" WIDTH="18"/>
						<String ID="P97_ST00278" HPOS="443" VPOS="1662" WIDTH="24" HEIGHT="26" CONTENT="is" WC="0.98" CC="00"/>
						<SP ID="P97_SP00245" HPOS="467" VPOS="1688" WIDTH="19"/>
						<String ID="P97_ST00279" HPOS="486" VPOS="1662" WIDTH="149" HEIGHT="33" CONTENT="composed" WC="0.91" CC="00204000"/>
						<SP ID="P97_SP00246" HPOS="635" VPOS="1695" WIDTH="19"/>
						<String ID="P97_ST00280" HPOS="654" VPOS="1662" WIDTH="29" HEIGHT="25" CONTENT="of" WC="1.00" CC="00"/>
						<SP ID="P97_SP00247" HPOS="683" VPOS="1695" WIDTH="16"/>
						<String ID="P97_ST00281" HPOS="699" VPOS="1662" WIDTH="95" HEIGHT="26" CONTENT="Gault." WC="0.95" CC="000020"/>
						<SP ID="P97_SP00248" HPOS="794" VPOS="1695" WIDTH="38"/>
						<String ID="P97_ST00282" HPOS="832" VPOS="1662" WIDTH="58" HEIGHT="25" CONTENT="The" WC="0.84" CC="040"/>
						<SP ID="P97_SP00249" HPOS="890" VPOS="1695" WIDTH="18"/>
						<String ID="P97_ST00283" HPOS="908" VPOS="1662" WIDTH="81" HEIGHT="25" CONTENT="lower" WC="0.93" CC="30000"/>
					</TextLine>
					<TextLine ID="P97_TL00035" HPOS="133" VPOS="1707" WIDTH="856" HEIGHT="33">
						<String ID="P97_ST00284" HPOS="133" VPOS="1708" WIDTH="118" HEIGHT="32" CONTENT="portion," WC="0.87" CC="04001011"/>
						<SP ID="P97_SP00250" HPOS="251" VPOS="1740" WIDTH="14"/>
						<String ID="P97_ST00285" HPOS="265" VPOS="1708" WIDTH="90" HEIGHT="26" CONTENT="which" WC="0.58" CC="71406"/>
						<SP ID="P97_SP00251" HPOS="355" VPOS="1740" WIDTH="23"/>
						<String ID="P97_ST00286" HPOS="378" VPOS="1708" WIDTH="91" HEIGHT="26" CONTENT="shows" WC="0.93" CC="03000"/>
						<SP ID="P97_SP00252" HPOS="469" VPOS="1740" WIDTH="18"/>
						<String ID="P97_ST00287" HPOS="487" VPOS="1707" WIDTH="145" HEIGHT="27" CONTENT="evidences" WC="0.87" CC="015004000"/>
						<SP ID="P97_SP00253" HPOS="632" VPOS="1740" WIDTH="20"/>
						<String ID="P97_ST00288" HPOS="652" VPOS="1707" WIDTH="30" HEIGHT="26" CONTENT="of" WC="0.80" CC="30"/>
						<SP ID="P97_SP00254" HPOS="682" VPOS="1740" WIDTH="19"/>
						<String ID="P97_ST00289" HPOS="701" VPOS="1707" WIDTH="102" HEIGHT="33" CONTENT="having" WC="0.75" CC="040009"/>
						<SP ID="P97_SP00255" HPOS="803" VPOS="1740" WIDTH="20"/>
						<String ID="P97_ST00290" HPOS="823" VPOS="1708" WIDTH="68" HEIGHT="25" CONTENT="been" WC="1.00" CC="0000"/>
						<SP ID="P97_SP00256" HPOS="891" VPOS="1740" WIDTH="16"/>
						<String ID="P97_ST00291" HPOS="907" VPOS="1707" WIDTH="82" HEIGHT="26" CONTENT="much" WC="0.82" CC="0006"/>
					</TextLine>
				</TextBlock>
			</PrintSpace>
		</Page>
	</Layout>
</alto>
