1117 1922
151 193 48 16 200

422 193 56 16 THE
499 192 98 17 HUMAN
619 191 109 17 PERIOD.

153 264 92 25 before
262 264 165 25 mentioned.
465 264 166 32 Systematic
651 262 106 29 search,
771 261 137 27 however,
922 258 87 33 might

153 310 135 31 probably
301 310 90 24 reveal
405 309 69 25 their
488 317 138 24 presence.

201 354 59 25 The
279 354 75 32 early
373 353 171 26 inhabitants
566 353 28 25 of
614 353 46 25 the
683 351 95 26 Island
798 351 58 24 also
876 348 67 26 used
964 347 46 26 the

155 399 113 25 vertical
282 399 111 25 fissures
406 398 27 25 in
446 399 47 25 the
511 398 78 28 cliffs,
605 397 88 26 called
868 403 30 15 as
917 394 93 32 places

155 443 40 25 for
209 443 96 25 refuse.
343 443 78 33 They
436 451 45 17 are
500 451 60 17 now
579 442 74 25 filled
665 441 68 26 with
752 440 51 26 soil
821 439 113 26 washed
953 438 57 25 into

155 489 75 23 them
251 489 35 30 by
307 488 48 24 the
374 487 82 30 rains,
478 488 54 24 and
554 487 68 25 from
643 487 76 25 them
739 486 69 26 both
827 486 104 24 human
957 484 53 25 and

156 533 101 23 animal
271 532 118 24 remains
402 533 70 23 have
486 533 69 23 been
568 533 144 23 exhumed.

191 578 60 24 The
270 578 55 24 late
345 578 49 24 Dr.
417 577 111 29 Martin,
549 578 27 23 in
597 577 108 30 writing
726 585 73 22 upon
819 576 55 25 this
894 576 116 31 subject,

156 622 106 25 writes:
266 638 34 1 —
406 626 61 20 vast
489 630 104 16 masses
615 622 28 24 of
662 622 46 24 the
730 623 95 31 Upper
849 620 164 26 Greensand

157 676 45 15 are
216 667 173 33 everywhere
401 667 110 32 pierced
529 667 37 33 by
582 667 120 28 fissures,
716 666 160 32 containing
890 666 27 24 in
931 674 82 24 many

158 711 140 25 instances
312 711 88 28 relics,
414 711 36 33 by
463 720 35 15 no
517 720 94 15 means
628 711 208 33 uninteresting.
875 711 11 24 I
902 711 71 24 have
986 710 27 24 in

158 765 46 23 my
217 755 156 33 possession
387 755 46 25 the
447 755 118 25 remains
584 755 29 25 of
630 756 104 24 several
747 756 103 24 human
865 755 148 28 skeletons,

158 800 90 26 which
271 809 70 17 were
361 800 83 25 found
466 801 83 24 about
574 805 47 20 ten
642 800 53 25 feet
718 801 87 25 below
825 801 47 24 the
897 800 116 28 surface,

160 846 80 25 when
260 844 164 32 excavating
444 854 15 15 a
478 844 73 25 bank
569 844 28 25 in
616 854 46 22 my
678 845 103 31 garden
955 845 60 24 The

161 890 74 25 bank
249 889 139 25 consisted
410 888 28 25 of
456 888 132 25 immense
610 888 149 33 fragments
779 889 29 25 of
824 890 65 24 rock
908 890 108 25 thrown

163 934 159 32 confusedly
337 933 134 32 together,
490 933 54 25 and
563 933 47 25 the
628 934 86 24 bones
726 943 71 16 were
812 934 74 32 lying
901 934 116 25 without

163 988 54 24 any
229 979 88 28 order,
332 978 27 25 in
373 987 50 16 one
437 987 63 15 case
516 978 48 24 the
579 978 73 32 body
665 978 81 32 being
759 979 74 28 bent,
849 987 29 16 as
892 978 21 25 if
930 979 20 25 it
963 979 56 25 had

163 1025 69 24 been
252 1023 209 25 overwhelmed.
505 1023 78 32 They
604 1022 155 33 comprised
781 1023 48 25 the
850 1023 119 25 remains
994 1023 29 25 of

163 1077 115 25 persons
291 1068 29 24 of
331 1068 125 25 different
470 1076 73 24 ages,
557 1067 69 25 from
639 1067 111 34 infancy
763 1072 28 20 to
805 1069 45 24 old
864 1077 59 24 age.
961 1070 60 23 The

164 1114 124 25 cranium
302 1113 29 24 of
347 1121 59 21 one,
422 1113 138 32 supposed
573 1116 28 21 to
616 1113 33 24 be
663 1121 15 16 a
692 1113 97 24 female
800 1114 85 24 about
903 1122 29 24 14
946 1122 29 16 or
992 1122 28 24 15

164 1168 80 24 years
257 1158 29 25 of
297 1166 59 25 age,
367 1158 55 24 had
436 1158 47 24 the
496 1158 84 32 sharp
594 1157 77 33 point
684 1157 29 25 of
724 1166 16 16 a
753 1158 66 24 rock
832 1158 104 33 resting
948 1168 74 23 upon

165 1204 31 30 it,
219 1204 54 25 and
296 1213 15 15 a
333 1202 119 25 fracture
474 1211 35 16 on
531 1202 47 25 the
599 1202 127 33 opposite
748 1202 59 26 side
828 1203 30 25 of
875 1204 47 25 the
942 1204 80 25 skull.

168 1251 59 24 The
248 1250 82 24 lower
348 1249 56 32 jaw
422 1248 55 25 and
499 1248 75 25 teeth
594 1247 28 26 of
642 1257 34 16 an
696 1248 76 26 adult
792 1258 70 16 were
881 1249 27 25 in
928 1258 15 16 a
958 1258 65 25 very

167 1296 103 31 perfect
285 1299 79 20 state.
404 1295 10 23 I
436 1294 81 24 could
531 1293 127 26 discover
671 1302 35 16 no
720 1298 89 21 traces
823 1294 30 25 of
866 1295 114 25 utensils
994 1304 29 16 or

166 1341 190 29 instruments,
370 1349 30 16 or
413 1340 99 24 indeed
527 1340 80 24 relics
621 1340 29 24 of
666 1349 54 23 any
733 1340 175 32 description.

167 1387 118 25 Various
307 1386 79 25 other
411 1386 105 25 human
540 1386 86 24 bones
650 1385 71 25 have
746 1386 69 25 been
840 1385 84 27 found
946 1387 78 25 when

167 1432 149 34 quarrying
340 1431 27 25 in
392 1431 56 25 this
473 1431 117 25 district.
628 1431 60 25 The
713 1432 123 24 skeleton
855 1432 30 25 of
901 1441 15 16 a
935 1441 90 25 young

166 1478 98 24 female
290 1486 57 16 was
378 1477 161 24 discovered
571 1478 84 23 about
682 1485 83 17 seven
789 1477 53 25 feet
867 1478 88 25 below
979 1478 47 25 the

166 1523 115 28 surface,
296 1523 55 23 and
376 1523 27 23 in
426 1522 68 24 such
517 1530 16 16 a
555 1522 120 32 position
700 1531 30 16 as
753 1527 28 20 to
800 1527 92 21 create
911 1533 16 15 a
946 1523 82 26 belief

165 1569 61 25 that
249 1568 48 24 she
317 1567 55 25 had
391 1568 69 24 been
483 1567 97 25 buried
600 1567 37 33 by
650 1576 15 15 a
685 1567 46 25 fall
750 1567 30 25 of
799 1569 87 25 earth.
926 1570 32 24 In
971 1569 56 25 this

165 1613 125 24 instance
304 1620 35 16 an
352 1612 107 28 armlet,
474 1613 164 31 apparently
651 1612 30 25 of
697 1613 110 29 bronze,
822 1614 54 24 and
890 1614 137 34 weighing

165 1665 48 24 472
233 1665 101 24 grains,
355 1656 178 32 pronounced
553 1656 35 33 by
607 1656 47 25 the
674 1657 219 32 Archæological
914 1659 113 33 Society
