1117 1922
407 142 67 16 CLAY
493 142 74 16 WITH
588 142 105 16 FLINTS.

927 142 42 17 121

118 220 45 17 are
180 213 159 24 sometimes
358 213 84 24 found
461 221 35 16 on
516 214 46 24 the
582 214 89 29 shore,
691 214 53 25 and
764 223 45 16 are
828 214 97 25 known
943 224 30 15 as

120 258 193 24 Mammilated
334 258 186 33 Chalcedony,
534 268 35 15 on
592 263 117 21 account
728 259 29 24 of
773 258 70 26 their
862 260 112 24 bubble-

119 302 106 33 shaped
235 302 127 29 exterior,
374 302 93 33 giving
478 304 75 24 them
564 313 15 15 a
593 304 122 25 rounded
726 313 28 16 or
765 305 210 31 breast-shaped

119 356 183 23 appearance.
340 347 61 25 The
423 347 77 26 inner
522 349 122 25 surfaces
665 349 29 25 of
716 357 75 17 some
813 349 161 32 specimens,

120 391 70 26 after
212 391 82 34 being
314 396 47 22 cut
384 393 55 25 and
461 393 134 32 polished,
616 395 65 23 bear
703 395 91 23 marks
813 394 163 32 resembling

120 438 80 24 those
222 437 29 25 of
269 446 16 16 a
305 438 124 24 hammer
449 446 34 16 on
502 447 60 16 new
581 447 101 24 copper
693 448 4 20 ;
718 439 26 23 in
763 439 55 24 this
837 439 139 24 condition

120 483 21 24 it
167 483 23 24 is
216 483 89 24 called
362 484 169 23 Hammered
814 484 58 24 The
897 484 80 24 black

121 528 75 24 flints
215 528 113 24 contain
348 529 179 32 chalcedony,
543 529 47 24 the
609 529 82 24 white
710 529 74 24 flints
802 538 79 15 none.
919 529 58 24 The

122 573 74 25 flints
218 582 31 16 as
272 582 63 16 seen
357 578 27 20 at
408 574 101 24 Culver
532 573 66 25 Cliff
615 574 53 24 and
692 574 135 25 Sandown
848 575 60 32 Bay
925 575 53 24 end

123 627 82 17 occur
218 618 28 25 in
261 619 79 31 place
353 628 65 15 near
433 619 46 24 the
492 619 82 25 lower
591 623 61 27 part
666 618 29 25 of
711 619 46 25 the
771 619 95 25 White
881 619 95 29 Chalk,

124 663 53 25 and
196 663 112 25 contain
329 672 83 24 many
425 663 124 25 different
569 663 83 25 forms
671 663 29 26 of
716 664 124 25 silicified
859 672 102 24 sponge
972 673 4 21 ;

124 708 46 25 the
192 709 82 24 black
296 708 76 25 flints
394 717 107 24 occupy
523 717 16 16 a
561 709 118 32 position
702 709 26 24 in
751 710 47 23 the
819 714 158 27 uppermost

124 753 117 25 division
255 754 30 24 of
301 754 47 24 the
362 754 96 24 White
473 754 97 29 Chalk,
585 754 53 24 and
657 754 72 33 yield
749 755 47 23 but
815 754 50 25 few
879 754 97 25 fossils.

123 799 60 24 The
207 807 119 25 sponges
352 807 46 16 are
423 803 46 20 not
493 799 101 33 always
616 799 86 33 easily
723 799 135 28 detected,
881 804 96 28 except

124 844 78 25 when
216 843 30 26 of
262 853 15 15 a
296 843 113 27 reddish
428 844 94 25 colour
536 843 68 26 from
623 844 48 25 the
689 844 160 24 infiltration
863 844 29 25 of
910 844 67 28 iron,

123 889 146 25 otherwise
288 889 66 32 they
367 889 71 25 have
459 889 114 24 become
595 893 27 20 to
644 898 15 14 a
679 893 76 28 great
778 893 92 20 extent
892 888 85 25 incor-

123 934 116 33 porated
261 934 67 25 with
351 934 46 25 the
417 933 138 33 investing
579 933 69 25 flint.
693 934 35 24 At
755 934 137 25 Sandown
917 933 22 25 is
964 943 15 15 a

124 983 61 21 vast
200 978 205 26 accumulation
419 978 29 25 of
458 979 114 31 pebbles
583 978 148 31 composed
744 977 29 25 of
783 978 103 25 broken
896 977 83 29 flints,

124 1025 124 24 rounded
262 1026 36 31 by
311 1025 47 23 the
373 1024 91 24 action
478 1023 29 25 of
522 1024 46 24 the
582 1032 55 21 sea,
651 1023 129 32 repeated
793 1023 61 24 falls
867 1023 29 25 of
905 1024 74 23 debris

124 1070 111 32 making
258 1069 142 25 continual
423 1068 147 24 additions.
615 1068 59 24 The
694 1076 73 16 mass
787 1067 22 25 is
831 1068 148 31 prevented

124 1115 67 25 from
227 1114 113 33 drifting
376 1119 28 19 to
442 1123 14 15 a
493 1117 106 29 greater
636 1113 124 25 distance
793 1114 66 23 than
897 1114 82 23 about

124 1160 165 25 half-a-mile
302 1164 28 20 to
345 1160 46 24 the
411 1163 58 21 east
489 1159 81 32 along
588 1158 47 25 the
653 1158 79 25 shore
746 1158 35 33 by
796 1158 99 24 Culver
909 1158 70 28 Cliff,

124 1205 91 25 which
236 1209 27 21 at
287 1205 36 25 its
343 1208 108 21 eastern
472 1203 77 33 point
569 1208 64 28 puts
653 1203 40 24 far
710 1203 58 24 into
787 1203 47 24 the
853 1211 54 20 sea,
928 1203 51 23 and

124 1256 61 20 acts
198 1260 31 16 as
243 1260 15 15 a
272 1250 112 25 barrier.
423 1249 138 25 Sandown
573 1250 60 31 Bay
644 1258 62 23 may
715 1248 56 24 also
782 1248 33 24 be
825 1247 154 25 mentioned

125 1305 30 16 as
169 1306 16 15 a
198 1297 59 24 rich
272 1296 62 24 field
349 1295 39 24 for
402 1295 98 30 pebble
515 1295 151 24 collectors.

170 1342 60 24 The
251 1341 81 25 noble
353 1340 136 24 headland
510 1340 29 23 of
557 1340 100 24 Culver
675 1347 51 16 can
745 1339 63 32 only
821 1339 33 24 be
874 1346 63 17 seen
953 1343 28 20 to

125 1388 158 30 advantage
296 1386 69 25 from
385 1385 47 25 the
451 1394 55 20 sea,
520 1385 69 24 from
608 1384 90 25 which
718 1385 57 23 also
794 1384 46 24 the
856 1391 125 24 arrange-

126 1437 75 21 ment
219 1432 30 25 of
265 1432 47 25 the
333 1430 156 26 successive
508 1434 86 21 strata
614 1429 22 25 is
655 1429 83 25 much
757 1437 75 16 more
848 1432 133 29 apparent

124 1479 68 25 than
218 1478 78 25 when
323 1477 104 24 viewed
458 1476 68 25 from
558 1476 46 24 the
629 1475 88 25 shore.
767 1474 59 24 The
850 1473 131 25 beautiful

124 1523 153 26 mutations
296 1522 29 24 of
345 1523 46 24 the
405 1521 69 25 cliffs
494 1521 53 25 will
570 1521 33 24 be
622 1529 64 16 seen
710 1523 28 21 to
760 1528 65 23 pass
847 1518 66 25 from
936 1518 45 25 the

124 1572 58 26 dull
199 1573 95 24 browm
315 1570 29 25 of
363 1569 48 25 the
433 1567 135 25 Wealden
589 1570 27 19 to
639 1566 46 23 the
707 1565 47 24 red
776 1565 93 24 colour
889 1563 29 25 of
936 1564 46 24 the

126 1620 98 24 Lower
245 1615 171 29 Greensand,
439 1614 100 24 thence
558 1611 69 25 from
649 1611 47 24 the
718 1610 67 24 dark
806 1618 64 24 grey
889 1609 29 25 of
936 1610 46 24 the

128 1665 86 26 Gault
235 1662 54 27 and
309 1662 96 32 Upper
424 1658 171 29 Greensand,
616 1657 53 25 and
688 1656 46 26 the
754 1656 55 25 dull
829 1656 67 25 drab
916 1656 66 25 beds
