1117 1922
497 138 167 16 ECONOMICS.

959 138 48 22 235

147 206 180 29 pronounced
348 206 22 26 it
392 208 135 24 excellent
549 207 28 24 in
599 207 114 32 quality,
736 208 49 24 but
807 211 48 21 not
873 207 134 25 sufficient

145 247 29 25 in
198 250 128 32 quantity
340 254 28 21 to
389 259 82 16 cover
493 251 48 24 the
563 259 119 23 expense
696 251 31 24 of
742 251 136 32 smelting.
917 252 91 31 Large

146 293 152 32 quantities
310 294 31 25 of
350 294 21 25 it
385 303 46 16 are
447 295 117 25 strewed
578 296 81 29 along
673 295 46 24 the
733 295 89 25 shore.

192 382 116 25 Cement
323 383 101 25 Stones
442 392 47 16 are
506 383 131 25 obtained
655 387 28 21 to
702 392 16 16 a
737 385 80 23 small
830 388 93 20 extent
937 384 68 24 from

144 427 83 25 Alum
242 427 69 33 Bay,
326 428 49 24 but
389 427 47 25 the
449 431 122 28 greatest
586 428 100 32 supply
699 427 23 25 is
735 436 62 17 now
810 428 112 25 derived
936 428 69 25 from

144 472 47 25 the
210 471 127 33 opposite
356 476 78 21 coast
449 471 30 26 of
500 472 179 32 Hampshire,
694 472 90 25 where
803 473 48 24 the
868 473 137 31 Septaria,

144 516 91 25 which
249 525 68 16 once
339 516 107 25 formed
469 525 16 16 a
504 516 109 33 portion
633 517 30 24 of
679 517 48 24 the
743 518 106 23 Barton
867 517 77 29 beds,
960 526 45 15 are

145 562 137 33 procured
312 563 36 33 by
373 562 135 33 dredging
542 562 172 33 (Geological
740 563 116 32 Survey,
881 571 26 24 p.
937 563 67 32 107).

145 607 60 25 The
225 607 192 25 manufacture
438 607 30 24 of
485 610 107 22 cement
613 607 23 24 is
657 606 106 25 carried
782 615 35 16 on
836 606 28 25 in
884 607 72 24 mills
970 615 35 16 on

144 652 48 25 the
205 657 66 21 west
295 652 73 25 bank
387 651 30 26 of
436 652 47 25 the
504 651 120 29 Medina,
645 652 88 25 below
752 652 143 32 Newport,
909 652 36 32 by
958 652 47 25 the

146 698 113 25 Messrs.
275 696 125 30 Francis,
415 696 30 25 of
462 697 73 24 Nine
555 697 87 28 Elms,
657 696 127 28 London,
800 696 27 24 in
846 696 93 25 which
957 696 48 25 the

146 742 128 33 Septaria
299 742 121 32 dredged
450 741 69 26 from
550 742 47 24 the
628 741 52 26 bed
706 741 29 25 of
762 741 47 25 the
839 742 94 25 Solent
960 751 45 15 are

145 787 212 25 manufactured
382 787 58 24 into
466 791 117 26 cement,
608 786 94 33 giving
727 787 186 33 employment
939 790 28 21 to
989 795 16 16 a

144 837 77 26 great
241 833 115 24 number
376 832 29 24 of
421 833 98 24 hands.

190 924 37 25 At
248 923 130 27 Gurnard
397 924 68 32 Bay,
481 927 114 29 seventy
608 931 79 25 years
701 931 60 24 ago,
776 922 124 33 quarries
912 922 30 26 of
958 923 47 25 the

145 969 168 32 Bembridge
337 968 161 25 Limestone
519 977 72 17 were
612 968 83 25 much
715 968 119 29 worked,
855 968 54 25 and
929 977 76 17 some

144 1013 29 25 of
192 1014 46 24 the
260 1013 193 25 fortifications
475 1017 28 21 at
528 1014 180 24 Portsmouth
731 1021 71 17 were
824 1014 180 24 constructed

144 1059 69 24 from
234 1059 85 24 them.
359 1059 101 24 Hassel
481 1062 87 21 states
589 1058 61 24 that
670 1057 28 25 in
712 1058 53 24 fine
785 1058 121 25 weather
928 1059 78 24 there

145 1113 70 17 were
230 1104 77 25 three
329 1113 30 15 or
378 1104 59 24 four
458 1104 92 32 sloops
569 1103 110 33 trading
691 1103 67 25 with
778 1103 55 25 this
852 1103 153 25 limestone.

146 1149 25 26 It
198 1148 23 26 is
247 1148 55 26 still
330 1148 73 30 used,
430 1148 67 26 both
530 1148 27 25 in
587 1148 48 25 the
661 1148 94 25 Island
780 1148 54 25 and
859 1148 147 25 elsewhere

145 1196 56 31 (see
214 1203 27 24 p.
259 1195 67 32 152).

190 1286 59 24 The
266 1285 83 26 white
370 1285 151 33 Pipe-Clay
540 1285 29 24 of
591 1285 48 24 the
664 1285 99 23 Lower
784 1284 124 32 Bagshot
929 1284 77 29 beds,

144 1331 90 26 which
256 1331 24 25 is
303 1340 30 16 so
354 1331 103 33 largely
476 1330 152 32 developed
651 1329 27 24 in
700 1328 186 29 Dorsetshire,
908 1329 99 24 almost

144 1376 116 33 entirely
274 1375 162 33 disappears
450 1375 28 24 in
492 1375 47 25 the
554 1375 54 24 Isle
621 1374 30 25 of
662 1374 107 32 Wight,
784 1373 82 31 being
879 1372 129 32 replaced

144 1421 78 25 there
241 1422 37 32 by
292 1421 93 25 sands.
425 1420 31 24 In
476 1420 83 24 Alum
575 1419 60 33 Bay
648 1419 48 24 the
716 1418 152 31 Pipe-Clay
881 1416 24 25 is
917 1424 90 24 repre-

144 1467 96 25 sented
260 1468 36 32 by
309 1475 17 16 a
339 1466 54 25 bed
407 1462 64 36 only
485 1464 41 26 six
546 1464 53 25 feet
613 1463 77 25 thick
703 1471 5 21 ;
729 1463 50 24 but
798 1462 20 24 it
837 1461 56 25 still
906 1461 103 24 retains

144 1513 35 24 its
194 1513 81 24 usual
289 1512 170 27 characters,
474 1509 55 25 and
548 1508 23 25 is
591 1507 112 25 marked
724 1507 36 32 by
773 1507 48 23 the
838 1513 131 24 presence
983 1504 28 25 of

144 1559 93 24 leaves
262 1557 30 24 of
314 1557 94 31 plants
433 1553 168 32 resembling
631 1552 81 25 those
736 1550 93 26 which
855 1558 45 15 are
925 1548 85 25 found

145 1601 159 27 associated
317 1601 68 25 with
398 1601 48 23 the
459 1597 218 33 corresponding
690 1596 76 32 clays
779 1595 30 24 of
823 1593 186 25 Dorsetshire.

149 1650 133 23 Between
305 1646 83 24 Alum
411 1645 61 30 Bay
494 1643 54 24 and
571 1641 175 26 Freshwater
772 1640 73 25 Gate
869 1639 47 23 the
943 1637 68 32 Pipe
