1117 1922
967 193 31 29 67

438 196 177 19 ATHERFIELD
635 198 77 17 BEDS.

192 268 83 28 Here,
290 268 128 32 perhaps,
433 277 15 16 a
468 268 70 25 little
560 269 175 25 information
755 270 54 25 will
829 273 47 22 not
895 270 34 25 be
950 273 48 21 out

144 312 31 25 of
192 314 79 31 place
293 322 31 16 as
342 317 28 21 to
390 314 46 25 the
455 314 60 25 best
535 323 94 16 means
651 319 29 21 to
702 315 33 25 be
752 315 120 32 pursued
891 314 40 26 for
951 314 47 26 the

144 367 119 24 purpose
297 358 30 25 of
355 359 157 33 examining
541 360 47 25 the
613 360 152 25 Atherfield
790 361 75 25 beds.
915 361 83 24 From

145 403 132 29 Ventnor,
304 404 39 25 via
364 405 169 32 Blackgang,
554 405 46 25 the
627 405 144 25 excursion
793 414 50 16 can
863 406 33 24 be
915 405 83 25 taken

145 448 36 32 by
205 448 87 25 either
318 458 15 16 a
363 449 107 32 private
497 458 182 25 conveyance,
705 458 29 16 or
764 451 35 32 by
824 459 52 24 any
901 450 29 24 of
951 450 47 24 the

145 492 124 26 different
290 494 126 25 coaches.
453 494 59 25 The
538 495 141 32 Geologist
702 504 60 20 can,
781 495 21 24 if
821 495 33 24 he
874 495 123 29 chooses,

146 537 85 33 alight
255 543 27 20 at
307 539 48 24 the
380 540 160 32 Blackgang
567 540 84 24 Hotel
677 540 54 24 and
755 540 119 24 descend
898 543 29 21 to
952 540 46 24 the

146 582 79 25 shore
247 584 120 32 through
389 585 46 23 the
457 585 116 28 Bazaar,
595 589 27 20 at
644 585 89 25 which
758 585 109 25 visitors
887 593 45 17 are
954 593 44 16 ex-

146 629 99 31 pected
276 633 28 20 to
335 629 80 25 make
446 638 15 15 a
494 630 135 32 purchase
663 629 40 25 for
733 629 48 26 the
810 629 132 33 privilege
971 629 29 25 of

146 673 168 33 descending
333 674 46 25 the
398 674 137 32 well-kept
556 674 66 32 path
642 674 79 25 down
739 674 47 25 the
810 674 95 25 Chine.
942 674 56 25 But

147 722 28 20 to
200 717 47 25 the
273 718 142 33 Geologist
440 718 27 25 in
493 719 96 25 search
614 718 29 26 of
666 718 161 33 specimens,
850 718 47 26 the
920 723 78 20 route

147 762 90 26 which
258 764 78 25 takes
357 763 58 26 him
435 767 28 22 to
484 765 182 28 Freshwater,
684 763 140 33 returning
845 764 37 32 by
902 764 94 28 Chale,

147 806 22 26 is
189 808 160 32 preferable,
363 808 88 30 when,
469 817 35 16 on
524 809 133 32 alighting
676 813 27 20 at
724 809 86 24 Chale
829 808 119 29 Church,
963 808 34 25 he

146 852 55 26 will
220 856 64 22 turn
304 853 80 25 down
406 854 46 24 the
475 853 123 34 Military
618 854 87 29 Road,
726 853 68 25 until
816 854 47 24 the
881 853 71 25 head
970 853 30 25 of

147 898 100 24 Whale
274 899 87 24 Chine
389 899 23 24 is
438 899 127 28 reached,
590 908 16 15 a
631 899 69 24 little
730 899 107 33 beyond
861 898 90 25 which
981 907 15 15 a

146 943 126 33 footpath
294 944 76 24 leads
390 944 119 32 through
527 953 15 15 a
561 944 63 24 field
643 948 29 20 to
690 944 47 24 the
755 948 48 28 top
821 944 30 24 of
866 944 47 24 the
931 943 64 29 cliff,

146 988 137 33 following
302 988 90 26 which
414 989 47 25 the
482 989 68 32 path
569 988 53 26 will
643 988 62 25 lead
722 988 56 25 him
795 993 29 20 to
843 988 48 25 the
911 988 84 25 Coast

146 1034 96 25 Guard
260 1033 109 26 Station
379 1043 6 20 ;
405 1034 107 33 beyond
533 1038 28 21 to
581 1034 47 25 the
647 1033 47 26 left
713 1033 30 25 of
759 1034 46 25 the
824 1033 123 32 flagstaff
961 1033 35 25 he

145 1087 51 16 can
210 1078 120 25 descend
351 1087 64 17 over
434 1078 155 25 hummicks
607 1079 54 24 and
678 1079 114 24 hollows
805 1082 28 21 to
847 1078 46 25 the
907 1078 88 28 shore,

143 1132 65 16 over
233 1124 47 24 the
305 1124 198 32 disintegrated
528 1125 84 32 clays,
639 1124 91 24 shales
759 1124 53 24 and
838 1123 82 25 sands
932 1132 5 21 ;
966 1132 30 16 or

143 1169 158 24 sometimes
321 1169 77 25 there
418 1169 22 24 is
461 1178 15 15 a
495 1169 66 24 rude
580 1169 129 32 platform
727 1177 29 16 or
774 1169 77 32 path,
865 1168 80 24 made
959 1169 36 32 by

142 1214 48 25 the
203 1214 181 33 coastguards
397 1214 54 24 and
471 1214 154 28 fishermen,
639 1218 29 20 to
685 1214 97 24 enable
797 1214 74 24 them
889 1217 28 21 to
931 1214 65 23 haul

143 1268 37 19 up
197 1259 71 25 their
281 1260 80 24 boats
372 1269 4 19 ;
396 1259 134 33 pursuing
548 1259 56 25 this
622 1259 152 28 westward,
789 1259 46 24 the
854 1258 142 33 Geologist

143 1303 104 26 arrives
264 1308 28 21 at
313 1313 16 16 a
348 1308 62 28 spot
430 1304 88 25 called
538 1303 50 25 Tie
606 1303 68 30 Pits,
692 1303 90 26 where
800 1304 75 32 large
892 1312 104 15 masses

142 1348 30 26 of
190 1349 47 25 the
258 1350 98 24 Lower
377 1350 90 24 Perna
488 1349 53 25 bed
563 1357 46 16 are
628 1348 200 25 accumulated.
867 1348 45 24 He
931 1347 65 26 thus

142 1402 64 25 may
230 1394 74 25 work
330 1393 43 26 his
398 1402 61 25 way
483 1394 81 32 along
589 1393 46 25 the
663 1393 81 25 shore
769 1402 37 23 up
831 1397 28 21 to
885 1392 111 26 Ladder

144 1438 96 30 Chine,
273 1438 150 33 ascending
454 1438 91 25 which
577 1446 16 17 a
624 1438 126 32 footpath
782 1438 76 25 leads
891 1441 29 22 to
949 1437 49 25 the

144 1484 123 33 Military
288 1485 87 28 Road,
390 1484 87 25 Chale
498 1484 111 25 Church
632 1483 81 33 being
732 1483 80 33 again
832 1483 118 24 reached
970 1482 27 25 in

143 1529 48 24 the
209 1529 124 32 evening,
348 1529 27 24 in
388 1529 67 25 time
468 1533 28 21 to
510 1533 93 21 return
617 1529 35 32 by
665 1529 95 24 coach.

187 1574 60 25 The
268 1574 144 26 excursion
436 1579 28 21 to
482 1574 151 25 Atherfield
654 1574 84 32 ought
761 1578 28 21 to
809 1574 34 25 be
861 1573 137 25 extended

142 1623 27 21 to
183 1623 53 21 two
258 1628 28 16 or
307 1628 75 16 more
397 1619 88 29 visits,
504 1628 39 21 as,
565 1623 29 22 to
614 1618 125 26 examine
758 1618 46 26 the
824 1622 87 22 strata
930 1617 68 26 from

142 1664 162 33 Blackgang
327 1664 87 25 Chine
437 1665 54 24 and
512 1664 36 25 its
573 1664 227 33 neighbourhood
825 1663 173 34 thoroughly,

142 1718 30 16 as
186 1711 60 24 well
267 1718 29 16 as
319 1711 47 24 the
387 1710 103 25 insides
511 1710 29 24 of
556 1711 100 24 Whale
675 1710 54 24 and
749 1710 119 31 Walpen
888 1709 110 30 Chines,
