1117 1922
441 160 142 18 T0TLANDS
604 161 55 18 bay.

931 159 44 31 163

250 283 187 26 Lacrustine
464 285 79 25 Beds
563 293 33 17 of
616 286 150 25 Totlands
788 287 63 24 Bay.

165 362 90 25 These
275 364 66 24 beds
389 373 109 24 occupy
511 364 46 25 the
577 373 86 24 upper
682 370 62 27 part
763 365 30 25 of
809 366 46 25 the
874 366 58 26 cliff
948 367 24 24 in

117 408 134 24 Totlands
266 408 68 33 Bay,
349 408 40 25 for
408 418 16 15 a
443 409 125 25 distance
581 409 30 25 of
631 410 94 32 nearly
746 418 49 24 350
813 411 91 32 yards,
920 412 52 24 and

117 452 70 25 form
201 462 15 15 a
231 453 107 33 deposit
352 453 30 25 of
398 463 65 24 very
477 454 123 25 variable
619 455 153 25 character.
810 456 43 24 On
866 456 47 24 the
926 460 46 28 top

118 497 23 25 is
164 507 34 15 an
222 499 119 31 unequal
361 498 140 26 thickness
521 498 30 26 of
567 500 93 24 brown
679 500 82 29 loam,
781 500 158 33 containing
959 509 13 15 a

118 543 51 25 few
182 544 139 24 scattered
341 545 114 32 angular
474 544 84 29 flints,
575 545 119 24 beneath
714 545 90 24 which
823 545 22 24 is
865 554 15 15 a
899 546 73 33 layer

118 588 29 25 of
166 589 94 25 brown
280 590 61 33 clay
360 590 54 24 and
433 590 128 32 perished
581 590 91 28 shells,
687 590 103 33 resting
809 599 35 15 on
863 590 59 24 four
942 599 30 15 or

119 634 52 24 five
197 633 53 26 feet
275 634 30 25 of
327 635 159 24 calcareous
512 634 57 25 tufa
597 634 78 32 (with
696 643 15 15 a
733 635 51 24 few
804 635 80 24 black
905 635 67 25 lines

117 679 111 24 derived
243 679 69 24 from
326 679 185 33 decomposed
524 679 143 33 vegetable
681 681 124 30 matter),
817 679 155 25 sometimes

118 723 139 33 equalling
270 723 203 26 fluvio-marine
492 723 128 26 limnæan
634 723 143 26 limestone
791 723 26 25 in
832 724 140 25 hardness.

117 767 69 26 This
210 768 59 26 tufa
294 768 23 25 is
342 769 80 25 finest
448 768 27 25 in
495 769 46 25 the
567 778 86 23 upper
675 773 71 28 part,
770 769 54 25 and
846 769 126 25 becomes

117 814 145 33 gradually
287 822 109 17 coarser
426 814 120 25 towards
576 814 47 25 the
648 814 116 29 bottom,
789 814 90 25 where
905 813 20 26 it
950 813 22 26 is

116 858 49 25 full
179 858 29 25 of
226 859 89 24 round
337 860 159 23 calcareous
518 859 173 24 concretions
713 858 30 25 of
761 858 110 25 various
894 858 77 30 sizes,

117 904 53 24 and
185 904 29 24 of
225 904 73 25 what
314 912 72 16 seem
401 908 28 20 to
443 905 33 23 be
496 904 46 24 the
561 903 80 33 twigs
661 904 53 24 and
728 908 84 20 stems
827 903 28 24 of
871 904 101 31 plants,

116 949 99 28 which,
239 949 102 32 having
362 949 81 24 fallen
468 949 58 24 into
551 949 47 24 the
623 952 84 21 water
733 949 94 32 highly
853 949 119 31 charged

116 993 65 25 with
197 994 149 24 carbonate
360 994 29 24 of
405 994 72 27 lime,
492 994 114 24 became
625 993 150 32 enveloped
789 994 36 31 by
838 993 29 24 it.

163 1039 59 24 The
242 1038 156 25 concentric
419 1038 173 25 concretions
612 1047 45 15 are
677 1038 100 32 largest
798 1042 29 21 at
847 1038 46 24 the
907 1038 64 24 base

115 1083 29 25 of
166 1084 47 25 the
238 1083 117 32 deposit,
381 1083 54 25 and
461 1083 129 25 decrease
616 1083 26 24 in
668 1083 54 24 size
750 1082 28 25 in
805 1092 33 15 an
859 1083 112 32 upward

115 1129 143 29 direction,
285 1129 46 25 the
357 1129 87 25 whole
475 1128 108 32 deposit
614 1128 103 32 resting
745 1137 34 16 on
805 1137 34 15 an
866 1137 105 16 uneven

116 1174 107 24 surface
234 1174 30 24 of
274 1174 46 24 the
330 1175 111 23 Eocene
452 1175 182 31 Potamomya
645 1173 92 29 sands,
749 1172 89 26 which
849 1173 122 24 underlie

115 1219 47 25 the
176 1219 126 24 Limæan
315 1219 145 24 limestone
474 1218 28 24 of
519 1218 134 24 Totlands
673 1219 67 31 Bay.
778 1217 193 33 Occasionally

115 1264 77 25 there
217 1264 23 24 is
265 1272 15 16 a
306 1264 74 32 layer
406 1263 29 24 of
457 1264 79 23 small
562 1263 114 32 angular
701 1262 75 24 flints
800 1261 171 32 intervening

115 1309 123 24 between
258 1309 47 24 the
324 1308 58 25 tufa
402 1308 53 25 and
474 1308 47 25 the
540 1308 92 24 sands.

161 1354 59 24 The
231 1353 90 26 whole
335 1353 28 24 of
380 1353 46 25 the
440 1353 107 32 deposit
568 1352 26 24 in
614 1352 126 32 question
759 1360 87 15 seems
859 1355 29 21 to
901 1351 70 24 have

115 1400 68 24 been
198 1398 105 34 quietly
316 1398 54 25 and
389 1398 144 32 gradually
546 1397 104 25 formed
671 1397 26 24 in
711 1406 16 14 a
740 1397 99 24 hollow
853 1397 118 23 beneath

115 1445 47 24 the
176 1449 99 20 waters
295 1444 29 24 of
341 1452 15 16 a
375 1444 64 32 pool
457 1452 30 16 or
507 1443 79 25 small
606 1443 61 24 lake
679 1441 91 26 which
787 1441 125 25 received
926 1441 45 24 the

115 1490 108 25 surface
248 1490 132 32 drainage
405 1489 30 24 of
457 1489 47 24 the
529 1487 183 32 surrounding
738 1487 95 31 higher
858 1485 114 33 ground.

115 1535 23 25 A
153 1535 110 33 portion
286 1535 64 33 only
363 1534 31 25 of
413 1534 47 24 the
482 1533 53 25 bed
558 1533 29 24 of
606 1532 55 25 this
685 1532 61 24 lake
766 1540 61 16 now
844 1530 128 29 remains,

115 1581 89 25 which
227 1580 136 32 probably
377 1579 99 25 ceased
496 1582 27 20 to
543 1578 70 24 exist
633 1577 87 28 when,
735 1577 36 32 by
789 1576 47 25 the
855 1574 117 33 wearing

115 1634 77 25 away
206 1626 29 24 of
258 1625 46 25 the
327 1624 74 28 land,
421 1624 47 24 the
491 1631 46 16 sea
562 1622 68 24 cliffs
653 1620 171 25 encroached
846 1628 73 23 upon
938 1618 34 26 its

115 1674 117 23 western
247 1669 116 32 margin,
379 1668 54 25 and
446 1668 65 25 thus
530 1666 114 25 drained
658 1665 20 24 it
692 1665 29 24 of
735 1665 35 24 its
783 1668 94 21 water.
914 1663 58 25 The
