1117 1922
482 169 72 18 GORE
575 170 85 17 CLIFF.

965 164 28 32 83

140 236 49 25 the
202 238 81 25 north
294 238 61 26 face
366 238 22 26 is
402 249 15 15 a
431 241 95 29 tablet,
536 242 144 32 recording
692 243 46 24 the
752 243 113 32 original
879 252 118 24 purpose

141 281 30 24 of
189 282 35 24 its
244 283 129 29 erection,
388 285 36 32 by
443 285 120 25 Michael
582 287 72 32 Hay,
670 287 77 32 Esq.,
766 287 90 25 which
876 287 31 29 is,
956 288 40 24 To

141 331 215 22 commemorate
376 328 47 25 the
440 329 64 25 visit
527 329 29 25 of
576 330 46 24 the
643 331 134 32 Emperor
796 331 155 25 Alexander
970 331 29 25 of

143 370 100 25 Russia
261 375 27 20 to
303 372 137 32 England,
455 373 27 24 in
503 375 73 31 1814,
592 375 54 24 and
665 384 30 15 as
714 384 16 15 a
747 377 204 23 remembrance
969 376 30 24 of

140 423 83 25 many
237 415 94 34 happy
344 418 87 31 years'
445 418 141 25 residence
598 419 25 24 in
638 420 42 24 his
907 421 88 25 There

140 459 23 25 is
189 460 58 25 also
274 462 115 24 another
414 463 86 24 tablet
525 464 97 24 affixed
649 469 28 19 to
705 464 35 25 its
765 465 81 24 south
868 465 66 28 face,
961 465 35 33 by

142 504 91 26 Lieut.
250 507 37 23 H.
302 507 46 23 W.
365 508 107 27 Dawes,
487 508 29 24 of
532 508 47 24 the
599 508 69 25 22nd
688 509 79 27 Foot,
785 509 28 24 in
832 518 121 24 memory
969 509 30 25 of

140 550 47 24 the
201 550 118 33 English
333 551 114 25 soldiers
460 552 61 25 who
535 552 44 25 fell
597 553 26 24 in
637 553 46 25 the
702 553 127 26 Crimean
841 563 56 16 war
907 563 5 20 ;
932 554 65 25 thus

140 595 112 33 making
271 596 47 24 the
338 597 109 24 column
467 597 34 25 do
521 597 100 25 double
640 598 75 31 duty.

187 641 151 32 Retracing
347 650 49 15 our
410 646 76 28 steps
499 643 135 25 eastward
648 642 67 25 from
728 644 168 31 Blackgang,
907 643 89 25 where

139 685 47 25 the
200 690 77 28 great
291 687 62 24 wall
366 685 30 26 of
410 686 47 26 the
475 687 156 25 Undercliff
643 688 169 29 terminates,
826 689 53 23 and
895 688 100 25 follow-

139 729 46 33 ing
211 730 46 25 the
283 731 66 24 road
372 732 120 24 beneath
511 732 47 25 the
576 732 64 29 cliff,
662 741 15 16 a
696 732 53 25 fine
769 732 103 25 section
899 732 30 25 of
948 732 47 25 the

141 775 96 31 Upper
263 775 163 26 Greensand
452 777 53 24 and
535 777 85 24 Gault
647 777 22 24 is
697 777 149 29 exhibited,
876 777 118 24 beneath

139 819 41 25 St.
206 819 173 26 Catherine's
405 821 99 30 Down,
531 825 27 20 at
584 822 74 24 Gore
684 821 70 30 Cliff,
780 822 67 24 both
872 822 123 32 deposits

139 865 136 33 attaining
286 870 28 20 to
325 866 71 24 their
407 866 47 25 full
465 866 149 29 thickness,
626 867 62 28 viz.,
700 867 83 25 about
796 876 46 15 100
852 867 53 25 feet
916 867 77 25 each.

140 911 119 24 Further
279 911 146 28 eastward,
445 912 87 24 below
554 912 47 24 the
623 911 98 33 village
740 911 29 25 of
789 911 95 29 Niton,
904 921 15 15 a
940 920 55 24 gap

138 964 106 20 occurs,
264 956 120 33 through
404 955 98 28 which,
518 961 27 20 at
565 965 75 16 some
659 961 104 20 remote
781 957 72 27 date,
868 956 46 25 the
927 956 67 25 road

138 1004 29 21 to
189 1001 54 24 and
266 1000 68 25 from
358 1001 46 24 the
427 1001 157 24 Undercliff
604 1002 50 23 has
677 1003 68 22 been
767 1002 184 23 constructed.

185 1046 43 25 On
248 1046 136 33 rounding
398 1055 15 16 a
429 1047 102 32 jagged
549 1047 129 24 shoulder
696 1047 29 24 of
741 1047 186 33 overhanging
940 1047 58 24 cliff

138 1092 123 24 between
277 1092 85 24 Niton
378 1092 156 25 Undercliff
550 1093 53 23 and
619 1093 39 24 St.
674 1093 158 28 Lawrence,
846 1101 40 16 we
906 1092 88 25 arrive

139 1140 27 21 at
181 1137 113 32 Cripple
308 1138 81 27 Path,
404 1138 54 23 and
506 1146 35 15 on
560 1137 131 32 reaching
707 1137 35 24 its
758 1137 55 24 foot
831 1145 40 17 we
884 1137 110 25 wonder

137 1182 63 25 how
219 1182 20 24 it
258 1182 22 24 is
300 1182 121 32 possible
440 1182 40 24 for
499 1182 47 24 the
565 1182 77 24 track
656 1182 90 24 which
759 1190 41 16 we
817 1190 45 16 see
879 1181 115 33 striking

137 1236 79 24 away
233 1236 93 16 across
344 1227 48 25 the
410 1227 174 32 greensward
606 1232 28 20 to
657 1227 79 24 make
754 1226 37 26 its
813 1236 61 23 way
892 1236 37 23 up
947 1226 47 26 the

137 1272 122 32 seeming
281 1272 114 25 vertical
418 1271 138 33 precipice
566 1281 4 20 ;
592 1273 58 27 but,
664 1271 54 25 like
739 1272 46 24 the
805 1271 67 26 evils
891 1271 29 25 of
939 1270 53 29 life,

136 1317 65 33 they
211 1318 65 32 only
286 1325 103 24 appear
399 1317 238 25 insurmountable
651 1320 27 21 at
692 1325 16 16 a
721 1316 124 25 distance
857 1325 5 21 ;
877 1325 15 16 a
906 1317 87 24 closer

135 1361 187 25 examination
334 1362 91 24 shows
436 1361 101 25 hidden
548 1362 108 24 shelves
667 1361 53 25 and
731 1361 148 33 cunningly
889 1360 103 26 formed

135 1406 92 30 stairs,
247 1407 54 23 and
320 1407 79 23 other
419 1407 145 23 undreamt
583 1406 30 24 of
628 1405 135 28 facilities,
784 1406 36 32 by
836 1405 90 25 which
946 1405 46 25 the

135 1455 95 21 ascent
253 1452 22 24 is
295 1452 133 23 rendered
451 1451 178 30 wonderfully

183 1498 74 24 Near
277 1497 40 25 St.
339 1497 151 24 Lawrence
511 1497 111 24 Church
642 1496 114 23 another
775 1503 54 24 gap
847 1503 98 16 occurs
964 1495 26 24 in

134 1544 48 24 the
207 1542 59 26 cliff
299 1542 150 32 analagous
481 1546 28 20 to
541 1541 60 24 that
631 1545 27 20 at
692 1541 84 23 Niton
806 1540 155 25 Undercliff

134 1588 120 30 through
267 1586 91 27 which
377 1596 15 15 a
411 1586 66 25 road
497 1586 51 24 has
566 1586 68 24 been
653 1585 177 24 constructed
843 1584 108 33 leading
963 1589 28 21 to

465 1686 8 8 *
482 1684 102 16 Venable's
596 1684 65 16 Guide.
