1117 1922
360 175 116 18 WALPEN
496 176 85 17 CLAYS
598 176 57 17 AND
674 176 96 17 SANDS.

962 178 28 23 41

464 248 92 21 Seventh
570 249 107 20 Division.

276 308 129 25 Walpen
426 308 91 26 Clays
536 316 56 17 and
612 308 93 26 Sands
726 310 47 31 (57
785 308 77 33 feet).

183 376 61 25 The
264 375 121 33 Walpen
405 375 54 26 and
483 375 110 26 Ladder
616 376 83 25 sands
719 376 54 25 and
795 376 75 33 clays
895 376 99 25 extend

138 430 35 16 on
192 421 47 25 the
259 421 80 25 shore
358 420 69 26 from
447 421 84 25 about
549 420 87 34 thirty
652 421 82 33 yards
752 425 59 21 east
830 421 29 25 of
875 422 119 32 Walpen

139 467 98 29 Chine,
250 470 29 21 to
299 467 84 24 about
403 466 59 25 half
477 475 61 25 way
555 467 123 24 between
697 467 110 24 Ladder
827 467 53 24 and
894 467 100 24 Whale

140 511 113 26 Chines.
292 512 32 23 In
343 511 48 25 the
415 511 82 25 latter
519 511 65 34 they
603 519 45 16 are
666 512 60 24 well
752 520 72 20 seen,
843 512 47 24 the
914 512 80 24 lower

139 563 33 26 27
197 556 52 25 feet
275 555 82 33 being
382 564 16 16 a
421 555 128 33 greenish
575 557 87 32 sandy
686 557 70 33 clay,
780 556 67 26 with
872 557 122 28 nodules,

139 601 160 32 containing
328 601 147 24 Ammonites
500 601 116 28 Martini,
641 601 55 24 and
724 609 16 16 a
768 601 74 33 large
867 601 127 33 Gryphaa.

140 646 61 25 The
226 646 96 32 Upper
353 649 71 29 part,
449 645 84 25 about
562 645 175 33 thirty-three
767 645 62 30 feet,
854 645 90 26 which
972 645 22 26 is

141 692 96 32 clayey
261 691 88 25 below
373 690 54 25 and
459 690 87 33 sandy
570 691 96 28 above,
697 690 126 26 contains
844 690 150 30 Dentalium,

141 736 119 33 Myacites
278 735 153 29 Mandibula,
456 735 81 26 Pinna
562 735 168 30 Robinaldina,
755 736 126 25 Toxoceras
899 735 27 25 in
951 735 43 26 de-

142 781 101 25 tached
261 780 133 31 portions,
415 783 53 22 etc.

512 1524 100 15 Toxoceras.

186 1597 59 25 The
264 1596 227 33 neighbourhood
513 1596 29 25 of
558 1596 102 25 Whale
679 1595 54 25 and
752 1595 119 33 Walpen
894 1595 101 26 Chines

140 1643 23 24 is
188 1651 16 17 a
228 1646 71 22 most
325 1642 162 32 interesting
504 1641 121 34 locality,
645 1641 66 25 both
734 1640 40 26 for
792 1641 48 25 the
857 1640 138 33 practised

140 1688 142 32 geologist,
296 1688 47 25 the
362 1691 135 25 amateur,
516 1687 54 24 and
589 1687 47 24 the
655 1686 121 29 student,
790 1685 39 26 for
848 1686 47 25 the
914 1686 81 33 study
