1117 1922
378 171 42 17 ITS
446 171 73 17 LAND
544 171 56 18 AND
626 172 130 17 CLIMATE.

962 173 27 24 17

136 242 61 24 that
210 242 47 24 the
271 242 118 26 animals
402 244 54 24 and
474 244 151 25 terrestrial
644 244 93 33 plants
751 244 31 26 of
796 244 47 26 the
856 244 136 27 Wealden

135 287 74 25 lived
235 288 54 25 and
309 288 64 25 died
392 297 66 16 near
478 288 47 26 the
550 298 64 16 area
633 289 90 26 where
748 289 70 26 their
843 290 79 25 relics
947 299 45 16 are

136 332 149 26 entombed
296 342 6 20 ;
323 332 49 30 for,
395 332 67 26 with
480 333 48 25 the
552 333 145 33 exception
716 334 29 25 of
765 334 48 26 the
835 335 82 25 shells
939 335 53 25 and

137 381 189 26 crustaceans,
350 378 54 25 and
428 377 106 26 certain
559 378 93 26 marsh
677 379 55 25 and
756 378 111 33 aquatic
892 380 100 31 plants,

137 422 37 25 all
186 422 48 25 the
246 422 78 26 fossil
336 422 120 26 remains
470 423 65 25 bear
549 423 183 33 unequivocal
748 425 92 24 marks
852 424 30 25 of
892 424 102 33 having

137 468 70 24 been
225 468 178 32 transported
422 467 70 25 from
511 476 16 16 a
545 472 77 28 great
644 468 133 26 distance.
815 470 55 24 But
889 469 105 33 though

137 512 198 25 three-fourths
356 512 28 24 of
406 513 48 24 the
475 513 86 24 bones
587 513 161 25 discovered
766 514 71 25 have
856 514 139 33 evidently

138 558 70 25 been
233 558 104 24 broken
359 558 54 24 and
438 558 85 24 rolled
548 558 92 25 before
664 558 71 26 their
760 558 163 33 deposition,
948 559 47 25 the

137 603 76 25 teeth
233 603 136 25 detached
388 603 69 25 from
476 603 71 25 their
569 603 118 29 sockets,
707 603 47 26 the
772 604 144 29 vertebræ,
941 604 54 26 and

139 648 47 25 the
202 649 85 24 bones
302 647 30 26 of
345 648 46 25 the
406 647 177 30 extremities,
602 648 67 26 with
686 649 49 25 but
753 658 65 24 very
833 648 51 26 few
898 658 96 23 excep-

140 692 81 30 tions,
251 692 149 33 disjointed
428 693 55 25 and
508 693 137 25 scattered
670 693 64 25 here
759 693 55 25 and
837 694 86 29 there,
948 694 48 24 the

141 742 85 21 stems
251 738 54 25 and
327 738 136 25 branches
485 738 30 25 of
533 739 47 24 the
601 742 72 21 trees
695 742 61 21 torn
777 742 29 21 to
827 739 92 33 pieces
941 739 54 25 and

141 783 124 33 stripped
285 783 30 25 of
338 783 72 25 their
429 783 99 33 foliage
529 799 34 3 —
564 784 77 24 there
665 783 23 25 is
708 792 35 16 no
763 783 190 26 intermixture
970 783 28 25 of

141 829 153 28 sea-shells,
313 837 49 16 nor
375 828 30 25 of
415 829 88 24 beach
517 837 29 16 or
560 829 106 33 shingle
676 838 5 16 :
699 829 78 25 these
792 829 118 25 remains
925 829 72 25 have

141 874 69 25 been
224 873 144 33 subjected
380 877 29 21 to
423 873 128 25 abrasion
564 873 69 25 from
652 873 71 26 river
740 877 132 25 currents,
887 874 48 25 but
949 877 48 22 not

140 923 29 20 to
183 918 125 25 attrition
323 918 67 25 from
405 918 47 25 the
465 927 91 16 waves
569 917 30 26 of
609 918 46 25 the
669 927 94 16 ocean.

213 963 61 26 The
290 963 122 33 gigantic
425 963 82 25 limbs
521 963 29 25 of
560 963 47 25 the
620 964 74 31 large
712 963 125 26 saurians
854 963 81 26 could
948 967 48 22 not

140 1009 72 25 have
233 1009 68 24 been
320 1008 159 25 dissevered
495 1008 69 25 from
581 1007 71 26 their
667 1009 109 24 sockets
793 1008 116 25 without
921 1012 76 28 great

140 1055 134 28 violence,
288 1057 99 29 except
401 1054 36 32 by
456 1054 46 24 the
520 1053 219 32 decomposition
753 1053 29 24 of
796 1053 70 24 their
882 1053 116 24 tendons

140 1099 70 26 from
228 1099 64 32 long
312 1098 169 25 maceration
498 1098 27 24 in
542 1102 85 21 water
639 1107 5 20 ;
659 1098 54 25 and
730 1098 22 24 if
765 1098 47 25 the
829 1098 80 25 latter
929 1106 70 17 were

141 1144 79 26 alone
245 1144 47 25 the
314 1152 83 16 cause
422 1143 29 25 of
471 1143 47 25 the
539 1143 165 24 dislocation
726 1143 29 24 of
773 1143 48 24 the
842 1143 94 28 bones,
958 1151 41 17 we

141 1190 99 25 should
254 1193 47 22 not
315 1190 57 25 find
389 1190 76 24 them
483 1189 103 25 broken
600 1189 54 25 and
671 1193 169 24 waterworn,
859 1189 49 24 but
925 1188 74 33 lying

141 1244 75 17 more
238 1243 30 17 or
292 1235 55 25 less
372 1234 27 26 in
419 1233 212 34 juxtaposition,
653 1243 30 16 as
703 1233 23 26 is
748 1233 47 26 the
816 1242 64 17 case
899 1232 27 26 in
952 1233 46 25 the

141 1282 138 24 skeletons
300 1280 29 25 of
347 1281 47 24 the
408 1279 104 25 marine
528 1279 112 32 reptiles
657 1278 30 26 of
699 1279 46 25 the
760 1278 94 26 liassic
867 1277 131 33 deposits.

141 1328 56 24 But
222 1326 47 25 the
295 1325 141 26 condition
462 1325 27 24 in
514 1325 91 25 which
630 1324 47 24 the
699 1323 75 25 fossil
798 1323 81 25 relics
901 1322 30 26 of
952 1323 47 25 the

140 1371 137 26 Wealden
302 1379 93 20 occur,
421 1378 100 25 proves
545 1369 61 25 that
626 1369 65 33 they
710 1376 70 17 were
798 1367 102 25 floated
920 1367 78 25 down

139 1417 48 26 the
208 1420 117 22 streams
347 1415 55 25 and
423 1414 95 26 rivers,
539 1414 67 26 with
628 1413 68 25 rafts
710 1413 29 25 of
754 1419 71 19 trees
847 1413 54 24 and
921 1412 78 25 other

140 1462 84 34 spoils
244 1461 30 25 of
290 1462 47 24 the
356 1460 74 29 land,
451 1459 49 30 till,
521 1458 123 26 arrested
668 1458 28 25 in
716 1458 70 25 their
808 1465 106 21 course,
933 1457 66 33 they

141 1508 69 26 sank
243 1508 81 25 down
361 1506 55 25 and
450 1506 114 25 became
595 1503 96 27 buried
727 1503 27 25 in
787 1503 47 25 the
868 1502 131 25 fluviatile

140 1553 151 27 sediments
311 1552 67 26 then
400 1560 28 16 in
448 1558 136 25 progress.

213 1599 61 25 The
294 1602 74 21 state
389 1596 29 26 of
437 1596 47 25 the
502 1596 59 24 first
582 1593 161 26 discovered
756 1592 139 33 specimen
909 1591 29 26 of
954 1591 46 26 the

139 1645 174 33 Hylaosaurus
335 1642 22 26 is
375 1642 28 25 in
416 1641 56 26 this
489 1641 78 33 point
584 1640 30 25 of
624 1639 70 26 view
710 1639 96 33 highly
822 1636 162 27 instructive
994 1646 6 16 :

141 1700 82 23 many
248 1690 30 25 of
300 1690 47 25 the
372 1690 86 24 bones
484 1696 46 17 are
555 1685 118 27 crushed
698 1685 54 25 and
776 1684 159 33 splintered,
957 1687 43 30 yet

187 1737 13 14 B
