1117 1922
389 142 102 19 FLUVIO
511 143 106 18 marine
638 144 105 17 series.

929 146 45 25 137

119 220 121 25 purpose
252 213 30 24 of
296 214 153 33 producing
462 215 100 25 vitriol.
607 215 59 25 The
680 216 68 25 sand
766 216 23 26 is
809 217 54 32 dug
881 221 48 21 out
951 218 28 24 of

121 266 75 16 some
213 267 66 25 very
297 259 129 25 valuable
445 259 95 30 mines,
561 260 89 26 which
673 270 46 16 are
738 262 46 24 the
803 266 130 30 property
951 263 28 24 of

122 302 92 25 David
238 303 82 33 Urry,
345 304 77 32 Esq.,
445 314 65 16 near
533 306 162 29 Yarmouth,
710 307 54 24 and
788 307 68 24 from
879 308 98 25 thence

121 351 59 21 sent
202 352 28 21 to
251 349 117 25 London
389 350 53 25 and
466 350 103 25 Bristol
591 350 40 25 for
650 351 47 25 the
721 360 49 16 use
787 352 31 24 of
837 353 46 24 the
904 353 74 33 glass

169 438 24 25 It
207 437 22 26 is
248 437 61 26 said
322 439 61 24 that
397 440 123 24 between
537 441 64 31 1850
614 441 54 24 and
684 448 72 25 1755,
772 443 92 31 21,984
877 447 62 20 tons
952 443 29 25 of

120 481 48 26 the
187 482 70 25 sand
276 491 71 16 were
367 483 117 33 shipped
504 484 68 24 from
592 485 162 29 Yarmouth,
768 485 163 34 principally
951 491 27 21 to

123 528 117 23 London
253 528 54 24 and
323 528 111 24 Bristol.

169 572 31 24 In
221 573 47 23 the
290 573 77 24 brick
386 573 56 32 pits
461 574 82 24 south
561 574 30 24 of
607 574 139 29 Gunville,
760 575 54 25 and
833 574 26 26 in
874 577 103 24 several

120 618 79 24 other
213 622 77 28 parts
303 618 30 24 of
351 618 47 25 the
419 619 103 29 Island,
535 619 48 25 the
598 620 95 31 Upper
707 620 123 32 Bagshot
844 621 67 24 beds
925 622 52 23 and

121 662 47 24 the
191 662 104 25 Barton
316 663 69 32 Clay
404 671 46 16 are
469 672 63 16 seen
552 663 26 25 in
598 673 16 15 a
632 664 114 25 vertical
768 664 127 32 position.
934 667 43 23 No

121 706 91 25 fossils
233 716 46 15 are
300 706 84 26 found
405 712 97 27 except
524 712 27 21 at
572 708 157 25 Whitecliff
748 709 68 33 Bay,
839 710 53 24 and
914 710 63 24 here

120 752 65 32 only
198 761 16 15 a
236 751 52 26 few
307 756 74 21 casts
399 751 29 26 of
448 752 109 25 bivalve
579 753 83 25 shells
683 762 70 16 were
773 758 54 20 met
842 754 74 29 with,
931 759 46 20 not

121 796 165 32 sufficiently
300 797 60 25 well
373 797 148 31 preserved
534 797 40 25 for
588 798 46 24 the
648 798 117 24 cabinet.

362 874 110 24 Fluvio
494 875 116 23 Marine
638 875 109 23 Series.

167 930 90 24 These
277 929 162 26 formations
458 938 70 17 were
548 938 29 16 so
597 930 87 25 called
707 931 36 31 by
765 930 45 25 the
829 931 55 24 late
904 931 71 24 Prof.

122 976 113 28 Forbes,
256 975 54 24 and
333 975 47 24 the
401 983 82 16 name
502 983 57 16 was
583 976 197 32 subsequently
799 975 119 32 adopted
943 977 34 32 by

122 1020 73 25 Prof.
210 1020 129 28 Bristow,
355 1020 62 25 who
430 1021 94 23 makes
544 1020 46 24 the
610 1020 136 32 following
759 1021 122 23 remarks
894 1021 83 24 about

120 1065 76 25 them
207 1075 5 14 :
268 1065 60 24 The
353 1064 202 25 fluvio-marine
576 1064 155 29 formation,
754 1064 89 24 which
864 1065 113 24 extends

119 1119 66 16 over
210 1110 47 25 the
282 1109 131 25 northern
444 1109 109 33 portion
578 1109 30 25 of
635 1109 47 25 the
708 1109 101 28 Island,
835 1109 83 25 forms
943 1119 34 15 an

120 1155 164 32 undulating
309 1159 71 21 tract
406 1154 29 25 of
463 1159 125 27 country,
614 1154 46 24 the
692 1162 112 24 scenery
829 1153 29 25 of
888 1153 88 25 which

119 1205 127 28 presents
259 1209 15 16 a
296 1200 113 25 marked
434 1199 146 26 difference
594 1203 27 21 to
641 1199 59 25 that
715 1198 29 25 of
760 1199 46 24 the
820 1207 74 17 more
908 1208 68 23 open

119 1245 109 25 district
242 1245 118 24 covered
379 1246 36 32 by
428 1245 47 24 the
494 1248 160 21 cretaceous
673 1244 80 24 rocks
772 1252 34 16 on
826 1243 46 25 the
886 1244 89 28 south,

119 1290 90 33 owing
229 1294 28 20 to
279 1290 47 24 the
345 1294 107 28 greater
476 1289 162 24 abundance
658 1287 29 25 of
703 1288 92 25 woods
809 1287 65 26 with
889 1287 87 25 which

119 1335 48 25 the
191 1335 109 25 surface
324 1334 23 25 is
373 1334 27 24 in
427 1342 83 25 many
533 1334 94 32 places
653 1332 124 26 covered.
830 1332 58 25 The
913 1332 63 25 land

119 1380 121 26 situated
259 1389 35 16 on
314 1380 47 24 the
374 1379 160 24 limestones
548 1378 22 24 is
583 1378 30 24 of
629 1386 15 16 a
664 1385 74 17 more
758 1377 86 25 fertile
858 1377 117 32 descrip-

119 1425 59 26 tion
191 1425 68 25 than
273 1425 61 25 that
348 1424 84 26 based
454 1432 72 25 upon
546 1424 47 23 the
610 1423 76 32 clays
701 1430 29 16 or
744 1422 93 29 sands,
851 1422 48 24 but
913 1429 63 17 over

119 1479 16 17 a
153 1470 191 26 considerable
369 1474 61 27 part
456 1468 29 25 of
500 1468 48 25 the
568 1468 93 25 Island
680 1467 118 32 mapped
818 1475 30 16 as
867 1467 108 24 Fluvio-

119 1515 105 25 marine
244 1516 77 24 there
340 1515 23 25 is
383 1523 15 16 a
417 1514 77 25 thick
517 1512 108 33 deposit
646 1512 29 25 of
693 1512 59 25 flint
771 1512 93 32 gravel
877 1512 99 32 spread

118 1570 65 16 over
196 1561 48 25 the
257 1559 117 30 surface,
389 1559 90 26 which
494 1559 127 25 conceals
639 1557 47 25 the
706 1556 161 34 underlying
881 1561 94 23 strata,

118 1606 54 25 and
192 1614 98 17 causes
311 1605 47 25 the
378 1604 178 33 agricultural
578 1607 98 20 nature
694 1601 30 25 of
739 1602 47 24 the
805 1601 49 25 soil
869 1605 28 21 to
910 1601 65 25 bear

118 1661 34 16 no
166 1650 116 27 relation
296 1650 139 26 whatever
455 1653 28 21 to
503 1649 47 25 the
568 1648 81 24 rocks
668 1646 127 26 beneath.
834 1646 81 24 From
930 1645 46 26 the
