1117 1922
485 139 165 17 ADDENDUM.

953 139 46 25 229

562 217 20 23 7-

183 274 50 25 The
257 276 83 32 Upper
366 276 81 23 White
469 276 80 24 Chalk
569 276 49 23 and
639 276 31 23 its
690 276 91 23 Flints.
784 290 33 3 —
819 276 59 23 The
900 275 97 25 former

237 318 23 25 is
277 319 178 31 represented
469 320 36 31 by
518 319 34 24 its
573 319 207 24 characteristic
801 319 99 24 fossils.
937 320 60 24 The

237 362 75 25 flints
335 364 36 31 by
392 363 48 24 the
459 371 127 23 sponges,
608 363 159 29 Choanites,
788 363 206 30 Ventriculites,

235 407 55 24 and
303 407 127 31 polished
443 407 155 31 specimens
611 407 29 24 of
651 407 47 24 the
712 416 83 16 same.

552 498 22 23 8.

181 554 49 24 The
256 553 136 25 Tertiaries.
397 569 32 2 —
432 553 24 24 A
487 561 64 16 case
581 553 160 32 containing
772 553 89 24 fossils
892 553 30 24 of
949 553 47 24 the

236 597 124 25 different
382 597 142 29 divisions,
548 606 82 24 many
651 597 29 25 of
700 597 73 25 them
794 597 146 33 presented
960 598 36 32 by

236 643 35 25 D.
292 643 33 25 A.
347 643 193 32 Hambrough,
561 643 77 31 Esq.,
658 646 141 28 represent
818 642 48 25 the
884 651 111 17 various

235 687 90 26 fossils
348 687 29 26 of
393 688 47 25 the
466 688 119 25 London
607 688 78 33 Clay,
709 687 128 25 coloured
861 687 83 25 sands
968 687 29 25 of

236 733 46 24 the
297 733 199 24 Bracklesham
511 732 92 30 series,
618 733 46 24 the
679 732 91 25 fossils
784 732 28 25 of
828 733 47 24 the
890 733 105 24 Barton

236 779 76 28 beds,
326 779 47 24 the
397 778 118 25 Headon
536 777 93 30 series,
649 778 47 24 the
716 777 167 33 Bembridge
902 778 92 29 series,

237 824 54 25 and
303 824 48 24 the
365 824 175 31 Hempstead
553 824 76 24 beds.

553 909 21 22 9-

182 964 50 24 The
256 964 103 24 Human
382 963 96 25 Period.
481 978 32 3 —
517 962 23 25 A
569 971 64 16 case
663 962 160 33 containing
848 970 147 16 numerous

236 1008 156 33 specimens
414 1008 31 25 of
463 1017 96 16 coarse
581 1007 54 25 and
659 1008 108 24 Roman
789 1011 119 29 pottery,
927 1006 68 26 with

236 1053 120 25 remains
376 1053 30 25 of
422 1053 109 25 ancient
555 1061 72 20 man,
647 1052 60 26 flint
730 1052 55 25 and
804 1056 79 21 stone
901 1051 95 33 imple-

236 1104 99 24 ments,
349 1100 86 24 bones
449 1099 54 24 and
516 1098 76 25 teeth
606 1097 29 25 of
651 1098 126 29 animals,
791 1101 53 21 etc.
882 1097 115 25 Besides

236 1144 87 29 these,
343 1144 115 25 another
480 1144 76 32 large
577 1144 63 24 wall
664 1151 64 16 case
750 1143 50 24 has
822 1143 83 32 lately
927 1143 69 23 been

237 1190 89 25 added
360 1190 37 32 by
425 1189 47 25 the
503 1188 175 29 Committee,
708 1188 92 25 which
830 1187 126 25 contains
982 1195 15 16 a

236 1236 110 32 general
369 1234 145 26 collection
534 1233 29 26 of
583 1233 68 26 both
673 1232 91 26 fossils
784 1232 55 25 and
857 1232 138 24 minerals.

237 1281 60 24 The
315 1280 91 25 fossils
425 1282 141 30 represent
586 1278 80 25 those
684 1277 69 25 from
773 1277 47 25 the
839 1284 87 25 upper
944 1276 53 24 and

236 1326 82 25 lower
333 1325 130 29 Silurian,
473 1325 55 24 Old
546 1324 55 24 and
615 1324 69 24 New
698 1322 60 25 Red
773 1321 165 28 Sandstone,
951 1320 46 25 the

237 1371 68 26 Coal
328 1371 144 24 Measures
497 1369 55 25 and
579 1369 77 29 Lias,
679 1367 55 25 and
755 1375 71 17 were
850 1365 147 33 presented

237 1417 37 32 by
287 1416 47 26 the
348 1416 69 25 Rev.
432 1415 31 25 C.
478 1415 37 24 H.
531 1414 122 24 Maiden.

549 1504 36 15 10.

182 1563 24 26 A
216 1563 130 26 valuable
359 1561 55 26 and
427 1560 103 32 unique
540 1559 156 31 mahogany
707 1555 119 28 cabinet,
839 1552 158 31 containing

237 1608 157 33 specimens
416 1606 30 25 of
465 1604 107 26 British
594 1602 54 26 and
670 1600 104 32 foreign
800 1598 197 32 Lepidoptera,

238 1653 68 25 with
317 1652 79 26 other
407 1652 112 24 insects.
557 1646 151 27 Presented
722 1646 36 30 by
767 1644 48 24 the
826 1644 68 23 Rev.
906 1640 91 26 Cubit.
