1117 1922
370 141 107 17 MIDDLE
498 141 124 19 BAGSHOT
643 145 104 15 SERIES.

938 143 44 26 133

126 211 84 24 sands
230 212 160 33 containing
409 213 74 33 large
503 215 102 24 Cardita
620 215 143 32 planicosta,
788 216 131 24 Turritella
941 217 41 23 im-

125 257 138 29 bricataria,
283 257 101 29 Natica,
403 258 164 26 Nummulites
584 260 132 31 lævigatus.
736 266 52 18 etc.

243 302 70 25 hard
332 303 52 25 bed
404 303 29 25 of
452 304 211 32 conglomerate,
684 304 104 25 formed
808 306 35 32 by
862 306 120 24 rounded

126 346 189 33 flint-pebbles
340 347 28 25 in
396 356 16 16 a
441 348 171 32 ferruginous
638 354 116 23 cement,
780 351 163 24 constitutes
969 360 13 15 a

127 392 113 25 marked
265 391 105 26 feature
396 392 27 25 in
448 393 47 24 the
523 393 64 29 cliff,
613 394 53 24 and
689 403 16 15 a
730 395 122 33 strongly
876 395 106 25 defined

127 436 119 25 division
267 438 123 23 between
408 438 56 24 this
484 439 121 23 member
624 438 29 24 of
670 439 46 24 the
736 439 104 25 Middle
860 440 122 32 Bagshot

127 482 85 24 series
235 483 54 23 and
309 483 47 23 the
379 483 140 32 overlying
546 484 104 24 Barton
677 484 75 32 Clay.
790 484 59 25 The
871 486 111 30 pebbles

128 535 46 16 are
187 527 30 24 of
227 527 111 24 various
352 527 79 28 sizes,
445 528 81 24 black
540 528 39 25 for
599 528 46 25 the
659 533 70 21 most
744 536 71 25 part,
830 530 53 24 and
897 538 85 17 some-

127 572 81 24 times
230 581 31 16 as
286 572 83 25 much
392 582 30 15 as
445 582 15 15 a
482 572 55 26 foot
563 573 26 24 in
616 574 140 25 diameter.
794 574 67 25 This
887 575 52 24 bed
961 575 21 24 is

127 618 177 31 represented
325 617 27 26 in
367 617 157 26 Whitecliff
535 619 59 32 Bay
609 619 35 33 by
657 627 15 16 a
686 623 117 20 stratum
823 619 42 24 six
884 619 52 25 feet
956 620 26 24 in

127 663 151 29 thickness,
292 663 66 24 with
379 664 78 23 small
471 664 113 31 pebbles
604 663 198 25 disseminated
815 665 118 32 through
953 665 29 28 it,

127 708 54 24 and
201 708 118 24 crushed
340 709 139 27 Turritella,

178 754 10 23 I
203 754 71 23 have
288 753 84 24 found
385 754 60 23 that
461 753 46 24 the
526 754 60 23 best
605 762 61 24 way
679 758 27 20 to
721 754 96 24 collect
832 754 46 24 the
891 754 91 25 fossils

126 798 70 25 from
216 798 79 25 these
314 807 75 15 more
412 798 87 33 sandy
517 798 67 25 beds
605 798 28 25 of
653 798 156 25 Whitecliff
825 799 67 32 Bay,
913 798 23 25 is
954 803 28 21 to

126 844 78 24 leave
226 843 75 24 them
324 851 35 16 on
379 842 48 25 the
446 843 69 32 clay,
530 842 53 25 and
603 851 65 24 pare
688 842 39 25 off
742 842 45 25 the
801 843 181 32 surrounding

127 888 100 25 matrix
241 887 67 26 with
328 897 16 15 a
363 888 78 24 small
462 888 99 32 pocket
581 887 81 29 knife,
677 887 108 32 leaving
799 888 76 24 them
888 897 34 16 on
936 888 46 25 the

127 934 87 24 beach
232 937 29 21 to
279 933 51 32 dry
343 932 80 26 while
443 932 146 32 collecting
607 932 101 25 others.
747 932 78 25 Each
844 932 137 32 specimen

127 979 98 24 should
240 979 65 23 then
319 979 33 23 be
372 978 131 32 carefully
517 978 84 24 rolled
616 986 36 23 up
666 977 26 25 in
706 986 93 23 paper,
814 978 53 24 and
885 978 96 31 placed

127 1024 124 32 securely
263 1024 27 23 in
311 1032 15 15 a
345 1024 113 23 wooden
478 1024 63 27 box,
560 1026 77 29 great
656 1030 63 16 care
738 1022 81 32 being
837 1030 144 25 necessary

127 1078 30 15 as
171 1073 70 20 most
257 1068 28 25 of
296 1068 77 24 these
388 1068 90 24 fossils
492 1076 46 15 are
551 1068 149 32 extremely
714 1067 104 28 friable,
832 1068 54 23 and
900 1076 81 24 many

125 1113 31 26 of
183 1114 75 25 them
292 1113 83 33 badly
406 1113 155 32 preserved.
611 1113 82 24 Some
723 1112 29 24 of
780 1113 46 23 the
852 1113 129 23 Turritella

125 1159 164 25 imbricataria
318 1158 55 25 and
395 1158 102 25 Cardita
518 1158 133 32 planicosta
677 1166 45 15 are
747 1157 82 33 large,
853 1157 53 25 and
935 1157 46 24 the

126 1205 83 24 shells
229 1204 29 25 of
275 1204 47 25 the
344 1204 82 24 latter
449 1212 45 15 are
513 1212 65 23 very
594 1202 84 25 thick.
716 1201 60 25 The
795 1202 67 25 beds
880 1202 35 24 do
934 1207 46 19 not

126 1259 74 16 seem
225 1254 29 20 to
279 1251 34 23 be
339 1257 29 16 so
395 1249 60 24 well
480 1248 151 32 developed
655 1247 27 24 in
708 1248 81 24 Alum
815 1247 60 32 Bay
899 1256 30 15 as
954 1247 25 24 in

126 1295 158 25 Whitecliff
300 1295 68 32 Bay,
390 1293 81 32 being
489 1293 82 24 much
590 1292 109 25 thinner
710 1300 5 21 ;
738 1291 105 25 neither
862 1291 35 25 do
916 1291 65 32 they

125 1340 66 25 offer
204 1339 83 25 much
302 1338 149 25 attraction
464 1341 28 21 to
506 1338 153 28 collectors,
668 1336 40 25 for
721 1336 78 25 when
815 1337 10 23 I
837 1335 144 26 examined

125 1386 84 28 them,
224 1393 76 17 some
318 1393 80 24 years
417 1392 61 24 ago,
494 1383 10 24 I
519 1383 64 32 only
596 1382 152 24 succeeded
765 1381 27 24 in
804 1381 143 32 obtaining
966 1390 15 15 a

124 1431 51 25 few
197 1430 154 33 specimens
369 1428 31 26 of
419 1428 103 26 Cardita
539 1427 143 34 planicosta.
720 1427 81 25 Since
823 1427 59 24 that
905 1426 74 27 time,

124 1476 136 28 however,
282 1475 52 24 Mr.
357 1473 103 35 Joseph
484 1472 160 28 Bastianna,
668 1481 34 15 an
724 1472 180 24 enthusiastic
927 1472 53 23 col-

124 1521 95 28 lector,
234 1519 148 34 especially
395 1518 30 25 of
440 1519 47 24 the
507 1517 151 26 Atherfield
677 1516 99 29 fossils,
790 1517 50 24 has
859 1521 60 21 sent
938 1525 43 16 me

124 1575 76 16 some
224 1565 72 34 good
328 1565 90 24 fossils
447 1564 66 24 from
544 1564 45 24 the
625 1562 196 25 Bracklesham
848 1562 83 25 series
955 1562 28 25 of

125 1613 83 24 Alum
228 1612 69 31 Bay.

254 1657 8 8 *
272 1657 57 16 Mem.
339 1656 52 16 Geol.
400 1656 61 17 Surv.,
472 1655 83 18 Bristow,
566 1654 38 16 Isle
610 1653 20 17 of
639 1653 72 20 Wight,
722 1654 48 16 1862,
778 1657 19 16 p.
806 1654 47 15 41-5.
