1117 1922
149 180 49 17 120

448 181 89 16 CHALK
558 181 169 16 FORMATION.

304 257 70 20 most
394 253 29 24 of
443 252 90 25 which
554 261 45 15 are
618 251 137 33 imported
776 250 70 25 from
866 249 151 31 Germany,

158 298 54 23 and
226 307 45 14 are
285 297 29 24 of
329 297 126 24 artificial
470 297 199 24 manufacture.

203 343 135 32 Amongst
357 342 47 25 the
418 341 75 25 flints
507 341 90 25 which
617 346 81 20 strew
712 341 47 24 the
776 341 82 23 shore
877 347 47 16 are
944 346 75 17 some

157 387 29 26 of
205 396 14 17 a
234 389 82 30 large,
332 387 115 28 conical,
462 396 29 15 or
513 387 123 24 rounded
656 386 95 32 shape.
790 385 79 33 They
888 392 47 16 are
954 391 66 25 very

158 432 128 28 massive,
300 432 55 24 and
378 432 10 23 I
413 440 68 16 once
506 440 78 15 came
607 439 93 16 across
723 439 15 15 a
761 429 141 33 specimen
928 428 90 25 which

158 477 145 24 measured
322 476 46 25 2ft.
384 476 50 25 iin.
449 475 28 25 in
495 476 103 32 length,
614 475 53 25 and
690 474 43 25 1st.
747 484 51 23 3m.
813 474 28 24 in
861 473 157 28 thickness;

158 522 20 24 it
193 530 56 16 was
263 521 26 24 in
304 521 46 24 the
364 520 68 25 form
447 520 29 25 of
487 529 15 16 a
515 520 133 25 flattened
661 529 76 18 cone,
753 519 54 25 and
821 518 75 33 quite
911 518 109 25 smooth

159 575 35 16 on
207 567 48 24 the
267 566 117 28 outside,
400 574 30 16 as
443 574 46 16 are
503 566 46 23 the
563 569 55 20 rest
632 565 30 24 of
674 566 78 23 these
765 564 124 33 peculiar
905 573 114 15 masses.

160 612 92 24 When
272 611 94 24 struck
387 610 67 25 with
468 619 15 15 a
501 611 125 23 hammer
643 610 66 33 they
727 609 63 33 give
808 613 49 21 out
875 617 16 16 a
913 608 108 33 ringing

159 657 87 24 sound
264 656 54 24 like
333 656 197 24 earthenware.
569 655 37 25 Of
617 664 15 15 a
646 655 68 33 light
736 663 92 16 cream
846 655 94 24 colour
956 655 66 32 they

158 711 103 23 appear
283 702 79 24 when
388 701 103 25 broken
510 705 28 21 to
559 701 34 25 be
611 701 150 32 composed
784 700 29 25 of
824 709 16 16 a
854 700 119 25 mixture
995 700 28 25 of

157 748 83 25 white
254 748 81 24 chalk
349 747 53 25 and
416 746 68 25 silex
495 755 4 21 ;
519 746 132 33 irregular
664 746 116 26 cavities
789 746 99 33 ramify
901 746 120 32 through

157 793 85 28 them,
255 793 53 23 and
319 800 75 16 some
405 791 29 25 of
444 792 76 24 them
532 800 46 16 are
588 792 74 24 filled
673 791 66 25 with
751 800 15 16 a
777 791 111 25 whitish
899 791 120 32 powder,

156 837 86 34 gritty
258 841 29 21 to
304 837 46 24 the
367 837 94 28 touch,
481 837 106 32 though
601 836 20 24 it
636 837 66 24 does
720 840 46 21 not
781 836 51 25 soil
845 837 48 24 the
910 837 109 34 fingers_

159 882 10 24 I
184 891 57 16 was
255 882 133 25 informed
403 882 35 33 by
451 882 48 24 the
512 882 55 24 late
577 882 53 24 Mr.
643 882 110 33 Guyon,
764 882 62 25 who
841 882 145 24 examined
1000 882 19 24 it

157 927 232 33 microscopially,
405 928 60 24 that
488 927 20 25 it
529 936 56 17 was
606 927 58 25 rich
687 927 27 25 in
736 927 187 33 Foraminifera.
961 927 60 25 The

157 974 79 24 usual
250 973 90 25 fossils
354 973 84 25 found
451 973 27 25 in
498 973 78 25 these
589 972 59 25 flint
670 973 116 25 nodules
807 981 45 17 are
866 973 155 32 Ananchytes

156 1021 91 26 ovatus,
274 1019 153 23 Terebratula
452 1018 147 32 octopiicata,
626 1019 149 23 Inoceramus
800 1018 106 29 Cuvieri,
929 1017 92 33 spines

157 1063 55 24 and
236 1067 69 21 tests
330 1063 30 24 of
383 1064 106 28 Cidaris,
516 1064 47 23 &c.
615 1064 10 23 I
655 1072 120 24 propose
804 1068 29 20 to
863 1064 52 24 call
944 1064 75 24 them

508 1108 66 34 they
596 1108 143 25 doubtless
760 1109 135 33 belonged
920 1113 29 21 to
974 1109 47 25 the

159 1153 97 32 Upper
289 1153 97 25 White
421 1153 97 29 Chalk,
553 1162 29 16 as
616 1153 66 33 they
714 1163 64 24 may
811 1158 45 29 yet
891 1155 33 24 be
957 1163 64 16 seen

157 1198 153 25 embedded
331 1198 27 25 in
379 1199 47 24 the
445 1199 83 25 white
548 1199 62 32 clay
629 1203 27 21 at
676 1200 48 24 the
742 1200 67 24 base
829 1200 29 24 of
874 1200 48 24 the
941 1200 78 24 cliffs.

204 1244 59 24 The
288 1252 131 23 presence
449 1244 28 25 of
507 1245 171 33 chalcedony
703 1246 55 23 and
786 1250 98 28 quartz
915 1246 28 24 in
974 1247 47 24 the

157 1289 97 33 geodic
278 1290 114 24 nodules
415 1298 85 24 opens
523 1291 47 24 the
593 1290 163 34 interesting
779 1291 127 33 question
925 1292 30 25 of
974 1293 47 24 the

159 1343 117 24 passage
289 1335 29 24 of
335 1335 81 25 fluids
436 1335 120 33 through
570 1335 84 26 flints.
703 1337 24 24 It
748 1346 64 23 may
825 1338 34 24 be
873 1339 147 31 presumed

159 1379 60 25 that
239 1379 20 25 it
279 1379 22 25 is
321 1379 122 33 possible
461 1380 40 25 for
521 1390 16 16 a
556 1381 67 25 fluid
642 1386 28 21 to
690 1382 57 25 find
766 1382 36 25 its
820 1392 62 24 way
901 1384 120 33 through

158 1423 70 31 flint,
242 1424 47 25 the
302 1424 131 32 particles
447 1425 81 33 being
542 1426 67 25 finer
625 1427 68 24 than
706 1427 80 24 those
800 1428 30 24 of
845 1429 47 24 the
906 1429 115 25 mineral

156 1468 79 26 itself.
274 1469 59 25 The
353 1470 172 33 chalcedony
538 1471 66 24 then
622 1471 105 25 formed
742 1473 115 25 allowed
872 1483 15 15 a
901 1483 118 24 passage

157 1515 121 32 through
291 1514 36 25 its
340 1515 156 25 interstices
510 1520 27 20 to
551 1517 47 24 the
612 1517 56 24 still
686 1526 83 23 purer
783 1518 123 26 silicious
920 1524 101 21 matter

156 1560 90 24 which
260 1560 74 24 often
349 1560 105 25 formed
468 1562 117 32 crystals
604 1561 29 25 of
651 1567 106 27 quartz.
797 1564 10 24 I
823 1564 71 25 have
914 1567 107 24 several

156 1605 140 32 examples
307 1605 29 24 of
347 1605 75 25 flints
436 1614 30 16 so
480 1607 178 25 constructed
669 1607 28 25 in
710 1608 47 25 the
771 1610 147 25 collection
932 1615 27 21 at
974 1612 47 25 the

156 1649 127 34 Literary
294 1650 139 29 Institute,
443 1651 134 29 Ventnor,
587 1652 91 25 where
691 1653 66 33 they
768 1662 51 16 can
831 1655 33 24 be
875 1655 145 33 inspected

155 1694 36 34 by
202 1703 106 25 anyone
319 1694 158 26 interested.
504 1697 91 32 Large
606 1698 115 25 nodules
732 1699 30 24 of
769 1708 68 24 pure
848 1700 173 35 chalcedony
