1117 1922
384 140 58 17 THE
462 140 99 17 HUMAN
583 140 107 18 PERIOD.

916 140 48 25 207

106 209 37 34 by
156 210 49 24 fire
218 210 70 25 after
301 211 48 24 the
363 212 123 24 Romans
505 211 47 25 left
564 220 4 21 ;
589 212 49 25 but
658 216 72 21 most
747 212 102 25 careful
863 212 100 25 exami-

106 254 95 25 nation
222 255 29 24 of
270 256 69 24 both
357 256 89 28 villas,
467 256 148 33 especially
628 256 60 25 that
711 256 30 26 of
762 257 119 29 Morton,
895 257 70 26 have

106 299 83 26 failed
203 304 28 21 to
245 300 79 33 bring
344 309 43 17 me
405 305 29 21 to
454 310 53 24 any
521 301 68 25 such
608 302 169 25 conclusion.
816 303 65 25 Had
901 303 65 33 they

107 345 70 25 been
191 345 147 34 destroyed
352 346 36 33 by
400 346 58 30 fire,
472 346 47 26 the
538 346 132 26 roof-tiles
685 348 53 24 and
752 348 78 24 other
843 348 124 32 portions

107 392 92 24 would
212 391 106 25 exhibit
333 400 75 16 some
427 392 29 24 of
474 393 47 24 the
541 393 129 33 ordinary
683 394 94 24 effects
794 394 30 24 of
840 394 125 33 burning,

107 436 91 25 which
218 436 23 25 is
260 437 64 24 here
343 441 48 21 not
411 438 47 24 the
477 446 63 16 case
560 442 98 29 except
677 438 27 25 in
724 439 46 25 the
789 438 68 26 flues
875 439 30 25 of
920 439 47 25 the

109 482 175 33 Hypocaust.
336 482 26 26 It
387 491 117 24 appears
534 487 29 21 to
593 492 43 16 me
667 493 15 15 a
708 493 74 16 more
808 485 160 25 reasonable

108 526 159 33 suggestion
280 527 61 25 that
355 536 35 16 on
410 527 47 26 the
476 527 147 32 departure
642 528 29 25 of
690 529 46 25 the
757 530 122 24 Romans
897 529 69 25 from

108 572 49 26 the
171 572 104 29 Island,
287 572 46 25 the
347 571 117 30 natives,
476 571 108 26 instead
598 572 28 26 of
637 573 117 32 burning
767 573 47 25 the
827 573 141 33 dwellings

109 617 91 25 which
221 626 29 16 so
273 617 41 25 far
333 617 149 32 surpassed
501 617 72 25 their
592 626 69 21 own,
681 619 66 23 took
765 618 158 33 possession
942 619 29 24 of

109 662 55 25 and
189 662 83 25 dwelt
297 662 28 24 in
350 662 84 25 them.
484 662 60 25 The
576 663 122 32 superior
730 664 238 24 accommodation

109 708 92 24 would
226 711 88 29 tempt
340 707 75 25 them
428 716 5 20 ;
462 707 71 25 their
562 716 60 16 own
651 708 95 24 homes
775 708 139 25 consisted
942 708 29 25 of

110 752 116 33 nothing
240 753 91 24 better
344 752 68 25 than
426 761 16 15 a
455 752 118 25 circular
592 752 61 25 hole
671 753 80 24 made
764 753 28 24 in
804 753 47 25 the
863 753 106 33 gronnd

111 797 88 26 round
212 797 92 26 which
323 797 137 26 branches
480 797 30 25 of
526 801 72 22 trees
618 806 70 17 were
710 798 88 29 stuck,
819 798 70 25 their
907 802 62 28 tops

111 843 65 25 bent
190 842 28 25 in
232 842 68 26 such
315 851 15 16 a
344 851 114 16 manner
471 851 30 16 as
521 847 28 20 to
568 842 69 25 form
651 851 15 16 a
680 842 61 25 roof
755 847 94 28 strong
862 843 107 32 enough

111 892 29 21 to
154 891 116 30 support
291 896 15 17 a
329 887 156 33 protective
504 887 129 32 covering
654 887 31 25 of
703 888 104 29 rushes,
822 888 80 29 ferns,
917 888 53 25 and

111 933 80 24 other
211 932 150 30 materials,
380 941 15 16 a
418 933 80 24 small
520 932 62 25 hole
604 932 82 32 being
707 932 46 25 left
773 936 28 21 to
824 933 78 24 allow
924 932 46 25 the

112 979 95 24 smoke
232 978 69 25 from
324 978 71 24 their
421 977 63 25 fires
508 981 30 21 to
561 985 108 24 escape.
708 978 24 24 It
755 986 51 15 can
831 977 85 33 easily
937 978 34 24 be

112 1023 140 33 imagined
271 1023 62 25 how
352 1023 105 33 readily
474 1023 66 33 they
552 1022 90 25 would
662 1023 127 24 abandon
812 1023 77 24 these
907 1022 64 25 huts

112 1069 79 26 when
206 1069 47 25 the
267 1068 80 26 villas
360 1077 71 17 were
444 1067 127 26 vacated.
609 1067 89 25 These
713 1067 169 29 barbarians,
897 1067 73 25 how-

112 1123 73 20 ever,
211 1113 91 26 would
328 1113 71 25 have
430 1112 70 25 little
529 1112 160 33 knowledge
714 1112 28 24 of
770 1112 123 32 building
919 1112 52 24 and

112 1158 147 33 repairing,
280 1159 54 24 and
355 1157 145 30 therefore,
520 1156 28 26 in
570 1165 96 17 course
686 1156 29 25 of
734 1156 74 29 time,
828 1156 46 25 the
893 1156 78 25 villas

112 1205 92 25 would
229 1204 47 24 fall
298 1204 58 24 into
377 1203 61 25 ruin
460 1203 55 25 and
540 1202 102 30 disuse,
664 1201 152 33 remaining
841 1201 40 26 for
908 1203 63 25 1600

112 1259 80 23 years
212 1250 102 25 hidden
333 1249 55 25 and
407 1249 147 24 unknown.

161 1295 112 25 Messrs.
290 1294 80 25 Price
383 1294 55 24 and
453 1294 98 24 Hilton
571 1297 115 29 support
706 1293 47 24 the
772 1294 87 23 above
877 1292 97 33 theory

112 1340 28 26 in
154 1340 71 26 their
239 1339 93 27 Guide
344 1344 29 21 to
387 1340 47 25 the
449 1339 108 25 Roman
571 1338 72 25 Villa
657 1342 28 21 at
700 1338 110 25 Morton
821 1347 4 20 ;
846 1337 127 25 research

113 1385 104 33 having
229 1385 104 33 proved
348 1384 60 26 that
423 1384 36 26 all
472 1383 81 26 relics
572 1383 54 26 and
642 1383 102 25 animal
758 1382 118 25 remains
890 1382 83 24 found

113 1438 128 25 amongst
256 1431 77 24 these
354 1430 76 24 ruins
452 1438 47 16 are
515 1428 132 26 identical
659 1428 67 26 with
746 1428 79 25 those
844 1427 83 25 found
946 1426 27 25 in

112 1476 49 26 the
174 1475 112 26 midden
305 1475 87 33 heaps
411 1475 30 24 of
459 1475 47 24 the
521 1473 157 27 Undercliff
693 1473 54 25 and
766 1472 79 26 other
858 1476 77 29 parts
947 1471 29 26 of

113 1521 48 25 the
175 1520 103 26 Island.

177 1565 53 25 Let
245 1574 32 16 us
290 1573 45 17 see
348 1564 48 25 the
410 1567 127 22 contents
550 1563 29 25 of
589 1563 47 25 the
649 1563 146 24 chambers
808 1562 29 25 of
847 1562 47 25 the
902 1562 72 25 Villa

114 1615 27 21 at
157 1611 121 25 Morton.
317 1610 60 25 The
389 1609 60 26 first
463 1609 147 25 contained
624 1609 124 32 portions
762 1608 29 24 of
808 1612 61 29 stag
881 1608 93 28 horns,

115 1657 54 25 and
183 1658 86 25 bones
283 1656 29 25 of
322 1655 112 26 various
447 1655 93 30 kinds;
554 1655 48 25 the
618 1654 110 30 second,
740 1654 102 26 broken
856 1658 118 29 pottery,
