1117 1922
106 213 30 22 70

445 213 57 15 THE
521 212 101 16 GAULT.

105 284 29 25 of
153 284 56 26 this
230 284 75 29 kind,
329 285 79 24 when
432 285 48 24 the
499 287 56 22 two
576 283 127 25 different
729 281 123 27 surfaces
877 280 94 27 which

106 329 55 25 had
181 329 65 25 thus
268 329 52 25 slid
343 329 145 33 presented
510 329 48 24 the
579 336 183 25 appearance,
775 328 65 31 long
862 325 70 26 after
951 324 20 26 it

106 374 56 25 had
187 374 83 25 taken
295 374 88 32 place,
406 373 30 26 of
458 373 82 33 being
564 373 96 33 highly
684 372 137 33 polished,
845 371 55 25 and
925 370 47 25 the

107 419 159 32 separation
290 428 57 16 was
372 428 31 16 as
432 418 104 33 perfect
566 427 30 16 as
625 417 106 33 though
757 417 82 25 made
863 416 68 25 with
957 424 15 16 a

107 464 108 32 cutting
235 464 175 25 instrument.

154 511 60 23 The
227 511 87 24 Gault
332 510 30 24 of
373 510 47 24 the
434 509 95 25 Island
546 517 64 25 may
623 510 34 23 be
675 508 145 25 described
833 507 141 33 generally

108 564 31 17 as
152 564 16 16 a
181 555 64 25 blue
258 555 69 33 clay,
340 563 75 16 more
426 563 29 16 or
469 555 54 23 less
537 554 95 33 sandy,
644 553 67 25 with
724 553 106 24 minute
845 552 128 33 spangles

108 599 30 26 of
153 599 61 26 mica
227 599 167 25 distributed
412 599 120 33 through
552 599 29 24 it.
621 599 24 24 It
664 598 127 25 contains
810 597 72 25 little
895 605 30 17 or
939 606 34 16 no

108 646 160 25 calcareous
282 649 109 25 matter,
405 645 49 25 but
469 645 137 32 Gypsum,
620 644 28 25 in
667 644 48 25 the
728 644 69 25 form
811 644 29 25 of
857 644 117 33 crystals

107 691 31 25 of
156 691 122 29 selenite,
301 690 23 25 is
347 689 159 26 sometimes
528 693 110 29 present
658 689 28 25 in
710 689 81 26 small
813 688 160 33 quantities.

108 737 60 25 The
188 737 91 24 fossils
301 745 47 16 are
371 736 59 29 few,
454 736 55 24 and
534 736 139 24 scattered
696 739 28 20 at
747 743 61 16 rare
830 735 143 29 intervals,

108 783 49 25 but
171 782 66 33 they
247 791 46 16 are
306 782 123 33 peculiar
443 781 29 25 of
488 781 48 25 the
549 781 107 32 species
674 780 85 26 found
773 780 27 25 in
813 781 49 24 the
875 781 99 25 Lower

108 828 173 29 Greensand,
295 827 103 33 having
411 826 137 26 extended
563 826 122 33 upward.
724 826 61 25 The
802 826 71 25 total
886 826 87 26 thick-

107 883 65 16 ness
184 873 30 25 of
230 874 47 24 the
292 874 85 24 Gault
392 873 27 25 in
437 873 139 32 Compton
594 873 70 32 Bay,
679 881 30 16 as
728 872 145 25 measured
886 872 28 25 in
928 872 47 25 the

107 920 64 28 cliff,
186 928 57 17 was
261 919 85 25 found
365 923 28 21 to
413 919 34 24 be
469 926 48 17 ioo
535 917 62 26 feet.
642 919 85 28 Here,
751 918 69 25 after
841 927 16 15 a
880 918 46 24 fall
946 917 31 25 of

107 965 48 26 the
177 965 63 29 cliff,
264 974 16 16 a
302 964 51 26 few
375 964 91 25 fossils
489 972 53 16 can
564 964 34 24 be
620 964 143 28 collected,
784 963 100 34 chiefly
906 963 69 25 from

107 1011 49 25 the
176 1011 83 25 lower
281 1009 119 33 portion,
423 1009 91 26 where
541 1013 71 21 most
637 1008 31 26 of
690 1009 47 25 the
763 1008 210 26 characteristic

108 1056 91 25 fossils
212 1064 92 16 occur.
341 1056 158 28 Inoceramus,
514 1055 122 29 Sulcatus,
655 1055 102 29 Natica,
778 1055 128 29 Gaultina,
921 1054 54 26 and

107 1102 148 25 Ammonites
276 1102 122 23 Dentatus
418 1108 47 16 are
485 1104 127 29 amongst
635 1101 47 24 the
708 1104 71 21 most
805 1100 167 33 prominent.

108 1147 60 25 The
181 1147 82 25 latter
277 1154 98 17 occurs
388 1154 31 16 as
432 1154 16 15 a
459 1145 78 29 hard,
552 1145 102 29 brittle,
670 1146 61 24 coal
745 1146 90 28 black,
846 1145 128 33 polished

108 1194 158 27 substance,
280 1192 47 25 the
346 1191 77 25 inner
437 1191 101 25 whorls
558 1190 82 33 being
658 1191 162 32 permeated
840 1191 55 25 and
911 1191 64 25 held

108 1238 126 32 together
248 1237 36 33 by
297 1245 16 16 a
331 1236 70 25 hard
420 1235 168 33 phosphatic
605 1235 169 30 concretion,
789 1236 64 29 and,
868 1235 54 27 like
940 1237 35 24 all

108 1284 48 24 the
169 1283 91 24 fossils
273 1282 30 25 of
318 1283 47 23 the
381 1282 95 24 Island
496 1282 96 29 Gault,
606 1290 85 16 occur
708 1281 27 25 in
750 1290 15 16 a
779 1286 72 21 state
865 1281 30 26 of
906 1286 68 25 cast,

108 1329 48 25 the
178 1328 69 25 shell
269 1327 103 33 having
392 1328 100 32 totally
514 1327 193 32 disappeared,
728 1327 111 34 leaving
860 1327 116 34 nothing

109 1375 49 24 but
180 1373 48 26 the
248 1377 59 21 cast
330 1372 30 26 of
377 1372 48 26 the
443 1372 123 25 interior.
605 1373 32 24 In
657 1373 47 25 the
724 1373 185 30 Ammonites,
929 1374 47 25 the

108 1423 122 21 extreme
249 1417 77 26 inner
339 1418 87 25 whorl
446 1417 24 25 is
489 1417 75 25 often
584 1418 185 26 transformed
789 1418 58 26 into
861 1418 114 34 pyrites,

108 1464 67 25 with
194 1464 47 24 the
260 1463 146 32 exception
424 1462 30 26 of
468 1464 148 24 Ammonites
629 1465 129 29 Dentatus,
774 1465 55 24 and
847 1473 15 16 a
876 1466 100 24 round-

108 1509 116 29 backed,
239 1509 110 24 smooth
362 1508 116 33 variety.
518 1509 127 33 Nothing
662 1510 50 24 but
731 1510 48 25 the
796 1510 181 33 impressions

108 1554 30 24 of
155 1554 47 24 the
215 1554 79 23 other
313 1553 91 24 fossils
422 1552 151 25 incidental
591 1557 28 21 to
639 1554 47 24 the
700 1555 86 25 Gault
807 1565 47 15 are
873 1555 84 27 found
971 1566 4 20 ;

108 1599 66 33 they
187 1608 61 19 can,
261 1599 137 28 however,
412 1599 35 24 be
466 1599 87 33 easily
566 1599 151 29 identified,
732 1601 80 25 when
826 1603 151 32 compared

108 1643 67 26 with
188 1643 79 25 those
281 1643 68 25 from
363 1643 47 24 the
425 1643 85 25 Gault
527 1648 27 20 at
569 1643 78 25 other
661 1644 103 32 places.
803 1646 80 34 They
892 1656 85 17 occur

108 1688 69 25 from
191 1693 46 20 ten
259 1693 29 20 to
308 1687 93 26 fifteen
421 1687 53 26 feet
493 1687 71 26 from
583 1688 47 25 the
649 1689 132 34 Junction
803 1692 60 25 Bed
883 1693 29 24 of
929 1693 48 26 the

110 1735 97 24 Lower
224 1733 172 29 Greensand,
410 1732 93 26 before
520 1733 155 26 described.
713 1735 61 26 The
787 1746 88 24 upper
889 1738 88 34 thirty
