1117 1922
420 144 57 16 THE
497 144 99 16 HUMAN
618 145 108 15 PERIOD.

951 146 44 24 199

138 213 143 26 doubtless
295 214 46 25 the
361 214 79 25 relics
460 219 59 20 cast
538 216 76 23 aside
634 216 35 33 by
682 217 46 23 the
742 216 138 32 primitive
893 226 101 23 savage

138 259 79 24 when
235 260 34 23 he
289 260 56 24 had
365 260 117 24 finished
502 261 42 24 his
564 261 79 24 meal.
681 261 59 25 The
760 262 107 24 Roman
886 266 108 28 pottery

138 303 84 25 found
245 303 27 25 in
294 304 47 24 the
363 305 71 31 heap
457 309 72 20 must
555 305 71 24 have
650 305 69 25 been
744 305 131 25 obtained
899 305 27 25 in
948 305 46 26 the

139 348 214 25 manufactories
374 349 169 24 established
563 349 27 24 in
610 349 48 25 the
677 350 81 24 south
775 349 30 25 of
825 350 127 32 England
965 359 29 16 or

138 392 27 25 in
186 393 47 24 the
252 393 103 29 Island,
370 393 54 25 and
441 393 55 25 had
516 394 67 24 been
604 394 66 25 used
690 395 36 25 bv
738 395 47 24 the
803 396 73 31 early
889 394 105 26 inhabi-

138 443 75 20 tants
229 438 27 25 in
275 438 71 25 their
366 438 139 33 primitive
525 439 117 33 cooking
660 441 88 31 place.
786 440 59 25 The
864 440 51 25 site
933 440 30 25 of
980 449 14 16 a

140 484 107 25 Roman
262 484 192 33 manufactory
466 493 56 16 was
536 484 161 25 discovered
707 493 65 16 near
784 486 104 23 Barnes
898 485 96 28 Chine,

138 529 27 24 in
185 529 46 24 the
251 529 95 32 parish
367 529 29 25 of
414 530 126 29 Brixton,
554 538 35 16 on
610 531 46 24 the
676 530 140 33 authority
829 530 29 24 of
875 531 47 24 the
940 531 54 24 late

139 575 52 23 Mr.
208 575 70 23 Kell.
323 575 91 24 These
427 575 111 24 kitchen
557 575 124 24 middens
695 580 72 20 must
781 575 138 33 evidently
932 576 62 24 date

138 619 69 24 from
222 628 15 15 a
251 619 95 32 period
360 620 79 23 when
453 620 46 23 the
511 620 122 24 Romans
647 629 70 16 were
731 620 54 24 still
799 620 26 24 in
836 620 46 25 the
892 620 102 24 Island.

138 664 78 29 This,
230 664 137 29 however,
382 664 23 25 is
426 669 46 20 not
492 664 47 25 the
558 665 63 32 only
638 664 124 26 instance
781 665 28 24 of
829 665 165 25 civilization

138 710 54 25 and
206 710 154 25 barbarism
375 710 81 32 being
470 709 27 25 in
510 711 73 23 close

173 755 86 32 Many
273 754 110 25 midden
398 755 95 31 heaps,
508 755 135 28 however,
658 755 70 25 have
748 756 67 24 been
835 755 158 25 discovered

138 800 160 32 containing
312 808 33 16 no
366 799 79 25 relics
465 799 29 25 of
512 800 107 24 Roman
638 803 117 29 pottery.
794 801 53 23 For
861 800 132 30 instance,

137 845 28 24 in
185 845 48 24 the
253 846 94 24 Grove
368 845 87 28 Road,
470 845 87 24 below
575 845 46 23 the
643 844 122 33 Railway
780 844 116 29 Station,
915 845 78 24 when

137 890 180 25 excavations
331 898 71 17 were
416 890 81 32 being
510 890 80 23 made
608 898 34 15 on
656 890 46 23 the
716 889 51 24 site
781 889 28 24 of
825 890 46 23 the
884 893 109 28 present

138 934 156 26 Clarendon
310 935 94 28 Hotel,
419 934 47 25 the
480 934 139 25 workmen
633 942 77 16 came
724 942 73 24 upon
810 942 51 16 one
875 934 28 24 of
918 934 75 24 these

136 980 96 32 heaps,
244 979 152 33 consisting
407 979 29 25 of
446 979 96 32 limpet
556 979 83 24 shells
654 979 53 24 and
720 979 93 24 bones.
846 979 23 23 A
878 978 115 33 cooking

137 1029 87 24 stone,
240 1025 54 25 and
314 1033 76 17 some
410 1025 82 24 lower
512 1024 77 32 jaws,
614 1033 15 15 a
650 1023 79 33 thigh
748 1024 79 27 bone,
842 1023 54 25 and
914 1023 78 24 other

136 1070 120 25 remains
277 1069 29 26 of
323 1070 104 24 human
448 1069 95 32 beings
565 1078 71 16 were
658 1068 83 25 found
761 1068 95 25 within
879 1077 15 15 a
916 1068 75 24 short

136 1115 135 29 distance,
285 1115 49 24 but
354 1122 35 17 no
408 1117 110 29 pottery
531 1113 29 25 of
577 1122 53 24 any
648 1112 177 33 description.
862 1113 59 24 The
937 1112 54 32 jaw

136 1160 54 24 and
216 1159 79 33 thigh
320 1160 71 23 bone
416 1167 71 16 were
511 1159 112 28 broken,
649 1158 47 25 the
722 1158 81 25 latter
829 1166 92 16 across
946 1156 47 26 the

136 1205 111 25 middle.
285 1205 60 24 The
364 1205 82 24 lower
464 1205 57 31 jaw
542 1203 146 25 contained
707 1203 59 24 four
786 1211 30 16 or
835 1202 52 25 five
907 1203 85 23 molar

135 1250 77 25 teeth
237 1250 84 24 much
345 1258 76 16 worn
433 1258 5 20 ;
467 1249 66 33 they
557 1257 70 17 were
652 1248 177 33 pronounced
854 1248 35 32 by
913 1247 79 24 those

135 1294 118 25 familiar
276 1294 66 26 with
367 1294 47 25 the
434 1294 107 32 subject
561 1298 28 19 to
612 1293 33 25 be
664 1293 78 24 those
761 1292 29 24 of
810 1301 15 15 a
844 1291 147 29 deformed,

135 1340 150 33 low-typed
305 1348 101 23 savage
427 1338 29 26 of
474 1338 121 33 gigantic
616 1342 114 21 stature.
768 1338 58 24 The
847 1338 70 23 skull
936 1345 56 16 was

135 1389 47 21 too
202 1385 122 33 decayed
345 1384 40 25 for
402 1383 199 34 preservation,
616 1384 49 25 but
686 1383 46 25 the
750 1383 55 32 jaw
824 1383 84 25 bones
921 1390 70 17 were

135 1431 98 31 placed
247 1430 27 24 in
288 1430 47 24 the
349 1438 124 16 museum
488 1429 29 24 of
532 1429 47 24 the
593 1429 123 24 Ventnor
731 1428 138 24 Institute.

171 1476 52 24 Mr.
234 1476 153 31 Westropp
398 1475 57 23 also
470 1474 110 24 records
594 1474 47 24 the
658 1473 143 33 discovery
812 1472 29 26 of
852 1481 14 16 a
880 1472 111 25 kitchen

135 1520 111 26 midden
272 1525 27 20 at
330 1520 180 28 Underwath,
538 1520 39 24 St.
604 1520 159 27 Lawrence,
789 1517 158 32 containing
976 1525 15 16 a

135 1566 210 32 cooking-stone
363 1574 64 16 over
442 1574 15 15 a
473 1565 71 32 heap
563 1564 30 25 of
609 1564 128 25 charcoal
751 1564 53 25 and
819 1564 88 24 ashes.
946 1563 44 23 No

135 1616 78 21 stone
226 1620 30 16 or
269 1611 60 25 flint
343 1610 175 33 implements
537 1610 71 25 have
625 1610 68 25 been
707 1608 83 26 found
804 1612 126 29 amongst
944 1608 47 24 the

135 1657 120 27 remains
278 1657 69 25 from
378 1657 46 25 the
450 1655 161 31 Undercliff,
637 1658 97 30 except
760 1658 27 22 at
814 1653 177 30 Bonchurch,
