1117 1922
119 173 30 23 62

365 178 58 16 THE
443 177 96 17 LOWER
558 174 179 19 GREENSAND.

120 252 61 25 who
214 251 76 32 gives
319 250 46 25 the
395 248 138 32 following
567 247 108 24 results.
732 245 91 25 Three
858 242 126 25 different

121 296 149 33 quantities
302 295 119 32 brought
453 293 70 25 from
551 293 49 24 the
631 291 101 33 Spring
764 287 143 28 exhibited
938 286 46 24 the

121 342 125 25 annexed
265 340 112 33 specific
396 338 132 34 gravities
541 348 4 15 :
548 353 35 3 —

297 401 39 20 ist
396 416 28 4 ...
478 396 90 29 1008-3

297 442 53 24 2nd
398 461 26 4 ...
479 447 90 23 1007*2

296 487 48 31 3rd
398 506 27 4 ...
479 486 90 30 1006.9

428 554 136 31 3)3022-4

479 629 94 24 1007*4
592 621 84 25 Mean
697 618 113 34 specific
823 616 116 34 gravity.

170 692 60 24 The
250 691 133 25 chemical
404 689 184 26 constitution
607 688 23 25 is
650 696 30 17 as
699 686 106 26 follows
821 695 5 15 :
830 701 31 2 —

247 752 137 26 Carbonic
408 751 62 25 acid
491 759 49 23 gas
560 751 16 30 ?0
597 749 30 26 of
651 758 16 16 a
690 748 81 26 cubic
793 747 63 25 inch.

798 794 73 16 Grains.

248 820 135 33 Sulphate
403 819 28 25 of
448 818 60 26 iron
807 822 31 25 41

320 885 16 9 ,,
453 863 123 26 alumina

320 929 15 11 ,,
451 908 65 25 lime
813 913 55 17 io-i

319 975 16 10 ,,
452 953 142 34 magnesia
829 952 42 31 3'6

320 1021 16 11 ,,
453 1000 68 25 soda
745 1018 27 4 ...
814 999 57 22 16-0

251 1047 121 25 Muriate
386 1046 28 25 of
426 1046 67 25 soda
536 1066 28 5 ...
829 1051 42 25 4-o

252 1093 85 25 Silica
829 1095 42 25 07

798 1166 74 24 107-4

177 1236 60 24 The
258 1235 77 25 Sand
357 1235 79 25 Rock
462 1234 101 33 Spring
585 1233 23 26 is
632 1242 62 17 now
713 1232 102 33 passed
833 1231 159 26 unnoticed.

158 1282 57 23 Not
238 1289 52 16 one
308 1281 129 24 traveller
457 1283 47 21 out
523 1279 28 25 of
568 1287 16 17 a
601 1278 127 26 hundred
742 1287 78 16 cares
838 1282 28 21 to
880 1276 113 33 enquire

131 1327 85 25 about
241 1326 29 28 it,
291 1335 30 16 or
341 1326 92 24 marks
452 1326 48 24 the
518 1325 71 25 little
608 1328 92 29 grotto
722 1323 93 26 which
833 1323 94 33 points
946 1326 47 22 out

131 1371 36 26 its
187 1380 106 20 source,
316 1370 121 33 perched
459 1379 35 16 on
515 1370 47 25 the
586 1370 58 24 side
666 1369 30 25 of
717 1370 49 24 the
791 1369 64 29 cliff,
876 1368 120 33 midway

131 1417 125 25 between
281 1416 48 25 the
356 1425 87 23 upper
475 1415 54 25 and
556 1416 83 24 lower
667 1415 69 25 road
764 1419 29 21 to
823 1414 171 33 Blackgang.

133 1462 205 28 Nevertheless,
359 1469 41 17 we
429 1469 58 17 owe
512 1464 28 22 to
570 1460 20 26 it
617 1461 47 25 the
689 1460 213 26 establishment
928 1459 30 26 of
981 1469 15 15 a

132 1507 72 32 good
239 1507 95 28 Hotel,
369 1506 55 24 and
457 1506 47 24 the
541 1505 148 25 formation
724 1505 30 25 of
792 1514 35 16 an
860 1506 136 24 excellent

134 1552 75 28 road,
225 1552 54 24 and
298 1560 46 15 are
363 1551 94 25 bound
475 1555 29 20 to
523 1550 71 26 view
612 1551 48 24 the
678 1550 101 33 Spring
792 1550 68 25 with
879 1551 118 33 grateful

133 1596 106 33 regard,
253 1605 69 16 even
335 1596 22 24 if
373 1605 40 16 we
427 1596 107 24 decline
552 1600 29 20 to
601 1596 125 24 disorder
744 1604 50 16 our
809 1596 139 33 digestion
961 1597 36 33 by

135 1641 146 32 partaking
294 1641 30 25 of
340 1641 35 25 its
389 1650 138 16 nauseous

466 1709 8 8 *
483 1707 102 16 Venable's
597 1707 66 16 Guide.
