1117 1922
412 192 185 16 description
618 193 33 15 of
671 193 78 15 beds.

977 194 28 21 59

155 262 20 25 it
188 262 23 25 is
225 263 46 24 the
288 262 78 25 habit
386 263 29 24 of
432 263 117 24 animals
568 263 29 24 of
613 264 68 23 such
700 272 99 24 genera
818 272 30 16 as
861 265 81 23 Pinna
955 265 53 24 and

154 308 118 30 Panopæa
291 311 29 20 to
339 316 110 16 assume
462 308 79 24 when
560 308 80 25 alive.

228 357 5 9 '
244 351 78 25 After
347 352 56 24 this
425 361 16 15 a
465 356 159 29 temporary
645 353 106 32 change
775 353 132 29 followed,
930 354 79 25 when

155 406 35 15 an
210 397 86 24 influx
315 397 29 24 of
362 397 69 25 sand
453 397 133 32 mingling
602 397 66 25 with
688 397 47 25 the
756 398 157 25 calcareous
933 398 74 29 mud,

156 442 102 25 caused
278 451 15 15 a
313 446 72 21 state
403 441 29 25 of
452 442 166 24 sea-bottom
637 442 150 33 peculiarly
804 442 158 26 favourable
981 448 29 21 to

156 487 48 25 the
224 496 131 23 presence
373 486 29 26 of
422 486 101 26 animal
545 486 53 25 life.
637 488 31 24 In
687 487 55 25 this
759 497 60 23 way
834 497 70 16 were
922 489 88 24 called

156 532 59 25 into
229 532 140 25 existence
382 541 16 16 a
411 532 147 25 multitude
572 532 29 25 of
617 532 105 32 species
735 532 90 25 which
839 541 69 16 were
922 534 88 23 added

158 581 29 21 to
200 578 80 23 those
293 577 90 24 w-hich
398 577 55 24 had
472 577 138 32 appeared
630 576 91 25 before
736 577 85 24 these.
859 577 68 25 This
944 586 66 21 was,

158 623 28 23 in
199 622 66 29 fact,
279 622 69 24 such
362 630 14 16 a
391 625 72 21 state
481 622 29 24 of
527 623 166 23 sea-bottom
707 630 30 16 as
757 622 22 24 is
793 631 60 16 now
867 623 144 31 presented

159 668 36 33 by
216 671 77 29 great
316 667 171 24 shell-banks
499 675 5 20 ;
530 668 49 23 but
601 667 21 24 it
645 668 65 23 does
731 671 47 20 not
798 676 73 15 seem
893 672 28 20 to
941 668 70 25 have

160 712 89 24 lasted
273 712 73 32 long,
372 712 54 24 and
451 720 59 16 new
532 712 169 31 depositions
724 712 28 24 of
772 712 65 24 mud
860 721 101 23 appear
983 716 28 21 to

160 757 72 25 have
252 756 192 33 extinguished
467 765 75 16 some
562 756 91 29 forms,
672 756 90 25 whilst
784 757 93 25 others
897 757 115 25 suffered

160 802 70 25 from
254 802 48 25 the
334 802 106 32 change
473 802 63 32 only
561 801 27 25 in
619 802 47 24 the
698 802 164 25 diminution
888 802 29 25 of
943 802 70 25 their

161 847 139 25 numbers.
339 847 31 23 In
390 846 46 25 the
456 845 83 26 midst
558 845 30 26 of
606 845 56 26 this
681 846 103 33 muddy
801 847 97 31 epoch,
912 855 16 16 a
946 850 66 22 tem-

161 900 101 25 porary
278 892 54 24 and
351 891 122 32 peculiar
495 890 140 26 condition
654 891 30 25 of
702 892 176 28 sea-bottom,
898 891 116 33 forming

161 937 74 25 what
256 944 46 16 are
326 944 61 16 now
409 936 88 24 called
520 936 60 24 The
601 936 142 29 Crackers,
767 937 87 23 called
876 936 72 25 forth
968 937 47 24 the

160 990 132 24 presence
317 981 29 24 of
371 989 148 16 numerous
542 982 143 27 mollusca,
712 985 26 20 at
764 981 59 24 first
851 981 28 24 of
905 981 110 25 various

161 1027 106 33 species
281 1027 29 24 of
326 1027 48 24 the
392 1035 86 24 genus
496 1026 128 28 Gervillia,
640 1026 143 28 Cerithium,
796 1027 150 27 Dentalium,
961 1027 54 24 and

160 1072 79 24 other
261 1071 153 28 univalves,
429 1071 90 25 which
540 1079 102 23 appear
663 1074 27 20 to
710 1071 71 24 have
800 1071 115 33 enjoyed
933 1071 49 25 but
1000 1080 16 16 a

160 1116 72 26 brief
243 1116 138 25 existence
397 1116 40 33 (as
452 1115 115 33 species)
582 1115 27 24 in
622 1115 56 24 this
691 1115 120 33 locality,
826 1115 74 25 since
913 1115 102 25 similar

160 1161 156 26 conditions
326 1170 71 16 were
407 1169 83 16 never
502 1159 160 26 afterwards
671 1160 137 32 repeated.
840 1160 60 24 The
909 1165 106 27 greater

160 1208 116 23 number
289 1206 30 25 of
334 1206 47 25 the
400 1205 227 32 Gasteropodous
647 1205 132 24 mollusca
794 1204 29 25 of
839 1205 47 25 the
900 1205 115 32 English

162 1253 98 24 Lower
282 1251 161 26 Greensand
464 1259 46 16 are
532 1249 84 25 found
638 1249 95 26 within
751 1249 56 25 this
826 1259 65 24 very
911 1250 105 25 limited

160 1306 93 24 range.
291 1297 35 24 At
349 1296 48 24 the
420 1296 72 23 close
518 1294 29 25 of
565 1295 48 24 the
633 1294 155 32 deposition
809 1294 30 25 of
860 1295 55 24 this
939 1299 77 28 great

162 1351 74 16 mass
249 1341 30 26 of
290 1342 61 34 clay
364 1341 78 24 there
454 1348 57 17 was
525 1340 39 24 for
578 1348 16 16 a
607 1339 66 24 time
686 1348 15 15 a
714 1343 77 28 great
805 1339 211 32 multiplication

161 1387 30 26 of
212 1387 48 25 the
284 1386 168 25 individuals
477 1385 29 24 of
529 1385 104 24 certain
657 1385 166 32 Brachiopoda
848 1385 90 24 which
962 1386 55 24 had

162 1431 178 26 commenced
359 1430 72 26 their
451 1430 139 25 existence
605 1430 27 24 in
651 1430 45 24 the
713 1430 95 25 lowest
826 1430 76 25 beds.
939 1430 78 26 Thus

162 1478 180 32 Rhynchonella
356 1476 96 25 Gibbsii
470 1475 136 33 suddenly
619 1484 102 23 appear
740 1474 28 25 in
787 1474 131 26 immense
934 1475 84 25 abun-

163 1523 96 28 dance,
282 1521 130 33 covering
436 1521 48 25 the
503 1521 108 25 bottom
630 1519 29 26 of
678 1519 47 26 the
743 1528 54 21 sea,
812 1520 54 24 and
884 1519 134 32 predomi-

163 1568 95 33 nating
271 1576 65 16 over
349 1567 47 25 the
410 1566 117 25 animals
545 1573 100 25 among
657 1565 90 25 which
762 1565 20 25 it
795 1566 56 24 had
863 1565 156 33 previously

164 1614 68 24 been
251 1613 49 25 but
320 1612 89 32 thinly
428 1611 146 25 scattered.

210 1658 110 25 "'This
340 1658 96 25 lowest
457 1665 68 16 zone
547 1656 28 24 of
596 1656 155 24 Terebratula
768 1656 92 23 marks
879 1655 47 24 the
948 1663 71 16 com-

164 1707 171 21 mencement
349 1703 30 25 of
398 1711 16 17 a
436 1711 60 17 new
509 1706 71 22 state
600 1701 29 26 of
646 1701 166 25 sea-bottom
829 1700 90 26 where
938 1700 82 25 sands
