1117 1922
144 199 43 23 132

441 199 137 16 TERTIARY
599 198 105 17 SERIES.

142 271 83 25 wives
252 280 47 24 say
347 271 105 25 burned
596 270 157 33 depositing
772 277 35 16 an
830 266 98 33 earthy
954 265 48 26 ash

144 316 90 25 which
253 325 69 22 gave
341 320 46 21 out
408 325 16 15 a
443 320 94 27 strong
556 315 168 32 sulphurous
743 314 87 24 smell.

191 361 141 32 Although
357 360 70 26 little
452 369 29 16 or
507 359 116 33 nothing
641 359 29 25 of
692 359 47 25 the
760 359 126 31 Geology
907 356 30 25 of
959 355 46 26 the

148 407 52 24 Isle
210 406 29 25 of
247 407 98 31 Wight
357 414 55 17 was
425 406 99 25 known
539 405 27 24 in
580 404 43 26 Sir
639 404 122 25 Richard
772 403 154 33 Worsley's
939 402 66 24 time

146 453 104 30 (1780),
269 451 61 25 that
350 451 99 24 author
468 449 138 26 mentions
626 449 79 25 these
723 448 110 32 lignites
850 456 37 16 on
905 455 71 25 page
991 454 13 25 7

144 496 30 24 of
190 496 43 25 his
280 496 116 33 History
409 495 30 24 of
455 495 47 25 the
517 495 95 24 Island
656 509 33 3 —
718 494 24 25 A
756 497 119 21 stratum
888 492 30 26 of
930 493 74 24 coals

143 550 66 16 runs
231 541 120 33 through
369 541 48 25 the
435 541 77 32 ridge
531 540 29 24 of
579 540 63 24 hills
661 539 93 25 before
773 538 168 25 mentioned.
980 538 24 25 It

146 596 118 22 appears
283 591 27 20 at
330 586 47 25 the
396 585 56 25 foot
474 585 30 25 of
521 585 168 32 Bembridge
708 584 67 25 Cliff
790 592 15 16 a
825 583 70 25 little
910 588 28 20 to
958 584 46 24 the

145 632 158 25 northward
317 631 30 25 of
357 631 46 25 the
418 630 81 26 Point
514 630 54 25 and
582 630 151 25 somewhat
754 630 88 25 above
855 630 52 24 low
920 633 84 21 water

147 677 85 24 mark.
272 677 24 24 It
310 676 23 25 is
347 685 63 16 seen
424 684 34 17 on
479 675 47 26 the
540 675 58 25 side
617 674 29 26 of
663 675 118 25 Arreton
795 675 98 29 Down,
909 674 53 25 and
976 679 27 20 at

146 722 46 24 the
206 726 66 20 west
286 722 54 23 end
352 720 30 25 of
392 721 47 24 the
454 721 103 28 Island,
572 729 65 16 near
655 720 124 25 WTarden
799 720 104 32 Ledge,
916 719 28 26 in
958 720 46 25 the

146 767 94 32 parish
262 767 29 24 of
312 767 182 25 Freshwater.
545 766 67 25 This
635 770 117 21 stratum
778 767 51 24 has
854 774 16 16 a
894 766 62 25 vein
976 766 29 24 of

145 812 82 25 white
242 812 68 25 sand
332 812 54 25 and
408 812 93 24 fullers
523 812 78 24 earth
623 811 75 34 lying
719 819 35 16 on
773 811 48 25 the
838 811 91 28 north,
949 811 55 25 and

145 867 52 15 one
210 857 29 25 of
255 857 47 25 red
316 857 83 25 ochre
418 866 35 16 on
472 856 47 26 the
539 856 82 25 south
640 856 59 25 side
711 865 5 20 ;
736 856 47 25 the
802 864 87 25 upper
902 860 62 29 part
977 856 28 25 of

145 903 19 25 it
180 903 22 25 is
216 904 84 24 about
314 903 77 25 three
410 902 53 26 feet
477 903 79 28 wide,
571 902 54 25 and
645 902 133 25 descends
792 901 27 25 in
839 911 34 16 an
893 901 109 33 oblique

144 949 135 24 direction
301 948 167 29 northward,
483 952 29 20 to
533 956 35 16 an
587 947 143 25 uncertain
744 947 94 33 depth.
877 947 59 25 The
949 948 54 24 late

146 994 43 25 Sir
204 994 122 24 Richard
341 994 128 33 Worsley
483 993 69 24 sunk
572 1001 15 16 a
607 992 72 25 shaft
699 992 40 24 for
758 992 30 30 it,
803 1001 35 16 on
857 992 42 25 his
915 996 88 21 estate

145 1044 27 20 at
188 1038 175 33 Bembridge,
379 1039 49 25 but
447 1038 83 25 found
551 1038 47 25 the
611 1038 62 25 vein
693 1047 29 16 so
742 1038 60 25 thin
815 1038 70 28 that,
899 1038 103 33 fearing

143 1084 20 26 it
178 1085 90 25 would
282 1089 47 21 not
344 1093 105 17 answer
466 1084 47 26 the
533 1093 128 23 expense,
675 1083 35 26 he
728 1083 121 26 desisted
868 1082 68 26 from
955 1083 47 26 the

142 1130 193 32 undertaking.
374 1131 72 23 How
460 1129 20 25 it
500 1129 50 25 lies
568 1129 28 25 in
615 1130 79 24 other
707 1132 77 29 parts
802 1128 30 26 of
847 1129 46 25 the
909 1129 92 25 Island

142 1184 63 24 may
217 1176 121 32 perhaps
358 1176 33 24 be
412 1175 144 25 sometime
574 1183 30 16 or
623 1175 79 25 other
716 1175 89 24 worth
823 1175 48 24 the
885 1175 72 29 trial,
971 1183 30 16 as

142 1220 46 25 the
203 1220 59 24 coal
282 1220 22 24 is
324 1220 29 24 of
369 1220 72 31 good

284 1266 82 24 lower
391 1270 61 27 part
479 1265 29 24 of
528 1265 56 24 this
608 1274 88 24 group
722 1265 22 25 is
770 1265 179 33 represented
973 1265 26 24 in

141 1309 157 26 Whitecliff
320 1311 60 32 Bay
406 1311 35 31 by
465 1319 82 23 green
573 1310 96 33 clayey
693 1310 84 25 sands
802 1309 67 27 with
899 1310 100 26 Cardita

136 1354 141 32 planicosta,
302 1355 131 23 Turritella
452 1354 173 29 imbricataria,
650 1355 85 29 Venus,
755 1358 53 22 etc.
846 1355 90 25 There
955 1364 44 16 are

141 1398 41 25 six
205 1408 82 16 zones
310 1399 30 24 of
358 1398 89 26 fossils
469 1399 163 32 altogether,
647 1399 54 25 and
722 1400 47 24 the
788 1401 104 24 Cardita
910 1400 24 25 is
953 1405 46 20 not

137 1444 65 32 only
225 1443 83 25 much
334 1444 53 24 less
413 1442 26 25 in
469 1443 55 24 size
556 1443 67 25 than
652 1443 48 25 the
730 1445 108 31 species
863 1445 84 25 found
972 1450 27 21 at

140 1489 207 27 Bracklesham,
371 1489 48 24 but
442 1488 23 25 is
490 1487 111 33 pierced
628 1489 35 32 by
683 1490 80 23 small
787 1490 97 33 boring
907 1491 91 28 shells,

137 1533 124 32 showing
274 1533 60 24 that
348 1533 47 24 the
414 1532 116 25 animals
550 1537 73 21 must
636 1534 71 24 have
726 1535 139 31 perished,
879 1536 55 25 and
952 1536 47 25 the

138 1578 83 23 shells
235 1578 70 23 have
319 1577 139 24 remained
473 1586 15 15 a
502 1577 191 25 considerable
706 1579 67 25 time
788 1584 27 20 at
830 1580 47 25 the
891 1582 107 25 bottom

137 1622 29 24 of
185 1622 46 24 the
251 1630 46 16 sea
317 1621 91 25 before
427 1622 66 32 they
512 1630 71 16 were
601 1624 118 24 covered
739 1624 37 33 by
794 1625 48 25 the
861 1626 137 26 sediment

136 1666 27 24 in
177 1667 90 24 which
281 1666 66 31 they
360 1674 45 16 are
418 1674 61 17 now
493 1666 105 26 buried.

183 1711 110 32 Lignite
308 1712 83 32 Clays
404 1712 116 24 succeed
540 1712 47 24 the
606 1713 97 29 above,
718 1714 66 25 with
803 1724 82 24 green
899 1718 95 32 clayey
