1117 1922
121 177 49 25 230

469 178 167 17 ADDENDUM.

169 250 112 24 Several
306 257 78 16 cases
405 249 31 24 of
453 249 66 24 land
542 249 56 24 and
623 256 47 16 sea
695 246 77 26 birds
784 254 5 21 ;
815 249 56 20 two
894 242 30 25 of
943 242 47 25 the

122 302 77 17 cases
218 294 147 31 presented
384 294 36 31 by
438 294 48 24 the
507 294 68 24 Rev.
591 294 103 23 Lucas.

170 383 44 25 On
246 383 47 25 the
327 383 63 25 wall
420 382 129 33 opposite
579 391 47 17 are
656 381 107 26 several
789 379 142 32 diagrams
956 377 36 33 by

125 427 141 25 Professor
287 427 101 25 Morris
398 437 6 15 :
408 443 33 3 —

551 526 20 15 1.

171 582 161 32 Geological
346 582 106 25 section
465 582 29 24 of
510 582 47 25 the
571 583 104 24 earth's
689 586 85 25 crust,
789 581 67 26 with
871 581 121 25 sections

227 627 30 25 of
267 627 106 31 mining
386 626 168 32 operations,
566 627 54 25 and
634 627 113 25 interior
761 626 30 26 of
806 636 16 16 a
835 627 61 25 coal
910 626 82 26 mine.

548 725 23 15 2.

171 785 23 24 A
208 784 70 25 view
291 783 30 26 of
336 788 98 21 nature
448 784 27 24 in
489 784 152 32 ascending
654 784 117 32 regions.

553 880 22 23 3-

172 928 162 33 Geological
354 928 88 29 chart,
456 928 124 31 showing
598 928 48 24 the
664 928 95 32 places
779 928 55 24 and
851 936 95 17 names
966 927 29 25 of

230 973 47 25 the
291 977 88 21 strata
392 973 28 24 in
433 973 125 25 different
572 977 78 27 parts
663 973 30 24 of
704 973 138 31 England.

553 1071 23 22 4-

174 1128 67 32 Map
260 1128 30 24 of
306 1128 48 25 the
368 1128 125 25 different
507 1132 78 29 parts
603 1128 30 24 of
651 1128 47 24 the
712 1128 86 25 world
811 1128 91 25 which
921 1128 71 26 have

231 1173 69 25 been
315 1173 54 25 and
383 1182 46 16 are
442 1173 108 32 subject
561 1177 29 21 to
603 1173 187 32 earthquakes
801 1174 54 25 and
865 1174 126 25 volcanic

231 1218 150 31 eruptions.

553 1283 21 23 5-

172 1328 147 33 Drawings
343 1329 30 25 of
395 1330 48 24 the
468 1329 106 25 extinct
599 1330 123 33 gigantic
748 1331 118 25 animals
890 1332 31 25 of
945 1332 47 25 the

229 1374 70 24 later
319 1374 138 33 (Tertiary
481 1375 116 33 period).
636 1376 104 25 Drawn
765 1377 55 24 and
845 1378 147 31 presented

229 1419 36 32 by
287 1419 46 23 the
354 1420 112 24 Messrs.
488 1420 89 33 Ryan,
600 1421 48 24 the
670 1420 102 27 frames
797 1422 82 33 being
901 1424 91 24 added

227 1463 37 31 by
282 1463 48 24 the
349 1464 175 26 Committee.

172 1553 32 24 In
222 1554 165 33 concluding
400 1556 57 24 this
476 1556 73 25 brief
565 1558 172 33 description
756 1558 30 26 of
801 1559 49 25 the
862 1564 129 21 contents

124 1597 30 24 of
163 1597 74 25 what
251 1607 64 24 may
327 1600 34 24 be
374 1601 107 24 termed
494 1602 47 23 the
554 1602 76 25 basis
645 1602 29 25 of
685 1612 16 16 a
716 1604 140 30 Museum,
873 1605 11 25 I
899 1605 92 25 would

123 1641 115 26 observe
252 1643 60 24 that
333 1644 11 23 I
365 1643 72 26 have
449 1646 70 23 been
538 1647 104 33 mainly
655 1647 119 27 assisted
793 1649 29 25 in
840 1649 37 25 its
890 1649 100 25 forma-

122 1685 58 25 tion
194 1686 36 32 by
242 1687 47 24 the
303 1688 202 26 contributions
517 1690 30 25 of
557 1700 84 24 many
653 1692 30 25 of
693 1693 47 25 the
754 1694 123 26 resident
890 1700 100 28 gentry
