1117 1922
1006 161 30 29 63

470 165 164 17 BLACKGANG
653 166 95 16 CHINE.

459 292 172 24 Blackgang
657 293 104 23 Chine.

256 376 69 25 This
343 376 51 25 has
413 377 68 25 been
501 377 136 25 reckoned
656 387 51 16 one
723 377 30 26 of
771 378 46 25 the
835 382 76 28 great
933 384 5 9 '
950 378 69 26 lions
1029 380 5 7 '

182 420 31 25 of
234 421 48 25 the
308 422 53 24 Isle
387 421 28 25 of
436 422 98 32 Wight
561 422 85 33 (since
670 423 47 25 the
740 424 82 24 latter
846 428 61 28 part
933 424 28 24 of
983 425 51 24 last

183 470 116 30 century
312 476 36 23 up
362 471 28 21 to
408 467 47 25 the
473 471 110 28 present
602 468 74 33 day),
690 468 90 25 which
799 469 156 33 everybody
967 478 67 20 sees,

183 513 55 23 and
251 512 66 25 with
331 513 90 25 which
439 514 98 24 almost
557 514 155 33 everybody
724 513 23 25 is
761 514 200 33 disappointed.
999 515 35 25 So

183 558 84 23 much
287 558 50 24 has
358 558 69 24 been
449 558 59 24 said
530 558 84 25 about
635 558 35 25 its
690 564 5 9 '
706 567 100 24 savage
826 559 152 32 grandeur,'
1000 559 34 26 its

184 607 5 9 '
200 603 110 33 gloomy
332 603 128 28 horrors,'
486 608 4 10 '
501 608 96 20 nature
619 603 27 25 in
671 604 36 24 all
731 603 48 25 her
800 604 142 32 primæval
961 604 72 26 wild-

183 648 81 28 ness,'
283 652 63 24 etc.,
365 652 61 25 etc.,
445 648 60 25 that
522 648 79 26 when
622 648 47 25 the
693 648 96 26 visitor
808 649 70 25 finds
903 658 35 16 no
960 658 74 16 more

183 693 68 25 than
276 702 16 16 a
321 693 66 25 bare
412 693 103 30 ravine,
541 693 66 26 with
632 694 153 32 crumbling
810 694 71 25 sides
906 694 29 25 of
963 694 71 33 dirty

183 737 111 33 looking
314 738 149 25 sandstone
485 738 53 25 and
557 738 157 25 blue-black
733 739 69 32 clay,
822 739 54 24 and
895 738 138 25 discovers

184 783 60 24 that
259 783 46 24 the
326 788 5 9 '
343 784 116 23 cascade
480 784 92 24 whose
591 783 92 32 bright
704 787 98 21 waters
824 787 121 21 contrast
967 784 66 25 with

184 828 48 23 the
256 828 110 32 gloomy
390 836 68 16 cave
482 828 119 29 behind,'
624 828 23 24 is
672 828 46 24 the
742 828 92 24 tiniest
860 828 29 24 of
910 829 122 29 driblets,

184 872 94 33 falling
290 872 28 24 in
340 881 16 15 a
376 873 105 24 shower
494 872 29 24 of
541 873 83 31 drops
641 880 65 17 over
723 881 16 15 a
756 873 67 24 dark
837 873 196 24 semi-circular

183 926 91 15 recess
287 917 28 24 in
337 917 46 24 the
403 917 61 28 cliff,
480 917 34 24 he
534 917 22 24 is
576 917 119 25 inclined
715 921 28 21 to
762 917 55 25 dub
833 917 46 25 the
892 918 87 25 whole
998 927 34 15 an

182 961 162 33 imposture,
359 962 54 25 and
432 961 89 26 refuse
542 961 21 26 it
585 961 36 26 its
641 961 53 25 due
712 962 78 25 meed
812 962 29 25 of
856 962 175 25 admiration.

182 1006 61 25 The
264 1006 82 25 roads
368 1007 54 24 and
446 1007 83 32 paths
553 1006 90 26 which
664 1006 71 25 have
757 1007 67 25 been
849 1006 112 30 formed,
985 1008 47 25 the

182 1051 100 25 houses
304 1052 55 24 and
380 1052 77 25 walls
479 1051 90 26 which
593 1052 71 25 have
685 1052 67 25 been
774 1052 78 29 built,
875 1052 53 25 and
953 1053 78 24 other

182 1097 92 24 marks
293 1096 29 25 of
343 1097 156 25 habitation
521 1097 91 25 which
632 1097 135 25 surround
788 1097 29 29 it,
838 1098 71 24 have
927 1099 106 32 greatly

181 1142 143 24 detracted
337 1141 69 25 from
422 1142 47 24 the
486 1142 115 32 original
615 1142 127 25 wildness
761 1142 29 24 of
805 1142 46 24 the
865 1151 80 15 scene
956 1151 5 20 ;
983 1143 47 25 but

180 1187 80 24 those
278 1187 62 24 who
363 1195 78 16 come
459 1186 66 26 with
545 1187 140 24 moderate
704 1186 197 32 expectations,
917 1188 52 23 and
989 1191 43 29 try

180 1235 28 21 to
221 1232 88 32 forget
323 1232 36 24 all
372 1232 47 24 the
431 1231 89 33 prints
534 1231 29 24 of
573 1231 20 25 it
607 1232 65 32 they
680 1232 70 24 have
764 1240 71 20 seen,
845 1232 187 32 representing

180 1285 15 16 a
208 1276 87 33 grand
309 1276 117 25 cascade
440 1276 118 33 dashing
570 1285 65 16 over
650 1285 35 15 an
698 1276 81 25 awful
791 1276 146 32 precipice,
951 1277 81 24 black

179 1331 31 16 as
223 1322 86 32 night,
324 1321 55 27 will
392 1322 56 24 find
468 1331 15 15 a
497 1330 66 24 very
575 1321 171 25 remarkable
759 1320 103 29 ravine,
875 1321 157 33 presenting

178 1376 76 16 some
275 1366 117 32 striking
413 1366 128 29 features,
563 1366 67 25 both
652 1365 98 33 during
771 1365 46 25 the
842 1365 111 25 descent
978 1365 54 25 and

177 1420 36 17 on
232 1412 122 33 arriving
372 1415 27 21 at
420 1412 48 24 the
486 1412 116 28 bottom,
617 1410 90 26 which
726 1410 54 26 will
800 1410 132 33 certainly
949 1420 84 23 repay

177 1458 75 24 them
266 1457 40 25 for
315 1457 71 25 their
398 1458 109 23 trouble
518 1457 53 24 and
584 1456 110 32 fatigue.
732 1456 122 24 Another
865 1455 167 32 description

177 1506 87 22 states
275 1513 4 14 :
296 1508 4 9 '
309 1503 61 24 The
380 1502 95 25 ravine
486 1502 23 24 is
523 1503 65 24 bare
602 1501 28 24 of
641 1505 71 20 trees
725 1509 30 16 or
769 1501 93 28 shrub,
873 1501 49 24 but
936 1500 19 25 it
967 1500 66 25 does

176 1552 48 21 not
244 1552 102 21 retreat
366 1547 41 26 far
425 1547 118 33 enough,
558 1547 77 25 there
654 1546 23 25 is
696 1550 47 21 not
762 1546 86 32 depth
867 1546 107 32 enough
991 1545 41 25 for

177 1593 146 34 solemnity
348 1602 29 16 or
403 1594 89 31 gloom
495 1608 34 3 —
531 1596 27 21 at
584 1593 78 27 least,
688 1591 27 25 in
740 1591 129 33 ordinary
892 1591 138 24 weather.'

177 1639 23 24 A
214 1638 66 25 kind
295 1638 30 25 of
344 1638 199 25 semi-circular
563 1637 97 25 combe
679 1636 50 25 has
748 1636 69 25 been
835 1635 134 25 hollowed
983 1639 47 21 out

177 1684 27 24 in
220 1684 47 25 the
280 1685 68 24 dark
361 1685 70 23 marl
446 1684 117 33 (Gault),
577 1691 65 16 over
655 1683 47 24 the
715 1685 48 29 top
777 1681 29 25 of
816 1680 89 26 which
907 1696 32 3 —
942 1681 90 25 where
