1117 1922
155 191 49 22 154

456 187 137 17 TERTIARY
613 188 104 16 SERIES.

525 313 115 31 Reptilia.

391 387 114 32 Trionyx
518 387 168 28 incrassatus,
700 386 79 24 Owen

506 525 153 23 Mammalia.

324 582 218 32 Anoplotherium
556 590 144 21 commune,
714 581 65 25 Cav.

427 635 15 11 ,,
555 616 191 27 secundarium,
762 615 62 25 Cuv.

326 651 212 31 Chæropotamus
552 649 114 28 Cuvieri,
680 649 82 25 Owen

326 685 153 24 Dichobune
492 684 142 28 cerviuum,
650 683 79 24 Owen

325 718 200 25 Palæotherium
538 726 124 19 crassum,
677 718 64 24 Cuv.

536 760 132 23 magnum,
684 751 61 25 Cuv.

536 782 123 30 medium,
675 786 64 24 Cuv.

427 839 14 9 „
534 820 94 28 minus,
642 819 63 25 Cuv.

431 991 180 23 Hempstead
637 991 111 23 Series.

202 1074 59 25 The
275 1073 73 25 chief
359 1072 112 33 locality
486 1072 39 25 for
539 1072 47 25 the
599 1073 83 32 study
695 1072 29 25 of
740 1073 80 25 these
834 1073 66 25 beds
915 1072 22 26 is
951 1073 62 25 thus

155 1118 143 25 described
311 1119 37 30 by
362 1117 142 25 Professor
519 1118 105 24 Forbes
636 1127 5 15 :
643 1132 35 4 —

225 1198 35 23 At
274 1197 47 24 the
334 1196 125 24 distance
470 1195 29 25 of
509 1204 16 16 a
539 1195 234 25 mile-and-a-half
783 1195 69 25 from
862 1195 154 25 Yarmouth

155 1242 67 25 rises
247 1251 15 15 a
294 1242 189 24 considerable
515 1241 58 28 hill,
599 1242 102 31 oblong
732 1241 27 24 in
788 1241 95 33 shape,
909 1240 107 33 sloping

154 1287 120 26 towards
296 1287 47 24 the
363 1287 91 27 south,
475 1287 155 27 truncated,
646 1286 55 24 and
721 1286 154 33 exhibiting
895 1295 16 15 a
933 1286 83 24 series

155 1332 29 26 of
201 1336 120 21 terraces
342 1331 102 25 caused
464 1331 36 33 by
514 1340 148 16 numerous
681 1331 136 33 landslips
830 1331 120 25 towards
970 1331 46 25 the

155 1378 90 25 north.
285 1378 24 25 It
331 1377 23 25 is
370 1378 100 24 known
483 1386 30 16 as
529 1378 174 31 Hempstead
724 1377 71 26 Cliff.
834 1378 60 24 The
907 1377 109 33 highest

155 1423 109 32 portion
287 1422 28 25 of
332 1422 35 25 its
387 1426 72 21 crest
482 1421 23 25 is
528 1430 50 17 210
600 1422 53 25 feet
674 1423 89 24 above
785 1422 48 25 the
853 1430 55 17 sea.
948 1423 24 24 It
994 1422 23 25 is

155 1468 149 32 composed
317 1467 29 24 of
362 1468 84 23 marls
460 1467 54 24 and
531 1468 77 32 clays
784 1468 61 24 The
864 1468 86 24 marls
964 1468 53 24 and

155 1513 77 33 clays
245 1513 117 32 forming
375 1512 35 25 its
424 1513 67 24 base
510 1513 99 32 belong
627 1517 30 20 to
676 1513 47 25 the
742 1513 169 33 Bembridge
925 1513 92 29 series,

155 1558 54 25 and
223 1567 45 15 are
282 1557 130 25 identical
423 1557 66 25 with
503 1557 80 25 those
597 1566 63 16 seen
674 1557 120 34 forming
807 1559 48 25 the
867 1558 50 25 hill
930 1560 87 24 above

155 1604 46 22 the
215 1602 144 24 limestone
372 1607 27 19 at

298 1706 9 10 *
315 1706 55 17 Mem.
382 1706 53 17 Geol.
443 1706 61 21 SurT,,
514 1706 76 21 Forbes,
598 1707 38 16 Isle
645 1707 20 17 of
673 1707 74 21 Wight,
757 1709 47 19 1866,
813 1713 19 15 p.
841 1710 25 15 37.
