1117 1922
970 139 29 30 85

360 144 135 16 VENTNOR
517 145 121 15 RAILWAY
659 145 128 15 STATION.

156 215 113 25 vertical
291 214 128 33 position,
434 215 53 25 and
509 216 117 31 stopped
646 216 84 24 short.
768 217 60 23 One
846 216 71 33 huge
934 225 73 17 mass

156 261 49 23 has
218 261 65 23 thus
295 259 44 25 fell
353 263 28 21 to
394 260 47 24 the
454 260 81 24 shore
548 260 26 24 in
590 260 59 24 Mill
661 261 68 32 Bay,
741 261 52 23 and
807 261 50 24 has
870 261 138 25 remained

155 304 27 25 in
196 313 35 16 an
248 304 111 32 upright
378 304 129 32 position,
521 304 27 25 in
567 305 47 24 the
633 313 75 16 same
723 305 79 24 order
818 305 30 24 of
864 305 143 24 stratifica-

155 349 57 25 tion
235 358 30 16 as
284 349 80 24 when
387 349 151 32 deposited,
559 350 129 32 reaching
708 350 34 24 its
761 354 109 28 present
890 350 118 32 position

156 395 129 32 (beneath
305 394 46 24 the
371 395 158 31 Parsonage
549 395 106 32 House)
670 394 95 24 intact.
803 395 42 23 An
864 403 144 15 enormous

156 448 74 15 mass
243 439 29 24 of
289 439 66 24 rock
374 439 154 32 overhangs
547 439 47 24 the
613 439 67 25 road
698 448 65 15 near
783 439 40 25 St.
839 439 169 25 Catherine's

157 484 120 27 Church,
293 488 27 20 to
342 483 90 26 which
450 484 51 24 has
520 484 68 24 been
607 483 80 33 given
707 484 45 25 the
771 493 80 16 name
869 484 29 25 of
918 484 90 25 Racks

157 529 112 27 Corner,
283 529 136 31 probably
432 538 16 15 a
464 528 158 32 corruption
640 528 29 25 of
686 529 91 24 Rocks
796 529 111 25 Corner.

205 574 23 24 It
250 573 23 25 is
293 577 47 21 not
360 574 64 32 only
437 577 28 21 to
485 574 46 24 the
551 577 113 21 contour
684 573 29 25 of
729 574 46 24 the
796 574 94 31 Upper
908 574 101 25 Green-

157 619 69 24 sand
248 618 29 25 of
296 619 47 24 the
367 618 156 25 Undercliff
541 618 40 25 for
603 619 34 24 its
663 627 112 25 scenery
797 619 53 24 and
875 619 135 24 sheltered

156 664 121 32 position
301 672 41 16 we
366 672 45 15 are
438 664 139 28 indebted,
603 665 49 23 but
678 665 57 23 also
760 668 28 20 to
813 664 35 24 its
870 664 140 24 economic

157 709 154 24 excellence
340 708 40 24 for
410 708 66 24 road
501 708 111 32 making
641 709 53 23 and
725 708 122 32 building
878 708 132 24 material.

159 754 112 27 Indeed,
285 758 71 20 most
376 753 29 24 of
421 754 47 23 the
485 754 100 23 houses
604 753 27 24 in
645 754 130 27 Ventnor,
791 754 174 27 Bonchurch,
980 754 31 24 St

159 799 159 27 Lawrence,
344 799 54 23 and
425 798 95 28 Niton,
545 803 28 19 to
598 798 89 25 which
708 807 61 24 may
795 799 32 23 be
852 798 88 24 added
966 798 46 24 the

157 848 54 21 two
239 843 142 25 Churches
406 847 27 20 at
460 843 131 27 Ventnor,
614 842 52 25 and
691 842 47 25 the
767 852 58 15 new
848 843 111 25 Church
984 847 28 21 at

160 888 176 28 Bonchurch,
362 896 46 16 are
440 887 69 25 built
534 887 65 25 with
630 886 28 28 it,
686 896 29 15 as
747 887 57 24 also
829 887 59 25 that
913 887 30 24 of
972 888 40 24 St.

160 935 159 23 Lawrence.
366 933 58 24 The
450 941 86 23 upper
559 941 33 23 24
614 931 51 26 feet
688 931 30 25 of
737 932 84 25 Chert
841 931 134 26 furnishes
997 941 16 16 a

158 979 72 33 good
249 979 67 24 road
338 977 127 25 material
478 986 4 20 ;
506 978 47 24 the
573 977 155 25 Sandstone
747 977 66 25 beds
832 977 113 32 provide
967 978 46 24 the

160 1024 123 32 building
310 1023 126 24 material
451 1031 5 20 ;
482 1022 48 24 the
555 1022 150 24 Freestone
730 1030 50 16 can
803 1022 33 24 be
861 1030 73 16 sawn
961 1022 52 24 and

159 1073 46 21 cut
220 1068 57 25 into
299 1068 97 32 quoins
416 1067 54 24 and
490 1066 135 25 mullions.
671 1066 75 25 Such
765 1066 23 25 is
802 1066 45 25 the
861 1067 152 24 excellence

159 1114 30 25 of
207 1113 55 25 this
288 1118 78 20 stone
388 1113 60 24 that
472 1112 132 32 Steephill
628 1112 93 23 Castle
739 1111 22 24 is
780 1112 147 23 decorated
948 1111 65 25 with

159 1163 147 29 grotesque
326 1158 106 25 corbels
452 1165 64 17 over
536 1157 35 24 its
591 1157 81 24 doors
692 1157 55 23 and
766 1156 130 25 windows
915 1156 98 25 carved

159 1208 47 20 out
227 1204 29 24 of
272 1204 30 24 it.

206 1250 24 24 A
244 1248 71 33 good
329 1247 105 26 section
454 1246 29 26 of
499 1247 47 24 the
565 1247 95 31 Upper
679 1245 161 26 Greensand
854 1245 22 25 is
896 1245 119 33 exposed

161 1299 28 21 at
209 1295 47 24 the
283 1294 124 32 Railway
430 1292 108 25 Station
564 1295 28 21 at
618 1292 122 24 Ventnor
766 1295 78 29 (once
865 1300 16 15 a
907 1300 107 23 quarry,

160 1341 91 26 where
276 1339 47 26 the
348 1342 88 22 strata
461 1346 46 16 are
531 1337 28 24 in
584 1336 54 25 situ
664 1337 78 24 down
768 1336 46 25 the
839 1336 46 32 4ft.
912 1336 52 25 bed
989 1335 29 26 of

161 1388 158 23 Freestone.
364 1384 59 25 The
448 1383 94 26 tunnel
565 1390 174 16 commences
758 1390 35 15 on
823 1389 14 16 a
862 1382 68 23 level
950 1380 67 26 with

160 1432 65 29 this,
251 1431 54 24 and
330 1429 51 26 has
406 1430 69 24 been
500 1427 95 25 driven
620 1427 119 31 through
763 1426 21 24 it
804 1426 53 24 and
882 1426 47 24 the
950 1425 67 25 beds

161 1479 96 28 below,
277 1476 140 33 emerging
437 1483 73 24 upon
536 1474 46 25 the
609 1473 84 25 Gault
714 1477 27 19 at
768 1472 133 29 Wroxall,
927 1471 89 25 which

161 1524 89 25 shews
274 1522 61 25 that
360 1521 47 25 the
434 1524 87 21 strata
547 1519 63 24 here
636 1517 46 32 dip
704 1516 190 33 considerably
918 1521 28 20 to
971 1516 46 25 the

162 1568 101 25 North.
292 1568 74 24 Near
378 1567 40 25 St.
432 1564 132 26 Boniface
575 1564 96 24 House
680 1571 16 16 a
707 1561 66 26 road
784 1561 74 25 leads
869 1570 34 16 on
914 1562 46 24 the
969 1565 48 28 top

161 1614 29 25 of
206 1614 47 25 the
266 1612 60 25 cliff
341 1616 28 21 to
385 1612 96 31 Upper
501 1608 166 26 Bonchurch
687 1607 54 25 and
761 1606 141 29 Shanklin,
917 1608 35 32 by
971 1607 46 25 the

161 1659 66 33 high
241 1658 67 27 road
322 1656 105 27 around
447 1656 46 25 the
507 1654 96 34 Valley
616 1652 31 27 of
664 1652 165 25 Luccombe.
868 1651 67 27 This
948 1652 69 29 walk
