1117 1922
156 177 31 32 78

408 185 56 16 THE
486 185 90 16 UPPER
596 184 177 17 GREENSAND.

201 267 68 26 This
294 267 118 27 division
433 268 58 25 also
511 267 126 26 contains
659 268 78 25 three
757 277 30 15 or
813 267 60 25 four
899 266 68 25 beds
993 265 28 25 of

156 314 82 25 black
260 314 53 25 and
339 314 68 25 dark
431 322 66 25 grey
521 313 80 34 flinty
624 313 87 30 chert,
737 313 47 25 the
809 313 158 25 lowermost
993 311 28 25 of

155 359 90 25 which
259 359 23 24 is
295 360 84 23 about
393 363 54 21 two
461 359 53 24 feet
528 358 85 30 thick,
625 359 54 24 and
693 359 88 24 called
792 359 36 32 by
839 359 49 24 Dr.
902 357 117 25 Mantell

541 405 61 24 The
622 413 86 24 upper
730 405 68 24 beds
820 413 47 15 are
889 403 129 25 crowded

155 449 67 25 with
243 449 106 31 spicula
368 449 30 25 of
414 458 127 22 sponges.

203 494 114 26 Besides
331 495 86 29 these,
431 494 77 26 there
522 504 46 16 are
586 495 105 25 several
707 494 60 26 thin
784 495 89 25 bands
891 494 30 26 of
934 494 83 26 white

155 539 94 26 brittle
271 540 86 29 chert,
381 540 163 33 apparently
566 539 137 29 siliceous,
728 540 54 25 and
804 539 134 33 breaking
960 539 57 26 into

157 593 100 23 square
276 584 159 32 fragments.

202 630 68 24 This
283 630 84 24 series
381 630 28 24 of
425 629 124 33 deposits
569 629 22 25 is
611 638 66 25 very
690 630 125 33 sparsely
828 629 189 30 fossiliferous,

155 676 48 23 the
226 675 89 24 fossils
336 675 81 32 being
437 675 100 33 chiefly
557 675 121 24 derived.
716 675 82 24 Some
817 675 30 24 of
863 675 48 24 the
929 676 89 32 layers

156 719 110 25 contain
277 720 188 24 comminuted
476 720 84 24 shells
573 719 67 25 with
654 719 86 33 single
751 724 162 21 waterworn
924 720 94 25 valves

157 764 30 26 of
198 765 84 26 Ostrea
296 765 86 28 conica,
397 769 52 21 etc.

204 810 10 25 I
238 810 71 26 have
329 819 74 24 upon
425 814 54 22 two
501 819 31 16 or
553 810 78 26 three
653 810 145 25 occasions
821 810 163 26 discovered
1004 820 16 16 a

155 857 76 31 large
254 856 120 24 Nautilus
403 856 27 24 in
454 856 49 25 the
531 864 87 24 upper
650 856 68 25 beds
743 856 30 24 of
801 856 57 25 this
884 856 84 26 series
993 857 28 25 of

156 901 132 33 deposits,
310 902 48 24 the
380 902 146 24 chambers
548 902 30 24 of
599 902 91 25 which
715 911 71 16 were
811 902 75 25 filled
911 902 67 26 with
1004 912 16 16 a

155 947 69 24 dark
243 947 63 25 blue
325 946 178 32 chalcedony.

203 1013 68 25 This
284 1013 119 26 division
416 1013 126 25 contains
555 1013 47 25 the
616 1013 138 32 following
767 1013 89 26 fossils

156 1096 106 33 Spicula
299 1098 27 23 of
359 1106 106 24 sponge,
501 1098 60 24 with

190 1131 129 32 spongoid
337 1132 90 24 bodies

155 1165 83 24 Fossil
250 1166 145 24 coniferous
408 1166 73 24 wood

155 1199 97 24 Pecten
264 1200 231 31 quinquecostatus

613 1097 122 33 Exogyra
749 1098 120 31 (Ostrea)
884 1100 88 24 conica

613 1132 162 24 Ammonites
788 1133 108 24 inflatus

611 1167 123 22 Nautilus

611 1200 81 24 Teeth
706 1201 27 24 of
741 1200 103 26 Otodus
856 1202 53 24 and
920 1202 99 24 Lamna

303 1356 94 25 Fourth
415 1357 114 24 Division
549 1357 135 32 (Chloritic
701 1357 80 29 Marl,
800 1358 68 31 etc.)

203 1432 152 33 Deposited
377 1442 74 23 upon
477 1443 15 15 a
518 1443 74 16 seam
613 1434 30 25 of
665 1434 257 33 irregular-bedded
949 1437 70 32 Rag,

154 1477 81 33 being
256 1479 48 25 the
323 1482 122 29 topmost
465 1480 76 32 layer
561 1480 30 24 of
609 1480 48 25 the
677 1480 78 25 chert
774 1481 78 29 beds,
866 1481 23 25 is
909 1490 16 17 a
945 1482 76 34 layer

155 1523 30 25 of
195 1523 150 25 laminated
359 1532 147 24 pea-green
520 1525 79 29 sand,
614 1526 86 24 about
713 1534 52 16 one
779 1526 56 25 foot
850 1526 60 26 four
923 1526 97 27 inches

155 1568 85 30 thick,
254 1569 90 25 which
359 1569 135 25 indicates
514 1579 34 15 an
569 1570 100 26 almost
690 1571 106 26 sudden
811 1572 107 33 change
932 1573 27 25 in
973 1574 48 24 the

155 1614 132 33 deposits.
336 1615 23 24 A
381 1614 61 26 thin
467 1624 75 16 seam
568 1615 29 25 of
626 1616 189 26 comminuted
845 1618 84 25 shells
955 1627 66 17 runs

155 1659 121 33 through
296 1659 63 30 this,
386 1659 67 26 with
478 1669 149 17 numerous
652 1661 88 25 entire
765 1662 88 34 single
872 1664 96 26 valves
993 1664 29 26 of

155 1704 86 25 Pecten
259 1704 146 30 orbicularis,
425 1705 55 25 and
498 1706 87 24 Pecten
602 1706 213 32 quinquecostatus.
