1117 1922
122 162 32 29 46

360 167 56 15 the
443 167 98 15 lower
566 165 179 17 greensand.

122 238 89 25 which
233 239 124 24 between
377 238 78 24 these
477 241 54 21 two
557 236 93 33 points
671 245 46 16 are
738 234 105 26 formed
864 233 31 25 of
917 232 70 26 dark

121 292 65 24 grey
210 283 127 33 greenish
359 283 93 28 sands,
475 283 66 24 with
564 282 60 24 thin
646 281 89 25 bands
759 279 31 26 of
812 278 174 33 ferruginous

122 329 61 32 grit,
205 328 159 33 containing
386 327 194 34 siphonia-like
601 327 90 28 tubes,
712 326 63 29 and,
794 333 35 17 on
850 332 137 24 exposure

121 377 29 22 to
172 374 47 25 the
241 373 40 26 air
301 374 54 25 and
376 373 91 26 action
490 373 29 25 of
538 373 47 24 the
606 381 56 20 sea,
682 371 143 32 assuming
847 379 15 16 a
885 370 102 25 hollow

122 428 153 16 cavernous
295 427 181 24 appearance,
493 418 70 25 from
583 419 47 24 the
651 417 121 32 wearing
793 426 79 23 away
892 416 30 25 of
939 416 48 25 the

122 464 83 25 softer
227 464 133 32 portions.

431 565 128 19 Thirteenth
575 565 107 19 Division.

157 620 93 23 Sands
271 627 33 16 of
323 619 128 24 Walpen
474 627 56 16 and
553 620 174 23 Blackgang
751 618 190 25 Undercliff.

490 670 43 32 (97
548 670 74 32 feet.)

169 742 60 24 The
249 746 236 20 commencement
506 742 30 24 of
553 742 56 24 this
630 750 88 24 group
735 741 24 25 is
779 742 116 24 marked
915 741 36 34 by
971 750 17 16 a

123 787 54 26 bed
201 787 30 25 of
252 787 75 25 loose
352 787 84 26 white
458 787 78 30 sand,
558 787 67 26 with
650 787 61 25 thin
735 786 111 26 laminæ
869 786 31 26 of
917 787 70 33 clay,

124 833 84 25 about
234 832 47 26 8ft.
302 832 53 26 6in.
381 832 87 30 thick,
491 832 91 26 which
608 833 116 25 extends
751 832 28 26 in
804 833 47 25 the
877 832 59 26 cliff
957 841 32 17 as

123 877 41 25 far
183 886 31 16 as
236 878 120 32 Walpen
379 877 77 33 High
480 877 71 30 Cliff,
564 878 92 24 where
674 877 22 25 it
718 886 80 24 crops
819 881 48 21 out
888 886 35 16 on
940 877 48 25 the

123 923 108 25 surface
253 923 29 25 of
301 924 47 24 the
365 923 116 33 ground.
519 923 60 25 The
601 923 155 25 remainder
779 923 29 25 of
827 924 48 24 the
897 932 89 24 group

124 968 119 26 consists
270 968 29 26 of
328 968 128 33 greenish
486 969 54 25 and
569 969 95 26 brown
688 969 78 28 sand,
793 974 116 28 seventy
934 968 54 26 feet

123 1014 86 30 thick,
231 1014 153 26 succeeded
409 1015 38 32 by
466 1023 83 17 seven
571 1014 53 26 feet
647 1014 30 26 of
699 1023 96 17 coarse
816 1014 173 32 ferruginous

124 1060 78 29 sand,
216 1059 67 26 with
304 1060 123 24 rounded
442 1059 94 33 grains
549 1060 30 24 of
596 1060 60 25 iron
674 1068 47 17 ore
735 1060 27 24 in
775 1061 48 24 the
836 1061 83 24 lower
932 1060 59 25 half

123 1105 30 25 of
170 1106 47 24 the
231 1106 62 28 bed,
308 1106 54 24 and
381 1106 36 33 by
430 1106 98 25 twelve
541 1106 54 25 feet
613 1106 30 25 of
661 1106 168 33 alternating
846 1106 69 25 sand
934 1106 55 26 and

124 1151 70 32 clay.
232 1151 60 25 The
314 1150 138 33 following
475 1150 90 26 fossils
586 1160 46 16 are
652 1151 85 26 found
760 1151 27 25 in
810 1151 20 26 it
844 1161 5 16 :
852 1167 33 4 —

127 1203 130 31 Panopæa
269 1202 98 31 plicata

176 1255 14 4 ,,
269 1236 151 23 mandibula

584 1203 114 24 Corbula
713 1204 122 24 striatula

583 1238 114 31 Lingula
710 1240 122 22 truncata

433 1343 131 20 Fourteenth
579 1344 107 19 Division.

159 1397 67 24 The
241 1398 209 25 Ferruginous
476 1399 94 24 Sands
597 1407 33 16 of
656 1399 174 26 Blackgang
857 1400 104 25 Chine.

420 1443 44 33 (20
477 1443 53 25 feet
545 1445 15 23 6
574 1443 116 34 inches.)

172 1509 90 24 These
283 1509 83 25 sands
387 1509 53 25 rise
462 1509 68 26 from
553 1510 48 26 the
625 1511 82 26 shore
728 1512 125 25 between
876 1514 114 24 Rocken

126 1553 63 25 End
211 1554 54 24 and
288 1554 164 33 Blackgang
475 1555 96 30 Chine,
591 1557 54 24 and
665 1556 70 25 form
757 1558 48 24 the
828 1564 162 27 uppermost

126 1597 178 27 fossiliferous
318 1608 87 24 group
425 1600 29 25 of
470 1601 48 24 the
536 1602 99 24 Lower
653 1603 165 25 Greensand
832 1603 157 28 formation.

127 1642 78 33 They
223 1652 47 16 are
289 1645 150 31 composed
460 1645 31 24 of
509 1647 94 24 brown
627 1647 54 24 and
703 1647 98 33 yellow
824 1650 78 29 sand,
922 1650 68 25 with

127 1687 89 33 layers
236 1687 29 26 of
287 1688 172 33 ferruginous
478 1691 183 29 concretions,
683 1692 63 29 and,
768 1693 27 25 in
822 1694 46 25 the
892 1696 97 32 Upper
