1117 1922
432 149 94 17 WHITE
546 150 96 16 CHALK.

925 150 42 17 111

117 219 143 25 infinitude
281 220 29 24 of
328 228 91 24 space,
443 219 68 26 until
532 221 132 32 touching
685 221 96 34 faintly
801 222 46 24 the
868 222 53 24 line
946 222 29 24 of

116 266 47 24 the
177 265 103 25 distant
300 265 123 29 horizon,
437 266 21 24 it
478 275 118 23 appears
613 270 29 21 to
658 266 83 25 blend
758 267 99 25 almost
874 267 97 32 imper-

117 310 121 33 ceptibly
251 310 66 25 with
336 310 46 25 the
401 310 58 33 sky.
497 311 38 24 As
553 311 50 25 has
624 312 67 24 been
709 312 91 25 stated
817 313 95 28 above,
927 313 46 25 the

117 354 164 26 excavation
300 355 29 25 of
349 355 46 25 the
415 365 81 16 caves
514 355 23 25 is
558 355 101 34 mainly
673 356 52 25 due
738 360 29 22 to
785 357 47 25 the
846 365 45 17 sea
901 365 6 22 ;
927 357 46 25 the

118 409 87 23 upper
230 400 124 32 portions
377 400 29 25 of
426 401 46 25 the
496 400 68 25 cliffs
585 400 81 33 being
688 401 103 25 broken
815 410 78 25 away
912 402 61 24 sub-

119 445 145 33 sequently
277 446 37 32 by
327 446 47 24 the
393 445 146 25 combined
561 445 106 25 actions
686 445 29 25 of
730 446 47 24 the
791 446 183 32 atmospheric

119 490 97 28 forces,
228 490 30 24 of
267 490 91 25 which
372 490 67 25 frost
453 490 23 25 is
489 491 47 24 the
549 490 74 25 chief
634 491 95 24 factor.
767 492 58 23 The
839 491 136 32 following

121 535 144 32 quotation
279 535 69 24 from
363 536 52 23 Mr.
432 536 142 24 Bristow's
620 536 125 33 Geology
763 535 29 25 of
808 537 48 23 the
876 537 53 23 Isle
949 536 29 24 of

121 580 97 32 Wight
260 579 53 26 will
334 580 81 24 assist
435 581 47 24 the
501 581 95 23 reader
614 584 29 20 to
657 580 67 24 form
740 589 15 15 a
769 581 88 24 better
875 580 61 25 idea
950 581 28 24 of

122 625 47 25 the
183 634 111 24 process
308 625 29 24 of
354 625 169 25 destruction
537 625 90 25 which
647 625 22 25 is
688 625 169 33 continually
869 625 27 25 in
915 634 60 24 pro-

122 679 76 23 gress
209 680 4 14 :
268 669 114 26 Besides
407 669 47 26 the
478 669 69 25 lines
571 669 30 25 of
625 670 128 32 bedding,
778 670 47 25 the
849 670 80 25 chalk
955 670 22 25 is

122 714 141 26 traversed
279 715 36 32 by
323 714 85 32 joints
422 713 123 33 dividing
558 714 19 25 it
592 714 57 25 into
662 714 74 32 large
747 714 106 25 cubical
864 724 112 16 masses.

123 760 25 25 It
161 759 24 26 is
198 768 35 16 on
249 763 116 21 account
381 759 29 25 of
426 759 47 25 the
493 763 137 21 structure
648 759 143 25 described
810 760 87 25 above
917 760 60 25 that

122 805 46 24 the
182 805 82 24 chalk
278 804 70 25 cliffs
361 813 35 16 on
410 805 47 24 the
476 808 137 21 sea-coast
634 805 106 32 usually
753 804 68 25 form
835 808 76 28 steep
924 806 54 23 and

122 850 100 24 almost
244 850 88 24 mural
353 849 162 32 precipices,
536 848 39 26 for
595 849 78 25 when
698 849 47 25 the
769 849 92 25 action
880 850 30 24 of
931 850 47 24 the

122 903 91 16 waves
233 895 50 24 has
305 894 180 25 undermined
501 903 15 15 a
534 894 108 32 portion
663 894 28 24 of
708 895 47 23 the
776 894 70 24 cliffs
863 898 27 21 to
911 895 67 24 such

122 948 35 16 an
177 944 94 20 extent
290 940 61 24 that
371 940 46 24 the
437 939 129 24 cohesion
586 939 28 24 of
630 939 46 24 the
690 940 65 23 rock
775 939 22 24 is
816 939 162 25 insufficient

122 990 28 20 to
166 989 115 28 support
295 984 36 25 its
350 993 60 16 own
425 984 109 32 weight,
548 984 21 24 it
583 984 76 32 gives
673 993 60 24 way
746 984 27 24 in
786 984 47 24 the
846 984 132 25 direction

122 1029 29 25 of
168 1029 47 25 the
228 1028 115 26 vertical
360 1028 95 33 joints,
475 1028 46 25 the
540 1028 54 25 line
613 1028 29 25 of
658 1028 117 25 fracture
794 1028 157 33 presenting
964 1039 14 15 a

122 1075 94 32 nearly
237 1075 81 31 plane
343 1073 106 25 surface
470 1072 90 27 which
581 1072 22 26 is
625 1074 98 24 almost
744 1078 28 21 at
792 1073 71 33 right
887 1075 91 31 angles

121 1123 29 21 to
172 1119 48 25 the

168 1164 59 24 The
249 1163 83 26 white
355 1164 90 29 chalk,
465 1163 116 32 judging
603 1163 67 25 from
693 1163 47 25 the
762 1164 114 24 number
896 1163 29 25 of
944 1163 35 25 its

122 1209 111 25 disused
253 1209 63 32 pits,
332 1217 118 24 appears
470 1212 27 21 at
517 1216 51 17 one
587 1208 67 25 time
673 1212 28 21 to
722 1209 70 24 have
806 1210 68 23 been
887 1213 91 20 exten-

122 1255 87 33 sively
222 1254 137 33 quarried.
399 1255 85 32 Many
503 1254 28 24 of
548 1254 75 24 them
643 1262 46 16 are
708 1262 61 17 now
782 1254 117 25 covered
912 1254 66 25 with

122 1299 47 25 the
183 1300 75 24 short
278 1299 58 25 turf
350 1298 209 26 characteristic
579 1298 30 24 of
624 1299 47 24 the
691 1299 88 24 Chalk
800 1299 111 28 Downs,
925 1299 54 24 and

123 1344 27 25 in
163 1354 51 15 one
227 1344 50 33 pit,
291 1354 35 15 on
345 1345 47 24 the
411 1344 82 25 north
514 1343 57 25 side
585 1343 29 25 of
631 1344 116 24 Arreton
762 1345 96 28 Down,
873 1353 34 15 an
922 1344 57 25 Ash

122 1391 50 24 has
192 1398 93 24 grown
305 1394 28 21 to
356 1399 34 16 an
410 1389 95 32 height
526 1389 30 25 of
578 1389 47 25 full
648 1398 32 23 30
699 1389 62 25 feet.
799 1390 59 24 The
878 1390 101 31 largest

124 1436 96 31 Upper
235 1435 88 24 Chalk
336 1434 56 33 pits
411 1434 27 25 in
459 1434 46 25 the
526 1434 94 25 Island
639 1443 46 16 are
698 1434 80 25 those
791 1433 29 26 of
837 1434 142 25 Downend

123 1481 76 33 (near
213 1480 127 33 Arreton)
355 1480 54 24 and
430 1479 123 32 Brading
569 1480 89 23 Down
670 1487 5 22 ;
696 1478 105 25 neither
813 1478 72 34 yield
898 1487 82 25 many

121 1526 99 28 fossils,
253 1526 105 32 though
391 1526 27 23 in
451 1525 143 24 Downend
625 1524 41 32 pit
699 1532 75 16 some
806 1524 51 25 few
879 1525 100 28 Echini,

121 1571 127 33 Spondyli,
272 1571 54 25 and
352 1579 118 24 sponges
495 1570 90 33 rarely
609 1578 91 16 occur.
739 1570 31 24 In
795 1570 47 24 the
866 1569 55 33 pits
946 1578 34 16 on

343 1673 9 8 *
360 1672 58 16 Mem.
432 1670 106 20 Geological
551 1670 76 20 Survey,
642 1671 49 19 1862,
702 1675 19 15 p.
734 1670 25 16 31.
