1117 1922
956 151 48 24 237

490 152 167 16 ECONOMICS.

191 218 59 25 Salt
273 219 23 25 is
319 221 81 25 made
422 221 27 24 in
472 221 79 24 small
575 221 149 31 quantities
747 224 27 22 at
797 221 47 25 the
870 222 132 28 Salterns,

143 270 66 17 near
231 264 153 29 Newtown,
399 266 36 31 by
453 266 48 24 the
521 265 180 31 evaporation
720 265 30 25 of
767 266 46 24 the
833 274 47 16 sea
902 269 85 22 water
998 275 4 15 :

142 306 61 25 first
226 308 37 32 by
281 308 135 32 exposing
437 308 21 25 it
480 308 27 25 in
529 309 115 25 shallow
662 308 56 32 pits
740 312 29 22 to
789 310 47 24 the
858 309 144 25 combined

142 351 137 25 influence
301 352 30 24 of
348 353 47 24 the
418 362 51 15 sun
491 353 55 25 and
567 353 81 29 wind,
670 354 54 24 and
745 354 66 24 then
832 353 103 32 boiling
957 354 45 24 the

143 400 94 28 strong
262 395 65 26 lime
348 396 70 26 until
441 397 52 25 salt
519 397 23 25 is
562 397 105 25 formed
694 398 172 32 (Geological
888 398 114 33 Survey,

145 443 74 29 1862,
233 450 26 24 p.
277 442 68 32 108).

190 532 61 25 The
270 532 133 24 so-called
423 532 103 32 Agates
548 531 91 26 which
660 540 46 16 are
725 532 99 32 picked
846 540 37 24 up
902 540 35 16 on
956 532 47 24 the

144 577 87 26 beach
245 586 35 16 on
298 577 48 25 the
365 577 82 25 south
466 577 58 25 side
543 577 30 25 of
590 577 47 25 the
657 577 103 28 Island,
774 576 150 34 especially
936 584 66 17 near

147 623 137 26 Sandown
310 623 54 25 and
384 623 133 29 Ventnor,
543 632 46 15 are
613 622 27 25 in
666 622 97 33 reality
789 622 88 25 Chalk
903 621 99 30 Flints,

144 667 91 26 which
248 676 59 17 owe
320 668 83 25 much
417 667 29 26 of
456 667 71 26 their
540 667 88 33 origin
641 671 29 22 to
684 667 46 25 the
744 666 125 26 silicified
883 666 119 26 remains

144 713 30 26 of
202 721 118 26 sponges
353 714 54 24 and
431 713 79 25 other
535 713 145 33 organised
706 712 104 25 bodies.
859 712 60 25 The
942 711 60 26 rich

145 759 94 26 brown
259 759 68 25 tints
348 759 92 25 which
464 759 78 25 these
568 762 93 21 stones
685 758 109 33 display
818 765 47 17 are
889 756 113 26 derived

145 803 69 26 from
234 804 47 25 the
301 812 131 25 presence
453 803 30 26 of
499 803 68 25 iron.
604 803 91 25 These
715 807 93 21 stones
825 802 63 25 take
902 811 16 15 a
937 810 66 26 very

145 849 71 33 good
236 848 99 33 polish,
358 848 55 26 and
431 858 47 16 are
498 848 81 26 made
601 848 57 25 into
672 852 99 29 'pretty
790 848 136 25 brooches
948 847 54 25 and

145 895 79 24 other
237 898 168 26 ornaments,
419 894 91 25 which
524 894 56 25 find
600 903 15 16 a
634 894 84 33 ready
732 894 56 25 sale
801 893 27 25 in
847 893 47 26 the
909 893 94 25 Island

146 940 85 25 under
251 940 47 25 the
318 948 81 16 name
419 939 29 25 of
493 939 53 25 Isle
568 938 29 26 of
615 938 97 33 Wight
918 938 85 33 Many

146 984 30 26 of
191 985 47 25 the
260 985 132 25 so-called
413 985 54 24 Isle
485 984 30 25 of
532 984 97 33 Wight
651 985 118 24 Pebbles
788 992 55 21 are,
866 983 136 30 however,

147 1033 47 22 not
213 1030 47 25 the
279 1030 122 33 produce
420 1030 29 25 of
469 1030 47 25 the
536 1030 103 29 Island,
656 1030 49 25 but
724 1038 47 16 are
789 1029 138 33 imported
945 1029 58 24 into

146 1074 56 27 this
215 1079 117 30 country
345 1074 28 26 in
386 1084 16 16 a
414 1074 127 33 polished
555 1074 54 26 and
623 1074 156 33 artificially
793 1074 210 25 manufactured

147 1124 80 26 state,
253 1120 69 26 from
348 1121 142 32 Germany
514 1120 54 25 and
594 1120 156 25 elsewhere.
797 1119 53 25 Mr.
877 1118 126 33 Billings,

148 1166 60 25 Mill
222 1166 99 29 Street,
336 1165 22 26 is
377 1166 47 24 the
437 1165 120 25 resident
571 1165 126 33 lapidary
711 1169 27 21 at
752 1164 151 26 Ventnor.*
941 1163 62 34 (See

148 1211 160 32 Geological
323 1212 115 31 Survey,
456 1212 73 28 1862,
543 1219 27 24 p.
588 1211 67 32 108.)

311 1673 10 11 •
330 1668 46 19 This
385 1667 75 22 subject
468 1667 16 16 is
491 1665 75 19 treated
574 1665 21 17 of
603 1665 20 16 at
631 1670 48 17 page
688 1665 30 17 117
728 1663 20 18 of
756 1663 38 18 this
802 1662 56 19 work.
