1117 1922
157 170 46 22 126

454 176 137 15 TERTIARY
612 175 105 16 SERIES.

154 252 77 29 parts
244 248 29 24 of
286 248 178 32 Hampshire,
479 256 35 16 on
528 248 46 24 the
588 251 58 20 east
661 255 29 15 as
705 246 59 24 well
779 253 31 16 as
823 252 35 16 on
873 243 47 24 the
937 244 78 26 west,

154 293 67 25 from
243 292 89 26 which
354 292 19 25 it
400 293 50 24 has
474 293 68 24 been
563 291 146 33 separated
729 291 36 31 by
786 289 47 25 the
856 286 160 33 depression

155 338 101 25 caused
270 338 36 32 by
318 338 47 24 the
378 337 104 33 folding
495 336 30 25 of
537 336 47 26 the
598 336 67 26 beds
686 335 54 25 and
757 333 71 26 their
846 333 170 31 subsequent

155 382 178 24 denudation.

476 480 121 22 London
620 478 81 24 Clay.

192 568 68 25 This
273 573 64 20 next
351 568 109 33 highest
481 568 123 24 member
621 568 30 24 of
666 568 47 24 the
734 567 83 24 series
832 567 57 24 also
904 566 115 24 extends

157 614 68 24 from
240 618 58 21 east
312 618 29 21 to
354 618 76 22 west,
446 614 53 24 and
514 613 68 24 from
597 613 36 24 its
646 613 129 27 inclined,
790 613 100 23 almost
905 612 114 24 vertical

157 658 130 32 position,
301 659 51 24 has
366 667 34 16 an
420 662 117 28 outcrop
557 658 124 32 scarcely
694 657 84 25 wider
796 657 68 24 than
883 657 34 24 its
932 657 86 24 thick-

157 712 71 17 ness.
266 705 36 24 At
317 705 81 24 Alum
415 704 60 32 Bay
488 703 20 25 it
522 703 51 25 has
587 712 15 16 a
616 703 85 31 depth
716 702 29 25 of
760 702 114 32 upward
888 701 29 26 of
929 701 90 29 200ft.,

157 750 54 23 and
225 749 118 24 consists
358 749 29 24 of
398 748 167 32 alternating
579 748 84 33 clays,
679 748 92 28 sands,
786 748 54 24 and
855 747 163 28 ironstones,

156 795 65 25 with
237 795 129 32 septaria.
406 795 31 23 In
457 795 47 24 the
526 795 82 24 lower
628 793 110 33 portion
761 793 23 25 is
805 802 15 16 a
840 794 52 24 bed
906 793 29 25 of
951 794 68 23 dark

156 840 70 33 clay,
247 839 160 33 containing
425 849 16 15 a
459 848 67 16 zone
547 839 28 24 of
591 839 165 32 Pholadomya
770 839 183 32 margaritacea,
972 838 46 25 the

158 886 83 25 shells
254 885 155 32 exhibiting
423 894 15 16 a
453 886 94 32 pearly
561 894 82 16 nacre
657 885 78 25 when
750 885 27 25 in
793 885 71 32 good
878 894 140 22 preserva-

154 932 66 24 tion.
260 931 106 32 During
380 940 45 24 my
436 931 58 25 first
508 931 64 24 visit
586 934 28 21 to
626 931 82 24 Alum
721 932 69 32 Bay,
801 930 81 26 while
896 930 123 31 working

155 977 77 25 these
247 977 76 27 beds,
340 977 9 23 I
366 985 56 16 was
436 977 138 24 fortunate
589 976 26 24 in
630 976 105 30 finding
751 984 15 16 a
781 976 80 24 small
876 976 74 24 crab.

203 1022 60 25 The
275 1021 127 33 junction
416 1022 124 24 between
554 1021 47 25 the
616 1021 104 25 Plastic
735 1021 54 24 and
804 1021 118 24 London
937 1021 83 33 Clays

156 1068 23 24 is
193 1068 61 25 well
267 1068 109 25 defined
390 1067 26 25 in
432 1067 97 25 White
543 1067 66 25 Cliff
620 1068 61 32 Bay
694 1067 36 33 by
743 1067 48 25 red
805 1066 116 25 mottled
934 1067 85 32 clays,

155 1114 55 23 and
230 1113 55 24 still
308 1121 75 16 more
403 1113 102 33 clearly
524 1113 35 33 by
574 1121 14 16 a
608 1113 53 24 bed
680 1113 150 32 composed
850 1112 29 25 of
896 1112 123 25 rounded

156 1158 60 24 flint
236 1159 123 31 pebbles,
375 1158 104 26 similar
497 1162 29 20 to
546 1158 79 24 those
645 1157 84 25 found
748 1158 28 24 in
797 1158 139 24 Sandown
950 1158 70 33 Bay,

157 1204 48 25 but
225 1212 35 16 on
274 1212 15 16 a
304 1203 82 25 much
407 1204 109 24 smaller
536 1204 83 28 scale,
634 1203 82 34 being
735 1204 63 26 only
812 1212 13 16 2
846 1208 29 20 to
894 1213 13 23 3
926 1203 95 25 inches

155 1248 86 26 thick.
280 1248 68 26 This
368 1249 52 25 bed
443 1248 23 26 is
486 1258 75 16 more
584 1249 185 32 conspicuous
792 1249 29 25 in
841 1249 98 26 White
959 1249 66 26 Cliff

157 1295 67 24 than
248 1299 27 20 at
299 1296 82 23 Alum
402 1296 68 32 Bay.
519 1296 25 23 It
564 1295 22 24 is
612 1296 46 23 the
712 1296 150 24 Basement
889 1295 59 25 Bed
995 1294 29 25 of

158 1340 140 24 Professor
320 1340 161 29 Prestwich,
503 1341 54 23 and
576 1340 23 25 is
621 1341 60 24 well
701 1341 145 24 described
867 1341 35 33 by
916 1341 56 24 him
993 1341 26 24 in

155 1386 48 23 the
216 1385 138 32 following
367 1393 118 24 passage
498 1394 5 15 :
505 1400 34 3 —
572 1386 31 24 In
623 1386 47 24 the
690 1386 53 24 fine
763 1386 105 25 section
889 1390 28 21 at
938 1386 83 25 Alum

157 1430 60 33 Bay
235 1430 78 24 there
332 1438 63 25 may
410 1430 34 24 be
464 1438 72 20 seen,
552 1435 27 20 at
599 1439 15 16 a
635 1430 125 25 distance
779 1430 30 26 of
825 1441 34 22 94
878 1430 54 26 feet
951 1430 70 26 from

155 1474 47 25 the
216 1474 98 26 Chalk,
337 1483 16 15 a
375 1474 59 25 thin
458 1474 54 25 and
537 1474 187 33 insignificant
745 1476 84 33 layer,
853 1480 47 22 not
924 1485 15 17 a
961 1477 56 25 foot

155 1518 87 29 thick,
256 1518 30 25 of
304 1519 92 25 rather
421 1520 75 31 large
519 1519 165 33 (egg-sized)
708 1521 125 25 rounded
856 1522 82 24 black
961 1522 60 25 flint

156 1564 114 31 pebbles
290 1563 147 25 imbedded
457 1563 26 25 in
503 1573 15 15 a
535 1568 98 29 scanty
648 1565 98 32 yellow
765 1567 69 24 sand
855 1567 54 25 and
928 1568 94 24 brown

156 1609 70 33 clay,
241 1609 53 24 and
309 1609 157 32 separating
480 1610 46 24 the
541 1609 150 32 important
706 1619 74 16 mass
794 1612 29 24 of
834 1612 48 25 the
904 1613 118 25 London

158 1654 68 32 Clay
239 1662 35 16 on
287 1653 47 25 the
354 1662 51 16 one
429 1653 57 25 side
500 1653 69 25 from
590 1654 60 24 that
665 1654 29 24 of
705 1656 47 23 the
766 1657 117 25 mottled
897 1658 76 33 clays
987 1667 35 16 on

156 1698 47 26 the
216 1698 78 25 other
312 1698 53 24 and
381 1701 28 21 to
423 1698 47 25 the
483 1697 100 26 former
597 1698 29 24 of
639 1700 90 24 which
747 1700 20 26 it
782 1700 85 27 forms
881 1703 47 25 the
946 1705 76 25 base.
