1117 1922
413 436 66 39 Œf)t
508 437 67 33 ftrti
608 438 106 37 Beacij.

152 665 42 40 W|
202 665 69 44 'y-T
294 671 22 24 is
339 672 60 24 well
419 672 99 25 known
543 673 60 24 that
626 674 47 24 the
695 674 129 25 southern
846 674 94 26 shores
961 675 30 25 of

160 719 13 32 if
182 711 55 45 L.K)
355 717 53 24 Isle
434 717 30 24 of
486 718 97 32 Wight
609 727 45 15 are
678 719 116 25 covered
818 724 28 20 to
872 729 15 15 a
911 724 76 27 great

282 761 86 32 depth
403 762 36 33 by
472 771 15 15 a
519 762 218 33 finely-rounded
770 763 217 26 reddish-brown

153 800 78 45 i-^T
282 807 88 24 beach
397 807 114 32 shingle,
535 807 46 25 the
606 808 112 32 pebbles
744 808 112 33 varying
881 808 26 25 in
933 809 55 25 size

173 851 25 26 T
281 850 70 25 from
377 859 15 16 a
418 851 74 33 large
518 852 70 24 bean
613 856 28 21 to
667 861 14 15 a
707 853 78 24 small
812 853 71 25 shot.
920 853 68 25 This

132 895 109 33 deposit
266 895 23 25 is
315 895 171 33 continually
508 895 99 26 drifted
633 897 35 32 by
687 896 47 25 the
758 900 124 22 currents
904 897 27 25 in
953 906 34 16 an

132 941 119 32 easterly
274 940 144 25 direction.
458 941 23 24 It
505 941 102 25 travels
629 940 96 26 fastest
747 941 79 26 when
848 942 46 24 the
916 942 71 25 wind

133 986 87 24 blows
234 985 69 25 from
319 985 46 25 the
379 989 76 25 west,
470 985 54 25 and
543 985 21 25 if
581 994 15 16 a
616 986 160 25 south-west
789 986 72 25 wind
881 986 107 32 springs

132 1039 46 24 up,
199 1030 21 25 it
243 1030 22 25 is
287 1030 97 25 driven
403 1030 58 25 into
481 1031 48 24 the
551 1031 78 24 small
651 1031 67 33 bays
737 1031 54 24 and
810 1031 79 24 inlets
908 1032 80 31 along

132 1076 47 24 the
199 1076 132 24 southern
351 1079 87 21 coast.

179 1121 25 24 It
230 1121 23 24 is
276 1121 55 24 still
355 1121 92 33 partly
469 1121 126 24 confined
617 1125 29 20 to
672 1121 93 28 Chale,
793 1121 115 24 Brixton
933 1121 54 24 and

133 1165 93 25 Brook
253 1166 74 33 Bays
352 1165 37 34 by
414 1174 15 16 a
454 1165 58 25 reef
529 1165 29 24 of
580 1165 80 25 rocks
686 1165 188 34 (Rockenend)
897 1165 89 25 which

133 1211 137 24 stretches
295 1210 69 25 from
386 1210 48 25 the
456 1218 86 24 upper
565 1215 61 27 part
647 1210 29 24 of
693 1210 46 24 the
758 1210 80 24 shore
856 1210 39 25 for
913 1218 75 17 some

132 1256 127 25 distance
278 1255 59 26 into
362 1255 46 25 the
434 1264 55 20 sea,
512 1255 46 24 the
584 1259 92 21 extent
702 1254 30 25 of
752 1254 55 25 this
829 1254 57 25 reef
908 1254 80 33 being

132 1301 141 25 traceable
294 1301 36 32 by
342 1300 48 25 the
413 1300 161 25 turbulence
593 1298 30 26 of
638 1299 47 25 the
704 1307 98 20 waves,
817 1299 104 32 tossing
934 1299 53 24 and

132 1345 113 32 beating
259 1344 108 33 against
387 1344 69 25 each
475 1344 78 25 other
573 1343 69 25 until
662 1343 46 25 the
727 1352 46 16 sea
792 1342 22 26 is
828 1342 81 26 white
922 1342 65 26 with

132 1390 83 24 foam.
254 1389 157 32 Composed
425 1388 29 25 of
470 1388 47 25 the
535 1388 100 25 harder
651 1388 124 32 portions
788 1387 29 25 of
833 1387 45 25 the
892 1392 95 24 strata,

132 1435 20 24 it
166 1435 51 24 has
232 1443 29 16 so
276 1434 39 24 far
329 1434 116 24 resisted
456 1433 46 25 the
513 1432 139 32 denuding
662 1432 88 25 forces
760 1431 89 26 which
860 1431 127 25 removed

130 1480 36 26 its
189 1489 87 24 upper
299 1479 132 29 surfaces,
452 1478 54 24 and
528 1477 93 30 forms,
641 1477 54 25 like
714 1477 151 24 Atherfield
884 1476 102 32 Ledge,

130 1535 52 16 one
195 1525 31 26 of
237 1525 47 26 the
297 1524 170 26 extremities
480 1523 30 24 of
527 1523 86 24 Chale
628 1523 68 32 Bay,
710 1522 46 24 the
771 1521 69 25 cliffs
855 1521 28 25 of
897 1521 90 25 which

130 1570 153 32 consisting
293 1569 30 25 of
335 1569 52 25 soft
403 1569 83 24 sands
497 1568 54 24 and
563 1568 74 32 clays
648 1567 70 24 have
729 1567 112 24 become
855 1565 132 25 hollowed

129 1620 48 21 out
192 1616 57 24 into
259 1616 47 24 the
320 1615 68 25 form
400 1613 30 26 of
441 1623 15 15 a
469 1613 161 28 half-moon,
641 1612 91 25 whilst
746 1611 35 25 its
795 1612 65 23 base
873 1610 114 25 extends

130 1662 27 25 in
171 1670 16 16 a
201 1660 118 33 straight
333 1659 54 25 line
401 1659 123 25 between
539 1657 46 26 the
597 1661 54 22 two
664 1656 160 25 headlands.
