1117 1922
437 150 134 16 SANDOWN
599 151 56 15 BAY.

961 167 2 2 11

108 220 62 25 that
195 219 21 26 it
239 220 23 25 is
284 228 61 17 rare
366 223 29 22 to
418 224 72 22 meet
512 221 67 25 with
602 222 154 32 specimens
777 222 28 24 in
827 231 16 16 a
864 222 104 33 perfect

109 266 152 25 condition.
300 267 55 23 But
377 266 51 25 few
450 267 141 32 examples
613 267 29 24 of
661 267 147 25 verterbræ
830 267 28 25 in
878 268 90 32 juxta-

109 311 121 33 position
250 311 72 25 have
343 311 69 25 been
434 311 92 30 found,
550 311 67 26 with
638 312 48 25 the
707 311 145 33 exception
874 312 30 26 of
922 313 46 25 the

109 364 120 21 sacrum,
255 355 92 26 which
377 365 46 16 are
453 356 176 34 anchylosed.
685 358 48 24 Dr.
762 357 120 26 Wilkins
911 358 57 25 also

109 401 113 25 records
240 401 63 25 how
322 401 35 25 he
376 400 131 26 obtained
532 402 75 32 large
625 401 124 33 portions
774 401 29 26 of
821 402 48 25 the
887 402 81 25 lower

107 446 79 32 jaws,
201 446 67 25 with
290 446 86 30 teeth,
390 446 30 25 of
439 455 36 16 an
497 447 85 29 adult,
604 448 57 23 also
683 456 16 15 a
719 447 134 33 fragment
874 447 29 25 of
921 448 47 24 the

107 492 65 32 jaw,
183 492 67 25 with
264 492 85 29 teeth,
361 491 29 25 of
401 500 15 16 a
429 500 92 25 young
532 493 170 32 Iguanodon,
712 493 107 25 besides
833 493 135 24 detached

109 537 86 25 teeth.
234 538 48 24 Dr.
298 538 117 25 Mantell
433 538 112 24 records
564 547 16 15 a
597 538 42 32 leg
657 538 54 25 and
724 538 78 32 thigh
816 538 69 25 bone
898 537 69 26 from

111 582 139 25 Sandown
273 582 61 33 Bay
356 591 30 16 as
408 582 82 33 being
512 582 129 33 upwards
662 582 30 25 of
710 582 63 25 nine
797 582 61 29 feet,
879 582 54 25 and
952 591 16 16 a

110 627 80 32 thigh
203 628 71 25 bone
287 627 78 25 three
377 627 54 25 feet
444 627 60 25 four
517 626 95 26 inches
629 626 28 26 in
670 627 101 32 length.
809 627 60 25 The
881 627 87 25 femur

111 672 29 25 of
151 681 35 16 an
201 672 171 32 Iguanodon,
386 671 60 26 four
460 671 52 26 feet
526 675 45 22 ten
586 671 95 26 inches
694 673 72 31 long,
778 672 54 25 and
845 671 123 26 fourteen

111 716 95 26 inches
231 716 28 26 in
284 716 134 26 diameter
443 725 66 16 near
537 716 47 26 the
615 715 110 31 middle,
751 725 57 17 was
831 716 84 26 found
940 716 27 25 in

112 762 140 25 Sandown
272 763 69 31 Bay.

153 808 61 23 The
224 808 69 24 total
302 811 93 21 extent
406 807 30 24 of
446 807 47 24 the
502 811 76 20 coast
589 807 134 31 occupied
733 807 36 32 by
777 807 47 24 the
832 807 136 24 Wealden

112 852 148 25 formation
273 852 27 24 in
317 852 139 25 Sandown
471 852 60 33 Bay
543 852 23 24 is
580 860 16 15 a
609 851 232 24 mile-and-a-half
849 860 4 20 ;
869 851 97 33 owing,

111 897 137 29 however,
261 901 29 21 to
311 897 47 25 the
377 897 118 25 absence
516 896 30 25 of
565 896 69 25 cliffs
653 904 65 17 over
736 905 17 15 a
770 900 77 29 great
866 901 61 28 part
941 896 29 25 of

110 942 48 25 the
177 946 87 25 coast,
283 941 91 26 where
392 941 47 25 the
460 941 136 25 Wealden
616 945 87 20 strata
725 949 91 20 occur,
836 940 46 25 the
901 940 67 26 beds

110 987 78 25 there
213 996 47 16 are
284 986 133 26 rendered
443 986 151 25 somewhat
620 986 123 25 obscure.
793 986 78 33 They
895 995 71 24 may,

109 1033 137 28 however,
261 1033 34 23 be
308 1040 64 16 seen
385 1040 36 16 on
434 1031 47 25 the
500 1031 96 25 strand
615 1034 27 22 at
661 1032 53 24 low
726 1035 94 25 water,
835 1031 133 33 cropping

109 1081 49 21 out
184 1077 28 24 in
237 1077 168 29 succession,
431 1076 55 25 and
510 1075 152 33 consisting
687 1075 29 26 of
737 1075 180 26 alternations
941 1075 29 26 of

109 1122 91 33 ridges
213 1122 30 24 of
260 1122 173 28 sandstones,
448 1122 84 32 clays,
547 1121 54 24 and
620 1121 93 29 marls,
726 1120 104 25 similar
847 1124 28 21 to
888 1121 80 24 those

109 1167 147 26 described
278 1175 34 16 on
334 1166 49 25 the
401 1166 80 25 other
499 1165 60 25 side
577 1165 29 25 of
625 1165 47 25 the
687 1165 102 24 Island.
826 1165 59 24 The
900 1164 68 26 Pine

110 1211 74 30 Raft,
199 1221 30 16 so
251 1211 186 33 conspicuous
456 1214 28 21 at
504 1211 94 24 Brook
618 1210 91 29 Point,
723 1209 23 25 is
764 1210 89 33 rarely
869 1209 98 25 visible

108 1261 28 22 at
151 1257 139 26 Sandown
304 1257 62 32 Bay
375 1265 5 21 ;
400 1256 49 25 but
470 1255 23 25 is
510 1255 128 33 reported
657 1260 29 20 to
704 1255 71 25 have
788 1255 69 25 been
870 1255 98 25 visible

108 1304 37 33 by
157 1303 48 24 the
224 1301 163 33 Geological
407 1302 107 32 Survey
526 1300 100 33 during
644 1301 47 24 the
713 1309 119 16 summer
851 1299 29 26 of
902 1301 64 31 1858

107 1364 33 3 —
143 1357 15 16 a
181 1348 203 25 circumstance
406 1346 30 25 of
455 1346 83 25 much
560 1345 122 30 interest,
702 1344 117 34 proving
836 1344 21 26 it
876 1349 29 21 to
924 1345 42 29 be,

107 1397 48 21 not
179 1402 15 16 a
213 1401 75 16 mere
306 1392 72 24 local
401 1390 118 34 deposit,
532 1390 146 25 restricted
697 1393 28 22 to
745 1399 15 16 a
779 1389 106 26 limited
903 1398 64 16 area

107 1438 88 26 round
211 1437 93 26 Brook
319 1436 92 29 Point,
425 1437 50 24 but
494 1439 28 21 to
542 1436 71 24 have
626 1435 137 24 extended
776 1434 69 25 from
858 1437 66 22 west
938 1438 29 21 to

107 1487 69 26 east,
190 1492 66 17 over
270 1491 14 17 a
299 1482 126 25 distance
438 1481 30 25 of
478 1485 28 21 at
520 1482 69 23 least
603 1480 93 25 fifteen
709 1479 87 30 miles,
809 1479 28 25 in
851 1487 16 17 a
880 1479 86 25 direct

107 1528 62 25 line.
225 1527 108 32 During
352 1526 48 26 the
419 1534 83 25 many
515 1533 78 26 years
609 1525 11 25 I
634 1525 71 25 have
718 1524 100 25 visited
836 1524 47 25 the
897 1525 69 32 Bay,

108 1574 11 24 I
134 1574 72 25 have
223 1581 84 17 never
325 1572 56 25 had
399 1571 48 26 the
465 1570 180 32 opportunity
663 1570 29 25 of
709 1570 92 32 seeing
819 1570 29 24 it.

150 1620 24 25 It
185 1619 93 26 would
290 1619 35 24 be
336 1617 104 25 useless
451 1620 27 22 at
489 1616 57 26 this
556 1616 66 25 time
632 1620 29 21 to
672 1619 118 28 attempt
800 1620 29 21 to
842 1614 124 26 describe

106 1665 48 26 the
175 1664 123 35 position
319 1663 31 26 of
368 1663 69 26 beds
457 1662 164 32 contiguous
640 1665 29 21 to
691 1661 47 25 the
756 1664 83 26 town,
853 1669 31 17 as
901 1660 65 33 they
