1117 1922
267 149 152 16 chloritic
439 149 56 17 and
516 150 215 18 fossiliferous
754 152 79 16 marl.

948 148 32 29 89

177 219 31 24 In
238 219 47 24 the
315 218 226 33 neighbourhood
572 221 29 24 of
629 221 165 33 Cambridge
830 223 75 25 there
936 232 44 16 are

130 263 122 33 deposits
270 263 30 25 of
315 264 47 24 the
380 264 54 24 like
453 265 134 28 material,
607 265 89 26 which
717 268 146 24 command
881 276 17 16 a
915 277 65 25 very

130 307 139 25 extensive
283 309 56 24 sale
358 308 26 24 in
404 309 47 24 the
471 309 118 25 Eastern
605 311 138 28 Counties,
758 312 90 25 whilst
867 313 72 29 here,
953 313 27 24 in

128 353 47 25 the
195 353 54 24 Isle
266 353 30 24 of
312 353 106 33 Wight,
434 359 61 20 tons
514 354 30 25 of
560 354 19 26 it
599 364 45 16 are
663 356 111 25 washed
793 356 57 25 into
869 358 46 24 the
933 366 47 16 sea

128 397 137 33 annually.

162 477 53 25 We
240 476 84 26 insert
354 478 47 24 the
426 478 137 32 following
588 479 149 24 humorous
764 480 89 24 notice
877 480 30 25 of
932 480 47 25 the

154 521 160 33 Phosphate
501 522 69 25 from
594 523 47 24 the
665 524 84 23 Hants
771 524 158 33 Independent
953 524 28 25 of

125 566 48 25 the
191 566 55 32 day
257 576 6 15 :
265 581 35 4 —

200 622 142 25 Another
368 624 178 24 California.
549 639 34 2 —
586 624 22 23 A
637 624 169 32 speculation
835 624 50 25 has
909 625 68 25 been

125 667 121 32 recently
268 668 111 23 entered
402 667 66 28 into,
490 668 54 24 and
569 668 23 24 is
616 668 28 23 in
669 668 89 24 active
783 669 141 26 operation
950 674 26 21 at

124 711 46 24 the
185 712 70 23 back
268 711 29 24 of
308 712 47 24 the
370 712 102 28 Island,
484 712 35 33 by
530 721 75 15 some
617 712 182 33 enterprising
811 712 165 27 individuals

124 755 68 24 from
218 756 46 24 the
291 756 168 32 metropolis,
485 756 90 25 which
602 756 50 25 has
679 758 67 24 been
771 766 35 15 an
834 758 92 31 object
949 758 29 26 of

123 805 123 20 extreme
258 801 187 25 wonderment
465 806 29 21 to
513 801 47 25 the
578 801 107 26 natives
704 801 39 26 for
763 802 77 25 these
858 803 51 25 last
926 803 49 25 few

123 846 98 28 weeks,
235 855 76 15 more
330 846 180 32 particularly
523 850 27 21 to
570 846 79 25 those
666 846 61 26 who
744 846 88 25 reside
851 856 64 16 near
929 848 46 24 the

123 894 61 28 spot
199 890 26 24 in
241 890 126 32 question
378 899 5 21 ;
404 891 53 24 and
472 890 20 24 if
509 891 47 24 the
574 891 90 31 object
684 891 98 31 sought
797 890 39 26 for
850 892 36 32 by
898 892 77 24 these

122 935 112 33 parties,
251 936 83 24 much
353 935 30 26 of
399 936 90 25 which
508 936 50 25 has
578 936 111 32 already
707 936 68 25 been
793 936 138 30 obtained,
951 937 23 25 is

121 985 48 20 not
183 981 58 24 rich
256 980 26 25 in
302 981 47 24 the
368 981 126 32 precious
514 982 83 23 metal
611 981 88 24 which
719 981 195 32 distinguishes
927 983 46 23 the

121 1032 98 27 quartz
237 1026 30 24 of
285 1026 157 28 California,
463 1027 65 32 they
550 1030 72 20 must
644 1026 135 24 entertain
800 1027 46 23 the
865 1027 61 24 idea
947 1027 29 24 of

120 1071 123 33 speedily
268 1071 185 32 transmuting
478 1071 20 24 it
524 1071 58 24 into
607 1071 72 32 gold,
699 1070 22 25 if
743 1071 65 32 they
826 1070 94 25 intend
945 1075 28 21 to

119 1115 95 34 defray
227 1116 47 25 the
293 1116 132 24 immense
445 1120 58 20 cost
522 1115 30 25 of
567 1115 147 33 procuring
733 1115 28 24 it.
801 1116 31 24 In
851 1116 78 24 order
944 1121 29 21 to

119 1161 138 33 enlighten
278 1170 49 16 our
346 1161 110 25 readers
476 1170 30 16 as
525 1165 28 21 to
578 1161 47 24 the
643 1160 215 25 circumstances
882 1161 89 25 which

118 1208 72 24 have
207 1216 78 16 come
304 1211 28 21 to
351 1215 50 16 our
423 1207 160 31 knowledge
602 1205 117 33 relating
737 1210 28 21 to
787 1205 55 26 this
864 1210 107 25 matter,

118 1262 40 16 we
176 1257 74 21 must
268 1252 105 25 remind
396 1253 75 23 them
491 1252 59 24 that
573 1260 34 15 on
627 1252 46 23 the
693 1251 67 32 edge
778 1250 30 25 of
829 1251 46 24 the
897 1251 74 32 High

119 1298 161 33 Uppercliff,
295 1297 90 26 which
400 1297 115 25 extends
533 1296 69 25 from
622 1296 160 32 Blackgang
799 1299 28 21 to
841 1296 129 27 Ventnor,

116 1344 78 25 there
208 1353 95 23 creeps
318 1347 47 21 out
382 1347 27 20 at
429 1342 132 25 intervals
580 1350 16 16 a
616 1346 115 20 stratum
752 1340 29 25 of
797 1341 89 24 fossils
897 1349 4 20 ;
921 1349 51 16 one

115 1389 31 26 of
167 1390 86 28 these,
276 1389 101 24 situate
402 1388 109 32 exactly
531 1396 65 16 over
621 1386 60 25 that
700 1386 187 32 wild-looking
910 1389 63 29 spot

115 1439 29 21 at
166 1435 47 25 the
235 1435 71 24 back
325 1434 30 24 of
370 1433 47 25 the
436 1432 156 25 celebrated
613 1432 169 32 Chalybeate
801 1430 102 33 spring,
922 1430 50 25 has

115 1481 69 25 been
203 1480 64 33 long
291 1480 98 24 known
417 1483 27 20 to
470 1478 47 24 the
541 1478 146 24 fishermen
713 1485 34 16 on
772 1476 47 25 the
843 1479 77 21 coast
942 1485 29 15 as

114 1524 160 33 abounding
287 1524 27 25 in
328 1524 46 24 the
389 1528 70 20 most
473 1522 104 33 perfect
591 1521 163 32 specimens,
765 1521 48 24 but
827 1519 144 33 excepting

114 1581 16 15 a
142 1571 152 33 pecuniary
302 1570 106 26 reward
418 1569 40 25 for
470 1568 46 25 the
527 1568 145 32 discovery
681 1566 29 24 of
721 1574 33 16 an
765 1565 208 33 extraordinary

113 1615 190 27 antediluvian
324 1619 129 24 monster,
474 1613 69 25 from
563 1620 75 17 some
657 1611 109 24 curious
789 1610 142 33 geologist,
951 1610 19 24 it

113 1671 56 18 was
183 1670 82 18 never
279 1661 139 33 imagined
432 1668 30 17 or
481 1657 147 34 suspected
642 1656 59 26 that
721 1656 20 26 it
760 1655 145 34 possessed
925 1655 46 28 the
