1117 1922
459 182 138 20 JUNCTION
619 182 60 17 BED.

967 183 30 24 57

144 252 172 29 Greensand,
336 253 95 28 Gault,
453 254 95 32 Upper
569 254 171 29 Greensand,
754 254 54 25 and
829 255 97 25 Lower
945 254 52 26 and

145 298 96 32 Upper
255 298 99 29 Chalk,
369 307 102 24 appear
491 298 27 25 in
537 299 168 29 succession,
719 309 31 15 as
769 303 27 22 at
817 300 111 31 Messly.

190 343 44 25 On
254 342 120 33 arriving
395 347 27 22 at
442 344 47 25 the
511 344 113 26 summit
642 344 30 26 of
690 345 48 25 the
756 345 48 25 hill
829 345 109 33 leading
962 354 37 24 up

144 392 28 22 to
203 388 48 26 the
282 389 162 33 Blackgang
475 391 94 28 Hotel,
596 399 16 15 a
642 391 175 32 magnificent
849 399 151 25 panorama

143 437 127 29 presents
288 433 76 25 itself
380 438 28 21 to
428 435 47 24 the
497 435 69 26 view
586 444 35 16 on
643 436 47 24 the
710 436 80 33 right.
829 436 23 25 A
871 436 81 25 chain
972 436 29 25 of

144 478 81 24 chalk
248 478 63 25 hills
444 480 105 24 central
713 480 134 25 stretches
870 490 77 24 away
971 485 29 21 to

143 524 48 24 the
205 527 77 25 west,
293 524 178 32 terminating
486 524 27 24 in
526 524 46 24 the
586 529 178 28 promontory
778 529 27 20 at
817 525 182 25 Freshwater.

145 568 126 24 Beneath
285 568 47 24 the
351 568 138 25 headland
510 568 104 25 formed
634 569 35 32 by
682 569 75 25 them
776 578 46 16 are
840 569 79 25 those
932 578 68 16 once

144 616 62 22 vast
229 613 114 25 outliers
365 613 30 25 of
414 613 90 29 chalk,
525 614 64 32 long
611 613 74 26 since
707 615 145 31 separated
872 614 67 25 from
953 615 47 25 the

145 657 60 26 cliff
223 658 37 33 by
281 658 47 25 the
350 658 211 33 disintegrating
583 668 91 23 power
696 659 30 25 of
747 659 46 25 the
818 668 55 21 sea,
898 659 102 33 resting

146 712 74 23 upon
249 703 116 25 fissured
398 704 54 24 and
482 704 140 24 shattered
647 708 96 26 strata,
771 704 151 25 dislocated
947 705 53 25 and

146 752 60 21 rent
227 748 36 33 by
288 748 146 32 upheaval,
460 748 98 25 known
584 756 29 17 as
663 749 60 24 The
742 749 118 24 Needles

148 793 31 24 In
199 793 47 24 the
265 793 172 32 intervening
458 801 90 24 space,
563 794 123 24 between
707 794 46 24 the
772 794 80 24 chalk
865 794 63 24 hills
947 795 53 23 and

146 838 48 24 the
219 841 86 26 coast,
329 838 36 23 all
383 838 47 24 the
449 841 87 21 strata
565 838 71 24 have
662 838 183 32 disappeared
870 839 79 24 down
972 842 29 21 to

147 883 47 24 the
217 883 98 24 Lower
337 882 162 25 Greensand
522 882 54 24 and
598 883 47 23 the
665 883 144 28 Wealden,
829 883 116 32 forming
967 892 34 15 an

148 927 141 25 extensive
303 927 89 33 valley
406 927 29 24 of
451 927 168 24 denudation
633 927 30 24 of
678 936 82 24 many
773 936 99 24 square
885 936 76 16 acres
975 927 26 25 in

147 977 102 24 extent,
279 972 91 25 which
389 971 103 26 consist
518 971 29 26 of
574 971 150 26 cultivated
745 972 78 25 fields
845 973 54 24 and
920 982 81 23 green

147 1018 146 28 meadows,
318 1017 146 32 separated
482 1018 37 32 by
536 1017 64 25 trim
623 1017 88 33 hedge
732 1026 79 21 rows,
828 1017 89 26 whilst
933 1017 68 26 farm

146 1062 101 25 houses
265 1062 55 25 and
342 1065 124 29 cottages
488 1071 47 15 are
557 1071 63 16 seen
640 1062 95 25 dotted
756 1062 63 25 here
840 1063 53 24 and
915 1063 85 29 there,

146 1106 101 26 amidst
270 1107 107 31 clumps
398 1106 29 25 of
443 1107 100 32 stately
557 1107 76 28 elms,
646 1106 67 26 with
732 1106 47 25 the
794 1110 98 22 towers
911 1106 28 25 of
955 1107 46 24 the

145 1152 100 32 village
259 1152 136 24 churches
409 1151 117 32 peeping
539 1155 47 21 out
601 1151 67 25 from
689 1151 100 25 amidst
803 1151 47 25 the
863 1155 70 21 trees
948 1151 53 25 and

145 1198 107 32 foliage,
272 1197 93 33 giving
384 1201 29 20 to
433 1197 47 24 the
498 1197 88 24 whole
605 1197 61 24 that
685 1196 122 33 peculiar
828 1197 94 23 charm
936 1196 65 24 inci-

145 1242 93 25 dental
264 1247 28 19 to
315 1250 34 16 an
374 1241 116 31 English
512 1242 74 23 rural
610 1242 158 30 landscape.

193 1286 127 33 Looking
337 1286 123 25 seaward
480 1286 22 25 is
520 1295 63 16 seen
597 1286 47 25 the
663 1286 66 33 lofty
743 1286 67 24 dark
829 1286 48 24 red
890 1286 69 24 cliffs
976 1285 28 25 of

146 1332 161 29 Atherfield,
328 1331 54 25 and
403 1331 71 25 their
496 1331 146 28 headland,
657 1330 69 25 from
744 1330 90 26 which
853 1330 114 25 extends
987 1340 15 15 a

145 1377 78 32 ledge
242 1376 40 25 far
305 1386 78 23 away
403 1380 28 21 to
454 1385 55 15 sea.
548 1375 122 33 Beyond,
695 1375 89 33 again,
810 1383 46 17 are
879 1375 48 24 the
950 1375 53 25 low

146 1423 48 23 red
226 1422 54 24 and
304 1422 97 33 yellow
427 1421 69 25 cliffs
524 1421 28 25 of
578 1421 47 25 the
650 1421 144 28 Wealden,
819 1420 67 26 with
911 1420 92 25 Brook

148 1467 80 25 Point
254 1467 27 24 in
306 1467 47 24 the
372 1467 125 24 distance
508 1475 4 21 ;
536 1467 58 23 also
614 1465 86 25 Chale
720 1466 68 32 Bay,
808 1464 148 33 beginning
974 1468 28 21 at

148 1513 112 25 Rocken
287 1512 63 25 End
376 1512 54 24 and
452 1511 100 32 ending
577 1514 27 21 at
630 1510 152 25 Atherfield
807 1509 90 25 Point.
943 1509 60 25 The

147 1558 87 25 whole
253 1557 117 33 forming
387 1566 15 15 a
419 1557 83 24 series
519 1556 30 24 of
568 1556 152 24 headlands
740 1555 53 24 and
806 1554 195 29 indentations,

147 1604 102 25 caused
274 1604 35 32 by
334 1603 47 26 the
406 1602 112 25 inroads
543 1601 30 25 of
600 1601 47 25 the
673 1609 45 17 sea
748 1609 74 24 upon
851 1600 46 24 the
920 1599 83 25 softer

146 1649 125 33 portions
295 1647 30 26 of
346 1648 47 25 the
414 1646 133 33 deposits,
573 1645 109 33 leaving
710 1645 47 25 the
785 1645 99 24 harder
916 1648 86 21 strata

147 1695 91 26 before
252 1694 153 28 described,
416 1692 91 27 which
520 1692 69 25 form
605 1692 47 25 the
668 1690 152 27 headlands
834 1690 54 25 and
900 1689 101 33 ledges.
