1117 1922
147 194 30 23 66

386 200 57 17 THE
464 200 97 17 LOWER
580 199 179 18 GREENSAND.

193 272 69 26 This
284 272 109 33 portion
416 272 29 25 of
463 272 48 25 the
533 276 86 24 coast,
643 271 39 25 for
705 271 137 33 probably
864 267 149 29 centuries,

147 327 56 16 was
218 318 78 33 sadly
306 317 156 26 celebrated
476 317 40 25 for
530 316 179 33 shipwrecks,
721 316 63 29 and,
794 313 209 33 unfortunately

147 364 55 24 loss
216 363 29 25 of
262 363 45 25 life
327 364 53 24 and
400 367 139 29 property.
577 363 60 25 One
655 362 28 25 of
699 362 48 25 the
760 365 72 21 most
846 360 113 25 terrible
971 358 46 25 on'

150 409 96 25 record
259 417 58 17 was
329 409 61 25 that
411 409 29 25 of
456 409 48 25 the
758 407 82 25 West
859 405 157 29 Indiaman,

151 454 30 25 of
197 463 50 24 350
265 459 63 20 tons
341 454 115 29 burden,
471 463 35 16 on
526 454 48 25 her
593 453 159 25 homeward
765 460 108 26 voyage
890 451 70 25 from
975 450 41 26 St.

150 500 84 29 Kitts,
248 499 67 27 with
337 509 26 16 11
386 508 164 24 passengers
570 499 54 25 and
646 506 30 25 17
694 506 121 20 seamen,
830 498 35 24 all
880 496 29 25 of
924 496 91 25 whom

148 544 137 34 perished,
306 554 34 16 on
362 545 48 25 the
433 544 127 33 morning
581 543 30 26 of
627 544 48 25 the
700 543 63 25 nth
786 543 133 28 October,
941 543 74 31 1836,

149 590 67 26 with
230 591 47 25 the
290 591 147 32 exception
456 590 30 25 of
496 591 48 24 the
558 594 74 20 mate
646 589 54 25 and
714 593 55 21 two
782 597 122 17 seamen.
937 587 79 26 After

151 636 55 25 this
229 637 178 32 catastrophe
429 637 48 24 the
496 635 174 29 authorities,
693 635 28 24 in
746 637 74 30 1840,
840 633 111 26 erected
970 634 47 25 the

151 682 40 26 St.
207 682 173 25 Catherine's
399 682 167 32 lighthouse,
581 681 76 25 since
676 681 91 25 which
787 681 78 24 there
883 680 51 25 has
947 681 70 23 been

151 736 15 17 a
186 731 77 29 great
278 727 166 26 diminution
457 727 30 26 of
504 727 106 26 wrecks
629 731 27 21 at
677 726 55 26 this
746 730 72 29 spot,
833 725 100 29 which,
947 725 70 26 from

151 772 70 25 their
244 772 124 33 frequent
395 780 175 21 occurrence,
593 772 54 25 and
672 772 48 25 the
749 771 142 26 continual
915 771 57 25 loss
991 770 29 26 of

151 817 53 29 life,
219 817 27 25 in
267 818 107 33 bygone
392 818 69 33 days
481 825 57 17 was
557 821 48 20 not
624 816 108 34 inaptly
745 816 89 25 called
882 816 60 25 The
957 816 61 34 Bay

150 863 30 24 of

199 909 110 31 Among
330 908 48 25 the
397 908 98 33 yellow
517 907 107 33 shingle
642 907 54 25 and
719 907 69 25 sand
809 907 92 26 which
921 916 96 16 covers

151 954 48 25 the
220 954 81 25 shore
323 957 28 22 to
371 962 75 17 some
467 954 94 32 depth,
581 953 64 33 gold
668 953 73 30 dust,
763 953 121 33 Spanish
906 953 111 29 dollars,

152 1000 91 33 ignots
257 999 29 25 of
302 999 92 30 silver,
409 999 86 27 coins,
512 1000 132 33 jewellry,
659 999 61 33 pigs
738 999 29 25 of
782 999 72 30 lead,
869 1002 64 27 etc.,
947 999 70 25 have

152 1046 68 25 been
241 1045 83 25 found
346 1045 36 33 by
401 1045 45 25 old
466 1045 81 25 shore
566 1045 125 29 walkers,
705 1045 99 33 during
825 1045 55 25 this
898 1045 54 25 and
971 1045 46 25 the

152 1091 53 25 last
219 1095 124 29 century,
358 1090 158 25 memorials
530 1090 30 25 of
569 1089 215 33 long-forgotten
798 1090 115 29 wrecks,
926 1089 91 26 which

152 1136 72 25 finds
237 1136 71 25 have
322 1136 69 25 been
405 1136 109 25 handed
533 1136 81 25 down
633 1136 36 33 by
682 1135 134 26 tradition
834 1136 54 25 and
902 1135 115 34 history,

152 1181 156 32 reminding
327 1189 52 16 one
398 1181 30 25 of
445 1181 48 25 the
511 1182 95 24 dream
627 1181 29 25 of
675 1182 142 29 Clarence,
831 1181 121 25 wherein
971 1182 46 24 the

152 1227 168 25 sea-bottom
346 1236 58 16 was
428 1227 57 25 laid
507 1227 66 25 bare
598 1227 30 25 of
652 1227 36 25 its
712 1227 117 33 objects,
855 1227 92 26 which
972 1236 45 16 are

152 1272 65 24 thus
236 1272 145 24 described
395 1282 4 14 :
402 1288 35 3 —

266 1375 132 26 Methought
413 1376 11 19 I
440 1382 46 13 saw
501 1382 14 13 a
530 1376 111 20 thousand
656 1376 82 20 fearful
754 1376 92 26 wrecks,

266 1413 19 19 A
301 1414 111 20 thousand
427 1421 51 13 men
494 1415 50 20 that
560 1415 65 20 fishes
640 1415 95 26 gnawed
751 1422 66 20 upon,
819 1427 29 3 —

266 1454 93 25 Wedges
374 1454 24 19 of
412 1454 58 26 gold,
487 1456 63 24 great
566 1455 100 25 anchors,
682 1455 70 26 heaps
768 1455 24 21 of
806 1456 67 26 pearl,

265 1492 145 21 Inestimable
426 1495 81 23 stones,
523 1495 113 19 unvalued
651 1495 83 25 jewels,

266 1531 36 20 All
318 1532 112 20 scattered
446 1533 22 19 in
484 1533 40 20 the
539 1533 87 20 bottom
641 1533 25 20 of
680 1534 39 20 the
734 1541 44 13 sea.

267 1570 65 21 Some
346 1571 37 26 lay
399 1571 22 20 in
437 1572 57 20 dead
509 1573 71 19 men's
596 1573 77 24 skulls,
689 1574 44 18 and
749 1574 23 19 in
787 1574 64 20 these
866 1575 62 20 holes

267 1610 79 20 Where
361 1617 51 19 eyes
428 1610 38 20 did
481 1617 55 13 once
551 1611 93 25 inhabit,
655 1612 63 20 there
733 1619 59 13 were
807 1616 63 24 crept

268 1648 43 27 (As
326 1650 75 19 'twere
417 1650 22 19 in
455 1656 64 13 scorn
536 1650 24 19 of
574 1653 62 23 eyes)
653 1651 116 27 reflecting
784 1659 63 19 gems

266 1688 58 20 That
339 1689 69 19 woo'd
424 1689 38 20 the
477 1690 67 26 slimy
559 1691 87 19 bottom
661 1691 24 19 of
699 1691 39 20 the
754 1691 62 27 deep,

267 1727 49 20 And
331 1729 90 18 mock'd
435 1729 38 19 the
489 1729 56 20 dead
561 1730 68 19 bones
645 1730 50 19 that
710 1730 37 27 lay
763 1733 113 19 scattered
