1117 1922
471 156 166 17 ADDENDUM.

925 161 48 24 225

109 221 47 25 the
177 222 56 26 late
251 224 49 25 Dr.
316 224 122 26 Wilkins
450 235 57 16 was
526 228 156 31 purchased
702 229 36 32 by
751 230 46 24 the
815 232 159 25 committee

109 267 54 25 and
184 268 90 25 added
297 273 28 21 to
348 270 46 24 the
417 272 137 24 Museum.
593 272 59 24 The
677 273 75 25 chief
774 275 90 31 object
887 276 30 23 of
938 277 36 24 its

108 311 130 27 founders
263 313 23 25 is
311 317 28 21 to
371 316 98 23 collect
498 316 54 24 and
579 316 106 25 exhibit
710 317 48 25 the
782 320 109 24 natural
919 321 54 23 and

108 356 143 26 historical
265 359 181 32 productions
465 360 29 24 of
515 360 53 25 and
587 361 157 32 pertaining
763 366 28 21 to
810 363 47 25 the
874 364 53 24 Isle
946 365 29 24 of

108 403 108 32 Wight.
256 404 31 23 In
306 404 135 33 pursuing
459 404 57 26 this
538 414 97 16 course
654 406 47 25 the
720 407 159 25 committee
901 409 71 24 have

108 449 151 24 somewhat
294 449 137 29 deviated,
457 459 31 15 as
521 459 83 24 many
637 454 126 28 presents
795 451 71 25 have
902 453 70 24 been

107 493 127 25 received
253 493 165 26 illustrative
438 494 29 25 of
483 494 78 25 other
580 494 145 25 localities.

154 539 59 25 The
236 540 130 25 Museum
388 540 23 25 is
431 548 70 24 open
519 539 68 26 from
610 548 27 17 11
659 544 28 21 to
706 549 16 24 4
741 540 73 34 daily
832 541 139 34 (Sundays

107 584 155 33 excepted),
289 585 54 24 and
373 584 23 25 is
427 584 151 25 accessible
609 588 28 21 to
663 585 46 24 the
740 586 93 32 public
859 586 54 24 free
944 586 28 25 of

108 629 110 33 charge.
256 631 100 28 Those,
383 631 136 28 however,
545 631 62 24 who
632 631 71 24 have
728 631 47 24 the
801 640 103 20 means,
924 640 46 16 are

108 675 134 32 expected
267 680 28 20 to
320 675 63 33 give
407 684 76 16 some
507 675 71 25 little
602 675 151 33 pecuniary
779 675 53 29 aid,
858 675 40 25 for
924 676 46 25 the

107 720 142 32 reception
272 720 29 26 of
320 721 91 26 which
431 730 14 16 a
465 722 55 25 box
539 721 23 25 is
584 721 99 32 placed
703 721 97 26 within
820 721 48 25 the
892 730 77 17 room

107 774 65 15 near
185 766 47 23 the
245 769 139 20 entrance.

153 810 59 25 The
237 814 110 29 present
373 814 125 21 curators
524 819 45 16 are
582 820 5 15 :
618 811 52 24 Mr.
695 811 73 34 John
791 810 100 30 Wood,
919 811 48 24 Dr.

109 857 117 28 Groves,
246 857 55 24 and
321 857 52 24 Mr.
393 857 73 32 John
485 857 106 32 Young.

155 902 59 25 The
245 907 127 20 contents
403 902 30 25 of
460 902 47 25 the
538 903 129 24 Museum
695 911 47 16 are
766 911 66 24 very
857 902 94 26 varied
963 912 6 15 :

108 952 127 28 amongst
267 948 48 25 the
348 957 148 16 numerous
528 948 106 32 objects
665 947 29 26 of
725 947 113 26 interest
866 947 28 26 in
923 947 48 26 the

107 993 152 32 geological
282 993 174 32 department
479 992 23 26 is
520 1001 15 17 a
559 993 145 25 collection
722 993 30 25 of
770 994 86 24 bones
875 993 30 25 of
924 993 47 25 the

107 1037 121 33 gigantic
244 1037 116 26 Saurian
374 1037 113 33 reptiles
500 1038 29 24 of
545 1038 47 24 the
605 1038 136 24 Wealden
755 1038 29 24 of
800 1038 47 24 the
866 1038 103 29 Island,

107 1084 106 24 several
227 1083 29 24 of
273 1083 91 25 which
386 1092 63 24 may
463 1084 34 24 be
519 1083 60 24 said
601 1087 28 21 to
648 1083 69 25 rival
737 1084 79 24 those
835 1083 69 25 from
923 1084 47 24 the

107 1138 76 15 same
193 1128 146 26 formation
354 1128 27 25 in
394 1129 47 25 the
455 1128 146 26 collection
615 1128 28 25 of
654 1128 47 26 the
713 1128 105 26 British
831 1129 138 24 Museum.

107 1175 61 25 The
186 1175 78 25 other
284 1174 171 30 formations,
470 1174 115 32 ranging
604 1174 68 25 from
692 1174 47 26 the
753 1175 99 25 Lower
866 1175 103 25 Green-

107 1221 68 24 sand
200 1225 28 20 to
254 1221 47 24 the
323 1220 159 30 Tertiaries,
505 1228 47 16 are
575 1220 35 24 all
636 1220 178 32 represented
839 1220 36 32 by
898 1219 71 25 their

107 1266 99 29 fossils,
232 1266 90 25 which
355 1266 72 25 have
460 1266 70 25 been
564 1266 143 32 arranged,
734 1265 146 29 classified,
915 1264 55 25 and

107 1311 99 26 named
225 1312 37 32 by
276 1312 52 25 Mr.
344 1311 134 33 Keeping,
493 1311 29 25 of
538 1311 47 25 the
599 1310 217 26 Woodwardian
831 1311 138 27 Museum,

107 1357 175 32 Cambridge.
333 1357 31 24 In
395 1357 47 25 the
468 1355 219 33 Archæological
719 1355 174 33 department
924 1362 46 16 are

106 1402 161 25 collections
281 1402 30 25 of
330 1401 109 26 ancient
459 1401 54 26 and
535 1402 108 24 Roman
663 1404 118 28 pottery,
796 1399 59 25 flint
875 1399 94 32 imple-

106 1452 90 21 ments
222 1448 54 24 and
307 1455 87 17 arrow
419 1447 96 29 heads,
541 1445 67 26 with
637 1446 87 24 bones
753 1444 55 25 and
838 1443 75 25 teeth
944 1441 28 26 of

107 1493 126 29 animals,
256 1493 47 25 the
327 1496 71 21 most
421 1491 156 33 prominent
600 1498 101 23 among
723 1489 75 25 them
821 1487 82 32 being
924 1487 47 24 the

106 1539 76 26 teeth
212 1538 30 26 of
268 1538 49 26 the
348 1537 157 25 Mammoth
537 1536 122 34 (Elephas
682 1533 187 32 Primigenius).
912 1532 59 23 The

107 1583 184 33 Antiquarian
318 1583 176 31 department
527 1579 127 26 contains
680 1579 108 24 Roman
814 1576 55 25 and
893 1576 78 23 other

106 1630 78 25 coins
197 1629 55 25 and
267 1627 114 26 Samian
394 1635 73 17 ware
482 1625 55 25 and
555 1627 111 30 pottery
677 1631 5 22 ;
703 1623 58 24 also
775 1620 197 33 Anglo-Saxon

106 1675 121 26 remains
245 1674 70 25 from
338 1673 47 25 the
406 1670 100 27 tumuli
528 1678 31 16 or
577 1670 123 24 barrows
719 1675 34 16 on
779 1666 47 24 the
847 1664 125 32 hill-tops

926 1714 12 15 p
