1117 1922
375 182 100 16 little
495 182 96 16 stairs
611 183 91 15 point.

933 184 27 23 51

154 252 23 24 A
191 253 116 24 number
320 252 30 25 of
360 253 47 25 the
421 253 89 26 fossils
521 263 104 24 appear
638 259 28 21 to
680 255 70 26 have
763 256 68 25 been
842 255 120 30 derived,

106 297 91 25 whilst
216 298 93 25 others
327 307 73 16 seem
418 303 29 21 to
464 299 71 26 have
554 300 69 25 been
636 299 164 33 indiginous.
838 301 125 25 Beneath

106 342 47 24 the
167 342 82 26 lower
262 343 54 25 bed
329 352 15 16 a
363 352 74 16 seam
451 344 30 25 of
495 344 90 30 black,
598 344 85 34 gritty
697 346 147 24 substance
857 354 105 21 occurs,

106 386 67 26 with
187 388 49 25 but
250 388 51 26 few
314 389 128 25 enclosed
455 389 98 25 fossils.
592 391 25 23 It
636 390 22 24 is
676 390 48 24 full
738 390 29 24 of
784 390 76 29 dark,
875 391 88 33 shiny,

106 436 174 22 water-worn
300 435 124 31 pebbles,
437 434 67 25 with
528 438 105 29 quartz,
651 435 101 32 jasper,
767 436 87 24 scales
873 436 29 24 of
918 436 45 24 the

108 478 147 33 Hybodus,
271 479 53 24 and
338 480 85 28 teeth,
438 480 135 33 probably
586 480 29 24 of
630 480 140 25 Saurians.
807 480 68 25 This
889 489 74 16 seam

107 522 23 25 is
144 523 144 32 deposited
302 532 35 16 on
348 524 46 24 the
408 524 136 25 Wealden
558 524 74 32 clays
647 525 53 24 and
713 524 92 25 sands.

156 568 115 33 Beyond
292 569 48 25 the
367 568 97 33 King's
490 569 91 30 Head,
603 573 28 22 at
658 569 145 30 Sandown,
824 570 46 25 the
895 569 69 26 cliffs

108 613 54 26 rise
186 614 145 33 gradually
350 618 28 21 to
404 624 16 15 a
444 614 66 33 high
532 614 145 26 elevation.
724 616 128 24 Between
878 615 85 25 Small

111 659 82 32 Hope
213 659 82 25 Point
319 660 54 24 and
396 660 137 24 Sandown
555 660 47 24 the
622 660 105 24 section
749 660 27 24 in
798 661 47 23 the
867 660 58 24 cliff
940 660 23 24 is

109 708 47 21 not
172 713 29 16 so
216 706 101 32 clearly
331 714 72 20 seen,
417 706 49 24 but
486 706 46 24 the
551 706 47 32 dip
617 706 29 24 of
661 706 47 24 the
728 709 86 21 strata
827 706 136 25 increases

109 749 69 25 from
205 751 27 23 2°
257 751 82 23 north
364 750 29 24 of
423 750 134 25 Shanklin
587 750 87 25 Chine
702 754 28 20 to
757 751 26 31 50
807 750 85 24 under
917 750 47 25 the

111 795 131 24 southern
261 799 61 29 part
345 795 29 24 of
397 795 87 33 Royal
509 795 102 25 Heath.
660 795 59 24 The
745 796 88 23 Perna
857 795 106 24 Mulleti

111 840 61 29 bed,
186 840 126 32 marking
327 840 47 25 the
391 844 234 21 commencement
641 840 29 25 of
686 840 46 25 the
751 840 96 25 Lower
862 840 100 26 Green-

111 885 77 29 sand,
203 894 30 15 as
247 889 28 21 at
290 885 137 31 Compton
443 885 60 32 Bay
515 884 54 25 and
583 884 159 29 Atherfield,
757 893 158 23 re-appears
928 893 34 16 on

110 930 47 25 the
182 930 89 29 shore,
297 929 68 26 with
389 929 36 26 its
449 929 208 26 characteristic
682 929 98 29 fossils,
807 930 84 24 under
916 929 47 25 the

111 975 138 24 Sandown
264 975 146 24 Barracks.
447 974 67 25 This
529 974 61 30 bed,
604 974 81 32 being
697 975 138 32 generally
847 974 115 25 covered

109 1019 67 26 with
198 1020 78 29 sand,
290 1028 52 16 can
364 1020 63 32 only
440 1021 34 23 be
492 1028 63 16 seen
575 1019 98 33 during
691 1020 46 24 the
756 1020 162 31 prevalence
936 1019 29 24 of

109 1065 105 24 certain
233 1065 96 28 winds,
343 1065 55 24 and
417 1068 28 21 at
465 1065 201 31 exceptionally
684 1065 51 24 low
748 1064 80 25 tides.

155 1110 36 25 At
212 1109 86 26 Little
318 1109 88 26 Stairs
426 1109 92 29 Point,
537 1109 82 25 north
638 1109 29 25 of
684 1109 133 25 Shanklin
836 1109 96 29 Chine,
946 1118 16 16 a

108 1155 53 25 bed
175 1155 159 32 containing
343 1155 84 26 Ostrea
436 1155 112 32 prionata
562 1154 54 25 and.
625 1155 116 32 Exogyra
748 1155 94 24 sinuata
855 1163 106 16 occurs.

107 1201 159 24 Westward
279 1200 30 25 of
325 1201 46 24 the
387 1200 94 29 Chine,
497 1199 89 26 fossils
606 1199 80 33 begin
700 1203 28 22 to
750 1209 101 23 appear
871 1199 27 25 in
915 1200 47 25 the

107 1245 82 25 fallen
203 1246 95 24 blocks
311 1254 35 16 on
365 1246 48 24 the
432 1245 88 29 shore,
536 1245 53 25 and
608 1245 122 25 between
749 1245 47 25 the
808 1244 154 33 projecting

106 1291 147 28 headland,
265 1290 104 33 jutting
387 1290 58 24 into
465 1290 46 24 the
529 1298 54 21 sea,
598 1290 54 24 and
669 1290 80 24 laved
763 1290 35 32 by
811 1290 46 24 the
870 1298 91 16 waves

107 1336 69 25 each
200 1336 141 33 recurring
370 1336 56 25 tide
438 1344 5 21 ;
472 1336 65 24 here
564 1336 121 32 projects
714 1335 133 25 Shanklin
874 1335 87 32 ledge,

106 1381 91 25 where
210 1390 148 16 numerous
376 1380 90 25 fossils
487 1389 50 16 can
557 1380 33 25 be
608 1380 133 24 collected
757 1383 27 21 at
803 1380 52 25 low
868 1384 93 20 water.

108 1427 86 25 Great
219 1426 113 25 interest
354 1426 23 25 is
399 1425 132 26 attached
553 1430 28 20 to
603 1425 47 25 the
672 1429 87 21 strata
778 1429 27 21 at
829 1424 133 26 Shanklin

109 1472 90 29 Point,
222 1472 68 24 from
313 1472 47 24 the
380 1471 140 25 existence
542 1470 33 30 of,
597 1474 27 22 at
644 1471 78 29 least,
745 1474 54 22 two
824 1479 60 17 new
908 1469 54 25 and

106 1516 132 33 perfectly
269 1516 113 25 distinct
407 1524 97 24 ranges
536 1515 29 25 of
596 1516 121 32 Gryphæa
746 1515 102 25 sinuata.
902 1514 60 25 The

107 1562 115 32 striking
251 1561 146 25 difference
421 1562 124 24 between
570 1561 67 24 beds
666 1560 30 24 of
720 1559 55 25 this
805 1563 95 26 strata,
932 1568 30 16 so

106 1615 66 16 near
192 1606 68 25 each
283 1606 78 25 other
382 1615 30 16 as
430 1606 79 25 those
528 1605 30 25 of
575 1605 151 25 Atherfield
746 1605 54 24 and
818 1604 143 30 Shanklin,

107 1652 79 26 bears
207 1661 73 23 upon
301 1652 47 25 the
370 1652 110 32 general
500 1651 126 33 question
648 1651 31 24 of
699 1651 47 24 the
765 1650 118 25 division
907 1650 55 24 and

107 1697 199 25 identification
327 1697 29 25 of
379 1701 87 21 strata
492 1697 26 25 in
545 1696 135 26 detached
706 1696 101 31 places.
846 1696 68 25 East
936 1695 29 25 of
