1117 1922
436 149 94 16 WHITE
550 149 96 16 CHALK.

921 151 45 24 113

114 226 75 17 some
202 218 30 25 of
247 220 47 23 the
307 220 70 23 hard
390 219 159 26 limestones
562 221 30 24 of
608 221 46 25 the
673 221 136 26 Southern
825 222 84 25 Basin
924 231 45 16 are

114 264 103 33 mainly
231 265 148 31 composed
400 265 28 24 of
444 265 71 24 their
535 267 165 31 aggregated
720 268 91 24 shells.
849 268 81 24 Some
944 267 27 25 of

114 309 46 24 the
186 318 75 15 more
287 309 124 33 frequent
437 318 100 24 genera
566 320 45 15 are
637 312 162 31 Globigerina,
826 312 143 29 Orbitolina,

113 354 164 32 Porosphæra,
298 353 143 30 Nodosaria,
465 356 148 28 Texhdaria,
637 357 53 24 and
840 358 13 14 *

162 399 30 24 In
250 399 113 25 Science
548 409 75 16 some
649 410 78 17 vears
756 410 59 23 ago,
846 410 14 15 a
886 410 84 24 paper

114 444 148 31 appeared,
277 445 222 24 communicated
512 446 37 32 by
562 446 52 23 Mr.
627 446 105 31 Angell,
744 446 29 24 of
784 446 186 29 Winchester,

114 489 62 24 who
200 490 94 23 makes
319 490 46 23 the
390 490 138 32 following
550 491 122 24 remarks
685 501 4 14 :
696 507 30 1 —
755 491 111 32 Having
893 492 79 24 made

115 542 34 16 an
175 535 133 24 excellent
338 535 145 24 collection
508 535 39 32 [of
570 535 207 33 Foraminifera]
803 536 67 25 from
898 546 74 16 some

116 580 81 23 chalk
215 580 83 24 taken
317 580 69 24 from
405 580 46 25 the
466 580 92 33 cavity
576 580 28 25 of
621 590 15 16 a
649 581 69 28 flint,
735 582 10 24 I
760 582 68 25 wish
846 586 28 21 to
894 582 79 32 bring

118 624 21 24 it
153 624 92 24 before
259 624 46 25 the
319 624 91 25 notice
423 624 29 25 of
461 634 68 23 your
540 626 117 24 readers.
697 627 42 23 All
753 626 91 32 things
858 627 115 31 relating

117 673 28 20 to
159 669 47 24 the
219 668 145 26 formation
377 669 28 25 of
417 669 45 25 the
474 670 87 24 Chalk
573 679 45 16 are
628 679 60 16 now
699 670 29 25 of
739 671 101 31 special
851 671 121 28 interest,

118 713 27 25 in
166 723 190 23 consequence
375 714 30 25 of
424 714 46 26 the
491 715 116 33 identity
624 715 28 25 of
669 715 91 29 forms,
781 717 121 32 recently
920 716 52 24 dis-

116 760 118 24 covered
248 759 26 25 in
294 760 46 24 the
362 760 69 32 deep
451 760 123 24 Atlantic
594 761 155 32 dredgings,
764 761 66 24 with
849 761 79 24 those
947 760 28 25 of

115 804 48 24 the
183 804 75 25 fossil
282 804 172 25 animalculæ
475 805 29 24 of
526 806 46 23 the
596 806 87 24 Chalk
706 806 130 32 deposits.
875 806 31 24 In
928 814 46 25 my

116 850 146 24 collection
283 850 46 24 the
350 850 83 24 shells
455 859 44 15 are
519 850 161 33 beautifully
698 850 112 33 perfect,
831 850 26 25 in
880 860 93 15 conse-

116 903 105 23 quence
243 894 30 24 of
291 894 71 25 their
383 894 82 33 being
487 895 128 24 enclosed
634 894 26 25 in
682 904 15 15 a
717 894 59 25 flint
797 894 92 33 cavity
899 904 4 19 ;
925 895 48 24 but

115 939 47 24 the
183 938 55 26 fact
260 938 30 25 of
312 939 71 24 their
405 939 103 33 having
529 940 67 24 been
617 939 83 25 found
722 939 27 25 in
771 940 60 24 that
854 939 120 33 position

116 984 64 33 only
194 993 99 23 proves
307 984 60 25 that
387 984 46 25 the
451 984 59 25 flint
529 985 150 31 enveloped
698 985 46 24 the
759 993 110 23 sponge,
884 984 89 25 which

114 1038 56 16 was
193 1029 171 25 surrounded
386 1030 36 32 by
444 1029 120 33 myriads
587 1029 32 30 of
637 1030 53 24 like
715 1029 91 29 forms,
836 1029 53 25 and
912 1029 61 25 that

114 1074 47 25 the
182 1074 113 25 nucleus
318 1073 30 25 of
365 1074 46 24 the
437 1073 59 25 flint
522 1074 160 25 afterwards
704 1074 111 25 became
838 1073 133 29 silicated,

114 1120 125 31 together
273 1119 66 24 with
372 1119 45 24 the
451 1119 181 29 animalculæ,
659 1119 88 24 which
777 1119 101 31 having
905 1119 67 24 been

114 1165 148 32 preserved
283 1164 67 24 from
371 1173 135 23 pressure,
521 1165 47 23 the
588 1164 83 24 forms
688 1172 61 16 now
762 1168 109 28 present
886 1164 84 24 them-

114 1211 88 24 selves
229 1219 29 15 as
285 1209 133 26 beautiful
444 1209 55 24 and
524 1209 102 32 perfect
656 1218 29 15 as
714 1213 27 20 at
766 1209 70 24 their

150 1256 23 23 A
182 1254 50 26 few
243 1255 89 25 words
344 1263 29 16 as
384 1259 28 20 to
423 1254 46 25 the
483 1253 143 25 collection
638 1253 29 25 of
677 1254 79 24 these
767 1253 103 25 minute
881 1253 89 25 fossils

115 1308 63 25 may
190 1304 47 21 not
261 1301 33 24 be
313 1303 47 21 out
380 1299 30 25 of
427 1300 78 31 place
527 1299 72 24 here.
639 1298 26 25 If
682 1308 39 16 we
741 1299 82 24 select
847 1308 14 15 a
884 1299 86 24 round

114 1346 60 24 flint
189 1354 39 16 we
242 1345 69 24 shall
326 1345 55 24 find
395 1345 27 24 in
437 1353 81 24 many
532 1353 78 16 cases
626 1344 36 25 its
682 1344 110 25 interior
810 1349 27 20 to
852 1345 32 24 be
897 1344 72 25 filled

114 1391 66 25 with
195 1400 15 15 a
223 1391 83 25 white
319 1391 120 32 powder.
477 1390 68 24 This
566 1390 110 32 powder
691 1394 72 20 must
777 1390 33 24 be
824 1389 56 25 tied
893 1397 37 24 up
943 1389 26 24 in

113 1445 16 16 a
151 1436 77 33 piece
251 1436 29 25 of
298 1435 72 25 linen
392 1436 53 24 and
464 1435 103 25 shaken
583 1435 84 25 about
687 1435 27 24 in
734 1439 84 21 water
837 1435 68 24 until
925 1435 45 24 the

113 1485 84 22 water
219 1481 60 25 that
302 1490 65 15 runs
388 1480 67 25 from
477 1480 20 24 it
521 1480 22 24 is
567 1480 132 33 perfectly
718 1480 81 24 clear.
836 1480 60 24 The
918 1480 52 31 bag

113 1526 98 25 should
225 1526 65 25 then
304 1527 33 24 be
351 1525 115 32 opened,
482 1525 55 24 and
556 1524 47 25 the
621 1528 127 21 contents
765 1524 77 25 dried
855 1524 114 25 without

112 1572 73 28 heat,
200 1571 53 25 and
273 1579 34 17 on
328 1579 15 17 a
362 1570 105 25 careful
483 1569 187 26 examination
690 1569 80 32 being
790 1569 79 25 made
883 1568 19 25 it
918 1568 52 26 will

278 1673 9 7 *
300 1671 72 19 Geikie,
464 1670 53 17 Book
529 1670 20 17 of
678 1670 48 19 1882,
738 1674 19 15 p.
770 1670 36 16 804.

177 1711 13 13 H
