1117 1922
335 175 115 17 walpen
470 175 56 17 and
552 176 108 16 ladder
684 176 94 16 sands.

953 178 29 22 43

126 245 86 30 noides,
239 246 154 24 Terebratula
416 246 67 29 sella,
509 254 30 16 as
569 247 57 24 also
651 247 46 24 the
722 246 138 34 following
883 248 99 29 fossils,

127 291 92 25 which
244 300 46 16 are
312 295 127 27 amongst
461 292 48 24 the
530 295 72 21 most
628 292 206 26 characteristic
855 292 83 26 found
956 293 26 25 in

128 336 56 24 this
203 336 53 24 bed
269 346 40 14 :—

129 393 95 26 Ostrea
237 393 66 32 (two
317 394 108 32 species)

131 427 129 33 Gryphæa
273 429 103 23 sinuata

130 462 112 26 Mvtilus
254 462 160 24 lanceolatus

131 496 87 24 Pinna
343 496 40 32 (?)

130 530 125 23 Nautilus
269 530 117 23 radiatus

585 394 127 31 Panopæa
724 395 150 24 mandibula

585 429 66 23 Fern
661 429 90 23 fronds
761 429 26 23 of
798 429 186 32 Lonchopteris

651 463 120 22 Mantelli

584 496 84 24 Bones
681 496 27 24 of
720 496 104 31 reptiles

132 603 82 25 Some
238 602 30 26 of
289 603 48 25 the
362 602 89 26 fossils
476 612 46 15 are
552 603 146 25 encrusted
722 602 67 27 with
813 603 170 33 crystallised

132 656 72 24 spar,
223 648 54 25 and
302 656 83 25 many
406 656 46 17 are
476 647 100 34 wholly
597 648 148 25 converted
767 647 57 26 into
842 648 60 25 that
922 649 61 24 sub-

132 697 104 25 stance,
250 701 76 16 more
344 692 148 34 especially
510 692 48 25 the
576 693 109 24 smaller
707 693 151 24 Ammonites.
894 693 89 25 These

132 739 116 24 nodules
269 747 71 17 were
364 738 100 24 named
655 739 158 23 Peturson's

132 783 38 33 by
193 783 48 25 the
270 783 46 24 old
348 783 152 28 collectors,
530 782 28 24 in
585 783 49 23 Dr.
662 782 94 25 Fitton
784 782 54 24 and
867 782 116 33 Captain

135 828 157 23 Ibbetson's
310 827 76 24 time.

179 872 60 26 The
259 872 143 26 Crioceras
420 872 68 25 beds
507 872 100 25 extend
624 872 58 25 into
699 872 46 25 the
764 881 47 16 sea
823 872 27 24 in
864 881 15 16 a
893 873 89 25 south-

132 919 118 32 easterly
269 917 142 29 direction,
425 917 28 25 in
474 917 47 26 the
541 917 85 32 shape
645 916 29 26 of
691 917 69 25 hard
780 917 101 32 ledges,
894 917 88 26 which

132 963 90 25 follow
243 963 48 25 the
310 962 48 33 dip
380 962 29 26 of
431 962 46 25 the
497 965 96 26 strata,
613 962 54 25 and
689 971 45 16 are
756 961 73 26 often
848 962 134 30 denuded,

131 1007 149 33 especially
299 1007 69 25 after
388 1015 35 17 an
443 1010 59 22 east
524 1005 72 26 wind
618 1006 29 25 of
665 1006 64 32 long
748 1006 135 30 duration,
905 1007 77 25 when

130 1053 48 24 the
202 1052 115 25 nodules
342 1060 46 16 are
412 1051 55 25 laid
492 1052 74 28 bare,
586 1051 54 25 and
665 1050 70 26 their
761 1050 74 26 fossil
857 1055 125 21 contents

130 1097 121 33 exposed
269 1100 126 29 amongst
417 1096 100 29 which,
531 1095 155 25 associated
703 1095 66 25 with
788 1096 78 24 other
884 1096 98 29 fossils,

130 1151 47 16 are
196 1142 47 25 the
265 1142 129 28 Crioceras,
420 1140 88 25 coiled
530 1148 38 24 up
592 1148 35 16 on
651 1140 47 24 the
722 1140 78 32 ledge
822 1140 27 24 in
874 1149 15 15 a
913 1141 69 25 level

128 1196 77 16 zone.
252 1186 79 33 They
350 1194 47 17 are
416 1186 59 24 also
494 1185 85 24 found
599 1188 27 21 at
646 1185 48 24 the
713 1185 67 24 base
804 1185 30 24 of
852 1185 47 24 the
917 1185 65 29 cliff,

129 1234 54 25 and
203 1233 28 25 in
252 1234 47 24 the
319 1233 53 25 bed
397 1232 29 26 of
444 1232 47 25 the
510 1235 101 21 stream
630 1230 91 26 which
740 1230 77 26 flows
839 1231 78 26 down
936 1231 46 25 the

128 1283 94 21 centre
238 1278 31 25 of
284 1278 102 24 Whale
399 1277 97 29 Chine,
509 1276 104 32 having
630 1275 82 26 fallen
730 1280 48 21 out
797 1275 30 26 of
845 1276 46 25 the
913 1276 69 25 cliffs

129 1324 117 31 forming
264 1324 47 24 the
331 1323 72 24 sides
422 1322 30 24 of
467 1322 47 24 the
534 1321 95 25 Chine.

457 1425 70 19 Ninth
541 1424 106 20 Division.

210 1488 63 24 The
292 1488 129 24 Walpen
441 1495 56 17 and
517 1486 119 25 Ladder
656 1485 92 26 Sands
769 1485 44 31 (42
828 1484 61 31 feet)

176 1556 89 25 These
294 1556 83 24 sands
407 1554 103 25 consist
535 1553 29 25 of
585 1552 127 34 greenish
737 1551 53 25 and
814 1559 65 25 grey
904 1551 76 28 sand,

129 1601 67 27 with
215 1610 16 17 a
251 1602 75 32 layer
347 1600 29 26 of
395 1600 74 33 large
487 1599 115 25 nodules
621 1602 28 21 at
668 1598 47 25 the
734 1598 74 28 base,
823 1595 157 33 containing

129 1656 147 16 numerous
295 1646 91 26 fossils
407 1645 40 25 for
469 1645 84 25 about
576 1644 42 25 six
639 1643 61 24 feet.
738 1643 96 24 Above
852 1641 23 25 is
894 1650 16 16 a
928 1641 52 25 bed

129 1692 30 25 of
168 1692 123 26 variable
304 1692 149 28 thickness,
468 1689 149 32 composed
635 1688 165 33 principally
812 1687 29 25 of
856 1687 124 32 serpulæ,
