1117 1922
432 195 57 15 THE
509 193 101 17 HUMAN
630 192 110 18 PERIOD.

160 196 48 23 204

160 276 106 16 narrow
275 266 129 32 standing
417 270 92 21 stones
523 275 30 16 so
567 264 154 33 frequently
731 261 85 26 found
827 260 26 26 in
866 259 150 28 Denmark,

160 312 54 24 and
226 312 77 24 there
321 311 105 25 termed
473 312 91 24 Banta
705 316 29 17 or
754 305 143 27 memorial
915 309 101 21 stones.

161 357 85 31 Many
259 356 103 25 similar
375 357 58 24 also
446 364 83 17 occur
540 359 27 22 at
583 356 116 26 Carnac,
714 353 27 25 in
755 352 139 33 Brittany.

207 401 149 28 Lockhart,
385 409 33 16 an
449 400 201 32 archæologist,
680 398 95 25 makes
804 397 47 25 the
880 395 140 33 following

160 449 156 25 statement,
330 445 28 24 in
371 445 42 24 his
462 445 90 25 Guide
569 448 29 21 to
612 445 46 24 the
673 444 54 25 Isle
740 442 30 26 of
930 450 27 24 p.
973 448 45 26 35:

268 491 192 31 'Longstone'
481 498 34 16 on
536 490 164 24 Mottistone
720 489 135 24 Common
875 486 23 26 is
918 496 16 15 a
953 495 67 24 very

159 535 75 31 large
253 535 54 23 and
329 534 86 32 rough
438 534 203 32 quadrangular
661 542 73 15 mass
754 532 29 25 of
803 537 87 24 stone,
904 530 115 33 bearing

160 587 73 24 upon
258 579 21 23 it
301 587 35 15 no
358 579 92 23 marks
472 578 29 24 of
523 579 46 23 the
592 578 93 24 chisel.
724 578 119 32 Though
866 576 152 25 somewhat

160 624 96 32 rudely
277 623 114 28 formed,
409 623 20 24 it
449 623 118 24 consists
589 623 28 24 of
637 623 135 24 stratified
791 623 58 24 iron
869 622 151 24 sandstone

160 668 70 24 from
251 668 47 24 the
321 668 98 24 Lower
441 668 163 25 Greensand
623 668 156 28 formation,
799 668 47 24 the
866 667 153 32 prevailing

161 717 78 20 stone
253 712 27 24 in
292 712 60 24 that
373 712 235 32 neighbourhood,
623 712 162 24 abundance
805 712 29 24 of
849 711 92 25 which
955 720 65 24 may

161 757 34 24 be
208 756 55 25 had
280 756 68 24 from
372 756 137 32 Compton
533 756 60 33 Bay
616 756 70 24 Cliff.
724 756 59 24 The
803 756 95 32 height
917 756 30 24 of
963 756 56 24 this

161 801 112 32 upright
287 805 78 20 stone
384 800 23 25 is
431 809 29 24 13
482 800 62 29 feet,
559 800 54 25 and
632 800 19 25 it
675 800 22 25 is
720 803 33 30 b\
771 800 52 25 feet
839 800 70 26 wide
928 810 36 16 on
983 800 37 25 its

161 847 129 25 broadest
305 846 68 29 side,
388 846 54 25 and
457 855 32 15 20
501 845 53 26 feet
573 845 28 25 in
619 845 221 26 circumference.
880 847 40 24 Its
932 847 87 32 depth

162 892 22 24 is
198 891 124 25 believed
344 895 28 21 to
395 892 34 24 be
451 890 199 29 considerable,
665 891 54 24 and
741 890 36 25 its
795 891 101 32 weight
916 900 16 16 a
948 891 72 25 little

162 944 64 17 over
241 944 32 24 30
286 940 70 20 tons.
395 936 73 24 Four
487 935 53 25 feet
560 934 103 26 distant
683 934 22 26 is
727 944 15 15 a
761 936 160 24 recumbent
942 940 78 20 stone

162 991 14 23 9
191 982 51 24 feet
258 990 13 23 3
286 981 94 24 inches
402 980 27 25 in
451 981 104 31 length,
569 981 36 24 its
623 980 87 25 width
729 984 27 21 at
777 980 46 25 the
843 980 95 25 widest
958 985 62 28 part

162 1037 15 23 4
191 1027 62 28 feet,
268 1027 53 24 and
335 1026 35 24 its
384 1026 94 32 height
492 1030 27 20 at
534 1026 47 24 the
594 1025 119 25 thickest
725 1026 52 24 end
789 1027 32 31 i\
831 1026 62 24 feet.
932 1026 89 25 There

162 1073 23 25 is
210 1082 15 15 a
252 1071 73 26 third
350 1076 79 20 stone
451 1071 28 25 of
502 1080 16 16 a
540 1071 104 24 similar
669 1071 65 25 kind
760 1071 84 25 about
868 1080 49 24 300
939 1072 82 32 yards

162 1118 124 25 distance
307 1117 69 25 from
397 1117 48 25 the
468 1117 168 31 Longstone,
650 1120 29 21 to
699 1116 46 25 the
765 1120 58 21 east
843 1125 34 16 on
897 1116 47 26 the
960 1126 61 24 way

162 1164 66 24 side.
267 1163 69 24 This
354 1166 79 21 stone
451 1162 23 25 is
494 1161 46 33 4ft.
556 1170 52 24 3m.
628 1161 79 30 wide,
726 1162 54 25 and
800 1161 46 26 2ft.
861 1161 53 26 2in.
934 1162 86 25 thick.

162 1209 124 24 Another
308 1213 78 20 stone
405 1208 49 24 lies
474 1216 66 16 near
562 1207 47 25 the
628 1211 63 29 gate
711 1207 68 24 from
799 1208 46 24 the
864 1209 156 24 Calbourne

160 1255 54 24 and
229 1253 163 26 Mottistone
406 1253 67 25 road
486 1262 35 16 on
540 1253 47 24 the
602 1253 131 33 pathway
745 1257 29 21 to
790 1253 46 24 the
850 1253 169 33 Longstone,

160 1300 69 25 from
254 1299 91 25 which
370 1298 21 26 it
417 1298 22 25 is
462 1298 104 25 distant
590 1306 49 24 570
661 1298 90 33 yards.
791 1299 74 25 Most
885 1299 135 33 probably

159 1345 78 23 these
252 1348 92 20 stones
358 1352 68 16 once
439 1343 106 25 formed
558 1352 34 16 an
607 1342 110 26 ancient
733 1343 105 25 British

207 1390 31 23 In
252 1390 47 24 the
312 1390 113 33 Journal
439 1389 29 24 of
479 1389 46 24 the
540 1388 105 25 British
660 1389 218 32 Archæological
893 1390 127 24 Associa-

159 1435 58 24 tion
236 1435 40 24 for
298 1436 73 27 1882,
394 1434 119 32 Captain
532 1435 24 33 J.
578 1434 94 32 Thorp
692 1435 140 24 describes
855 1444 34 15 an
910 1435 110 26 ancient

159 1479 105 24 British
290 1479 107 25 barrow
423 1479 27 24 in
474 1479 48 24 the
548 1479 103 29 Island,
675 1479 53 25 and
751 1488 31 16 as
804 1479 20 25 it
847 1479 23 25 is
895 1480 29 25 of
943 1485 77 28 great

158 1524 113 24 interest
285 1524 54 24 and
358 1524 182 32 importance,
556 1524 11 24 I
582 1524 63 32 give
663 1524 48 25 the
730 1529 107 20 extract
851 1524 27 25 in
892 1525 56 25 full.
988 1526 32 24 In

158 1568 47 24 the
216 1568 110 32 journal
345 1578 63 23 may
422 1569 34 24 be
475 1578 64 15 seen
559 1578 15 15 a
594 1570 84 31 plate,
693 1569 124 33 showing
838 1579 15 16 a
872 1571 106 25 section
993 1572 29 25 of

158 1614 46 24 the
225 1613 111 29 mound,
351 1613 46 25 the
418 1623 50 15 urn
489 1613 84 26 found
595 1614 28 25 in
645 1614 21 26 it
689 1615 54 25 and
763 1624 15 16 a
798 1616 108 32 picture
925 1617 29 25 of
973 1617 47 26 the

158 1659 131 27 skeleton,
316 1658 54 25 and
395 1659 48 24 the
474 1659 71 25 skull
574 1659 67 25 with
671 1661 47 23 the
748 1661 62 25 hole
836 1662 120 26 referred
981 1667 38 22 to.

159 1702 118 32 Captain
291 1703 94 31 Thorp
400 1711 63 23 says
475 1712 5 16 :
