<?xml version="1.0" encoding="UTF-8"?>
<alto xmlns:xsi="http://www.w3.org/2001/XMLSchema-instance" xsi:noNamespaceSchemaLocation="http://www.bl.uk/schemas/alto/alto-1-4.xsd" xmlns:xlink="http://www.w3.org/1999/xlink">
	<Description>
		<MeasurementUnit>mm10</MeasurementUnit>
		<sourceImageInformation>
			<fileName>//head1/IN/2008-16/A0011467890/006492.jp2</fileName>
		</sourceImageInformation>
		<OCRProcessing ID="OCRPROCESSING_1">
			<preProcessingStep>
				<processingSoftware>
					<softwareCreator>CCS Content Conversion Specialists GmbH, Germany</softwareCreator>
					<softwareName>CCS docWORKS</softwareName>
					<softwareVersion>6.1-0.67</softwareVersion>
				</processingSoftware>
			</preProcessingStep>
			<ocrProcessingStep>
				<processingSoftware>
					<softwareCreator>ABBYY (BIT Software), Russia</softwareCreator>
					<softwareName>Finereader</softwareName>
				</processingSoftware>
			</ocrProcessingStep>
		</OCRProcessing>
	</Description>
	<Styles>
		<TextStyle ID="TXT_0" FONTSIZE="11" FONTFAMILY="Courier New"/>
		<TextStyle ID="TXT_1" FONTSIZE="9" FONTFAMILY="Courier New"/>
		<ParagraphStyle ID="PAR_CENTER" ALIGN="Center"/>
		<ParagraphStyle ID="PAR_LEFT" ALIGN="Left"/>
	</Styles>
	<Layout>
		<Page ID="P10" PHYSICAL_IMG_NR="10" HEIGHT="1922" WIDTH="1117" PRINTED_IMG_NR="IV" POSITION="Left" ACCURACY="88.48">
			<TopMargin ID="P10_TM00001" HPOS="0" VPOS="0" WIDTH="1116" HEIGHT="191">
				<TextBlock ID="P10_TB00001" HPOS="551" VPOS="173" WIDTH="34" HEIGHT="16" STYLEREFS="TXT_0 PAR_CENTER">
					<TextLine ID="P10_TL00001" HPOS="551" VPOS="173" WIDTH="34" HEIGHT="16">
						<String ID="P10_ST00001" HPOS="551" VPOS="173" WIDTH="34" HEIGHT="16" CONTENT="IV" WC="1.00" CC="00"/>
					</TextLine>
				</TextBlock>
			</TopMargin>
			<LeftMargin ID="P10_LM00001" HPOS="0" VPOS="191" WIDTH="132" HEIGHT="1542"/>
			<RightMargin ID="P10_RM00001" HPOS="1003" VPOS="191" WIDTH="113" HEIGHT="1542"/>
			<BottomMargin ID="P10_BM00001" HPOS="0" VPOS="1733" WIDTH="1116" HEIGHT="188"/>
			<PrintSpace ID="P10_PS00001" HPOS="132" VPOS="191" WIDTH="871" HEIGHT="1542">
				<TextBlock ID="P10_TB00002" HPOS="132" VPOS="241" WIDTH="870" HEIGHT="594" STYLEREFS="TXT_1 PAR_LEFT">
					<TextLine ID="P10_TL00002" HPOS="136" VPOS="242" WIDTH="865" HEIGHT="37">
						<String ID="P10_ST00002" HPOS="136" VPOS="246" WIDTH="30" HEIGHT="25" CONTENT="of" WC="0.90" CC="10"/>
						<SP ID="P10_SP00001" HPOS="166" VPOS="271" WIDTH="11"/>
						<String ID="P10_ST00003" HPOS="177" VPOS="247" WIDTH="117" HEIGHT="28" CONTENT="science," WC="0.86" CC="00506000"/>
						<SP ID="P10_SP00002" HPOS="294" VPOS="275" WIDTH="16"/>
						<String ID="P10_ST00004" HPOS="310" VPOS="247" WIDTH="10" HEIGHT="24" CONTENT="I" WC="0.61" CC="3"/>
						<SP ID="P10_SP00003" HPOS="320" VPOS="275" WIDTH="16"/>
						<String ID="P10_ST00005" HPOS="336" VPOS="247" WIDTH="71" HEIGHT="32" CONTENT="hope" WC="1.00" CC="0000"/>
						<SP ID="P10_SP00004" HPOS="407" VPOS="279" WIDTH="14"/>
						<String ID="P10_ST00006" HPOS="421" VPOS="247" WIDTH="47" HEIGHT="24" CONTENT="the" WC="0.82" CC="500"/>
						<SP ID="P10_SP00005" HPOS="468" VPOS="279" WIDTH="14"/>
						<String ID="P10_ST00007" HPOS="482" VPOS="245" WIDTH="99" HEIGHT="33" CONTENT="simple" WC="0.69" CC="049040"/>
						<SP ID="P10_SP00006" HPOS="581" VPOS="279" WIDTH="13"/>
						<String ID="P10_ST00008" HPOS="594" VPOS="243" WIDTH="98" HEIGHT="26" CONTENT="record" WC="0.85" CC="000008"/>
						<SP ID="P10_SP00007" HPOS="692" VPOS="279" WIDTH="13"/>
						<String ID="P10_ST00009" HPOS="705" VPOS="242" WIDTH="31" HEIGHT="25" CONTENT="of" WC="1.00" CC="00"/>
						<SP ID="P10_SP00008" HPOS="736" VPOS="279" WIDTH="16"/>
						<String ID="P10_ST00010" HPOS="752" VPOS="251" WIDTH="83" HEIGHT="24" CONTENT="many" WC="0.46" CC="7543"/>
						<SP ID="P10_SP00009" HPOS="835" VPOS="279" WIDTH="12"/>
						<String ID="P10_ST00011" HPOS="847" VPOS="242" WIDTH="154" HEIGHT="32" CONTENT="important" WC="0.84" CC="460020100"/>
					</TextLine>
					<TextLine ID="P10_TL00003" HPOS="137" VPOS="297" WIDTH="865" HEIGHT="31">
						<String ID="P10_ST00012" HPOS="137" VPOS="302" WIDTH="70" HEIGHT="25" CONTENT="facts" WC="0.97" CC="00010"/>
						<SP ID="P10_SP00010" HPOS="207" VPOS="327" WIDTH="20"/>
						<String ID="P10_ST00013" HPOS="227" VPOS="302" WIDTH="54" HEIGHT="25" CONTENT="and" WC="1.00" CC="000"/>
						<SP ID="P10_SP00011" HPOS="281" VPOS="327" WIDTH="19"/>
						<String ID="P10_ST00014" HPOS="300" VPOS="311" WIDTH="60" HEIGHT="17" CONTENT="new" WC="1.00" CC="000"/>
						<SP ID="P10_SP00012" HPOS="360" VPOS="328" WIDTH="13"/>
						<String ID="P10_ST00015" HPOS="373" VPOS="302" WIDTH="168" HEIGHT="25" CONTENT="discoveries" WC="0.88" CC="03000005012"/>
						<SP ID="P10_SP00013" HPOS="541" VPOS="328" WIDTH="18"/>
						<String ID="P10_ST00016" HPOS="559" VPOS="300" WIDTH="93" HEIGHT="26" CONTENT="which" WC="0.67" CC="05406"/>
						<SP ID="P10_SP00014" HPOS="652" VPOS="328" WIDTH="23"/>
						<String ID="P10_ST00017" HPOS="675" VPOS="299" WIDTH="72" HEIGHT="25" CONTENT="have" WC="1.00" CC="0000"/>
						<SP ID="P10_SP00015" HPOS="747" VPOS="328" WIDTH="20"/>
						<String ID="P10_ST00018" HPOS="767" VPOS="299" WIDTH="115" HEIGHT="24" CONTENT="become" WC="0.95" CC="000300"/>
						<SP ID="P10_SP00016" HPOS="882" VPOS="328" WIDTH="19"/>
						<String ID="P10_ST00019" HPOS="901" VPOS="297" WIDTH="101" HEIGHT="24" CONTENT="known" WC="0.71" CC="00094"/>
					</TextLine>
					<TextLine ID="P10_TL00004" HPOS="137" VPOS="353" WIDTH="865" HEIGHT="30">
						<String ID="P10_ST00020" HPOS="137" VPOS="357" WIDTH="68" HEIGHT="25" CONTENT="from" WC="0.82" CC="4030"/>
						<SP ID="P10_SP00017" HPOS="205" VPOS="382" WIDTH="23"/>
						<String ID="P10_ST00021" HPOS="228" VPOS="358" WIDTH="67" HEIGHT="25" CONTENT="time" WC="0.89" CC="0400"/>
						<SP ID="P10_SP00018" HPOS="295" VPOS="383" WIDTH="21"/>
						<String ID="P10_ST00022" HPOS="316" VPOS="362" WIDTH="29" HEIGHT="20" CONTENT="to" WC="0.50" CC="90"/>
						<SP ID="P10_SP00019" HPOS="345" VPOS="383" WIDTH="26"/>
						<String ID="P10_ST00023" HPOS="371" VPOS="357" WIDTH="66" HEIGHT="25" CONTENT="time" WC="1.00" CC="0000"/>
						<SP ID="P10_SP00020" HPOS="437" VPOS="383" WIDTH="23"/>
						<String ID="P10_ST00024" HPOS="460" VPOS="357" WIDTH="75" HEIGHT="25" CONTENT="since" WC="0.77" CC="06500"/>
						<SP ID="P10_SP00021" HPOS="535" VPOS="383" WIDTH="25"/>
						<String ID="P10_ST00025" HPOS="560" VPOS="357" WIDTH="48" HEIGHT="24" CONTENT="the" WC="1.00" CC="000"/>
						<SP ID="P10_SP00022" HPOS="608" VPOS="383" WIDTH="21"/>
						<String ID="P10_ST00026" HPOS="629" VPOS="355" WIDTH="90" HEIGHT="25" CONTENT="works" WC="0.74" CC="04430"/>
						<SP ID="P10_SP00023" HPOS="719" VPOS="383" WIDTH="23"/>
						<String ID="P10_ST00027" HPOS="742" VPOS="353" WIDTH="112" HEIGHT="26" CONTENT="alluded" WC="0.87" CC="0233000"/>
						<SP ID="P10_SP00024" HPOS="854" VPOS="383" WIDTH="25"/>
						<String ID="P10_ST00028" HPOS="879" VPOS="357" WIDTH="29" HEIGHT="20" CONTENT="to" WC="0.83" CC="20"/>
						<SP ID="P10_SP00025" HPOS="908" VPOS="383" WIDTH="23"/>
						<String ID="P10_ST00029" HPOS="931" VPOS="360" WIDTH="71" HEIGHT="17" CONTENT="were" WC="0.76" CC="9000"/>
					</TextLine>
					<TextLine ID="P10_TL00005" HPOS="137" VPOS="408" WIDTH="865" HEIGHT="38">
						<String ID="P10_ST00030" HPOS="137" VPOS="413" WIDTH="157" HEIGHT="33" CONTENT="published," WC="0.92" CC="0400200000"/>
						<SP ID="P10_SP00026" HPOS="294" VPOS="446" WIDTH="41"/>
						<String ID="P10_ST00031" HPOS="335" VPOS="413" WIDTH="54" HEIGHT="26" CONTENT="will" WC="0.46" CC="8255"/>
						<SP ID="P10_SP00027" HPOS="389" VPOS="446" WIDTH="48"/>
						<String ID="P10_ST00032" HPOS="437" VPOS="413" WIDTH="79" HEIGHT="25" CONTENT="make" WC="1.00" CC="0000"/>
						<SP ID="P10_SP00028" HPOS="516" VPOS="446" WIDTH="42"/>
						<String ID="P10_ST00033" HPOS="558" VPOS="412" WIDTH="56" HEIGHT="25" CONTENT="this" WC="1.00" CC="0000"/>
						<SP ID="P10_SP00029" HPOS="614" VPOS="446" WIDTH="37"/>
						<String ID="P10_ST00034" HPOS="651" VPOS="411" WIDTH="74" HEIGHT="25" CONTENT="work" WC="0.95" CC="0100"/>
						<SP ID="P10_SP00030" HPOS="725" VPOS="446" WIDTH="43"/>
						<String ID="P10_ST00035" HPOS="768" VPOS="408" WIDTH="164" HEIGHT="33" CONTENT="acceptable" WC="0.99" CC="0000000000"/>
						<SP ID="P10_SP00031" HPOS="932" VPOS="446" WIDTH="41"/>
						<String ID="P10_ST00036" HPOS="973" VPOS="412" WIDTH="29" HEIGHT="20" CONTENT="to" WC="0.98" CC="00"/>
					</TextLine>
					<TextLine ID="P10_TL00006" HPOS="136" VPOS="463" WIDTH="866" HEIGHT="38">
						<String ID="P10_ST00037" HPOS="136" VPOS="470" WIDTH="80" HEIGHT="25" CONTENT="those" WC="0.91" CC="04000"/>
						<SP ID="P10_SP00032" HPOS="216" VPOS="495" WIDTH="19"/>
						<String ID="P10_ST00038" HPOS="235" VPOS="469" WIDTH="150" HEIGHT="26" CONTENT="interested" WC="0.97" CC="0000300000"/>
						<SP ID="P10_SP00033" HPOS="385" VPOS="495" WIDTH="22"/>
						<String ID="P10_ST00039" HPOS="407" VPOS="470" WIDTH="27" HEIGHT="24" CONTENT="in" WC="0.98" CC="00"/>
						<SP ID="P10_SP00034" HPOS="434" VPOS="495" WIDTH="22"/>
						<String ID="P10_ST00040" HPOS="456" VPOS="470" WIDTH="48" HEIGHT="25" CONTENT="the" WC="1.00" CC="000"/>
						<SP ID="P10_SP00035" HPOS="504" VPOS="495" WIDTH="20"/>
						<String ID="P10_ST00041" HPOS="524" VPOS="469" WIDTH="117" HEIGHT="32" CONTENT="subject." WC="0.86" CC="70020000"/>
						<SP ID="P10_SP00036" HPOS="641" VPOS="501" WIDTH="39"/>
						<String ID="P10_ST00042" HPOS="680" VPOS="467" WIDTH="11" HEIGHT="25" CONTENT="I" WC="1.00" CC="0"/>
						<SP ID="P10_SP00037" HPOS="691" VPOS="501" WIDTH="23"/>
						<String ID="P10_ST00043" HPOS="714" VPOS="467" WIDTH="71" HEIGHT="24" CONTENT="have" WC="0.79" CC="0080"/>
						<SP ID="P10_SP00038" HPOS="785" VPOS="501" WIDTH="22"/>
						<String ID="P10_ST00044" HPOS="807" VPOS="463" WIDTH="195" HEIGHT="27" CONTENT="endeavoured" WC="0.92" CC="00000035000"/>
					</TextLine>
					<TextLine ID="P10_TL00007" HPOS="136" VPOS="519" WIDTH="866" HEIGHT="39">
						<String ID="P10_ST00045" HPOS="136" VPOS="528" WIDTH="28" HEIGHT="22" CONTENT="to" WC="0.89" CC="02"/>
						<SP ID="P10_SP00039" HPOS="164" VPOS="550" WIDTH="25"/>
						<String ID="P10_ST00046" HPOS="189" VPOS="525" WIDTH="62" HEIGHT="33" CONTENT="give" WC="1.00" CC="0000"/>
						<SP ID="P10_SP00040" HPOS="251" VPOS="558" WIDTH="22"/>
						<String ID="P10_ST00047" HPOS="273" VPOS="534" WIDTH="46" HEIGHT="24" CONTENT="my" WC="0.81" CC="03"/>
						<SP ID="P10_SP00041" HPOS="319" VPOS="558" WIDTH="21"/>
						<String ID="P10_ST00048" HPOS="340" VPOS="525" WIDTH="184" HEIGHT="32" CONTENT="descriptions" WC="0.77" CC="000036805040"/>
						<SP ID="P10_SP00042" HPOS="524" VPOS="558" WIDTH="22"/>
						<String ID="P10_ST00049" HPOS="546" VPOS="524" WIDTH="27" HEIGHT="25" CONTENT="in" WC="0.88" CC="10"/>
						<SP ID="P10_SP00043" HPOS="573" VPOS="558" WIDTH="24"/>
						<String ID="P10_ST00050" HPOS="597" VPOS="523" WIDTH="68" HEIGHT="25" CONTENT="such" WC="0.82" CC="0600"/>
						<SP ID="P10_SP00044" HPOS="665" VPOS="558" WIDTH="21"/>
						<String ID="P10_ST00051" HPOS="686" VPOS="532" WIDTH="16" HEIGHT="15" CONTENT="a" WC="1.00" CC="0"/>
						<SP ID="P10_SP00045" HPOS="702" VPOS="558" WIDTH="26"/>
						<String ID="P10_ST00052" HPOS="728" VPOS="530" WIDTH="114" HEIGHT="16" CONTENT="manner" WC="0.81" CC="005005"/>
						<SP ID="P10_SP00046" HPOS="842" VPOS="558" WIDTH="26"/>
						<String ID="P10_ST00053" HPOS="868" VPOS="521" WIDTH="61" HEIGHT="24" CONTENT="that" WC="0.71" CC="0470"/>
						<SP ID="P10_SP00047" HPOS="929" VPOS="558" WIDTH="25"/>
						<String ID="P10_ST00054" HPOS="954" VPOS="519" WIDTH="48" HEIGHT="26" CONTENT="the" WC="0.82" CC="050"/>
					</TextLine>
					<TextLine ID="P10_TL00008" HPOS="135" VPOS="578" WIDTH="866" HEIGHT="36">
						<String ID="P10_ST00055" HPOS="135" VPOS="582" WIDTH="76" HEIGHT="24" CONTENT="work" WC="0.88" CC="0040"/>
						<SP ID="P10_SP00048" HPOS="211" VPOS="606" WIDTH="19"/>
						<String ID="P10_ST00056" HPOS="230" VPOS="590" WIDTH="64" HEIGHT="24" CONTENT="may" WC="0.73" CC="800"/>
						<SP ID="P10_SP00049" HPOS="294" VPOS="614" WIDTH="12"/>
						<String ID="P10_ST00057" HPOS="306" VPOS="582" WIDTH="34" HEIGHT="24" CONTENT="be" WC="1.00" CC="00"/>
						<SP ID="P10_SP00050" HPOS="340" VPOS="614" WIDTH="20"/>
						<String ID="P10_ST00058" HPOS="360" VPOS="580" WIDTH="89" HEIGHT="25" CONTENT="useful" WC="0.84" CC="200302"/>
						<SP ID="P10_SP00051" HPOS="449" VPOS="614" WIDTH="19"/>
						<String ID="P10_ST00059" HPOS="468" VPOS="584" WIDTH="28" HEIGHT="21" CONTENT="to" WC="1.00" CC="00"/>
						<SP ID="P10_SP00052" HPOS="496" VPOS="614" WIDTH="19"/>
						<String ID="P10_ST00060" HPOS="515" VPOS="580" WIDTH="47" HEIGHT="25" CONTENT="the" WC="1.00" CC="000"/>
						<SP ID="P10_SP00053" HPOS="562" VPOS="614" WIDTH="19"/>
						<String ID="P10_ST00061" HPOS="581" VPOS="578" WIDTH="135" HEIGHT="34" CONTENT="geologist" WC="0.89" CC="000500400"/>
						<SP ID="P10_SP00054" HPOS="716" VPOS="614" WIDTH="20"/>
						<String ID="P10_ST00062" HPOS="736" VPOS="587" WIDTH="30" HEIGHT="15" CONTENT="as" WC="0.79" CC="40"/>
						<SP ID="P10_SP00055" HPOS="766" VPOS="614" WIDTH="14"/>
						<String ID="P10_ST00063" HPOS="780" VPOS="578" WIDTH="61" HEIGHT="24" CONTENT="well" WC="0.85" CC="0050"/>
						<SP ID="P10_SP00056" HPOS="841" VPOS="614" WIDTH="21"/>
						<String ID="P10_ST00064" HPOS="862" VPOS="585" WIDTH="30" HEIGHT="16" CONTENT="as" WC="1.00" CC="00"/>
						<SP ID="P10_SP00057" HPOS="892" VPOS="614" WIDTH="20"/>
						<String ID="P10_ST00065" HPOS="912" VPOS="580" WIDTH="89" HEIGHT="20" CONTENT="enter" SUBS_TYPE="HypPart1" SUBS_CONTENT="entertaining" WC="1.00" CC="000000"/>
						<HYP CONTENT="-"/>
					</TextLine>
					<TextLine ID="P10_TL00009" HPOS="135" VPOS="633" WIDTH="867" HEIGHT="35">
						<String ID="P10_ST00066" HPOS="135" VPOS="635" WIDTH="107" HEIGHT="33" CONTENT="taining" SUBS_TYPE="HypPart2" SUBS_CONTENT="entertaining" WC="0.76" CC="1051520"/>
						<SP ID="P10_SP00058" HPOS="242" VPOS="668" WIDTH="24"/>
						<String ID="P10_ST00067" HPOS="266" VPOS="639" WIDTH="29" HEIGHT="22" CONTENT="to" WC="1.00" CC="00"/>
						<SP ID="P10_SP00059" HPOS="295" VPOS="668" WIDTH="26"/>
						<String ID="P10_ST00068" HPOS="321" VPOS="636" WIDTH="46" HEIGHT="24" CONTENT="the" WC="0.97" CC="000"/>
						<SP ID="P10_SP00060" HPOS="367" VPOS="668" WIDTH="28"/>
						<String ID="P10_ST00069" HPOS="395" VPOS="635" WIDTH="111" HEIGHT="32" CONTENT="general" WC="0.84" CC="1040500"/>
						<SP ID="P10_SP00061" HPOS="506" VPOS="668" WIDTH="25"/>
						<String ID="P10_ST00070" HPOS="531" VPOS="634" WIDTH="105" HEIGHT="29" CONTENT="reader," WC="1.00" CC="0000000"/>
						<SP ID="P10_SP00062" HPOS="636" VPOS="668" WIDTH="28"/>
						<String ID="P10_ST00071" HPOS="664" VPOS="633" WIDTH="54" HEIGHT="25" CONTENT="and" WC="1.00" CC="000"/>
						<SP ID="P10_SP00063" HPOS="718" VPOS="668" WIDTH="26"/>
						<String ID="P10_ST00072" HPOS="744" VPOS="633" WIDTH="114" HEIGHT="25" CONTENT="awaken" WC="0.95" CC="000003"/>
						<SP ID="P10_SP00064" HPOS="858" VPOS="668" WIDTH="27"/>
						<String ID="P10_ST00073" HPOS="885" VPOS="641" WIDTH="15" HEIGHT="15" CONTENT="a" WC="1.00" CC="0"/>
						<SP ID="P10_SP00065" HPOS="900" VPOS="668" WIDTH="26"/>
						<String ID="P10_ST00074" HPOS="926" VPOS="640" WIDTH="76" HEIGHT="16" CONTENT="more" WC="0.92" CC="0300"/>
					</TextLine>
					<TextLine ID="P10_TL00010" HPOS="134" VPOS="688" WIDTH="868" HEIGHT="36">
						<String ID="P10_ST00075" HPOS="134" VPOS="692" WIDTH="173" HEIGHT="32" CONTENT="widespread" WC="0.95" CC="0400000000"/>
						<SP ID="P10_SP00066" HPOS="307" VPOS="724" WIDTH="21"/>
						<String ID="P10_ST00076" HPOS="328" VPOS="691" WIDTH="113" HEIGHT="25" CONTENT="interest" WC="0.86" CC="34003000"/>
						<SP ID="P10_SP00067" HPOS="441" VPOS="724" WIDTH="21"/>
						<String ID="P10_ST00077" HPOS="462" VPOS="690" WIDTH="28" HEIGHT="26" CONTENT="in" WC="0.84" CC="30"/>
						<SP ID="P10_SP00068" HPOS="490" VPOS="724" WIDTH="19"/>
						<String ID="P10_ST00078" HPOS="509" VPOS="691" WIDTH="47" HEIGHT="25" CONTENT="the" WC="0.91" CC="020"/>
						<SP ID="P10_SP00069" HPOS="556" VPOS="724" WIDTH="20"/>
						<String ID="P10_ST00079" HPOS="576" VPOS="689" WIDTH="149" HEIGHT="26" CONTENT="formation" WC="0.76" CC="002900106"/>
						<SP ID="P10_SP00070" HPOS="725" VPOS="724" WIDTH="18"/>
						<String ID="P10_ST00080" HPOS="743" VPOS="688" WIDTH="31" HEIGHT="26" CONTENT="of" WC="0.96" CC="00"/>
						<SP ID="P10_SP00071" HPOS="774" VPOS="724" WIDTH="16"/>
						<String ID="P10_ST00081" HPOS="790" VPOS="698" WIDTH="50" HEIGHT="16" CONTENT="our" WC="0.87" CC="003"/>
						<SP ID="P10_SP00072" HPOS="840" VPOS="724" WIDTH="22"/>
						<String ID="P10_ST00082" HPOS="862" VPOS="689" WIDTH="104" HEIGHT="28" CONTENT="Island," WC="0.92" CC="0030002"/>
						<String ID="P10_ST00083" HPOS="968" VPOS="705" WIDTH="34" HEIGHT="2" CONTENT="—" WC="0.20" CC="8"/>
					</TextLine>
					<TextLine ID="P10_TL00011" HPOS="134" VPOS="744" WIDTH="867" HEIGHT="36">
						<String ID="P10_ST00084" HPOS="134" VPOS="756" WIDTH="30" HEIGHT="16" CONTENT="so" WC="1.00" CC="00"/>
						<SP ID="P10_SP00073" HPOS="164" VPOS="772" WIDTH="26"/>
						<String ID="P10_ST00085" HPOS="190" VPOS="748" WIDTH="89" HEIGHT="29" CONTENT="small," WC="1.00" CC="000000"/>
						<SP ID="P10_SP00074" HPOS="279" VPOS="777" WIDTH="26"/>
						<String ID="P10_ST00086" HPOS="305" VPOS="751" WIDTH="44" HEIGHT="29" CONTENT="yet" WC="1.00" CC="000"/>
						<SP ID="P10_SP00075" HPOS="349" VPOS="780" WIDTH="27"/>
						<String ID="P10_ST00087" HPOS="376" VPOS="755" WIDTH="29" HEIGHT="16" CONTENT="so" WC="0.94" CC="01"/>
						<SP ID="P10_SP00076" HPOS="405" VPOS="780" WIDTH="26"/>
						<String ID="P10_ST00088" HPOS="431" VPOS="746" WIDTH="48" HEIGHT="25" CONTENT="full" WC="0.72" CC="3420"/>
						<SP ID="P10_SP00077" HPOS="479" VPOS="780" WIDTH="25"/>
						<String ID="P10_ST00089" HPOS="504" VPOS="746" WIDTH="30" HEIGHT="25" CONTENT="of" WC="1.00" CC="00"/>
						<SP ID="P10_SP00078" HPOS="534" VPOS="780" WIDTH="22"/>
						<String ID="P10_ST00090" HPOS="556" VPOS="746" WIDTH="133" HEIGHT="25" CONTENT="evidence" WC="0.91" CC="00200500"/>
						<SP ID="P10_SP00079" HPOS="689" VPOS="780" WIDTH="25"/>
						<String ID="P10_ST00091" HPOS="714" VPOS="744" WIDTH="30" HEIGHT="26" CONTENT="of" WC="1.00" CC="00"/>
						<SP ID="P10_SP00080" HPOS="744" VPOS="780" WIDTH="22"/>
						<String ID="P10_ST00092" HPOS="766" VPOS="745" WIDTH="48" HEIGHT="25" CONTENT="the" WC="1.00" CC="000"/>
						<SP ID="P10_SP00081" HPOS="814" VPOS="780" WIDTH="22"/>
						<String ID="P10_ST00093" HPOS="836" VPOS="754" WIDTH="82" HEIGHT="24" CONTENT="years" WC="1.00" CC="00000"/>
						<SP ID="P10_SP00082" HPOS="918" VPOS="780" WIDTH="22"/>
						<String ID="P10_ST00094" HPOS="940" VPOS="745" WIDTH="61" HEIGHT="25" CONTENT="that" WC="1.00" CC="0000"/>
					</TextLine>
					<TextLine ID="P10_TL00012" HPOS="134" VPOS="804" WIDTH="298" HEIGHT="31">
						<String ID="P10_ST00095" HPOS="134" VPOS="804" WIDTH="71" HEIGHT="25" CONTENT="have" WC="0.95" CC="2000"/>
						<SP ID="P10_SP00083" HPOS="205" VPOS="829" WIDTH="18"/>
						<String ID="P10_ST00096" HPOS="223" VPOS="804" WIDTH="102" HEIGHT="31" CONTENT="passed" WC="1.00" CC="000000"/>
						<SP ID="P10_SP00084" HPOS="325" VPOS="835" WIDTH="19"/>
						<String ID="P10_ST00097" HPOS="344" VPOS="812" WIDTH="88" HEIGHT="23" CONTENT="away." WC="0.48" CC="89700"/>
					</TextLine>
				</TextBlock>
				<TextBlock ID="P10_TB00003" HPOS="132" VPOS="914" WIDTH="871" HEIGHT="819" STYLEREFS="TXT_1 PAR_LEFT">
					<TextLine ID="P10_TL00013" HPOS="179" VPOS="915" WIDTH="821" HEIGHT="33">
						<String ID="P10_ST00098" HPOS="179" VPOS="916" WIDTH="41" HEIGHT="25" CONTENT="To" WC="0.96" CC="00"/>
						<SP ID="P10_SP00085" HPOS="220" VPOS="941" WIDTH="15"/>
						<String ID="P10_ST00099" HPOS="235" VPOS="916" WIDTH="53" HEIGHT="25" CONTENT="Mr." WC="0.94" CC="001"/>
						<SP ID="P10_SP00086" HPOS="288" VPOS="941" WIDTH="16"/>
						<String ID="P10_ST00100" HPOS="304" VPOS="915" WIDTH="144" HEIGHT="26" CONTENT="Bristow's" WC="0.76" CC="533000900"/>
						<SP ID="P10_SP00087" HPOS="448" VPOS="941" WIDTH="21"/>
						<String ID="P10_ST00101" HPOS="469" VPOS="920" WIDTH="14" HEIGHT="11" CONTENT='"' WC="0.98" CC="0"/>
						<SP ID="P10_SP00088" HPOS="483" VPOS="941" WIDTH="14"/>
						<String ID="P10_ST00102" HPOS="497" VPOS="916" WIDTH="125" HEIGHT="32" CONTENT="Geology" WC="0.90" CC="0000070"/>
						<SP ID="P10_SP00089" HPOS="622" VPOS="948" WIDTH="14"/>
						<String ID="P10_ST00103" HPOS="636" VPOS="915" WIDTH="29" HEIGHT="25" CONTENT="of" WC="0.85" CC="02"/>
						<SP ID="P10_SP00090" HPOS="665" VPOS="948" WIDTH="18"/>
						<String ID="P10_ST00104" HPOS="683" VPOS="915" WIDTH="47" HEIGHT="25" CONTENT="the" WC="0.85" CC="030"/>
						<SP ID="P10_SP00091" HPOS="730" VPOS="948" WIDTH="21"/>
						<String ID="P10_ST00105" HPOS="751" VPOS="915" WIDTH="55" HEIGHT="25" CONTENT="Isle" WC="0.85" CC="0050"/>
						<SP ID="P10_SP00092" HPOS="806" VPOS="948" WIDTH="18"/>
						<String ID="P10_ST00106" HPOS="824" VPOS="915" WIDTH="31" HEIGHT="25" CONTENT="of" WC="1.00" CC="00"/>
						<SP ID="P10_SP00093" HPOS="855" VPOS="948" WIDTH="16"/>
						<String ID="P10_ST00107" HPOS="871" VPOS="915" WIDTH="129" HEIGHT="33" CONTENT='Wight,"' WC="0.63" CC="5283004"/>
					</TextLine>
					<TextLine ID="P10_TL00014" HPOS="134" VPOS="970" WIDTH="867" HEIGHT="35">
						<String ID="P10_ST00108" HPOS="134" VPOS="981" WIDTH="52" HEIGHT="16" CONTENT="one" WC="1.00" CC="000"/>
						<SP ID="P10_SP00094" HPOS="186" VPOS="997" WIDTH="14"/>
						<String ID="P10_ST00109" HPOS="200" VPOS="972" WIDTH="30" HEIGHT="25" CONTENT="of" WC="0.95" CC="01"/>
						<SP ID="P10_SP00095" HPOS="230" VPOS="997" WIDTH="16"/>
						<String ID="P10_ST00110" HPOS="246" VPOS="972" WIDTH="48" HEIGHT="25" CONTENT="the" WC="0.91" CC="020"/>
						<SP ID="P10_SP00096" HPOS="294" VPOS="997" WIDTH="19"/>
						<String ID="P10_ST00111" HPOS="313" VPOS="972" WIDTH="162" HEIGHT="32" CONTENT="Geological" WC="0.86" CC="1000070004"/>
						<SP ID="P10_SP00097" HPOS="475" VPOS="1004" WIDTH="18"/>
						<String ID="P10_ST00112" HPOS="493" VPOS="972" WIDTH="107" HEIGHT="33" CONTENT="Survey" WC="0.85" CC="040004"/>
						<SP ID="P10_SP00098" HPOS="600" VPOS="1005" WIDTH="14"/>
						<String ID="P10_ST00113" HPOS="614" VPOS="971" WIDTH="142" HEIGHT="29" CONTENT="Memoirs," WC="0.93" CC="00012001"/>
						<SP ID="P10_SP00099" HPOS="756" VPOS="1005" WIDTH="16"/>
						<String ID="P10_ST00114" HPOS="772" VPOS="971" WIDTH="12" HEIGHT="24" CONTENT="I" WC="1.00" CC="0"/>
						<SP ID="P10_SP00100" HPOS="784" VPOS="1005" WIDTH="21"/>
						<String ID="P10_ST00115" HPOS="805" VPOS="980" WIDTH="45" HEIGHT="16" CONTENT="am" WC="1.00" CC="00"/>
						<SP ID="P10_SP00101" HPOS="850" VPOS="1005" WIDTH="19"/>
						<String ID="P10_ST00116" HPOS="869" VPOS="970" WIDTH="132" HEIGHT="26" CONTENT="indebted" WC="0.97" CC="20000000"/>
					</TextLine>
					<TextLine ID="P10_TL00015" HPOS="134" VPOS="1027" WIDTH="867" HEIGHT="33">
						<String ID="P10_ST00117" HPOS="134" VPOS="1027" WIDTH="40" HEIGHT="26" CONTENT="for" WC="0.76" CC="204"/>
						<SP ID="P10_SP00102" HPOS="174" VPOS="1053" WIDTH="21"/>
						<String ID="P10_ST00118" HPOS="195" VPOS="1028" WIDTH="82" HEIGHT="24" CONTENT="much" WC="0.59" CC="2606"/>
						<SP ID="P10_SP00103" HPOS="277" VPOS="1053" WIDTH="22"/>
						<String ID="P10_ST00119" HPOS="299" VPOS="1027" WIDTH="29" HEIGHT="25" CONTENT="of" WC="1.00" CC="00"/>
						<SP ID="P10_SP00104" HPOS="328" VPOS="1053" WIDTH="19"/>
						<String ID="P10_ST00120" HPOS="347" VPOS="1028" WIDTH="46" HEIGHT="24" CONTENT="the" WC="1.00" CC="000"/>
						<SP ID="P10_SP00105" HPOS="393" VPOS="1053" WIDTH="20"/>
						<String ID="P10_ST00121" HPOS="413" VPOS="1027" WIDTH="116" HEIGHT="33" CONTENT="chapter" WC="0.76" CC="0009203"/>
						<SP ID="P10_SP00106" HPOS="529" VPOS="1060" WIDTH="19"/>
						<String ID="P10_ST00122" HPOS="548" VPOS="1036" WIDTH="75" HEIGHT="24" CONTENT="upon" WC="0.89" CC="4000"/>
						<SP ID="P10_SP00107" HPOS="623" VPOS="1060" WIDTH="19"/>
						<String ID="P10_ST00123" HPOS="642" VPOS="1027" WIDTH="48" HEIGHT="25" CONTENT="the" WC="0.82" CC="040"/>
						<SP ID="P10_SP00108" HPOS="690" VPOS="1060" WIDTH="13"/>
						<String ID="P10_ST00124" HPOS="703" VPOS="1027" WIDTH="148" HEIGHT="29" CONTENT="Wealden," WC="1.00" CC="00000000"/>
						<SP ID="P10_SP00109" HPOS="851" VPOS="1060" WIDTH="19"/>
						<String ID="P10_ST00125" HPOS="870" VPOS="1027" WIDTH="55" HEIGHT="25" CONTENT="and" WC="1.00" CC="000"/>
						<SP ID="P10_SP00110" HPOS="925" VPOS="1060" WIDTH="20"/>
						<String ID="P10_ST00126" HPOS="945" VPOS="1027" WIDTH="56" HEIGHT="25" CONTENT="still" WC="0.91" CC="00003"/>
					</TextLine>
					<TextLine ID="P10_TL00016" HPOS="134" VPOS="1082" WIDTH="866" HEIGHT="33">
						<String ID="P10_ST00127" HPOS="134" VPOS="1091" WIDTH="75" HEIGHT="17" CONTENT="more" WC="0.90" CC="4000"/>
						<SP ID="P10_SP00111" HPOS="209" VPOS="1108" WIDTH="13"/>
						<String ID="P10_ST00128" HPOS="222" VPOS="1091" WIDTH="31" HEIGHT="17" CONTENT="so" WC="1.00" CC="00"/>
						<SP ID="P10_SP00112" HPOS="253" VPOS="1108" WIDTH="13"/>
						<String ID="P10_ST00129" HPOS="266" VPOS="1082" WIDTH="40" HEIGHT="26" CONTENT="for" WC="0.77" CC="015"/>
						<SP ID="P10_SP00113" HPOS="306" VPOS="1108" WIDTH="20"/>
						<String ID="P10_ST00130" HPOS="326" VPOS="1083" WIDTH="47" HEIGHT="25" CONTENT="the" WC="0.89" CC="030"/>
						<SP ID="P10_SP00114" HPOS="373" VPOS="1108" WIDTH="13"/>
						<String ID="P10_ST00131" HPOS="386" VPOS="1084" WIDTH="129" HEIGHT="24" CONTENT="valuable" WC="0.83" CC="90040000"/>
						<SP ID="P10_SP00115" HPOS="515" VPOS="1108" WIDTH="19"/>
						<String ID="P10_ST00132" HPOS="534" VPOS="1083" WIDTH="131" HEIGHT="32" CONTENT="chapters" WC="0.92" CC="02000030"/>
						<SP ID="P10_SP00116" HPOS="665" VPOS="1115" WIDTH="18"/>
						<String ID="P10_ST00133" HPOS="683" VPOS="1091" WIDTH="75" HEIGHT="24" CONTENT="upon" WC="0.88" CC="2010"/>
						<SP ID="P10_SP00117" HPOS="758" VPOS="1115" WIDTH="19"/>
						<String ID="P10_ST00134" HPOS="777" VPOS="1083" WIDTH="48" HEIGHT="25" CONTENT="the" WC="0.76" CC="070"/>
						<SP ID="P10_SP00118" HPOS="825" VPOS="1115" WIDTH="14"/>
						<String ID="P10_ST00135" HPOS="839" VPOS="1083" WIDTH="161" HEIGHT="29" CONTENT="Tertiaries," WC="0.91" CC="00003031000"/>
					</TextLine>
					<TextLine ID="P10_TL00017" HPOS="134" VPOS="1138" WIDTH="866" HEIGHT="35">
						<String ID="P10_ST00136" HPOS="134" VPOS="1139" WIDTH="54" HEIGHT="24" CONTENT="and" WC="1.00" CC="000"/>
						<SP ID="P10_SP00119" HPOS="188" VPOS="1163" WIDTH="19"/>
						<String ID="P10_ST00137" HPOS="207" VPOS="1139" WIDTH="68" HEIGHT="24" CONTENT="from" WC="0.76" CC="3401"/>
						<SP ID="P10_SP00120" HPOS="275" VPOS="1163" WIDTH="20"/>
						<String ID="P10_ST00138" HPOS="295" VPOS="1138" WIDTH="43" HEIGHT="25" CONTENT="his" WC="0.69" CC="530"/>
						<SP ID="P10_SP00121" HPOS="338" VPOS="1163" WIDTH="20"/>
						<String ID="P10_ST00139" HPOS="358" VPOS="1140" WIDTH="72" HEIGHT="24" CONTENT="book" WC="1.00" CC="0000"/>
						<SP ID="P10_SP00122" HPOS="430" VPOS="1164" WIDTH="21"/>
						<String ID="P10_ST00140" HPOS="451" VPOS="1139" WIDTH="160" HEIGHT="33" CONTENT="quotations" WC="0.86" CC="0500022030"/>
						<SP ID="P10_SP00123" HPOS="611" VPOS="1172" WIDTH="19"/>
						<String ID="P10_ST00141" HPOS="630" VPOS="1140" WIDTH="72" HEIGHT="24" CONTENT="have" WC="1.00" CC="0000"/>
						<SP ID="P10_SP00124" HPOS="702" VPOS="1172" WIDTH="19"/>
						<String ID="P10_ST00142" HPOS="721" VPOS="1140" WIDTH="70" HEIGHT="24" CONTENT="been" WC="1.00" CC="0000"/>
						<SP ID="P10_SP00125" HPOS="791" VPOS="1172" WIDTH="18"/>
						<String ID="P10_ST00143" HPOS="809" VPOS="1139" WIDTH="85" HEIGHT="34" CONTENT="freely" WC="1.00" CC="000000"/>
						<SP ID="P10_SP00126" HPOS="894" VPOS="1173" WIDTH="13"/>
						<String ID="P10_ST00144" HPOS="907" VPOS="1140" WIDTH="93" HEIGHT="24" CONTENT="taken." WC="0.79" CC="050070"/>
					</TextLine>
					<TextLine ID="P10_TL00018" HPOS="134" VPOS="1194" WIDTH="867" HEIGHT="33">
						<String ID="P10_ST00145" HPOS="134" VPOS="1195" WIDTH="40" HEIGHT="23" CONTENT="To" WC="1.00" CC="00"/>
						<SP ID="P10_SP00127" HPOS="174" VPOS="1218" WIDTH="20"/>
						<String ID="P10_ST00146" HPOS="194" VPOS="1195" WIDTH="79" HEIGHT="23" CONTENT="make" WC="0.92" CC="0300"/>
						<SP ID="P10_SP00128" HPOS="273" VPOS="1218" WIDTH="20"/>
						<String ID="P10_ST00147" HPOS="293" VPOS="1203" WIDTH="45" HEIGHT="24" CONTENT="my" WC="0.83" CC="30"/>
						<SP ID="P10_SP00129" HPOS="338" VPOS="1227" WIDTH="12"/>
						<String ID="P10_ST00148" HPOS="350" VPOS="1195" WIDTH="76" HEIGHT="24" CONTENT="work" WC="0.99" CC="0000"/>
						<SP ID="P10_SP00130" HPOS="426" VPOS="1227" WIDTH="19"/>
						<String ID="P10_ST00149" HPOS="445" VPOS="1203" WIDTH="31" HEIGHT="16" CONTENT="as" WC="0.97" CC="00"/>
						<SP ID="P10_SP00131" HPOS="476" VPOS="1227" WIDTH="19"/>
						<String ID="P10_ST00150" HPOS="495" VPOS="1195" WIDTH="138" HEIGHT="32" CONTENT="complete" WC="1.00" CC="00000000"/>
						<SP ID="P10_SP00132" HPOS="633" VPOS="1227" WIDTH="20"/>
						<String ID="P10_ST00151" HPOS="653" VPOS="1203" WIDTH="30" HEIGHT="16" CONTENT="as" WC="1.00" CC="00"/>
						<SP ID="P10_SP00133" HPOS="683" VPOS="1227" WIDTH="19"/>
						<String ID="P10_ST00152" HPOS="702" VPOS="1194" WIDTH="133" HEIGHT="33" CONTENT="possible," WC="0.93" CC="000042000"/>
						<SP ID="P10_SP00134" HPOS="835" VPOS="1227" WIDTH="16"/>
						<String ID="P10_ST00153" HPOS="851" VPOS="1196" WIDTH="11" HEIGHT="23" CONTENT="I" WC="1.00" CC="0"/>
						<SP ID="P10_SP00135" HPOS="862" VPOS="1227" WIDTH="15"/>
						<String ID="P10_ST00154" HPOS="877" VPOS="1195" WIDTH="81" HEIGHT="29" CONTENT="have," WC="0.74" CC="50700"/>
						<SP ID="P10_SP00136" HPOS="958" VPOS="1227" WIDTH="15"/>
						<String ID="P10_ST00155" HPOS="973" VPOS="1195" WIDTH="28" HEIGHT="25" CONTENT="in" WC="0.56" CC="26"/>
					</TextLine>
					<TextLine ID="P10_TL00019" HPOS="134" VPOS="1250" WIDTH="867" HEIGHT="33">
						<String ID="P10_ST00156" HPOS="134" VPOS="1250" WIDTH="123" HEIGHT="24" CONTENT="addition" WC="1.00" CC="00000000"/>
						<SP ID="P10_SP00137" HPOS="257" VPOS="1274" WIDTH="20"/>
						<String ID="P10_ST00157" HPOS="277" VPOS="1254" WIDTH="28" HEIGHT="20" CONTENT="to" WC="1.00" CC="00"/>
						<SP ID="P10_SP00138" HPOS="305" VPOS="1274" WIDTH="20"/>
						<String ID="P10_ST00158" HPOS="325" VPOS="1259" WIDTH="46" HEIGHT="24" CONTENT="my" WC="1.00" CC="00"/>
						<SP ID="P10_SP00139" HPOS="371" VPOS="1283" WIDTH="18"/>
						<String ID="P10_ST00159" HPOS="389" VPOS="1259" WIDTH="61" HEIGHT="16" CONTENT="own" WC="0.74" CC="060"/>
						<SP ID="P10_SP00140" HPOS="450" VPOS="1283" WIDTH="21"/>
						<String ID="P10_ST00160" HPOS="471" VPOS="1250" WIDTH="168" HEIGHT="33" CONTENT="descriptive" WC="0.84" CC="00001300290"/>
						<SP ID="P10_SP00141" HPOS="639" VPOS="1283" WIDTH="19"/>
						<String ID="P10_ST00161" HPOS="658" VPOS="1254" WIDTH="89" HEIGHT="25" CONTENT="notes," WC="0.96" CC="100000"/>
						<SP ID="P10_SP00142" HPOS="747" VPOS="1283" WIDTH="21"/>
						<String ID="P10_ST00162" HPOS="768" VPOS="1251" WIDTH="90" HEIGHT="25" CONTENT="added" WC="0.83" CC="00008"/>
						<SP ID="P10_SP00143" HPOS="858" VPOS="1283" WIDTH="20"/>
						<String ID="P10_ST00163" HPOS="878" VPOS="1255" WIDTH="123" HEIGHT="22" CONTENT="extracts" WC="0.89" CC="07010000"/>
					</TextLine>
					<TextLine ID="P10_TL00020" HPOS="134" VPOS="1307" WIDTH="867" HEIGHT="33">
						<String ID="P10_ST00164" HPOS="134" VPOS="1307" WIDTH="68" HEIGHT="24" CONTENT="from" WC="0.94" CC="0200"/>
						<SP ID="P10_SP00144" HPOS="202" VPOS="1331" WIDTH="24"/>
						<String ID="P10_ST00165" HPOS="226" VPOS="1307" WIDTH="112" HEIGHT="24" CONTENT="reliable" WC="0.89" CC="15020000"/>
						<SP ID="P10_SP00145" HPOS="338" VPOS="1331" WIDTH="24"/>
						<String ID="P10_ST00166" HPOS="362" VPOS="1315" WIDTH="122" HEIGHT="21" CONTENT="sources," WC="0.89" CC="00520010"/>
						<SP ID="P10_SP00146" HPOS="484" VPOS="1336" WIDTH="23"/>
						<String ID="P10_ST00167" HPOS="507" VPOS="1307" WIDTH="53" HEIGHT="25" CONTENT="and" WC="0.99" CC="000"/>
						<SP ID="P10_SP00147" HPOS="560" VPOS="1336" WIDTH="23"/>
						<String ID="P10_ST00168" HPOS="583" VPOS="1307" WIDTH="48" HEIGHT="25" CONTENT="the" WC="1.00" CC="000"/>
						<SP ID="P10_SP00148" HPOS="631" VPOS="1336" WIDTH="22"/>
						<String ID="P10_ST00169" HPOS="653" VPOS="1307" WIDTH="72" HEIGHT="26" CONTENT="facts" WC="0.80" CC="20070"/>
						<SP ID="P10_SP00149" HPOS="725" VPOS="1336" WIDTH="18"/>
						<String ID="P10_ST00170" HPOS="743" VPOS="1307" WIDTH="120" HEIGHT="33" CONTENT="relating" WC="0.79" CC="00050019"/>
						<SP ID="P10_SP00150" HPOS="863" VPOS="1340" WIDTH="19"/>
						<String ID="P10_ST00171" HPOS="882" VPOS="1312" WIDTH="29" HEIGHT="22" CONTENT="to" WC="0.73" CC="32"/>
						<SP ID="P10_SP00151" HPOS="911" VPOS="1340" WIDTH="21"/>
						<String ID="P10_ST00172" HPOS="932" VPOS="1309" WIDTH="69" HEIGHT="25" CONTENT="each" WC="0.99" CC="0000"/>
					</TextLine>
					<TextLine ID="P10_TL00021" HPOS="134" VPOS="1363" WIDTH="868" HEIGHT="37">
						<String ID="P10_ST00173" HPOS="134" VPOS="1363" WIDTH="118" HEIGHT="25" CONTENT="division" WC="0.96" CC="00200000"/>
						<SP ID="P10_SP00152" HPOS="252" VPOS="1388" WIDTH="19"/>
						<String ID="P10_ST00174" HPOS="271" VPOS="1363" WIDTH="29" HEIGHT="25" CONTENT="of" WC="1.00" CC="00"/>
						<SP ID="P10_SP00153" HPOS="300" VPOS="1388" WIDTH="19"/>
						<String ID="P10_ST00175" HPOS="319" VPOS="1363" WIDTH="47" HEIGHT="26" CONTENT="the" WC="0.49" CC="860"/>
						<SP ID="P10_SP00154" HPOS="366" VPOS="1389" WIDTH="23"/>
						<String ID="P10_ST00176" HPOS="389" VPOS="1368" WIDTH="128" HEIGHT="28" CONTENT="separate" WC="0.87" CC="00702000"/>
						<SP ID="P10_SP00155" HPOS="517" VPOS="1396" WIDTH="20"/>
						<String ID="P10_ST00177" HPOS="537" VPOS="1364" WIDTH="125" HEIGHT="32" CONTENT="deposits" WC="1.00" CC="00000000"/>
						<SP ID="P10_SP00156" HPOS="662" VPOS="1396" WIDTH="22"/>
						<String ID="P10_ST00178" HPOS="684" VPOS="1364" WIDTH="72" HEIGHT="26" CONTENT="have" WC="1.00" CC="0000"/>
						<SP ID="P10_SP00157" HPOS="756" VPOS="1396" WIDTH="20"/>
						<String ID="P10_ST00179" HPOS="776" VPOS="1365" WIDTH="70" HEIGHT="25" CONTENT="been" WC="1.00" CC="0000"/>
						<SP ID="P10_SP00158" HPOS="846" VPOS="1396" WIDTH="22"/>
						<String ID="P10_ST00180" HPOS="868" VPOS="1365" WIDTH="134" HEIGHT="35" CONTENT="carefully" WC="0.85" CC="000043220"/>
					</TextLine>
					<TextLine ID="P10_TL00022" HPOS="134" VPOS="1419" WIDTH="868" HEIGHT="33">
						<String ID="P10_ST00181" HPOS="134" VPOS="1419" WIDTH="143" HEIGHT="25" CONTENT="corrected" WC="0.98" CC="002000000"/>
						<SP ID="P10_SP00159" HPOS="277" VPOS="1444" WIDTH="18"/>
						<String ID="P10_ST00182" HPOS="295" VPOS="1419" WIDTH="55" HEIGHT="25" CONTENT="and" WC="1.00" CC="000"/>
						<SP ID="P10_SP00160" HPOS="350" VPOS="1444" WIDTH="21"/>
						<String ID="P10_ST00183" HPOS="371" VPOS="1419" WIDTH="159" HEIGHT="33" CONTENT="quotations" WC="0.78" CC="9605000000"/>
						<SP ID="P10_SP00161" HPOS="530" VPOS="1452" WIDTH="18"/>
						<String ID="P10_ST00184" HPOS="548" VPOS="1419" WIDTH="166" HEIGHT="26" CONTENT="introduced" WC="0.90" CC="0700002000"/>
						<SP ID="P10_SP00162" HPOS="714" VPOS="1452" WIDTH="19"/>
						<String ID="P10_ST00185" HPOS="733" VPOS="1420" WIDTH="70" HEIGHT="25" CONTENT="from" WC="0.93" CC="0020"/>
						<SP ID="P10_SP00163" HPOS="803" VPOS="1452" WIDTH="20"/>
						<String ID="P10_ST00186" HPOS="823" VPOS="1421" WIDTH="48" HEIGHT="25" CONTENT="the" WC="1.00" CC="000"/>
						<SP ID="P10_SP00164" HPOS="871" VPOS="1452" WIDTH="19"/>
						<String ID="P10_ST00187" HPOS="890" VPOS="1422" WIDTH="112" HEIGHT="25" CONTENT="various" WC="0.79" CC="9003100"/>
					</TextLine>
					<TextLine ID="P10_TL00023" HPOS="135" VPOS="1474" WIDTH="868" HEIGHT="37">
						<String ID="P10_ST00188" HPOS="135" VPOS="1474" WIDTH="106" HEIGHT="26" CONTENT="writers" WC="0.82" CC="0022070"/>
						<SP ID="P10_SP00165" HPOS="241" VPOS="1500" WIDTH="13"/>
						<String ID="P10_ST00189" HPOS="254" VPOS="1475" WIDTH="62" HEIGHT="25" CONTENT="who" WC="1.00" CC="000"/>
						<SP ID="P10_SP00166" HPOS="316" VPOS="1500" WIDTH="19"/>
						<String ID="P10_ST00190" HPOS="335" VPOS="1475" WIDTH="71" HEIGHT="25" CONTENT="have" WC="0.88" CC="4000"/>
						<SP ID="P10_SP00167" HPOS="406" VPOS="1500" WIDTH="20"/>
						<String ID="P10_ST00191" HPOS="426" VPOS="1476" WIDTH="177" HEIGHT="24" CONTENT="contributed" WC="0.93" CC="00002004000"/>
						<SP ID="P10_SP00168" HPOS="603" VPOS="1500" WIDTH="17"/>
						<String ID="P10_ST00192" HPOS="620" VPOS="1480" WIDTH="28" HEIGHT="21" CONTENT="to" WC="0.88" CC="02"/>
						<SP ID="P10_SP00169" HPOS="648" VPOS="1501" WIDTH="20"/>
						<String ID="P10_ST00193" HPOS="668" VPOS="1485" WIDTH="50" HEIGHT="17" CONTENT="our" WC="0.87" CC="030"/>
						<SP ID="P10_SP00170" HPOS="718" VPOS="1502" WIDTH="12"/>
						<String ID="P10_ST00194" HPOS="730" VPOS="1478" WIDTH="163" HEIGHT="33" CONTENT="knowledge" WC="0.89" CC="000900000"/>
						<SP ID="P10_SP00171" HPOS="893" VPOS="1511" WIDTH="14"/>
						<String ID="P10_ST00195" HPOS="907" VPOS="1478" WIDTH="29" HEIGHT="25" CONTENT="of" WC="0.90" CC="01"/>
						<SP ID="P10_SP00172" HPOS="936" VPOS="1511" WIDTH="20"/>
						<String ID="P10_ST00196" HPOS="956" VPOS="1478" WIDTH="47" HEIGHT="25" CONTENT="the" WC="0.77" CC="060"/>
					</TextLine>
					<TextLine ID="P10_TL00024" HPOS="136" VPOS="1531" WIDTH="867" HEIGHT="35">
						<String ID="P10_ST00197" HPOS="136" VPOS="1534" WIDTH="137" HEIGHT="22" CONTENT="structure" WC="0.76" CC="014303520"/>
						<SP ID="P10_SP00173" HPOS="273" VPOS="1556" WIDTH="26"/>
						<String ID="P10_ST00198" HPOS="299" VPOS="1531" WIDTH="28" HEIGHT="24" CONTENT="of" WC="0.87" CC="02"/>
						<SP ID="P10_SP00174" HPOS="327" VPOS="1556" WIDTH="29"/>
						<String ID="P10_ST00199" HPOS="356" VPOS="1532" WIDTH="45" HEIGHT="24" CONTENT="the" WC="0.81" CC="500"/>
						<SP ID="P10_SP00175" HPOS="401" VPOS="1556" WIDTH="27"/>
						<String ID="P10_ST00200" HPOS="428" VPOS="1533" WIDTH="103" HEIGHT="24" CONTENT="Island." WC="0.92" CC="0050000"/>
						<SP ID="P10_SP00176" HPOS="531" VPOS="1557" WIDTH="50"/>
						<String ID="P10_ST00201" HPOS="581" VPOS="1533" WIDTH="32" HEIGHT="24" CONTENT="In" WC="0.84" CC="03"/>
						<SP ID="P10_SP00177" HPOS="613" VPOS="1557" WIDTH="26"/>
						<String ID="P10_ST00202" HPOS="639" VPOS="1533" WIDTH="47" HEIGHT="25" CONTENT="the" WC="0.87" CC="030"/>
						<SP ID="P10_SP00178" HPOS="686" VPOS="1558" WIDTH="26"/>
						<String ID="P10_ST00203" HPOS="712" VPOS="1534" WIDTH="116" HEIGHT="32" CONTENT="chapter" WC="0.88" CC="0600200"/>
						<SP ID="P10_SP00179" HPOS="828" VPOS="1566" WIDTH="25"/>
						<String ID="P10_ST00204" HPOS="853" VPOS="1544" WIDTH="36" HEIGHT="16" CONTENT="on" WC="1.00" CC="00"/>
						<SP ID="P10_SP00180" HPOS="889" VPOS="1566" WIDTH="27"/>
						<String ID="P10_ST00205" HPOS="916" VPOS="1540" WIDTH="14" HEIGHT="10" CONTENT='"' WC="0.62" CC="3"/>
						<SP ID="P10_SP00181" HPOS="930" VPOS="1566" WIDTH="12"/>
						<String ID="P10_ST00206" HPOS="942" VPOS="1535" WIDTH="61" HEIGHT="26" CONTENT="The" WC="1.00" CC="000"/>
					</TextLine>
					<TextLine ID="P10_TL00025" HPOS="138" VPOS="1588" WIDTH="864" HEIGHT="35">
						<String ID="P10_ST00207" HPOS="138" VPOS="1588" WIDTH="113" HEIGHT="23" CONTENT="Human" WC="0.70" CC="16051"/>
						<SP ID="P10_SP00182" HPOS="251" VPOS="1611" WIDTH="27"/>
						<String ID="P10_ST00208" HPOS="278" VPOS="1588" WIDTH="124" HEIGHT="25" CONTENT='Period"' WC="0.85" CC="0030204"/>
						<SP ID="P10_SP00183" HPOS="402" VPOS="1613" WIDTH="23"/>
						<String ID="P10_ST00209" HPOS="425" VPOS="1588" WIDTH="10" HEIGHT="25" CONTENT="I" WC="1.00" CC="0"/>
						<SP ID="P10_SP00184" HPOS="435" VPOS="1613" WIDTH="27"/>
						<String ID="P10_ST00210" HPOS="462" VPOS="1588" WIDTH="71" HEIGHT="26" CONTENT="have" WC="0.88" CC="4000"/>
						<SP ID="P10_SP00185" HPOS="533" VPOS="1614" WIDTH="26"/>
						<String ID="P10_ST00211" HPOS="559" VPOS="1589" WIDTH="107" HEIGHT="26" CONTENT="carried" WC="0.98" CC="0010000"/>
						<SP ID="P10_SP00186" HPOS="666" VPOS="1615" WIDTH="25"/>
						<String ID="P10_ST00212" HPOS="691" VPOS="1599" WIDTH="46" HEIGHT="24" CONTENT="my" WC="1.00" CC="00"/>
						<SP ID="P10_SP00187" HPOS="737" VPOS="1623" WIDTH="25"/>
						<String ID="P10_ST00213" HPOS="762" VPOS="1594" WIDTH="79" HEIGHT="22" CONTENT="notes" WC="0.98" CC="00100"/>
						<SP ID="P10_SP00188" HPOS="841" VPOS="1623" WIDTH="25"/>
						<String ID="P10_ST00214" HPOS="866" VPOS="1592" WIDTH="82" HEIGHT="24" CONTENT="down" WC="0.66" CC="0084"/>
						<SP ID="P10_SP00189" HPOS="948" VPOS="1623" WIDTH="25"/>
						<String ID="P10_ST00215" HPOS="973" VPOS="1597" WIDTH="29" HEIGHT="21" CONTENT="to" WC="1.00" CC="00"/>
					</TextLine>
					<TextLine ID="P10_TL00026" HPOS="138" VPOS="1643" WIDTH="864" HEIGHT="34">
						<String ID="P10_ST00216" HPOS="138" VPOS="1643" WIDTH="46" HEIGHT="24" CONTENT="the" WC="1.00" CC="000"/>
						<SP ID="P10_SP00190" HPOS="184" VPOS="1667" WIDTH="15"/>
						<String ID="P10_ST00217" HPOS="199" VPOS="1644" WIDTH="107" HEIGHT="24" CONTENT="Roman" WC="0.90" CC="30000"/>
						<SP ID="P10_SP00191" HPOS="306" VPOS="1668" WIDTH="14"/>
						<String ID="P10_ST00218" HPOS="320" VPOS="1644" WIDTH="175" HEIGHT="33" CONTENT="occupation," WC="0.86" CC="00047001200"/>
						<SP ID="P10_SP00192" HPOS="495" VPOS="1677" WIDTH="15"/>
						<String ID="P10_ST00219" HPOS="510" VPOS="1645" WIDTH="55" HEIGHT="25" CONTENT="and" WC="0.83" CC="050"/>
						<SP ID="P10_SP00193" HPOS="565" VPOS="1677" WIDTH="13"/>
						<String ID="P10_ST00220" HPOS="578" VPOS="1645" WIDTH="71" HEIGHT="26" CONTENT="have" WC="0.78" CC="0080"/>
						<SP ID="P10_SP00194" HPOS="649" VPOS="1677" WIDTH="14"/>
						<String ID="P10_ST00221" HPOS="663" VPOS="1645" WIDTH="121" HEIGHT="26" CONTENT="inserted" WC="0.86" CC="46000000"/>
						<SP ID="P10_SP00195" HPOS="784" VPOS="1677" WIDTH="18"/>
						<String ID="P10_ST00222" HPOS="802" VPOS="1648" WIDTH="83" HEIGHT="23" CONTENT="much" WC="0.77" CC="0025"/>
						<SP ID="P10_SP00196" HPOS="885" VPOS="1677" WIDTH="15"/>
						<String ID="P10_ST00223" HPOS="900" VPOS="1653" WIDTH="102" HEIGHT="21" CONTENT="matter" WC="1.00" CC="000000"/>
					</TextLine>
					<TextLine ID="P10_TL00027" HPOS="139" VPOS="1699" WIDTH="862" HEIGHT="34">
						<String ID="P10_ST00224" HPOS="139" VPOS="1699" WIDTH="160" HEIGHT="33" CONTENT="interesting" WC="0.81" CC="06101004220"/>
						<SP ID="P10_SP00197" HPOS="299" VPOS="1732" WIDTH="24"/>
						<String ID="P10_ST00225" HPOS="323" VPOS="1704" WIDTH="29" HEIGHT="21" CONTENT="to" WC="1.00" CC="00"/>
						<SP ID="P10_SP00198" HPOS="352" VPOS="1732" WIDTH="30"/>
						<String ID="P10_ST00226" HPOS="382" VPOS="1700" WIDTH="48" HEIGHT="26" CONTENT="the" WC="0.94" CC="010"/>
						<SP ID="P10_SP00199" HPOS="430" VPOS="1732" WIDTH="31"/>
						<String ID="P10_ST00227" HPOS="461" VPOS="1701" WIDTH="193" HEIGHT="32" CONTENT="archæologist" WC="0.84" CC="000004003208"/>
						<SP ID="P10_SP00200" HPOS="654" VPOS="1733" WIDTH="32"/>
						<String ID="P10_ST00228" HPOS="686" VPOS="1710" WIDTH="30" HEIGHT="17" CONTENT="as" WC="0.54" CC="90"/>
						<SP ID="P10_SP00201" HPOS="716" VPOS="1733" WIDTH="25"/>
						<String ID="P10_ST00229" HPOS="741" VPOS="1703" WIDTH="61" HEIGHT="25" CONTENT="well" WC="0.95" CC="0002"/>
						<SP ID="P10_SP00202" HPOS="802" VPOS="1733" WIDTH="31"/>
						<String ID="P10_ST00230" HPOS="833" VPOS="1711" WIDTH="30" HEIGHT="17" CONTENT="as" WC="1.00" CC="00"/>
						<SP ID="P10_SP00203" HPOS="863" VPOS="1733" WIDTH="31"/>
						<String ID="P10_ST00231" HPOS="894" VPOS="1708" WIDTH="29" HEIGHT="22" CONTENT="to" WC="1.00" CC="00"/>
						<SP ID="P10_SP00204" HPOS="923" VPOS="1733" WIDTH="31"/>
						<String ID="P10_ST00232" HPOS="954" VPOS="1706" WIDTH="47" HEIGHT="26" CONTENT="the" WC="0.77" CC="060"/>
					</TextLine>
				</TextBlock>
			</PrintSpace>
		</Page>
	</Layout>
</alto>
