1117 1922
442 178 138 16 TERTIARY
602 178 106 16 SERIES.

151 179 46 25 144

194 252 60 25 The
279 252 126 25 Osborne
431 250 105 25 section
562 250 23 24 is
609 248 153 34 peculiarly
781 247 163 33 interesting
969 247 40 25 for

145 299 46 24 the
205 298 55 24 link
274 298 60 24 that
348 296 21 25 it
384 296 102 25 affords
497 296 123 25 between
634 294 47 26 the
695 303 66 24 very
771 293 126 26 different
911 297 97 29 aspect

144 343 31 24 of
190 343 78 25 these
282 343 66 24 beds
368 346 27 20 at
417 341 66 25 Cliff
500 340 71 29 End,
586 349 30 16 as
636 339 149 32 compared
800 338 66 26 with
886 338 80 25 those
979 343 29 21 at

145 388 40 25 St.
201 388 114 24 Helens.
353 388 59 23 The
432 390 87 21 strata
533 385 30 25 of
579 385 78 25 these
674 385 82 25 latter
769 384 54 25 rise
837 383 69 26 from
920 384 88 25 below

144 433 46 25 the
205 433 88 25 Scone
309 432 82 25 Point
412 432 169 28 Limestone,
597 439 66 16 near
682 430 47 25 the
742 429 53 25 site
807 429 30 25 of
854 430 154 33 Worsley's

144 478 107 29 Tower,
265 477 55 26 and
342 486 67 24 crop
429 480 48 22 out
499 485 66 16 near
586 476 48 25 the
656 476 59 25 first
737 475 88 25 Chine
845 475 28 24 in
895 475 111 25 Colwell

147 524 60 32 Bay
221 523 53 25 and
288 523 67 25 Cliff
365 523 71 25 End.

192 569 79 24 West
286 568 29 24 of
332 568 134 25 Binstead
487 567 82 25 Point
583 575 15 17 a
613 566 58 26 thin
686 566 75 25 band
773 565 31 26 of
820 565 187 26 comminuted

146 614 83 25 shells
242 622 92 20 occur,
349 613 160 32 containing
525 618 99 27 Cyrena,
646 612 111 24 Limnæa
774 612 139 32 longiscata,
935 612 72 29 Unio,

144 659 110 25 Melania
271 662 123 26 excavata,
414 658 156 32 Melanopsis,
591 658 127 25 Planorbis
736 658 88 28 discus,
839 662 52 20 etc.

221 705 36 25 At
282 704 48 26 the
354 708 67 22 west
447 712 97 17 corner
569 703 29 25 of
623 703 90 33 Apley
737 702 93 26 Wood
860 712 15 15 a
904 703 53 25 bed
982 703 28 25 of

145 751 159 23 calcareous
330 750 157 28 sandstone,
519 750 85 24 about
630 748 60 26 four
716 748 52 26 feet
795 747 77 27 thick
898 747 58 34 (full
980 748 27 25 in

144 796 94 32 places
251 795 30 25 of
299 799 75 21 casts
394 795 30 24 of
445 794 145 30 Paludina,
605 794 157 25 associated
775 793 67 26 with
861 802 147 16 numerous

149 841 83 28 Unios,
243 841 121 28 Limnæa,
375 840 135 28 Planorbis,
523 840 54 24 and
590 840 158 24 occasional
762 840 85 24 bones
861 839 29 25 of
900 840 106 33 Turtle)

144 895 117 21 appears
276 895 33 15 on
324 885 47 25 the
385 886 81 24 shore
480 885 120 25 beneath
613 885 48 25 the
674 894 47 16 sea

192 932 24 24 A
229 931 51 25 few
293 940 78 24 years
392 940 60 23 ago,
466 931 80 25 when
565 939 36 16 on
620 939 15 16 a
649 930 65 26 visit
734 934 29 22 to
782 930 47 26 the
842 930 164 33 neighbour-

144 976 82 29 hood,
239 976 10 25 I
262 984 56 17 saw
329 984 15 17 a
354 976 72 32 good
437 975 106 26 section
553 975 30 26 of
591 976 47 25 the
647 976 127 25 Osborne
785 976 68 25 beds
864 976 143 33 displayed

144 1030 66 15 near
235 1022 47 24 the
308 1021 105 34 Priory,
439 1030 30 15 or
496 1022 126 24 Summer
649 1022 97 24 House
773 1021 91 25 Point.
915 1022 11 24 I
950 1023 57 23 also

145 1066 99 25 visited
258 1067 47 24 the
325 1067 79 24 shore
424 1075 65 16 near
503 1067 41 24 St.
560 1067 115 24 Helen's
695 1067 45 24 old
760 1067 113 25 Church
875 1083 34 2 —
937 1076 69 19 now,

145 1111 69 25 from
227 1111 47 25 the
288 1111 110 25 inroads
412 1111 30 25 of
458 1112 46 24 the
519 1120 55 20 sea,
589 1111 120 25 situated
729 1121 34 15 on
783 1112 47 25 the
850 1112 89 29 shore,
954 1112 53 25 and

144 1157 111 25 washed
269 1157 36 32 by
326 1157 70 25 each
415 1161 141 21 recurrent
580 1156 66 29 tide,
661 1157 54 25 and
738 1156 23 26 is
780 1157 151 26 converted
950 1157 57 26 into

144 1210 16 17 a
182 1202 139 25 sea-mark
350 1218 34 3 —
386 1202 53 25 and
462 1202 111 25 worked
596 1210 45 26 my
665 1211 62 24 way
746 1203 82 32 along
848 1202 20 25 it
888 1204 119 24 towards

143 1247 47 24 the
213 1246 105 34 Priory,
336 1247 158 32 examining
516 1255 31 16 as
568 1248 11 23 I
602 1251 72 21 went
699 1247 47 25 the
768 1248 76 24 loose
863 1248 97 24 blocks
981 1248 29 24 of

145 1292 170 29 Limestone,
336 1301 83 25 many
440 1292 30 24 of
487 1292 91 25 which
602 1293 11 23 I
635 1292 85 25 found
740 1298 30 20 to
790 1293 34 25 be
845 1293 48 25 full
913 1293 30 25 of
961 1293 46 25 the

144 1341 74 21 casts
239 1337 30 24 of
286 1337 112 25 Limnæa
418 1337 54 25 and
492 1337 134 25 Planorbis.
674 1337 83 26 Some
775 1338 140 25 workmen
937 1347 71 17 were

144 1382 123 32 engaged
293 1382 27 24 in
343 1382 132 33 breaking
497 1391 38 24 up
556 1382 79 25 these
656 1382 106 30 blocks,
785 1383 55 25 and
862 1383 106 32 though
995 1384 10 24 I

144 1426 132 33 carefully
297 1426 164 25 scrutinised
486 1426 47 25 the
558 1426 160 33 fragments,
746 1428 11 24 I
784 1428 82 25 could
891 1428 57 25 find
973 1437 34 16 no

144 1471 90 25 fossils
249 1471 164 33 sufficiently
426 1471 103 32 perfect
549 1471 40 26 for
608 1472 48 25 the
675 1472 120 26 cabinet.
834 1473 61 25 One
913 1474 30 24 of
962 1474 46 24 the

144 1516 148 29 workmen,
324 1516 136 29 however,
483 1516 136 26 informed
644 1526 44 16 me
713 1518 61 25 that
800 1518 34 25 he
859 1519 57 25 had
940 1528 69 16 once

145 1560 161 25 discovered
326 1569 15 16 a
361 1560 75 26 fossil
450 1562 83 24 turtle
552 1561 28 25 in
600 1562 46 25 the
666 1563 151 25 sandstone
830 1564 92 26 which
941 1573 67 24 caps

145 1605 47 25 the
210 1605 53 25 low
276 1605 63 25 cliff.
377 1606 60 24 The
461 1606 167 33 Bembridge
649 1607 162 26 Limestone
834 1618 96 22 passes
950 1609 58 27 into

286 1702 8 9 *
303 1702 57 16 Mem.
370 1702 50 16 Geol.
430 1702 61 19 Sutt.,
500 1702 87 19 Bristow,
596 1703 38 16 Isle
641 1704 21 16 of
672 1704 73 20 Wight,
755 1707 49 17 1862,
812 1710 19 16 p.
840 1707 25 16 68.
