1117 1922
400 138 39 16 st.
461 131 187 24 Catherine's
669 141 89 14 down.

960 135 45 29 167

184 207 31 24 In
229 207 125 25 addition
368 212 28 20 to
411 209 47 24 the
472 209 198 32 displacement
685 210 29 25 of
725 211 73 25 flints
812 220 35 16 on
860 212 46 24 the
919 213 86 24 Down

147 253 47 24 the
202 253 82 24 chalk
293 253 68 25 from
369 254 90 25 which
470 255 65 32 they
541 255 70 25 have
621 256 67 24 been
698 256 120 29 derived,
826 258 54 23 and
888 257 27 24 in
924 266 83 24 many

146 297 94 32 places
265 297 46 25 the
334 303 87 20 strata
446 298 117 33 forming
588 300 46 24 the
656 299 59 26 face
737 300 29 25 of
785 301 46 24 the
853 301 154 24 Undercliff

146 342 72 25 have
237 343 69 24 been
326 343 126 25 denuded
466 353 30 15 as
516 343 40 25 far
576 345 78 24 down
675 353 29 16 as
724 345 46 24 the
785 345 133 24 Chloritic
934 346 71 23 Marl

146 387 55 25 and
224 388 96 31 Upper
344 389 171 24 Greensand.
553 389 59 24 The
635 393 87 20 strata
742 389 118 32 cresting
882 390 47 24 the
948 390 59 24 cliff

146 431 23 26 is
183 432 151 32 composed
352 432 30 25 of
402 433 93 29 Chert,
517 433 165 29 Sandstone,
698 434 54 24 and
773 434 69 32 Rag,
856 434 99 29 which,
969 435 37 32 by

147 485 75 17 some
245 478 137 24 unknown
408 486 113 25 agency,
546 479 72 24 have
639 480 68 23 been
728 479 64 32 split
815 480 54 23 and
894 479 111 24 divided

146 521 58 25 into
218 523 97 32 layers,
330 523 47 23 the
391 523 67 23 beds
472 523 103 24 broken
594 523 58 24 into
666 523 48 24 flat
728 531 105 16 masses
847 527 27 20 to
889 532 14 15 a
918 524 84 31 depth

146 566 30 25 of
186 568 15 23 8
214 570 29 21 to
260 575 29 16 10
303 567 53 24 feet
369 567 69 24 from
452 568 47 23 the
513 567 114 29 surface,
643 568 54 23 and
710 567 27 24 in
751 568 93 31 places
858 568 146 32 becoming

146 612 148 24 imbedded
312 612 27 24 in
360 612 46 24 the
432 612 262 25 before-mentioned
714 612 72 25 drift.
825 612 179 25 Contraction

146 656 102 25 caused
271 657 35 33 by
328 657 46 25 the
397 656 179 33 evaporation
599 656 28 25 of
649 656 47 25 the
720 661 85 21 water
824 656 62 25 held
906 657 36 33 by
955 657 47 24 the

146 701 80 25 rocks
240 711 63 22 may
317 706 117 20 account
449 701 39 25 for
502 701 46 25 the
559 701 127 32 jointing,
700 710 30 16 or
743 710 68 16 even
825 701 76 25 frost.

193 747 91 25 These
298 746 111 26 alluvial
424 747 53 24 and
497 746 107 25 surface
623 746 122 32 deposits
764 746 78 32 bring
855 755 32 16 us
900 750 29 21 to
942 746 61 25 that

146 793 95 32 period
254 792 91 25 which
360 792 91 25 differs
466 793 47 24 but
530 792 70 25 little
614 792 68 25 from
696 800 48 16 our
763 800 69 20 own,
847 793 54 24 and
914 792 89 25 which

146 838 122 32 supplies
291 839 47 23 the
360 838 58 24 first
442 837 130 25 evidence
597 837 29 24 of
648 838 47 23 the
720 837 138 24 existence
880 837 29 24 of
930 846 73 16 man.

147 883 60 24 The
221 883 102 28 Island,
339 883 163 32 unchanged
521 883 28 23 in
568 882 77 29 form,
665 886 126 29 presents
810 891 61 16 now
890 891 29 16 as
938 883 65 24 then

146 929 47 24 the
222 929 172 25 well-known
422 928 119 25 features
567 927 29 25 of
620 927 115 33 English
759 928 149 32 landscape
911 944 33 2 —
946 927 57 25 rich

146 974 139 25 meadows
317 973 55 25 and
404 972 87 25 fertile
522 973 113 32 valleys,
660 972 71 25 their
762 972 94 29 rivers,
882 973 121 25 whether

146 1018 109 33 rapidly
267 1018 114 32 rushing
394 1026 30 16 or
438 1017 103 32 gliding
555 1018 102 31 slowly,
673 1017 54 25 still
745 1018 65 24 bear
824 1017 53 25 and
897 1017 106 32 deposit

146 1063 71 24 their
227 1063 132 32 gathered
371 1062 128 28 burdens,
511 1061 156 32 depositing
677 1062 74 24 them
764 1065 27 21 at
802 1062 71 24 their
883 1062 120 28 mouths,

147 1108 81 24 silent
251 1108 120 28 records,
386 1107 91 24 which
499 1106 27 25 in
547 1106 90 25 future
658 1115 63 23 ages
736 1105 53 26 will
810 1110 44 21 act
875 1115 29 16 as
924 1110 79 21 inter-

146 1157 105 27 preters
270 1152 30 25 of
316 1153 46 23 the
382 1156 71 28 past.

192 1198 60 24 The
266 1197 112 24 alluvial
399 1197 138 24 meadows
557 1204 45 16 are
622 1196 100 32 mostly
736 1196 149 31 composed
903 1195 30 25 of
949 1195 53 29 silt,

146 1242 160 32 containing
330 1242 97 24 rushes
453 1241 54 24 and
532 1241 136 24 branches
693 1240 29 24 of
744 1244 71 20 trees
840 1239 162 25 intermixed

146 1287 66 26 with
231 1287 65 25 land
319 1286 53 25 and
395 1286 159 25 freshwater
575 1286 90 23 shells.
705 1286 42 22 An
767 1284 111 24 alluvial
896 1284 106 30 deposit

145 1348 34 3 —
181 1332 35 25 its
239 1331 116 33 original
378 1335 93 21 extent
493 1330 83 25 much
595 1329 166 25 diminished
781 1330 34 31 by
829 1330 46 23 the
894 1329 110 23 inroads

146 1377 29 25 of
191 1378 49 24 the
260 1385 46 17 sea
307 1392 34 3 —
344 1376 48 25 lies
411 1380 28 20 to
460 1376 46 24 the
526 1375 161 24 north-west
706 1374 29 24 of
753 1374 91 24 Brook
859 1373 87 25 Chine
958 1382 5 20 ;
984 1373 20 24 it

146 1423 50 24 has
216 1424 68 23 been
304 1421 123 28 drained,
442 1420 35 25 its
497 1419 130 33 escaping
644 1423 85 21 water
748 1418 116 32 forming
883 1426 15 16 a
916 1418 88 28 chine,

146 1472 27 19 at
195 1468 46 23 the
255 1467 72 23 head
340 1465 30 25 of
380 1465 90 25 which
489 1474 34 15 an
541 1464 134 25 excellent
695 1463 104 24 section
813 1462 22 24 is
849 1462 155 24 sometimes

146 1512 107 25 visible.
303 1511 69 24 This
398 1510 52 24 bed
476 1509 125 25 contains
626 1507 120 25 remains
770 1507 30 24 of
821 1507 78 24 hazel
923 1510 81 25 trees,

146 1566 76 17 some
235 1556 30 25 of
281 1556 75 33 large
369 1555 116 33 growth,
500 1554 54 25 and
571 1552 88 26 retain
679 1551 69 26 their
763 1551 76 28 bark,
853 1551 48 24 but
916 1551 88 24 other-

146 1602 66 26 wise
226 1602 75 25 shew
315 1610 30 16 as
364 1601 69 24 little
454 1607 73 16 more
547 1599 67 24 than
634 1596 120 33 decayed
768 1596 78 25 wood
859 1595 29 24 of
899 1604 14 15 a
927 1599 77 28 rusty

148 1648 136 25 ochreous
304 1646 102 28 colour,
421 1645 82 30 being
521 1643 95 32 highly
632 1641 190 33 impregnated
841 1639 65 26 with
925 1639 79 25 oxide
