1117 1922
397 150 57 17 THE
475 151 99 16 HUMAN
595 151 109 16 PERIOD.

932 152 46 24 197

171 210 31 24 In
216 209 47 25 the
282 211 118 31 gardens
414 211 29 24 of
460 211 133 33 Steephill
614 212 102 28 Castle,
730 221 30 16 as
774 213 60 25 well
851 222 29 16 as
894 212 26 25 in
935 213 46 25 the

123 255 121 32 grounds
270 256 96 28 above,
389 264 148 17 numerous
559 256 91 33 pieces
672 256 29 26 of
724 258 78 28 bone,
825 258 155 25 associated

123 299 67 25 with
212 304 93 29 oyster
325 300 54 25 and
398 300 95 33 limpet
515 300 92 30 shells,
629 301 70 26 have
720 302 68 25 been
811 302 168 26 discovered.

123 344 61 25 The
197 344 112 25 midden
329 345 86 32 heaps
436 354 73 16 seem
531 350 28 21 to
581 346 33 25 be
635 347 137 25 scattered
792 355 65 17 over
878 356 15 16 a
912 347 69 25 wide

123 399 73 16 area.
235 391 24 24 A
279 390 51 26 few
350 399 79 24 years
450 399 51 25 ago
524 399 75 17 some
619 392 92 32 pieces
732 392 29 25 of
783 397 109 29 pottery
912 401 69 17 were

124 436 120 32 brought
258 439 28 21 to
302 435 69 33 light
384 436 80 24 when
483 436 108 33 cutting
610 445 15 16 a
644 445 60 17 new
714 438 70 24 road
802 438 119 32 through
935 438 46 24 the

125 480 135 33 Steephill
280 484 88 21 estate
389 482 88 23 above
498 481 46 24 the
567 482 102 24 Castle.
707 482 77 33 They
796 482 139 24 consisted
955 482 28 24 of

125 534 89 20 vases,
238 534 51 16 one
310 534 29 16 or
362 530 53 20 two
441 525 30 24 of
490 526 90 24 which
600 534 70 16 were
693 527 121 32 scarcely
837 526 143 33 damaged,

126 570 54 25 and
194 570 28 25 of
243 579 15 16 a
278 570 124 33 superior
419 570 79 25 make
507 580 4 20 ;
531 571 94 24 others
640 580 70 16 were
730 580 116 16 coarser.
885 572 32 24 In
935 571 47 25 the

126 625 86 23 upper
239 620 61 28 part
322 615 30 25 of
374 615 47 25 the
443 624 108 24 quarry,
572 620 54 21 two
646 625 29 15 or
694 616 77 24 three
791 616 52 25 feet
864 616 118 25 beneath

125 661 48 25 the
200 660 116 29 surface,
343 669 75 16 more
443 659 28 26 of
499 660 55 25 this
585 664 110 29 pottery
718 669 56 16 was
799 660 91 29 found,
916 660 66 26 with

126 705 151 33 quantities
300 704 29 26 of
353 705 92 25 shells.
495 705 24 24 A
543 705 75 32 layer
642 704 30 25 of
694 705 114 31 angular
827 704 74 25 flints
924 705 58 25 also

125 751 142 28 occurred,
288 750 161 32 containing
474 758 15 16 a
515 749 50 26 few
590 749 149 33 fragments
763 749 30 25 of
814 750 46 24 the
887 751 94 30 Upper

126 795 164 26 Greensand
303 794 156 29 formation,
474 803 74 23 upon
561 794 90 25 which
670 795 47 24 the
736 795 73 32 layer
823 798 69 21 rests
902 803 5 21 ;
929 795 52 24 and

126 841 88 24 above
228 840 55 24 this
304 848 78 16 came
403 848 15 15 a
437 840 74 32 layer
531 839 28 24 of
577 839 68 24 dark
664 839 129 24 coloured
813 839 88 28 ashes,
918 847 62 16 con-

125 885 107 32 taining
245 885 124 24 rounded
382 885 123 32 pebbles,
761 883 67 24 from
842 884 47 23 the
902 884 80 23 shore

125 930 129 28 beneath,
263 929 106 28 limpet,
380 928 168 33 periwinkle,
559 929 54 23 and
626 929 78 23 other
719 928 90 24 shells.
847 929 133 31 Amongst

124 976 79 24 these
223 976 82 23 latter
325 982 71 17 were
418 982 16 16 a
454 973 51 25 few
529 977 92 29 oyster
642 973 91 28 shells,
750 973 164 32 resembling
934 973 46 23 the

224 1019 107 33 ground
501 1022 28 20 at
546 1026 52 16 one
616 1018 66 23 time
701 1018 119 31 dredged
839 1018 39 23 off
895 1017 85 33 Ryde.

125 1066 36 24 At
181 1068 111 29 present
312 1063 51 26 few
376 1067 106 29 oysters
503 1071 45 16 are
567 1062 84 25 found
669 1062 28 24 in
715 1062 47 24 the
782 1062 112 25 Solent.'
922 1062 59 24 The

125 1119 76 16 same
222 1109 107 33 deposit
350 1108 147 26 contained
518 1108 102 26 broken
640 1112 109 27 pottery
768 1107 28 24 of
814 1115 94 17 coarse
928 1107 53 24 and

124 1156 54 25 fine
204 1154 220 32 workmanship;
452 1162 15 16 a
487 1153 50 25 few
562 1152 91 33 pieces
675 1152 30 25 of
748 1152 112 25 Samian

124 1200 60 26 iron
205 1200 78 28 nails,
307 1200 54 24 and
382 1200 94 27 bones,
498 1201 126 29 amongst
647 1196 89 26 which
761 1205 70 17 were
856 1196 79 25 those
956 1196 27 25 of

125 1246 47 25 the
185 1245 73 28 deer,
273 1244 93 31 sheep,
381 1252 44 20 ox,
439 1244 54 31 hog
507 1243 54 23 and
575 1242 89 24 horse.

172 1291 60 25 The
250 1290 56 25 late
321 1290 52 24 Mr.
392 1289 37 24 H.
443 1288 153 32 Westropp
615 1287 146 33 published
780 1287 47 24 the
846 1285 136 33 following

125 1334 170 33 description
317 1334 29 25 of
369 1334 46 25 the
435 1333 80 33 place
537 1332 54 25 and
611 1332 36 24 its
667 1336 141 20 contents:
812 1347 34 2 —

125 1381 48 25 the
186 1388 83 25 many
282 1379 139 25 instances
435 1377 29 26 of
475 1386 34 16 an
522 1377 75 33 early
608 1380 77 29 stage
698 1376 29 24 of
737 1376 67 24 rude
818 1375 164 25 civilisation

124 1426 28 25 in
166 1426 47 25 the
228 1424 156 26 Undercliff
394 1432 46 16 are
454 1423 46 25 the
548 1422 111 25 kitchen
679 1421 125 25 middens
849 1421 90 24 which
954 1428 28 16 so

125 1471 155 32 frequently
302 1477 83 16 occur
410 1468 28 25 in
460 1467 126 26 different
611 1471 77 28 parts
714 1465 28 25 of
765 1465 29 25 it.
833 1464 149 25 Extensive

124 1520 92 22 traces
236 1515 30 25 of
284 1523 52 17 one
356 1514 29 25 of
404 1514 87 28 these,
505 1513 54 24 and
581 1521 15 16 a
615 1512 49 25 fire
681 1512 80 32 place
774 1510 27 25 in
820 1509 162 26 connection

124 1562 68 26 with
214 1561 30 29 it,
267 1561 71 25 have
359 1560 68 24 been
452 1567 66 25 very
539 1558 122 32 recently
683 1556 160 25 discovered
869 1556 36 32 by
930 1556 52 24 Mr.

126 1608 116 25 Hodder
262 1607 163 30 Westropp,
447 1603 118 26 assisted
589 1603 36 33 by
647 1603 53 24 Mr.
725 1603 132 28 Norman,
880 1609 35 16 on
938 1601 44 24 the

124 1661 87 25 upper
240 1656 63 29 part
328 1651 30 25 of
384 1651 47 24 the
461 1658 59 17 new
546 1648 67 26 road
637 1647 121 33 winding
783 1656 36 24 up
848 1647 47 24 the
919 1646 63 29 cliff,
