1117 1922
435 176 96 17 LOWER
550 177 142 16 GRYPHÆA.

959 180 30 23 37

178 246 59 25 The
252 246 52 25 last
325 247 170 25 subdivision
512 249 41 32 (7)
568 249 118 25 consists
705 249 29 26 of
750 259 16 16 a
783 251 94 25 brown
890 251 98 32 plastic

132 291 61 33 clay
212 292 159 33 containing
390 293 46 24 the
458 293 138 32 following
618 294 209 27 miscellaneous
847 297 90 25 fossils
948 306 6 16 :
956 313 32 3 —

132 348 128 31 Panopæa
274 349 95 32 plicata

133 382 112 23 Corbula
259 384 118 21 s'rintnla

589 351 124 25 Gervillia
730 353 156 29 lingaloides

590 385 72 24 Lima
676 387 149 23 Cottaldina

589 420 155 24 Rostellaria
758 421 174 23 Robinaldina

133 416 124 24 Cardium
273 417 201 23 Cornuelinnnm

132 449 132 26 Isocardia
278 456 90 19 ornata

135 486 66 22 Area
218 485 109 23 Raulina

132 518 104 23 Nucula
249 519 148 31 spathulata

133 552 91 23 Venus
239 553 135 22 Vectensis

561 468 1 17 I
655 472 14 10 „
757 455 90 29 glabra

561 487 1 25 !
588 486 109 33 Serpula
724 488 165 31 (Vermetns)
915 489 69 33 poly-

655 522 99 30 gonalis

452 657 80 19 Fourth
549 658 103 19 Division.

214 716 106 24 Lower
339 717 144 24 Gryphæa
504 718 141 31 (Exogyra
665 718 119 31 Group),
804 727 31 22 32
855 718 59 25 feet.

136 783 82 23 Perna
234 784 136 22 alæformis

589 785 127 32 Gryphæa
729 786 101 24 sinuata

588 819 167 23 Terebratula
768 821 61 21 sella

136 817 125 23 Gervillia
278 818 138 24 alæfor^iis
438 818 97 31 (Perna

206 852 124 31 Sowerby)

136 884 170 25 Lithodomus
318 886 128 30 oblongus

655 872 15 7 „
769 854 142 24 Gibbsiana

181 971 23 24 A
224 972 52 24 bed
295 971 29 24 of
341 972 93 24 brown
453 972 170 32 ferruginous
644 973 129 25 coloured
793 973 77 28 sand,
885 981 32 17 20
936 973 51 25 feet

135 1015 85 29 thick,
241 1016 84 24 forms
346 1016 48 25 the
418 1017 66 24 base
506 1016 28 25 of
551 1017 47 25 the
618 1018 98 24 Lower
735 1018 139 32 Gr}'phæa
893 1026 95 23 group,

134 1061 54 24 and
208 1060 22 25 is
249 1061 123 25 overlaid
391 1062 36 32 by
446 1066 54 21 two
519 1061 53 25 feet
591 1061 29 25 of
637 1062 76 28 sand,
733 1061 159 33 containing
909 1063 79 25 Perna

132 1104 137 34 alaformis,
292 1106 49 24 but
364 1105 100 34 chiefly
485 1106 171 25 remarkable
678 1106 40 24 for
738 1106 47 25 the
804 1110 77 28 great
904 1107 83 25 abun-

133 1150 87 25 dance
237 1150 30 25 of
285 1151 151 24 Terebratula
452 1152 65 28 sella,
538 1160 51 16 one
607 1160 87 23 group
711 1151 30 25 of
756 1151 90 25 which
864 1151 23 25 is
906 1152 82 24 much

132 1196 89 32 larger
241 1196 66 24 than
328 1197 46 23 the
393 1197 87 23 other.
520 1197 10 23 I
551 1196 104 25 believe
674 1197 47 24 the
739 1197 88 32 larger
842 1197 105 32 species
960 1201 28 20 to

132 1241 101 24 overlie
252 1241 47 24 the
320 1242 109 23 smaller
450 1241 27 24 in
499 1241 46 24 the
566 1241 62 24 cliff.
666 1241 68 24 This
754 1241 84 29 fossil,
856 1242 131 32 although

131 1286 130 32 occuring
284 1286 27 24 in
336 1286 47 24 the
405 1287 79 23 other
506 1287 67 23 beds
575 1302 33 1 —
610 1287 60 23 that
695 1286 32 29 is,
749 1286 47 24 the
822 1287 88 23 Perna
933 1287 54 24 and

129 1331 49 24 the
205 1331 95 32 Upper
326 1331 67 24 beds
395 1347 34 2 —
430 1331 22 24 is
481 1331 127 25 nowhere
638 1340 29 15 so
696 1331 125 32 plentiful
851 1340 30 15 as
906 1331 64 24 here
981 1340 4 20 ;

132 1375 106 29 indeed,
258 1375 48 25 the
328 1376 118 25 absence
468 1375 29 24 of
517 1376 179 24 Terebratula
716 1375 23 25 is
759 1376 170 25 remarkable
951 1376 35 24 all

132 1421 119 32 through
273 1421 46 25 the
343 1421 134 25 Crackers
501 1430 88 23 group
600 1430 4 15 :
630 1420 91 26 whilst
746 1425 27 21 at
799 1420 46 25 the
870 1421 66 25 base
959 1419 29 27 of

132 1466 47 24 the
192 1466 98 25 Lower
305 1466 140 33 Gryphæa
463 1474 87 24 group
569 1466 75 31 large
662 1466 95 25 blocks
771 1465 73 26 often
858 1465 45 25 fall
916 1465 67 25 from

132 1511 47 24 the
192 1511 62 29 cliff,
269 1512 99 23 almost
382 1512 100 32 wholly
495 1511 80 24 made
595 1520 36 23 up
650 1511 29 24 of
694 1512 47 23 the
755 1512 151 23 Terebratula
918 1512 66 28 sella,

131 1557 152 24 embedded
305 1557 27 23 in
355 1565 15 16 a
387 1556 108 33 greyish
516 1557 76 24 sand.
631 1557 58 24 The
709 1557 60 28 bed,
786 1557 65 24 with
869 1557 116 32 Exogyra

131 1602 102 29 sinuata,
247 1611 93 16 comes
353 1607 29 20 to
396 1602 46 25 the
462 1602 79 25 shore
556 1602 86 25 under
655 1602 152 25 Atherfield
821 1602 77 33 High
912 1601 71 31 Cliff,

131 1647 54 25 and
207 1647 23 25 is
248 1648 47 25 the
314 1651 65 22 next
398 1648 27 25 in
446 1647 165 26 succession.
650 1648 35 25 At
705 1648 46 25 the
769 1647 77 33 point
860 1648 89 25 where
962 1647 20 26 it

131 1701 92 15 comes
236 1696 27 20 to
278 1693 46 23 the
338 1694 65 22 base
417 1692 29 24 of
462 1693 46 23 the
522 1692 58 24 cliff
595 1693 21 23 it
630 1692 22 24 is
666 1693 83 23 about
764 1696 53 20 two
831 1693 51 23 feet
897 1692 84 24 thick.
