1117 1922
132 192 31 30 84

379 198 57 17 THE
458 198 89 17 UPPER
567 196 179 19 GREENSAND.

133 271 149 28 Whitwell,
293 270 91 26 which
395 278 75 17 some
483 270 71 24 have
568 267 161 33 designated
744 276 30 16 as
788 275 16 16 a
818 265 77 25 fault.
933 263 61 24 The

132 325 53 24 gap
199 316 50 25 has
263 316 68 25 been
345 315 101 26 caused
460 315 36 33 by
508 314 48 26 the
575 317 88 22 strata
683 311 162 33 composing
859 310 47 25 the
920 316 75 17 mass

132 361 29 26 of
180 362 47 24 the
249 361 59 25 cliff
329 360 110 33 parting
459 364 27 21 at
509 369 52 16 one
583 358 29 26 of
630 358 48 26 the
700 358 121 28 fissures,
845 355 55 26 and
921 355 36 32 by
980 363 15 15 a

133 407 158 33 depression
306 411 27 20 at
353 407 60 24 that
434 411 61 27 spot
507 415 4 20 ;
532 405 55 25 this
605 404 23 25 is
645 408 26 21 at
690 412 69 16 once
776 402 108 28 visible,
899 409 31 16 as
948 400 47 25 the

133 457 47 28 top
194 456 60 29 part
269 452 29 24 of
314 452 47 24 the
375 451 58 25 cliff
449 459 51 16 can
520 452 33 23 be
574 458 72 19 seen,
661 449 67 25 w*ith
747 448 48 26 the
814 446 181 26 fossiliferous

133 498 68 25 marl
215 497 102 33 resting
331 506 34 16 on
379 497 30 28 it,
424 506 14 15 a
453 497 76 24 short
549 496 125 25 distance
688 503 47 24 up,
749 502 35 17 on
798 493 69 26 both
882 492 73 25 sides
969 491 30 25 of

133 544 46 24 the
201 543 88 25 shute.
338 542 60 25 The
420 546 87 22 strata
528 541 122 25 conform
675 545 29 20 to
727 540 68 24 each
818 538 79 25 other
921 546 76 17 some

133 588 86 34 thirty
239 596 30 16 or
288 587 71 34 forty
372 587 53 25 feet
445 587 88 25 below
552 585 71 26 their
641 594 101 24 proper
761 583 130 34 position,
906 583 55 24 and
981 591 16 16 a

135 634 189 25 considerable
337 633 126 24 distance
480 633 88 24 below
581 632 47 24 the
641 631 55 25 line
709 630 30 25 of
753 629 65 26 cliff.
856 629 61 24 The
929 628 69 25 road

134 679 22 25 is
181 679 90 25 stated
293 683 28 21 to
342 679 71 24 have
436 679 68 23 been
527 678 81 23 made
630 678 35 31 by
685 684 51 17 one
757 675 29 25 of
801 675 47 25 the
867 674 130 33 Worsley

134 724 94 33 family
253 723 106 33 cutting
384 723 119 32 through
530 723 46 24 the
602 723 84 32 rocky
711 721 113 28 barrier,
848 720 20 25 it
895 720 103 32 having

135 770 70 25 been
230 778 15 16 a
267 778 73 16 mere
362 777 74 23 pass.
486 768 60 24 The
571 767 67 25 road
660 767 51 25 has
730 767 69 24 been
825 765 119 25 lowered
969 769 28 20 at

136 815 110 24 various
271 814 110 32 periods
406 813 27 25 in
463 821 190 24 consequence
678 811 29 26 of
732 811 152 29 accidents,
886 826 34 4 —
922 819 76 16 some

135 860 75 29 fatal,
231 869 30 16 as
282 861 48 24 the
352 859 200 33 neighbouring
572 859 175 33 churchyard
769 857 125 26 testifies.
939 857 60 26 The

136 906 69 26 view
229 905 30 26 of
282 905 132 33 Steephill
442 905 93 25 Castle
560 905 70 24 from
652 905 47 24 the
720 908 64 29 gate
806 903 31 25 of
858 904 48 24 the
928 903 72 25 little

135 950 175 33 churchyard
329 949 23 26 is
370 959 52 16 one
441 954 29 21 to
492 950 33 24 be
548 949 125 25 admired
684 959 4 15 :
709 949 67 25 with
798 949 48 25 the
866 948 88 33 spires
972 948 29 25 of

135 996 48 25 the
201 1000 54 21 two
276 996 143 25 Churches
438 999 27 22 at
480 996 124 24 Ventnor
624 994 84 33 rising
728 995 88 25 above
835 994 48 25 the
900 993 100 34 foliage

136 1041 91 24 which
249 1041 150 24 surrounds
419 1041 47 24 the
489 1041 102 24 Castle.

191 1087 130 25 Between
346 1087 63 24 here
442 1087 55 24 and
521 1087 125 24 Ventnor
676 1086 48 25 the
749 1085 70 26 cliffs
845 1094 46 16 are
917 1085 83 25 much

137 1132 135 25 obscured
293 1132 26 24 in
343 1132 93 32 places
454 1132 38 33 by
509 1132 48 24 the
576 1132 84 24 dense
679 1131 100 33 foliage
797 1131 92 26 which
909 1132 92 31 slopes

138 1177 113 32 upward
276 1177 69 25 from
375 1177 47 25 the
447 1177 67 25 road
543 1177 121 25 towards
691 1177 86 25 them.
832 1176 61 25 The
918 1181 82 24 trees,

138 1223 108 28 shrubs,
272 1222 54 25 and
348 1221 158 33 vegetation
531 1221 82 33 being
643 1222 97 25 rooted
770 1221 59 26 into
855 1222 48 25 the
928 1222 74 25 talus

138 1267 90 25 which
249 1268 50 24 has
320 1268 193 24 accumulated
536 1272 26 20 at
584 1269 46 23 the
652 1268 55 24 foot
728 1268 29 24 of
776 1268 47 24 the
843 1267 64 30 cliff,
930 1268 73 24 have

138 1313 150 32 prevented
302 1313 46 24 the
362 1312 211 33 disintegration
590 1313 29 24 of
635 1314 48 23 the
703 1313 52 25 soft
770 1314 151 24 sandstone
934 1313 69 24 beds

139 1358 96 28 below,
249 1358 37 33 by
298 1358 130 33 covering
448 1358 53 25 and
520 1358 148 33 excluding
687 1359 75 25 them
783 1358 68 25 from
869 1358 48 25 the
930 1367 73 17 wear

139 1403 55 24 and
212 1407 59 21 tear
290 1402 29 25 of
338 1403 47 25 the
404 1404 141 27 elements,
565 1412 30 16 so
614 1403 61 25 that
695 1404 66 33 they
779 1404 105 25 remain
905 1403 97 29 intact,

139 1448 55 25 and
216 1457 45 16 are
281 1457 73 16 moss
373 1457 92 23 grown
492 1449 54 24 and
565 1448 121 26 trellised
709 1449 66 25 with
799 1449 46 33 ivy
867 1449 27 25 in
920 1457 84 26 many

139 1494 102 30 places.

187 1540 82 23 From
293 1539 132 33 Steephill
447 1545 28 19 to
498 1540 123 24 Ventnor
644 1540 47 25 the
717 1540 165 26 subsidence
905 1540 29 25 of
956 1542 49 25 the

140 1589 96 24 strata,
250 1584 91 26 which
354 1585 71 25 have
445 1586 69 24 been
531 1586 137 24 detached
686 1585 69 25 from
775 1587 48 24 the
836 1591 98 27 parent
949 1587 60 25 cliff

141 1630 27 24 in
182 1630 88 32 larger
284 1639 104 16 masses
402 1630 68 25 than
484 1639 52 16 can
550 1631 33 24 be
597 1631 136 25 observed
746 1632 159 29 elsewhere,
919 1632 24 24 is
956 1637 48 21 not

141 1684 30 16 so
194 1676 99 31 abrupt
296 1690 34 3 —
332 1675 21 25 if
375 1684 39 16 we
439 1680 98 28 except
564 1677 125 23 Eastend
700 1685 4 20 ;
726 1677 81 32 along
832 1678 47 24 the
901 1678 55 25 line
978 1678 31 26 of

140 1720 186 30 disturbance,
352 1729 75 16 some
458 1721 102 30 having
591 1722 156 25 descended
779 1722 27 24 in
835 1732 35 15 an
903 1724 101 26 almost
