1117 1922
449 193 89 16 BROOK
563 193 91 16 POINT.

961 194 12 22 3

116 265 74 23 trees
219 264 135 25 resemble
378 264 48 25 the
450 264 68 25 rafts
550 264 62 25 that
637 273 46 17 are
707 265 131 33 annually
856 265 119 33 brought

117 307 81 26 down
220 308 70 27 from
309 309 49 25 the
379 309 113 25 interior
513 309 31 25 of
565 309 47 25 the
634 314 116 29 country
771 310 37 33 by
827 310 48 25 the
899 314 77 29 great

117 353 87 26 rivers
218 353 29 26 of
265 354 92 26 North
372 354 138 30 America,
523 354 91 27 which
628 364 45 16 are
687 355 100 26 drifted
800 359 47 22 out
860 355 30 26 of
904 356 72 25 their

117 407 107 21 course,
237 399 115 26 become
369 400 205 32 water-logged,
589 400 54 25 and
661 399 62 26 sink
741 399 59 26 into
817 401 48 24 the
883 401 54 24 bed
949 401 28 24 of

116 443 49 25 the

164 489 61 24 The
249 493 89 21 strata
363 489 27 25 in
414 490 49 25 the
486 489 228 33 neighbourhood
733 490 29 25 of
778 491 93 24 Brook
893 491 81 25 Point

118 534 105 25 consist
245 535 30 24 of
292 535 70 25 hard
383 535 63 33 pale
468 535 149 25 sandstone
628 544 5 21 ;
656 535 95 25 blocks
771 535 29 25 of
818 535 91 26 which
931 537 43 25 be-

118 588 80 17 come
225 579 201 33 disintegrated
452 580 54 25 and
530 579 35 26 lie
590 581 138 24 scattered
753 590 35 16 on
814 581 47 25 the
886 581 88 26 shore.

120 625 56 25 But
198 625 48 25 the
264 625 52 25 fish
336 626 109 31 palates
467 625 54 25 and
540 626 88 24 scales
649 635 46 15 are
714 626 108 33 usually
838 626 83 25 found
940 635 34 16 on

118 670 49 25 the
188 671 98 24 strand
307 679 35 16 on
363 679 15 16 a
400 671 70 25 level
491 671 67 25 with
579 671 48 25 the
652 672 68 24 Pine
745 671 74 30 Raft,
841 673 133 32 probably

119 716 114 25 washed
254 720 49 21 out
323 716 29 25 of
374 716 48 24 the
444 724 75 16 more
544 716 75 24 loose
644 716 69 24 sand
738 716 122 33 deposits
884 717 90 25 which

119 768 84 17 occur
223 761 28 24 in
270 761 49 24 the
336 760 63 25 cliff.
436 761 61 24 The
518 760 138 33 upheaval
673 760 90 25 which
782 761 50 24 has
850 762 124 24 elevated

120 806 48 25 the
192 806 138 24 Wealden
354 806 68 24 beds
446 809 138 21 traverses
608 805 48 24 the
681 806 93 24 Island
799 806 94 33 nearly
915 810 59 21 east

120 850 56 25 and
192 854 77 25 west,
284 850 55 25 and
358 850 23 24 is
403 850 103 24 hidden
526 850 119 24 beneath
666 850 47 24 the
733 850 241 32 superincumbent

119 899 89 21 strata
236 899 28 21 to
298 895 48 25 the
373 899 58 20 east
463 894 30 25 of
521 894 152 25 Atherfield
702 894 81 25 Point
812 903 31 16 as
873 894 41 25 far
945 904 29 17 as

120 940 138 26 Sandown
288 940 69 32 Bay,
382 939 91 26 where
497 939 66 32 they
584 938 82 33 again
691 947 77 17 come
793 943 29 21 to
846 939 47 26 the
917 949 57 16 sur-

118 984 69 30 face,
214 993 16 17 a
260 984 77 26 short
369 983 127 26 distance
526 983 69 26 from
625 983 91 26 where
745 983 47 25 the
823 984 54 25 Old
908 985 66 25 Fort

117 1029 130 33 formerly
271 1028 81 26 stood
354 1044 33 3 —
388 1029 91 25 where
507 1029 49 25 Dr.
584 1028 116 25 Mantell
725 1028 51 25 has
803 1029 98 32 placed
927 1030 47 24 the

117 1074 60 25 axis
197 1074 30 25 of
244 1075 138 32 upheaval
383 1090 35 3 —
419 1074 117 32 forming
557 1074 66 25 with
643 1073 35 25 its
697 1074 53 24 low
768 1073 70 25 cliffs
860 1074 46 24 the
928 1083 46 17 sea

116 1119 60 25 face
196 1119 30 25 of
244 1120 48 24 the
311 1119 95 31 parish
425 1119 30 24 of
471 1119 166 25 Yaverland.

164 1165 60 24 The
242 1165 96 25 lowest
356 1164 68 25 beds
441 1168 28 20 at
484 1164 92 24 Brook
591 1163 90 29 Point,
696 1167 27 21 at
743 1164 46 24 the
802 1164 67 24 base
882 1164 28 24 of
927 1164 45 25 the

115 1210 65 29 cliff,
195 1219 47 16 are
255 1219 16 15 a
284 1209 85 26 white
387 1218 30 16 or
436 1209 63 33 pale
518 1217 66 25 grey
596 1209 158 28 sandstone,
768 1209 67 25 with
854 1209 118 25 fucoidal

115 1254 151 33 markings,
287 1253 161 33 containing
472 1253 60 25 iron
557 1253 114 33 pyrites,
696 1253 81 33 being
805 1253 98 25 almost
926 1262 46 16 un-

115 1300 180 25 fossiliferous
306 1309 4 21 ;
344 1299 136 26 detached
508 1300 86 25 bones
621 1298 29 26 of
678 1298 111 33 reptiles
815 1308 46 16 are
887 1308 85 16 some-

115 1346 82 25 times
217 1346 86 24 found
327 1345 28 25 in
380 1345 31 25 it.
448 1345 60 24 The
533 1345 68 24 beds
626 1353 47 16 are
693 1344 144 25 described
857 1353 31 16 as
907 1353 65 25 very

114 1391 133 33 irregular
265 1395 28 21 at
312 1391 48 25 the
374 1390 91 29 Point,
479 1390 91 26 where
583 1391 66 32 they
660 1390 71 24 have
748 1391 68 23 been
831 1391 141 31 subjected

114 1441 29 22 to
176 1440 78 29 great
283 1444 137 24 pressure,
446 1435 50 25 but
528 1435 66 33 they
618 1435 106 33 change
755 1435 72 24 their
858 1435 113 25 mineral

115 1483 144 24 character
280 1485 28 22 at
322 1481 77 26 short
419 1481 148 25 distances.
605 1480 59 25 The
678 1480 88 33 sandy
778 1480 67 25 beds
859 1481 112 25 become

115 1528 168 28 calcareous,
298 1526 54 25 and
370 1525 104 26 similar
488 1529 28 22 to
533 1526 46 25 the
594 1525 131 32 irregular
739 1525 66 26 beds
819 1525 30 25 of
864 1525 107 33 waving

115 1573 149 25 sandstone
278 1572 91 26 which
388 1575 56 21 rest
466 1580 35 16 on
520 1572 84 24 them.
642 1572 97 24 Above
756 1571 48 24 the
822 1572 149 24 sandstone

115 1618 23 25 is
163 1628 16 15 a
201 1618 53 26 bed
276 1617 31 26 of
328 1617 70 25 hard
422 1617 48 25 red
492 1617 78 28 marl,
590 1616 101 29 which,
714 1617 133 32 although
871 1616 21 25 it
917 1617 54 25 dis-

114 1673 118 24 appears
253 1667 27 22 at
300 1664 47 25 the
367 1662 91 30 Point,
473 1662 95 26 makes
586 1662 36 25 its
644 1671 173 24 appearance
836 1662 80 33 again
935 1671 36 17 on

114 1710 47 24 the
174 1710 81 24 shore
268 1709 93 25 fifteen
374 1717 30 16 or
417 1712 104 28 twenty
533 1708 53 25 feet
600 1707 104 26 further
717 1707 144 26 eastward.
895 1708 76 25 Near
