1117 1922
433 180 136 16 sandown
590 181 56 15 bay.

932 183 30 22 49

155 249 69 26 This
238 250 118 25 division
377 251 68 25 ends
463 252 48 24 the
529 252 170 33 description
711 252 30 25 of
751 253 47 25 the
811 253 151 26 Atherfield

108 295 105 25 section
230 295 31 25 of
276 296 47 24 the
345 297 98 24 Lower
462 297 162 25 Greensand
642 297 122 33 deposits
784 297 53 25 and
853 298 111 32 organic

108 340 128 25 remains.
257 341 156 33 According
423 345 29 21 to
461 342 49 24 Dr.
521 341 103 30 Fitton,
634 342 77 25 these
721 342 121 32 deposits
853 342 111 26 contain

111 393 9 16 1
126 393 32 24 50
167 385 106 33 species
282 385 29 25 of
318 386 93 30 shells,
417 386 47 25 the
473 387 231 32 stratagraphical
711 387 120 32 position
839 387 30 26 of
873 387 90 26 which

108 431 51 25 has
173 431 68 26 been
256 432 158 33 accurately
428 432 177 25 determined.
643 433 83 25 From
743 432 55 25 this
812 433 20 24 it
847 442 116 24 appears

108 476 62 25 that
195 485 48 24 130
265 477 106 32 species
391 486 82 16 occur
495 478 28 24 in
544 478 48 25 the
612 479 155 24 lowermost
793 486 46 24 150
863 478 52 25 feet
936 478 31 25 of

111 526 96 25 strata,
222 523 54 24 and
290 523 60 25 that
363 523 28 24 in
405 523 46 25 the
465 532 85 24 upper
564 523 67 25 beds
632 540 34 2 —
668 523 166 33 comprising
848 532 15 16 a
876 523 87 25 thick-

111 575 63 17 ness
193 567 29 24 of
238 567 94 33 nearly
350 575 49 25 700
417 567 53 26 feet
472 584 33 2 —
506 568 49 25 but
574 572 103 29 twenty
690 567 151 26 additional
859 567 105 33 species

112 621 47 17 are
179 617 64 24 met,
266 612 67 26 with
350 612 59 30 few,
428 612 22 26 if
467 622 62 24 any,
548 613 111 33 organic
678 613 119 25 remains
816 613 149 33 appearing

113 657 28 25 in
159 658 48 25 the
224 667 86 23 upper
329 658 98 33 layers.
463 658 87 29 Thus,
564 658 20 25 it
604 667 125 24 appears,
743 658 183 25 six-sevenths
940 658 28 25 of

113 703 77 24 them
209 711 83 17 occur
314 703 28 24 in
363 704 47 24 the
428 704 155 25 lowermost
607 711 47 25 150
673 703 62 30 feet,
748 712 30 16 or
797 703 27 25 in
842 704 47 24 the
907 704 59 25 first

114 748 77 24 three
216 756 111 24 groups,
351 749 53 23 and
428 748 168 33 throughout
621 749 47 24 the
693 748 153 25 remainder
870 748 29 25 of
920 749 47 24 the

115 792 134 29 distance,
263 793 69 24 from
345 794 48 24 the
407 794 134 24 Crackers
559 797 29 21 to
606 794 47 24 the
667 794 84 25 Gault
754 809 33 3 —
788 794 47 24 the
847 797 119 29 greatest

115 838 109 32 portion
242 838 30 25 of
290 838 47 25 the
359 838 146 25 formation
506 854 34 3 —
542 839 48 25 but
612 838 125 33 eighteen
754 838 149 26 additional
921 848 46 16 are

116 883 90 24 added
224 888 28 19 to
272 883 46 24 the
337 884 54 23 list.

163 928 160 32 Geological
344 927 105 27 writers
471 937 49 24 say
539 928 49 25 but
610 928 70 25 little
697 937 35 16 on
751 928 47 25 the
818 928 103 26 section
941 928 28 26 of

117 972 98 26 Lower
227 972 162 26 Greensand
402 976 27 21 at
444 972 46 25 the
504 976 58 21 east
576 972 52 25 end
638 972 30 25 of
678 972 137 26 Sandown
826 973 68 32 Bay,
904 973 62 29 and,

115 1017 147 33 excepting
270 1018 47 24 the
330 1018 171 24 remarkable
514 1017 119 32 position
647 1017 27 25 in
687 1017 89 25 which
790 1018 46 24 the
846 1017 122 33 deposits

115 1071 47 15 are
180 1063 116 29 thrown,
315 1063 89 32 owing
428 1066 29 21 to
478 1062 47 25 the
550 1062 137 32 upheaval
705 1062 30 24 of
753 1062 46 24 the
824 1063 143 29 Wealden,

115 1108 77 24 there
223 1107 23 25 is
276 1107 70 25 little
378 1107 29 24 of
436 1107 122 25 interest.
614 1107 24 24 It
670 1107 179 32 corresponds
880 1115 30 17 as
939 1110 30 22 to

114 1152 153 33 geological
292 1152 52 25 site
369 1152 54 24 and
448 1151 65 33 high
533 1151 161 25 inclination
713 1151 30 25 of
760 1152 47 24 the
832 1155 87 22 strata
940 1156 28 20 to

114 1197 61 26 that
197 1197 30 25 of
246 1197 138 33 Compton
411 1198 68 32 Bay.
527 1197 23 24 It
576 1197 23 24 is
623 1197 116 24 obscure
761 1200 27 22 at
811 1197 47 25 the
882 1206 87 24 upper

113 1247 72 28 part,
200 1243 49 25 but
268 1242 102 25 affords
392 1251 31 16 as
440 1242 72 32 good
531 1251 16 16 a
569 1241 69 26 view
651 1241 29 26 of
696 1241 47 26 the
759 1241 125 33 junction
902 1241 67 27 with

114 1288 47 25 the
174 1288 136 25 Wealden
324 1296 31 16 as
371 1287 79 25 other
468 1287 93 32 places
577 1286 166 26 mentioned.
780 1287 59 25 The
858 1286 111 33 organic

114 1333 119 25 remains
259 1332 27 25 in
306 1333 46 24 the
378 1340 88 24 upper
491 1331 68 26 beds
583 1330 31 26 of
638 1331 47 25 the
711 1331 123 33 deposits
859 1340 45 16 are
933 1332 36 24 all

114 1378 155 33 destroyed,
299 1377 100 33 chiefly
423 1378 37 32 by
488 1377 46 24 the
563 1376 162 25 infiltration
759 1376 28 25 of
815 1376 68 30 iron,
915 1377 53 24 and

114 1423 80 24 those
211 1423 60 24 that
290 1431 45 16 are
354 1422 189 33 recognisable
556 1430 46 16 are
619 1421 28 24 in
664 1421 68 25 such
751 1429 16 16 a
786 1421 183 33 decomposed

115 1472 72 21 state
207 1476 30 17 as
256 1471 29 22 to
303 1468 34 24 be
359 1467 242 32 untransportable
603 1481 34 3 —
638 1466 46 24 the
704 1466 106 29 Lower,
829 1474 30 16 or
880 1467 88 23 Perna

115 1512 76 29 beds,
214 1512 136 29 however,
373 1512 82 30 being
474 1511 142 31 excepted.

162 1558 48 25 Dr.
224 1557 95 26 Fitton
332 1557 50 25 has
395 1556 80 33 given
493 1565 16 16 a
522 1556 105 25 section
645 1556 188 33 representing
846 1556 122 25 between

115 1603 59 25 four
188 1603 53 25 and
254 1603 53 25 five
320 1602 87 30 miles,
422 1602 27 25 in
468 1601 90 27 which
572 1601 134 26 Shanklin
725 1602 88 25 Down
826 1601 83 25 forms
922 1602 46 25 the

114 1652 126 25 western,
247 1649 54 24 and
312 1647 166 33 Bembridge
485 1648 89 24 Down
584 1647 47 25 the
640 1650 108 22 eastern
758 1646 79 26 limit.
869 1647 43 25 On
922 1647 46 25 the

114 1698 108 21 eastern
234 1693 57 25 side
305 1693 29 24 of
344 1693 47 25 the
402 1693 61 31 Bay
473 1692 47 25 the
530 1691 79 33 flinty
617 1691 81 25 chalk
709 1691 50 25 has
772 1700 16 16 a
801 1692 68 24 total
882 1691 86 25 thick-

162 1745 13 14 D
