1117 1922
414 137 170 17 hempstead
603 138 106 16 series.

947 140 46 24 157

183 207 31 24 In
233 207 65 25 thus
318 207 96 34 briefly
427 208 145 33 sketching
590 212 48 21 out
657 209 47 25 the
722 209 162 33 interesting
901 211 91 32 points

136 252 27 24 in
185 252 47 25 the
255 253 124 33 Geology
401 253 29 25 of
451 253 47 24 the
522 253 53 25 Isle
596 253 30 25 of
645 253 97 33 Wight
763 263 30 16 as
816 255 111 31 regards
946 256 46 24 the

136 297 158 30 Tertiaries,
309 297 20 26 it
352 297 22 25 is
396 298 109 32 beyond
528 298 46 25 the
595 298 131 32 province
748 298 29 26 of
799 299 55 25 this
874 300 71 25 book
964 304 28 21 to

136 347 93 28 repeat
251 343 47 26 the
323 343 119 26 detailed
465 343 129 30 sections,
617 352 29 17 so
668 343 204 33 indispensable
897 348 29 21 to
946 345 46 24 the

136 389 112 24 worker.
286 388 60 25 The
396 388 131 25 Memoirs
550 388 29 25 of
600 388 47 25 the
670 388 161 32 Geological

136 433 67 25 from
218 434 90 25 which
332 435 11 23 I
365 435 70 24 have
456 434 103 33 largely
572 434 102 29 drawn,
689 442 46 16 are
752 434 48 24 full
814 434 29 24 of
859 434 47 24 the
919 438 71 21 most

136 479 104 25 minute
258 479 55 24 and
335 482 80 21 exact
429 478 99 25 details
547 487 30 16 as
595 482 29 21 to
643 478 150 33 particular
811 479 76 29 beds,
901 479 91 25 which

136 523 27 24 in
177 524 92 23 actual
282 523 64 24 field
358 523 75 24 work
447 532 45 15 are
506 523 83 24 found
602 523 165 24 invaluable.

181 570 41 25 To
242 579 128 24 preserve
390 569 90 26 fossils
503 570 134 25 collected
661 578 66 16 near
752 569 47 26 the
821 573 77 22 coast
920 569 69 26 from

136 623 52 25 any
201 615 29 24 of
247 615 78 24 these
343 614 128 34 Tertiary
484 615 77 29 beds,
575 614 20 25 it
615 614 23 25 is
657 623 146 25 necessary
816 622 28 17 to
863 614 126 25 immerse

135 661 74 24 them
231 660 27 25 in
280 660 72 25 fresh
373 664 84 21 water
479 660 69 25 until
570 660 47 25 the
639 661 52 24 salt
714 659 23 25 is
757 660 141 25 extracted
920 660 69 24 from

134 706 75 25 them
222 715 5 21 ;
247 706 116 25 without
376 706 56 25 this
449 706 161 33 precaution
629 706 65 33 they
708 714 45 16 are
766 705 83 25 liable
861 710 28 21 to
904 706 85 33 decay

135 751 53 25 and
210 751 122 25 crumble
354 755 28 21 to
404 750 100 33 pieces.
542 750 59 26 The
624 750 89 26 Chalk
737 751 71 25 Marl
831 750 89 26 fossils
943 759 46 17 are

134 796 81 25 liable
235 799 28 22 to
282 796 81 25 suffer
382 795 28 26 in
429 796 46 25 the
495 805 75 16 same
583 805 68 23 way.

178 841 59 25 The
251 840 137 33 following
401 844 105 22 extract
521 840 68 25 from
604 840 140 26 Professor
755 840 122 26 Geikie's
917 841 70 25 Text

135 886 78 25 Book
225 886 30 25 of
435 888 72 27 1882,
522 894 26 24 p.
563 888 58 30 837,
633 886 54 25 will
700 886 82 25 assist
795 886 47 25 the
855 887 95 24 reader
960 887 27 24 in

134 932 117 31 forming
263 940 76 17 some
352 932 60 25 idea
426 932 30 25 of
465 932 47 25 the
525 931 45 25 life
584 932 53 24 and
650 932 110 24 climate
774 932 29 24 of
813 932 47 25 the
870 932 66 25 time
947 942 5 17 :
954 948 33 3 —

206 976 59 26 The
285 976 110 26 climate
414 976 29 25 of
460 976 46 25 the
520 976 126 33 Tertiary
659 976 109 33 periods
788 977 158 26 underwent
960 976 27 27 in

133 1022 48 26 the
204 1022 131 26 northern
359 1022 175 32 hemisphere
558 1031 15 16 a
598 1022 172 26 remarkable
790 1023 114 32 change.
950 1024 37 24 At

133 1068 47 24 the
192 1067 147 33 beginning
358 1067 21 25 it
401 1076 56 16 was
476 1067 30 25 of
524 1076 15 16 a
561 1067 169 33 subtropical
750 1068 152 30 character,
919 1077 68 17 even

133 1114 27 24 in
173 1114 46 24 the
233 1117 92 21 centre
342 1113 30 25 of
389 1114 110 32 Europe
518 1114 54 24 and
592 1114 91 25 North
702 1114 136 24 America.
878 1114 24 25 It
921 1114 66 25 then

132 1158 142 33 gradually
288 1159 113 24 became
414 1167 76 16 more
508 1163 161 28 temperate,
683 1159 49 25 but
746 1158 139 33 flowering
895 1160 92 31 plants

133 1204 53 25 and
200 1204 99 25 shrubs
313 1203 148 26 continued
474 1208 28 21 to
516 1203 53 26 live
589 1213 67 16 even
670 1203 40 26 far
723 1203 96 26 within
832 1204 47 25 the
893 1204 94 26 Arctic

132 1248 91 31 circle,
242 1249 99 29 where,
361 1249 65 25 then
446 1258 30 16 as
495 1258 69 20 now,
578 1249 78 25 there
674 1252 73 22 must
767 1249 71 25 have
858 1250 68 24 been
946 1249 41 25 six

132 1295 106 24 sunless
257 1294 111 25 months
390 1302 82 25 every
492 1303 73 25 year.
603 1294 131 32 Growing
753 1294 55 24 still
827 1294 96 24 milder
941 1295 46 24 the

132 1340 110 25 climate
255 1340 101 32 passed
369 1341 157 32 eventually
540 1340 58 24 into
612 1348 15 16 a
640 1340 87 32 phase
740 1340 29 24 of
782 1343 121 21 extreme
916 1341 71 28 cold,

131 1385 79 25 when
230 1393 75 17 snow
319 1385 52 25 and
393 1385 42 25 ice
456 1385 136 25 extended
611 1385 68 24 from
699 1385 47 24 the
766 1384 94 25 Arctic
880 1384 108 33 regions

131 1429 58 26 into
203 1430 46 26 the
263 1434 92 21 centre
374 1429 29 26 of
420 1430 112 32 Europe
550 1429 55 26 and
625 1429 91 26 North
730 1429 137 25 America.
907 1429 81 26 Since

131 1475 60 26 that
216 1474 66 26 time
307 1475 47 25 the
379 1475 62 25 cold
466 1474 50 25 has
542 1474 80 33 again
647 1473 174 30 diminished,
848 1474 69 25 until
941 1474 47 25 the

131 1524 109 29 present
254 1520 118 25 thermal
391 1519 178 26 distribution
588 1520 51 24 has
658 1520 69 25 been
743 1519 127 25 reached.
908 1518 79 26 With

131 1566 67 24 such
218 1566 120 31 changes
357 1565 30 24 of
405 1565 159 33 geography
583 1564 54 25 and
655 1564 29 25 of
704 1563 111 26 climate
832 1563 48 26 the
898 1563 45 25 life
963 1563 28 25 of

131 1611 127 33 Tertiary
270 1610 75 29 time,
360 1619 30 16 as
403 1610 87 33 might
505 1610 71 25 have
589 1611 69 23 been
675 1608 179 33 anticipated,
868 1608 23 25 is
904 1608 84 25 found

131 1661 27 21 to
171 1655 71 26 have
256 1656 68 25 been
338 1655 174 32 remarkably
525 1654 103 26 varied.
