1117 1922
450 149 94 16 WHITE
564 149 97 16 CHALK.

941 148 45 23 105

131 221 47 25 the
191 221 80 24 lower
285 224 28 21 to
327 220 46 25 the
386 228 86 24 upper
492 223 96 25 strata,
602 219 144 33 becoming
762 220 93 33 nearly
871 219 113 25 vertical

131 269 28 20 at
180 265 46 24 the
246 265 126 32 junction
397 264 66 25 with
485 265 47 23 the
557 265 126 32 Tertiary
708 268 95 24 strata,
826 264 89 25 where
939 264 45 25 the

132 309 67 25 beds
213 309 113 25 become
339 309 78 28 hard,
432 309 53 24 and
500 318 45 15 are
558 309 141 25 traversed
712 309 36 33 by
760 309 89 33 layers
862 309 30 24 of
901 308 83 25 flints.

132 354 59 25 The
213 354 89 25 bands
324 354 30 25 of
375 353 75 26 flints
475 363 47 16 are
545 354 60 25 well
630 354 142 33 displayed
797 353 27 25 in
848 354 47 25 the
919 353 65 26 cliff-

132 398 119 26 sections
274 399 123 25 between
420 399 57 25 Sun
500 399 103 24 Corner
628 398 54 25 and
703 398 47 25 the
772 397 125 33 junction
919 397 65 26 with

131 444 48 25 the
197 444 127 33 Tertiary
344 448 86 21 strata
450 443 27 25 in
498 444 80 25 Alum
603 445 68 31 Bay,
691 444 90 25 where
802 443 65 33 they
884 452 100 23 appear

133 498 30 16 as
177 490 114 32 parallel
310 490 97 33 layers,
422 489 158 32 presenting
599 497 15 16 a
633 488 115 33 striking
767 492 131 25 contrast,
917 488 67 25 from

132 535 71 24 their
217 535 155 28 blackness,
386 539 29 19 to
435 535 46 23 the
500 542 94 24 snowy
610 538 94 28 aspect
724 533 30 25 of
769 534 46 24 the
828 534 89 24 chalk.

180 580 59 23 The
263 580 89 27 rocks,
378 579 88 24 called
518 579 59 24 The
772 586 46 16 are
842 586 144 16 enormous

134 624 211 32 wedge-shaped
360 632 103 15 masses
477 623 28 24 of
521 624 80 23 chalk
621 623 127 32 standing
761 626 47 21 out
826 622 27 24 in
871 622 47 25 the
931 631 55 20 sea,

134 668 90 26 which
246 668 72 25 have
341 668 114 26 become
472 668 116 24 isolated
610 667 69 25 from
701 668 47 24 the
769 671 76 29 great
867 668 73 32 body
961 667 27 25 of

134 713 47 25 the
194 713 80 25 chalk
288 712 117 33 forming
424 712 46 25 the
489 712 149 29 mainland,
651 712 36 33 by
704 712 46 24 the
763 712 116 32 wasting
896 712 90 24 action

134 758 29 25 of
179 758 47 25 the
244 767 91 16 waves
361 767 73 23 upon
456 757 47 25 the
527 761 86 21 coast.
662 756 117 33 Though
804 756 182 33 conspicuous

134 804 106 31 objects
253 807 28 21 at
301 812 15 16 a
329 803 134 26 distance,
478 811 33 16 on
532 806 116 21 account
667 801 29 26 of
711 801 70 25 their
798 801 121 33 position
932 802 54 25 and

134 856 94 24 snowy
246 847 155 28 whiteness,
422 848 65 31 they
505 856 46 15 are
569 846 29 25 of
614 846 81 25 much
714 847 88 31 larger
820 845 166 26 dimensions

133 892 67 24 than
213 892 66 33 they
292 900 72 16 seem
378 895 28 21 to
427 892 32 24 be
472 891 78 25 when
565 890 103 25 viewed
687 890 67 25 from
774 890 46 25 the
838 890 147 29 mainland,

133 937 54 24 and
207 945 17 16 a
243 937 65 24 base
329 936 30 25 of
383 938 32 23 60
435 935 52 25 feet
510 935 27 25 in
559 935 132 25 diameter
713 935 50 25 has
782 936 68 24 been
873 935 113 25 levelled

132 990 35 16 on
186 990 52 16 one
260 981 30 25 of
306 982 75 24 them
402 981 40 24 for
464 981 47 24 the
528 980 176 25 foundations
722 979 29 26 of
770 980 47 25 the
836 988 58 17 new
907 980 79 32 light-

132 1027 94 28 house,
243 1027 47 24 the
309 1027 52 24 site
378 1026 29 24 of
424 1026 90 25 which
533 1026 50 23 has
597 1026 68 24 been
685 1026 129 24 removed
831 1030 28 19 to
879 1025 19 24 it
918 1025 68 24 from

133 1071 75 33 High
229 1072 115 25 Down.*

177 1117 25 25 It
223 1116 24 26 is
267 1116 132 25 recorded
417 1115 60 25 that
502 1115 47 25 the
569 1115 119 24 Needles
706 1113 92 25 derive
816 1114 70 24 their
905 1123 80 16 name

130 1161 68 26 from
213 1170 15 16 a
241 1160 85 33 spiral
340 1159 105 33 shaped
458 1159 75 28 rock,
549 1167 48 16 120
610 1159 52 24 feet
682 1159 74 32 high,
770 1159 89 24 which
873 1159 112 24 became

129 1206 144 33 gradually
285 1204 181 27 undermined
479 1205 35 32 by
524 1204 47 25 the
584 1203 92 25 action
689 1203 29 25 of
735 1203 46 25 the
795 1212 54 20 sea,
867 1203 118 34 yielding

130 1255 27 20 at
171 1251 63 28 last,
248 1250 54 25 and
316 1249 94 32 falling
422 1248 67 26 with
503 1257 30 16 so
550 1252 77 29 great
647 1256 15 16 a
681 1248 73 24 force
767 1248 60 24 that
841 1248 46 24 the
901 1248 84 25 shock

130 1295 193 25 reverberated
348 1293 168 32 throughout
542 1293 46 24 the
616 1292 101 29 Island,
740 1292 63 29 and,
827 1292 21 25 it
870 1292 22 25 is
917 1292 68 29 said,

130 1349 56 16 was
208 1340 46 24 felt
276 1348 30 16 as
328 1339 40 25 far
393 1347 30 17 as
447 1337 188 26 Portsmouth.
685 1336 67 25 This
772 1337 65 25 took
859 1337 78 32 place
958 1337 27 25 in

133 1386 73 32 1764.
255 1385 90 24 There
369 1383 23 25 is
417 1392 16 16 a
457 1383 79 25 small
561 1381 149 33 engraving
735 1381 30 25 of
789 1381 48 26 the
860 1381 66 26 rock
950 1390 35 17 on

130 1439 71 24 page
226 1437 31 25 25
279 1429 30 25 of
331 1429 43 25 Sir
399 1428 121 25 Richard
545 1427 153 33 Worsley's
749 1426 115 33 History
889 1426 29 26 of
939 1427 46 25 the

290 1474 60 24 The
363 1478 110 29 present
489 1473 119 24 Needles
622 1471 173 33 Lighthouse
808 1480 56 16 was
876 1471 109 25 erected

130 1521 36 33 by
183 1520 47 26 the
252 1519 108 33 Trinity
382 1518 101 29 Board,
505 1518 54 24 and
580 1517 36 24 its
638 1516 115 33 friendly
774 1516 122 32 warning
916 1516 68 32 light

130 1574 56 17 was
205 1565 58 25 first
283 1573 62 17 seen
365 1573 35 17 on
418 1564 48 25 the
484 1563 77 32 night
581 1562 29 25 of
625 1562 123 33 January
769 1566 48 24 ist,
842 1563 73 31 1859.

257 1667 58 18 Mem.
324 1666 106 22 Geological
439 1666 76 22 Survey,
523 1665 87 21 Bristow,
619 1664 37 18 Isle
665 1664 19 18 of
692 1664 73 21 Wight,
787 1668 32 17 pp.
828 1665 27 20 28,
864 1665 25 17 29,
