1117 1922
145 182 44 25 142

441 183 137 15 TERTIARY
600 183 105 15 SERIES.

143 260 101 25 stones,
259 256 54 25 and
330 255 30 25 of
378 256 79 24 those
477 255 156 32 comprised
655 255 28 24 in
704 255 46 24 the
770 255 82 24 lower
872 253 85 25 series
976 253 26 25 in

142 301 55 25 this
210 301 120 33 locality,
346 301 60 25 that
429 301 35 25 all
485 301 48 25 the
552 300 153 33 important
727 300 160 24 limestones
906 299 27 24 in
956 299 46 25 the

144 347 93 25 Island
250 355 70 17 were
334 346 128 33 formerly
474 346 119 25 referred
606 349 29 21 to
650 345 46 25 the
711 345 120 25 Headon
844 344 158 26 formation.

142 392 78 33 They
233 392 59 24 thin
306 395 47 21 out
366 392 145 32 gradually
523 392 49 24 but
591 390 109 33 rapidly
712 390 121 25 towards
850 390 48 25 the
910 390 92 28 north,

143 437 53 24 and
209 437 148 32 disappear
370 436 153 33 altogether
537 435 27 25 in
578 444 34 16 an
631 436 118 32 easterly
762 435 144 29 direction,
921 434 81 33 being

142 482 176 32 represented
342 482 37 33 by
401 482 83 24 sands
510 482 53 24 and
589 481 84 24 marls
698 480 28 24 in
752 480 159 24 Whitecliff
933 481 69 32 Bay.

142 526 60 25 The
223 527 81 25 lower
330 526 28 25 of
379 527 48 24 the
446 531 54 20 two
523 526 77 25 thick
621 525 161 25 limestones
805 525 148 33 belonging
974 529 28 21 to

142 571 55 26 this
211 571 83 26 series
313 576 27 21 at
361 571 118 25 Headon
502 570 59 26 Hill
577 570 23 25 is
619 570 177 33 represented
815 570 37 33 by
865 570 46 25 the
929 570 73 25 band

142 616 116 32 forming
279 617 72 24 How
374 616 103 32 Ledge,
500 616 123 24 between
650 615 113 25 Colwell
787 615 54 24 and
867 615 135 25 Totlands

142 662 75 32 Bays
391 661 82 24 north
498 660 30 25 of
550 661 69 24 East
646 661 106 28 Cowes,
779 669 15 15 a
819 659 71 26 little
915 660 87 25 round

142 706 46 24 the
209 706 59 24 first
290 706 90 29 Point,
396 706 67 32 light
484 714 81 24 green
586 705 53 25 and
660 705 47 25 red
728 705 89 33 sandy
837 705 84 33 clays,
936 704 66 26 with

142 752 87 24 bands
242 751 30 24 of
282 751 175 32 compressed
471 751 109 24 Melania
595 753 87 22 costata
700 751 54 24 and
774 750 134 29 bivalves,
921 750 81 25 form-

142 796 45 32 ing
206 805 15 15 a
237 796 160 28 shell-marl,
412 796 70 24 have
503 796 108 32 slipped
632 795 69 25 from
722 804 16 16 a
759 795 97 33 higher
877 796 71 25 level
968 804 34 16 on

142 845 27 20 to
184 841 46 24 the
244 841 88 28 shore,
347 841 52 24 and
414 841 124 24 Paludina
551 841 72 28 lenta,
639 841 93 32 Cyrena
749 841 105 28 obovata,
867 841 135 24 Potamides

142 886 165 33 (Cerithium)
330 895 119 19 concavus,
470 890 63 24 etc.,
547 895 52 16 one
619 886 27 24 in
670 895 15 16 a
706 885 126 26 silicified
852 885 150 31 condition,

142 931 34 25 lie
190 932 137 24 scattered
341 931 27 25 in
381 935 77 27 great
473 931 142 31 profusion
629 940 35 16 on
677 932 48 25 the

188 977 129 24 Between
333 978 72 23 How
419 977 95 32 Ledge
534 977 54 24 and
603 977 134 33 Lynchen
753 977 87 25 Chine
855 978 46 24 the
916 983 86 19 strata

141 1022 70 24 have
231 1023 67 23 been
319 1023 152 28 contorted,
486 1023 55 24 and
559 1023 56 24 this
635 1031 51 16 can
705 1024 34 24 be
757 1024 61 24 well
838 1032 63 16 seen
915 1024 27 23 in
955 1024 48 24 the

141 1066 59 25 face
213 1066 30 25 of
259 1067 46 24 the
319 1067 63 24 cliff.
421 1068 112 24 Several
547 1068 68 24 beds
631 1068 29 24 of
678 1068 68 33 Clay
762 1068 144 25 Ironstone
919 1077 83 16 occur

141 1120 65 15 near
221 1111 105 28 Norris,
342 1112 159 33 separating
513 1112 48 25 the
574 1112 180 26 fossiliferous
767 1113 84 33 clays.

188 1156 67 24 This
275 1156 83 25 series
377 1156 50 25 has
447 1156 106 33 yielded
574 1166 14 16 a
607 1158 65 32 long
685 1158 55 25 and
752 1157 153 33 important
918 1159 84 25 series

140 1200 30 25 of
186 1200 111 33 organic
311 1201 128 29 remains,
454 1211 31 16 as
498 1202 47 25 the
558 1202 139 33 following
710 1203 46 25 list
770 1203 54 25 will
839 1204 77 25 show
927 1213 42 15 :-—

140 1247 86 25 Chara
237 1247 52 24 and
303 1248 163 31 Carpolithes
589 1249 113 32 Cythere
717 1249 29 31 (3
760 1250 52 31 sp.)

140 1282 114 23 Balanus
589 1283 158 32 Cytheridea
762 1284 27 31 (3
803 1292 30 24 sp
844 1284 12 32 )

140 1316 139 31 Pollicipes
590 1316 149 33 Cytherella

142 1349 108 33 Serpnla
265 1350 28 32 (2
308 1351 51 31 sp.)
590 1351 137 32 Cythereis

187 1397 62 24 And
269 1400 125 28 amongst
414 1397 47 24 the
481 1397 137 24 Mollusca
629 1406 6 15 :
638 1412 33 4 —

141 1443 102 32 Cyrena
595 1443 69 24 Unio

142 1477 112 24 Corbula
595 1477 158 32 Melanopsis

141 1511 80 24 Helix
594 1511 93 25 Murex

141 1545 123 32 Lymnæa
279 1545 46 31 (20
338 1545 51 31 sp.)
594 1545 160 25 Cancellaria

140 1580 136 23 Planorbis
592 1580 148 24 Buecinum

140 1614 171 31 Potamomya
593 1614 102 24 Tellnib

140 1647 149 24 Potamides
591 1647 99 26 Voluta

269 1711 9 9 *
286 1707 58 18 Mem.
353 1707 52 17 Geol.
415 1707 61 18 Surv..
484 1707 88 19 Bristow,
580 1708 38 16 Isle
626 1708 21 17 of
655 1708 73 22 Wight,
738 1711 48 19 1862,
794 1715 19 17 p.
826 1712 46 18 61-2,
