1117 1922
156 318 427 34 GEOLOGICAL
630 318 203 34 GUIDE

445 422 35 15 TO
499 422 56 15 THE

238 502 131 33 ISLE
418 501 73 34 OF
537 502 216 33 WIGHT.

351 700 23 21 of
389 701 64 25 great
467 707 51 13 men
533 700 31 20 all
578 700 87 21 remind
678 707 27 14 ns

298 729 40 20 We
353 735 43 14 can
410 729 66 20 make
490 735 41 13 our
545 729 56 20 lives
616 729 100 23 sublime,

269 757 52 19 And
336 757 125 25 departing,
477 757 62 19 leave
554 757 82 19 behind
650 764 26 12 ns

298 786 130 24 Footprints
442 791 29 13 on
489 785 38 19 the
542 785 67 20 sands
624 785 24 19 of

687 830 27 3 —
715 820 135 23 Longfellow.

312 980 153 33 WcdXben
494 979 186 35 formation.

206 1060 56 24 HE
272 1059 88 32 major
368 1059 126 32 portions
502 1059 30 24 of
539 1059 77 24 these
625 1059 123 32 deposits
756 1068 46 16 are
810 1060 118 26 situated

238 1113 36 15 on
296 1104 47 24 the
360 1103 132 25 southern
512 1103 73 25 sides
606 1104 30 24 of
651 1104 48 24 the
718 1104 103 30 Island,
840 1105 88 26 where

238 1148 67 33 they
328 1148 72 25 have
418 1148 70 25 been
511 1148 126 25 elevated
661 1148 36 33 by
721 1148 47 26 the
789 1149 139 27 anticlinal

239 1192 68 30 axis,
341 1192 82 33 being
447 1192 103 25 hidden
583 1193 120 25 beneath
731 1193 47 25 the
807 1194 121 32 superin-

239 1239 131 25 cumbent
390 1242 88 21 strata
496 1237 69 26 from
585 1247 16 16 a
618 1237 71 26 little
707 1239 109 31 beyond
830 1239 98 25 Ather-

71 1286 62 23 field
157 1286 92 28 Point,
272 1286 37 32 by
330 1286 48 23 the
398 1286 143 31 synclinal,
562 1286 79 23 when
663 1286 66 32 they
747 1286 81 31 again
850 1293 76 17 come

71 1332 27 21 to
115 1329 47 24 the
185 1329 108 25 surface
312 1329 27 24 in
359 1329 138 25 Sandown
518 1329 60 33 Bay
579 1344 34 3 —
614 1337 16 16 a
647 1328 125 25 distance
791 1329 30 25 of
836 1330 90 25 fifteen

71 1373 86 25 miles.
195 1374 61 24 The
276 1374 87 25 entire
382 1382 64 16 area
464 1373 30 25 of
509 1374 48 24 the
574 1374 144 29 Wealden,
733 1375 148 33 according
899 1379 27 21 to

71 1419 45 25 the
136 1419 162 33 Geological
319 1419 133 33 Survey,*
466 1419 89 33 began
574 1419 28 24 in
620 1420 73 32 1856,
708 1420 54 24 and
780 1420 146 32 published

71 1464 25 25 in
120 1465 73 28 1862,
215 1464 67 25 does
304 1468 47 21 not
373 1464 102 25 exceed
500 1464 53 25 five
579 1473 100 24 square
701 1464 88 26 miles.
838 1465 88 25 There

71 1517 45 17 are
134 1518 37 16 no
194 1509 73 33 good
292 1508 121 26 sections
437 1508 104 26 inland.
578 1509 44 26 On
646 1509 48 25 the
718 1513 77 22 coast
820 1509 41 26 for
885 1509 41 26 six

71 1554 85 30 miles,
171 1554 69 25 from
260 1555 138 32 Compton
419 1555 61 33 Bay
497 1558 29 21 to
544 1554 162 30 Atherfield,
723 1554 67 34 they
806 1563 46 16 are
867 1556 59 24 well

71 1599 140 25 exhibited
237 1599 28 25 in
286 1599 48 26 the
358 1599 78 30 cliffs,
460 1600 54 24 and
536 1600 77 24 there
635 1599 23 25 is
680 1608 16 16 a
720 1600 136 32 tolerably
877 1600 49 25 fair

188 1692 9 9 •
205 1692 30 19 By
242 1692 53 17 Prof.
303 1692 24 17 E.
335 1692 71 17 Forbes
412 1691 39 18 and
458 1692 67 19 Henry
532 1692 31 17 W.
572 1692 97 19 Bristowe,
678 1692 54 19 Esq.,
739 1692 66 17 P.G.8.
