1117 1922
159 192 45 29 178

366 192 183 21 DENUDATION
570 193 56 18 AND
647 191 161 19 LANDSLIPS.

204 269 127 29 Erosion,
360 269 27 25 in
422 276 82 24 many
533 269 77 30 parts
642 264 29 25 of
700 264 48 24 the
777 266 103 29 county
911 259 106 27 around

160 315 183 27 Newchurch,
357 314 51 25 has
427 311 141 35 produced
581 319 83 24 many
677 308 149 26 immature
839 307 105 32 valleys
964 305 54 25 and

159 361 122 25 rounded
295 360 88 25 knolls
396 368 4 20 ;
421 367 52 16 one
486 357 30 25 of
532 357 77 25 these
624 355 104 33 valleys
744 362 65 16 runs
822 352 116 33 parallel
951 350 67 26 with

160 407 46 25 the
220 406 80 24 north
314 405 58 24 side
385 404 29 25 of
424 404 46 25 the
485 402 107 33 village,
607 401 109 32 leaving
729 408 34 16 an
778 397 124 34 outlying
916 396 102 26 mound

161 451 88 25 called
263 450 182 25 Vinnicombe
465 447 68 26 Hill.
573 446 124 33 Keeping
719 449 29 20 to
770 444 47 24 the
835 443 68 32 edge
923 441 30 26 of
972 441 46 25 the

160 496 98 33 valley,
272 504 40 16 we
335 494 82 25 reach
440 491 184 33 Horringford
649 490 125 33 Railway
795 488 118 28 Station,
927 486 91 26 which

161 540 95 26 stands
270 549 34 16 on
319 549 15 16 a
348 540 75 32 slope
436 538 29 25 of
484 538 48 25 the
552 538 98 24 Lower
669 534 173 29 Greensand,
856 533 37 25 its
912 532 106 25 surface

162 585 116 23 covered
292 584 65 24 with
371 593 15 15 a
400 584 76 24 thick
490 583 52 24 bed
556 582 29 24 of
602 581 84 25 flints.

209 630 103 25 Whilst
330 628 165 32 excavating
513 628 65 24 here
596 627 42 23 for
659 626 109 27 ballast,
784 624 99 32 during
896 623 47 25 the
957 631 63 16 con-

163 674 134 26 struction
309 673 30 26 of
354 673 48 25 the
421 672 137 26 Sandown
579 672 53 23 and
649 671 133 31 Newport
798 668 134 33 Railway,
946 675 75 17 some

163 720 140 24 ironstone
325 717 172 27 concretions
518 726 70 17 were
613 716 56 33 dug
691 725 47 23 up,
758 714 164 32 containing
947 716 74 22 casts

163 765 30 24 of
207 766 76 23 Venus
305 765 54 23 and
382 763 92 28 Thetis,
496 762 103 25 similar
621 766 28 20 to
670 761 80 25 those
770 760 92 25 which
883 759 46 24 fall
952 758 69 25 from

164 810 46 24 the
231 814 48 26 top
303 809 28 25 of
353 810 47 23 the
423 808 58 25 cliff
499 812 26 20 at
550 806 144 26 Shanklin.

199 855 40 25 St.
254 854 172 25 Catherine's
445 854 88 24 Down
535 869 34 2 —
571 853 98 24 almost
689 852 47 25 the
755 850 110 33 highest
885 849 137 26 elevation

164 899 27 25 in
204 899 47 25 the
266 899 93 25 Island
361 915 33 2 —
396 899 50 24 has
465 899 69 24 been
553 898 115 32 entirely
682 896 128 25 denuded
828 895 30 26 of
876 895 35 25 its
926 895 97 31 Upper

165 944 97 25 White
281 944 98 28 Chalk,
393 944 54 24 and
469 948 28 20 to
519 952 15 16 a
552 947 77 29 great
649 946 94 21 extent
763 941 30 25 of
811 942 48 24 the
880 949 75 24 grey,
969 939 55 26 and

165 989 50 25 has
228 988 40 26 for
282 998 15 15 a
311 988 119 32 capping
443 988 47 25 the
508 987 119 25 remains
645 987 29 25 of
690 987 47 24 the
757 987 89 24 Chalk
861 986 82 28 Marl,
957 984 67 26 with

166 1042 16 16 a
195 1033 50 26 few
259 1033 137 25 scattered
408 1032 75 25 flints
497 1042 30 15 as
541 1032 120 32 vestiges
674 1031 29 25 of
718 1031 47 25 the
778 1031 69 25 beds
861 1039 62 16 now
937 1034 87 28 swept

166 1086 86 24 away.
289 1079 51 24 Yet
359 1078 48 24 the
425 1079 103 24 Downs
541 1077 144 26 westward
699 1076 30 26 of
740 1077 40 25 St.
792 1075 174 26 Catherine's
979 1084 47 16 are

167 1123 108 32 capped
292 1123 54 24 and
365 1122 110 25 flanked
494 1123 66 24 with
579 1122 83 29 flints,
679 1123 54 24 and
752 1122 35 25 do
811 1125 47 22 not
879 1131 104 23 appear
997 1125 29 21 to

167 1167 72 25 have
261 1167 117 24 suffered
393 1171 28 20 to
441 1175 30 16 so
491 1171 75 28 great
586 1176 35 15 an
640 1170 94 21 extent
756 1166 69 25 from
839 1166 170 25 denudation
1020 1175 4 20 ;

170 1213 53 24 and
236 1213 47 24 the
300 1213 65 32 high
380 1213 63 24 land
458 1212 28 24 of
503 1213 132 24 Dunnose
650 1212 126 25 contains
788 1221 14 15 a
817 1212 109 28 portion
939 1211 30 25 of
979 1212 48 24 the

171 1258 95 32 Upper
280 1258 95 24 White
391 1258 88 24 Chalk
498 1257 27 24 in
544 1258 35 24 its
598 1258 108 32 highest
727 1257 86 32 point,
828 1257 125 33 showing
966 1258 61 24 how

170 1303 147 33 unequally
331 1303 46 25 the
392 1302 87 25 forces
498 1302 30 26 of
547 1303 138 32 upheaval
706 1303 53 24 and
773 1302 170 25 denudation
957 1302 70 26 have

169 1348 111 25 worked
298 1348 170 31 throughout
487 1348 47 24 the
554 1347 131 25 southern
704 1356 84 23 range
806 1347 28 26 of
854 1348 46 24 the
915 1348 112 25 Downs.

218 1393 141 32 Although
374 1393 46 25 the
435 1396 87 22 strata
543 1392 26 25 in
590 1393 46 25 the
656 1393 132 25 southern
801 1401 85 24 range
899 1392 23 26 is
935 1394 94 32 nearly

170 1438 162 29 horizontal,
353 1438 47 25 the
422 1438 67 24 beds
509 1437 30 25 of
561 1438 90 29 chalk,
675 1439 140 24 wherever
837 1438 121 32 exposed
984 1446 45 16 are

171 1484 83 24 much
274 1484 162 28 dislocated,
456 1484 54 24 and
530 1484 142 25 traversed
693 1484 36 33 by
742 1484 112 25 fissures
872 1484 75 25 often
966 1493 63 16 con-

170 1528 106 33 taining
306 1529 69 32 clay,
408 1529 54 24 and
492 1528 105 26 exhibit
629 1529 139 32 generally
799 1538 15 15 a
848 1528 97 26 ruined
977 1529 52 25 and

171 1574 141 25 crumbled
338 1573 149 26 condition.
525 1574 60 24 The
610 1575 105 24 central
740 1574 77 32 ridge
838 1574 23 25 is
882 1574 147 32 depressed

170 1619 27 25 in
217 1620 102 31 places,
334 1619 54 24 and
408 1623 46 20 cut
475 1619 185 32 transversely
679 1619 36 32 by
734 1619 113 29 valleys,
868 1619 161 33 indicating,

170 1664 129 32 perhaps,
320 1663 61 25 that
406 1662 71 25 their
502 1662 164 25 excavation
691 1662 155 32 originated
872 1665 87 24 under
983 1665 46 24 the

170 1708 91 24 action
287 1708 29 24 of
337 1712 107 27 greater
469 1708 123 24 volumes
618 1707 28 24 of
668 1711 85 21 water
775 1708 68 24 than
865 1718 40 16 we
929 1718 46 17 see
1000 1715 28 20 at
