1117 1922
998 125 45 29 189

526 131 73 16 GORE
619 131 87 16 CLIFF.

234 202 113 25 Several
372 202 88 25 minor
486 203 67 32 slips
575 203 72 24 have
669 203 82 24 taken
775 203 78 32 place
878 203 99 33 during
999 203 46 25 the

187 247 53 24 last
267 256 33 23 30
325 256 29 16 or
380 256 33 24 40
436 257 87 23 years.
574 248 125 24 Beneath
726 249 73 25 Gore
826 248 70 29 Cliff,
922 248 122 25 hetween

188 291 88 26 Niton
300 292 54 25 and
378 293 170 32 Blackgang,
572 293 23 25 is
616 303 34 15 an
673 302 145 16 enormous
838 303 73 16 mass
925 293 30 26 of
971 294 74 28 rock,

188 346 32 16 as
234 338 75 31 large
323 347 30 16 as
367 347 15 16 a
401 338 72 32 good
493 338 74 25 sized
586 343 119 28 cottage.
744 339 24 24 It
787 347 67 16 once
867 339 105 24 formed
984 343 61 28 part

188 382 29 25 of
233 391 16 16 a
271 383 76 32 large
369 382 128 33 pinnacle
514 383 92 25 which
625 384 55 24 had
699 385 113 23 become
832 384 127 24 loosened
978 384 68 24 from

188 427 48 25 the
249 427 60 25 cliff
320 428 53 24 and
387 429 142 32 overhung
542 428 27 24 in
587 437 15 16 a
622 437 113 16 manner
749 430 149 32 extremely
911 429 135 24 threaten-

188 472 46 32 ing
247 476 29 20 to
290 473 47 23 the
352 472 88 34 safety
453 473 29 24 of
493 474 47 23 the
550 473 102 32 public.
690 474 60 24 The
761 474 161 24 authorities
933 473 114 25 decided

189 526 74 24 upon
277 518 36 24 its
331 519 123 24 removal
474 519 36 32 by
524 528 95 15 means
637 518 30 25 of
683 519 175 32 gunpowder.
897 519 31 24 In
947 518 36 25 its
1001 518 45 25 fall

188 562 21 26 it
234 562 108 26 carried
367 563 68 26 with
459 563 21 26 it
505 568 64 21 tons
593 563 30 26 of
645 564 128 32 adjacent
798 564 65 25 rock
889 564 53 24 and
963 564 84 27 debris,

188 608 117 34 entirely
326 608 131 33 blocking
483 609 53 25 and
563 609 159 33 destroying
746 609 48 25 the
817 609 130 33 roadway
968 609 80 25 made

188 654 89 24 round
291 654 47 24 the
352 653 120 33 landslip
486 653 29 25 of
530 661 72 25 1799.
641 655 23 23 A
675 662 60 16 new
748 654 66 24 road
828 654 50 24 has
893 653 73 25 since
979 654 68 24 been

189 699 187 29 constructed,
392 699 54 24 and
459 699 47 24 the
519 699 66 24 rock
605 699 79 24 alone
699 698 119 25 remains
832 707 29 16 as
876 698 130 24 evidence
1019 698 29 24 of

189 744 48 24 the
250 747 63 27 past
327 743 181 25 destruction.

238 788 44 25 On
307 787 113 33 visiting
444 788 48 25 the
517 792 62 29 spot
605 797 67 16 soon
691 788 69 25 after
779 788 47 25 the
845 796 172 21 occurrence,
1035 788 11 24 I

191 833 111 24 noticed
328 841 35 16 an
387 833 143 25 extensive
555 833 44 24 rift
625 833 27 24 in
674 833 47 25 the
740 833 85 25 Gault
837 842 4 19 ;
861 833 21 24 it
905 833 143 24 measured

190 879 86 25 about
306 887 47 16 100
378 878 83 33 yards
492 878 27 25 in
550 878 103 32 length.
704 878 24 25 It
759 878 55 24 had
845 878 67 25 been
944 877 104 25 formed

191 924 165 32 apparently
369 924 36 32 by
419 932 51 16 one
492 922 110 33 portion
623 922 29 26 of
674 923 46 25 the
740 926 87 22 strata
846 922 119 32 slipping
983 930 65 17 over

190 968 48 25 the
251 968 79 25 other
344 976 30 17 as
396 967 20 25 it
436 968 100 25 moved
555 967 127 26 onwards
701 967 119 25 towards
837 967 47 25 the
897 976 54 15 sea.
989 966 59 25 The

191 1013 124 24 surfaces
328 1012 30 25 of
374 1013 68 24 each
456 1021 71 16 were
546 1012 134 32 polished,
696 1012 139 31 assuming
853 1012 59 24 that
928 1010 120 33 peculiar

189 1059 94 32 glassy
303 1058 54 24 and
381 1057 116 25 striated
521 1065 173 24 appearance
714 1057 88 24 called
825 1057 36 32 by
880 1056 46 25 the
949 1056 99 24 miners

468 1102 111 25 Similar
598 1101 156 25 conditions
776 1109 47 16 are
845 1100 156 25 sometimes
1020 1104 28 21 to

189 1148 34 25 be
246 1156 63 16 seen
331 1147 28 25 in
381 1147 47 25 the
447 1147 91 25 chalk.
577 1146 128 25 Surfaces
724 1146 66 24 thus
808 1146 81 24 acted
907 1153 74 24 upon
994 1145 54 24 will

189 1201 131 24 preserve
333 1192 71 25 their
419 1192 90 33 polish
529 1192 40 24 for
589 1200 75 16 some
684 1192 93 32 length
790 1191 30 24 of
835 1190 75 29 time,
925 1191 53 23 and
991 1198 57 17 owe

189 1238 73 25 their
282 1236 141 27 condition
445 1241 29 21 to
496 1237 47 25 the
565 1236 109 25 friction
694 1236 102 25 caused
818 1236 37 33 by
873 1236 47 24 the
939 1235 109 32 moving

190 1283 67 24 rock
276 1291 83 16 mass.

235 1327 69 25 This
317 1330 129 22 constant
460 1326 46 26 fall
525 1326 30 26 of
571 1327 64 24 land
651 1326 53 25 and
718 1330 168 27 consequent
900 1325 147 25 encroach-

188 1376 76 22 ment
283 1372 30 25 of
330 1372 47 25 the
399 1380 47 16 sea
465 1371 167 33 necessarily
645 1371 115 25 reduces
781 1379 64 24 year
865 1370 36 33 by
919 1378 64 25 year
1002 1369 47 25 the

188 1417 217 26 circumference
424 1416 29 25 of
469 1417 47 24 the
533 1416 102 24 Island.
674 1416 82 24 From
776 1415 126 32 personal
922 1415 126 24 observa-

188 1463 60 26 tion
269 1463 11 24 I
295 1471 45 16 am
359 1462 118 25 enabled
498 1466 28 20 to
547 1465 72 20 state
637 1461 61 24 that
718 1461 122 24 between
854 1460 123 24 Ventnor
996 1460 53 24 and

190 1508 179 29 Bonchurch,
382 1507 91 26 where
494 1507 46 25 the
561 1510 96 24 strata,
674 1506 149 32 composed
842 1505 29 24 of
888 1505 89 24 Chalk
995 1505 54 23 and

189 1554 173 28 Greensand,
389 1561 141 24 possesses
557 1561 14 16 a
597 1551 104 26 certain
728 1555 111 21 amount
866 1550 29 25 of
922 1549 127 33 resisting

188 1607 101 25 power,
316 1600 49 23 the
390 1607 46 16 sea
469 1598 51 24 has
551 1597 172 25 encroached
753 1596 92 25 rather
878 1604 73 16 more
981 1595 68 24 than

191 1653 28 17 12
234 1644 83 34 yards
331 1644 99 32 during
442 1644 47 24 the
508 1644 53 24 last
580 1643 86 33 thirty
679 1650 87 26 years,
804 1642 59 24 The
883 1640 107 33 springs
1003 1649 46 17 are
