1117 1922
102 184 9 16 1
117 178 31 29 84

305 180 182 18 DENUDATION
509 179 55 17 AND
586 179 159 17 LANDSLIPS.

149 254 59 24 The
226 252 140 26 extensive
387 251 68 26 reefs
475 251 153 31 stretching
648 249 124 25 seaward
792 248 69 25 from
879 256 83 25 every

103 298 137 25 headland
254 306 35 16 on
309 297 46 25 the
373 296 82 26 south
476 300 87 24 coast,
581 295 117 32 forming
712 295 46 23 the
772 294 84 24 horns
869 292 30 25 of
914 293 48 24 the

104 344 68 32 bays
186 344 80 30 along
283 342 47 25 the
344 341 88 28 shore,
448 340 68 25 from
537 341 138 31 Compton
697 339 60 33 Bay
769 347 35 16 on
824 339 47 23 the
885 341 77 26 west,

103 393 28 20 to
143 387 165 32 Bembridge
322 395 30 16 or
366 387 46 24 the
422 386 137 25 Foreland
573 394 35 16 on
621 385 48 25 the
680 388 67 24 east,
759 392 47 16 are
816 383 146 25 evidences

102 433 29 25 of
150 433 47 24 the
218 436 76 28 great
316 431 170 24 destruction
507 430 30 25 of
556 430 64 24 land
644 429 125 32 wrought
790 429 36 31 by
840 428 46 25 the
906 437 55 16 sea.

104 478 90 24 These
207 477 69 24 reefs
287 485 46 16 are
346 476 119 24 remains
479 476 29 24 of
520 479 87 20 strata
620 474 100 29 which,
733 475 35 32 by
778 473 72 26 their
863 473 99 25 harder

102 526 105 23 nature,
222 521 72 24 have
314 521 68 24 been
404 521 61 24 able
487 524 28 20 to
538 520 81 24 resist
640 520 47 23 the
707 527 91 24 power
819 519 35 32 by
872 518 90 25 which

101 567 48 25 the
169 566 83 25 softer
273 566 125 32 portions
421 565 71 25 have
513 566 68 24 been
602 565 156 33 destroyed.
803 564 60 23 The
889 567 71 21 most

102 611 83 25 noted
207 610 70 25 reefs
297 619 45 15 are
363 610 114 24 "Bull's
620 610 55 23 and

102 656 90 25 which
213 655 68 25 form
303 655 116 25 Brixton
442 656 68 31 Bay,
533 655 93 25 whose
647 654 70 25 cliffs
740 663 46 16 are
806 654 105 25 formed
935 653 30 25 of

104 701 47 24 the
165 701 135 24 Wealden
315 701 91 32 Clays.
444 700 154 25 Atherfield
618 700 95 32 Ledge
731 709 30 15 or
781 699 106 30 Bench,
908 699 54 25 and

104 746 167 25 Rockenend
293 746 102 32 Ledge,
410 754 29 16 or
461 746 40 24 St.
524 745 172 25 Catherine's
719 745 90 28 Point,
824 744 69 26 form
916 744 47 25 the

102 795 55 21 two
171 791 168 24 extremities
355 790 29 25 of
402 791 86 24 Chale
509 791 67 33 Bay.
615 790 60 24 The
694 790 125 24 distance
839 791 124 24 between

102 836 77 25 these
207 836 92 33 points
327 840 100 21 cannot
456 836 34 24 be
515 836 54 24 less
594 836 68 24 than
692 836 77 24 three
796 836 86 28 miles,
909 836 54 24 and

102 881 69 25 each
194 880 76 33 point
294 881 120 32 projects
437 880 105 25 several
565 880 77 25 miles
668 880 57 25 into
751 880 46 25 the
823 889 46 16 sea
895 880 26 25 in
948 889 15 15 a

104 926 140 32 southerly
261 925 144 25 direction.
443 925 83 25 Their
545 930 103 24 extent,
664 934 29 16 as
713 926 50 25 has
783 925 92 26 before
895 926 68 25 been

103 971 99 28 stated,
217 970 22 25 is
254 970 139 25 indicated
407 971 36 31 by
455 971 47 24 the
515 970 178 25 disturbance
707 970 29 25 of
747 971 46 25 the
808 979 54 17 sea.

150 1016 111 32 Woody
293 1015 90 29 Point,
413 1016 84 24 about
529 1024 15 16 a
576 1015 287 33 mile-and-a-quarter
894 1016 67 24 from

103 1062 132 28 Ventnor,
250 1060 22 25 is
286 1069 15 15 a
315 1061 137 24 headland
465 1061 67 24 with
552 1069 15 16 a
581 1061 58 24 reef
654 1061 156 33 projecting
823 1062 138 24 seawards

103 1110 29 21 to
151 1115 16 15 a
184 1109 77 28 great
281 1106 133 24 distance.

150 1151 137 25 Sandown
312 1151 61 32 Bay
397 1150 23 24 is
439 1150 104 25 formed
569 1151 35 33 by
631 1151 133 25 Shanklin
789 1152 95 32 Ledge
908 1153 54 25 and

105 1195 81 25 Point
200 1204 34 16 on
254 1195 46 25 the
314 1200 67 20 west
395 1195 54 25 and
469 1196 101 25 Culver
584 1196 77 25 Cliffs
681 1206 34 15 on
730 1197 46 24 the
790 1202 67 19 east.

146 1239 157 26 Whitecliff
322 1241 59 32 Bay
394 1240 50 25 has
462 1240 47 25 the
529 1241 101 25 Culver
650 1242 77 25 Cliffs
747 1247 27 20 at
792 1243 36 24 its
846 1248 116 20 western

102 1285 147 32 extremity
274 1285 53 25 and
359 1285 167 33 Bembridge
558 1286 80 25 Point
670 1288 55 24 and
754 1289 95 32 Ledge
874 1293 27 21 at
927 1289 35 26 its

102 1335 117 20 eastern.
266 1331 73 24 Both
363 1331 75 33 Bays
461 1339 45 16 are
526 1333 140 31 examples
692 1333 29 24 of
742 1333 48 25 the
815 1338 93 21 extent
935 1338 27 21 to

102 1375 90 25 which
206 1384 16 15 a
244 1375 107 32 deposit
376 1375 29 24 of
425 1376 83 24 sands
531 1377 54 23 and
607 1377 76 33 clays
703 1386 51 16 can
774 1378 34 25 be
827 1378 135 26 hollowed

101 1424 56 25 out,
173 1420 53 24 and
245 1420 107 25 carried
372 1429 79 25 away
465 1421 35 33 by
513 1421 47 24 the
574 1430 55 16 sea.
668 1422 135 34 Entering
822 1432 74 24 upon
915 1424 47 25 the

101 1464 114 25 historic
228 1464 95 32 period
344 1465 20 24 it
378 1465 54 24 will
453 1465 34 25 be
506 1474 64 16 seen
590 1466 61 25 that
671 1467 48 25 the
732 1470 119 23 unusual
865 1477 97 17 causes

101 1510 90 24 which
217 1510 140 32 produced
382 1510 47 25 the
455 1510 157 26 Undercliff
638 1512 72 25 have
736 1513 69 24 been
830 1515 131 32 repeated

101 1554 185 33 occasionally
311 1554 75 25 since
410 1564 35 15 on
471 1564 15 15 a
512 1557 109 24 smaller
647 1558 73 23 scale
733 1566 5 21 ;
758 1559 137 33 probably
916 1559 46 25 the

102 1607 76 16 same
201 1599 173 32 phenomena
399 1599 57 26 will
487 1600 80 32 again
603 1605 44 21 act
672 1610 74 24 upon
772 1603 47 25 the
845 1603 117 26 isolated

101 1643 124 32 portions
238 1643 29 25 of
284 1644 47 24 the
349 1648 78 28 great
440 1645 71 29 wall,
526 1645 66 25 with
612 1646 104 25 similar
730 1648 108 29 results,
852 1649 107 33 though

100 1688 27 26 in
141 1697 15 17 a
169 1689 83 25 lesser
266 1689 170 33 proportion.
