1117 1922
171 197 30 23 54

410 197 58 16 THE
491 196 97 17 LOWER
611 195 178 18 GREENSAND.

219 268 24 25 A
256 272 77 29 great
348 268 160 33 depression
523 268 30 25 of
568 268 48 25 the
635 268 99 24 Lower
755 263 166 28 Greensand
940 262 98 33 begins

173 317 28 22 at
228 313 178 29 Bonchurch,
433 313 54 25 and
519 312 116 25 extends
665 316 29 20 to
723 318 66 17 near
818 309 115 25 Rocken
964 306 74 29 End,

173 359 99 28 where,
298 367 31 17 as
354 359 124 25 between
504 357 169 26 Bonchurch
698 356 55 26 and
778 356 135 27 Ventnor,
940 353 20 25 it
984 352 54 26 dis-

175 411 117 25 appears
306 403 124 33 entirely,
445 403 54 25 and
518 402 23 26 is
561 402 165 33 apparently
739 400 104 26 hidden
856 398 121 26 beneath
991 398 48 24 the

174 449 89 24 shore.
302 449 83 24 Some
397 448 63 25 idea
474 448 28 25 of
518 449 48 24 the
579 452 94 20 extent
691 447 30 25 of
736 447 48 25 the
798 444 162 34 depression
975 452 65 25 may

174 494 35 25 be
230 494 116 33 gleaned
366 494 70 25 from
458 494 48 25 the
524 494 55 24 fact
600 494 61 24 that
675 496 68 22 west
763 491 30 26 of
810 491 163 25 Luccombe
992 489 48 26 the

172 539 128 33 junction
314 540 53 25 bed
386 539 130 33 occupies
535 548 17 16 a
570 538 122 33 position
712 538 138 33 probably
863 537 71 24 from
950 544 49 17 ioo
1010 539 30 22 to

177 593 48 23 150
238 585 53 25 feet
311 586 89 24 above
419 585 47 25 the
486 585 89 29 shore,
596 584 55 26 and
669 584 24 25 is
712 583 86 26 found
817 583 71 25 level
907 582 67 26 with
994 582 46 25 the

175 630 81 24 shore
269 638 66 16 near
353 630 48 24 the
419 633 58 21 east
492 629 58 25 side
564 629 29 25 of
607 629 48 25 the
669 629 60 25 Gas
748 629 98 24 House
861 632 28 21 at
906 628 133 24 Ventnor.

175 674 68 25 This
263 674 161 33 depression
438 674 79 24 takes
530 674 80 32 place
624 673 27 25 in
665 674 54 24 less
733 674 68 24 than
814 677 56 21 two
889 672 88 26 miles.
1016 673 24 25 It

176 728 52 16 can
238 720 34 24 be
283 720 96 24 traced
388 723 27 21 at
426 720 48 24 the
485 723 67 21 west
563 720 54 24 end
625 719 30 25 of
663 719 61 24 Mill
731 720 69 32 Bay,
808 719 88 25 below
903 719 124 24 Ventnor
1035 727 5 21 ;

176 765 68 25 from
258 765 56 25 this
333 769 63 29 spot
415 765 21 24 it
455 764 81 34 again
554 765 173 32 disappears,
741 765 71 24 until
831 764 100 25 Binnel
945 765 60 33 Bay
1018 764 23 25 is

176 810 127 30 reached,
318 810 91 26 where
423 810 19 26 it
458 810 81 33 again
553 819 82 24 crops
652 814 48 21 out
714 819 36 16 on
763 810 48 25 the
825 810 80 25 shore
916 811 125 24 between

176 857 47 24 the
243 857 82 24 latter
350 857 80 32 place
452 856 55 25 and
530 856 155 25 Puckaster
706 856 77 25 Cove
795 864 5 22 ;
826 856 65 25 here
912 855 21 26 it
960 855 80 33 again

176 902 78 25 takes
277 910 15 16 a
314 901 83 34 slight
418 901 63 29 rise,
496 902 55 24 and
574 910 119 24 appears
713 901 28 24 in
761 910 16 16 a
795 902 54 24 low
865 901 59 25 cliff
939 909 36 16 on
994 901 47 24 the

176 952 59 21 east
258 947 59 26 side
338 947 31 25 of
387 947 48 26 the
456 947 85 33 slope,
559 956 38 24 up
619 947 92 26 which
733 947 48 25 the
800 947 149 25 fishermen
967 946 74 26 wind

177 992 72 27 their
283 993 89 26 boats.
437 993 87 25 Small
553 992 117 33 patches
699 992 30 25 of
758 992 20 25 it
806 1001 119 23 appears
955 992 86 25 above

177 1039 182 24 Watershute
382 1039 70 32 Bay,
473 1046 66 17 near
557 1038 49 25 the
624 1037 171 33 lighthouse.

224 1084 154 33 Following
397 1084 69 24 from
486 1084 100 24 thence
603 1083 48 25 the
670 1083 59 25 cliff
748 1084 78 32 path,
840 1092 41 16 we
900 1084 83 24 reach
996 1084 46 24 the

176 1128 56 26 foot
254 1128 29 25 of
302 1129 47 24 the
371 1128 121 33 landslip
512 1129 89 24 below
620 1129 86 33 (Gore
727 1129 86 33 Cliff),
836 1129 54 24 and
911 1129 47 25 the
979 1128 63 26 wild

176 1173 62 25 ruin
263 1173 120 33 brought
414 1174 85 25 about
528 1173 36 33 by
592 1173 62 25 that
684 1174 180 32 catastrophe
893 1174 93 25 bursts
1016 1178 26 21 at

177 1223 28 21 at
219 1227 68 17 once
306 1218 59 26 into
384 1218 79 27 view.
502 1219 87 26 Chale
609 1219 61 33 Bay
687 1218 23 26 is
729 1223 66 22 next
814 1219 129 30 reached,
958 1228 15 17 a
993 1219 49 26 few

177 1264 82 33 yards
281 1268 67 21 west
371 1264 30 25 of
418 1264 92 25 which
532 1265 48 24 the
602 1264 84 25 white
712 1265 84 24 sands
822 1273 104 25 appear
951 1265 91 25 which

177 1310 69 24 form
266 1311 48 24 the
339 1311 141 32 supposed
506 1319 87 25 upper
614 1311 125 33 deposits
764 1311 30 25 of
815 1311 48 25 the
889 1311 153 25 Atherfield

178 1355 114 28 section,
308 1355 54 25 and
381 1355 70 25 from
472 1355 65 26 here
556 1356 47 25 the
623 1356 139 26 elevation
781 1356 30 26 of
829 1361 89 21 strata
937 1356 105 33 begins.

225 1400 60 25 The
302 1400 127 32 junction
448 1401 54 25 bed
527 1401 125 26 between
678 1402 47 25 the
751 1403 87 25 Gault
865 1403 55 25 and
945 1403 99 25 Lower

179 1445 163 25 Greensand
359 1444 24 26 is
402 1445 147 26 described
568 1455 31 16 as
675 1447 71 25 solid
766 1448 55 24 and
839 1448 72 25 hard
928 1457 75 16 mass
1017 1452 27 22 at

179 1490 175 29 Folkestone,
378 1491 85 25 about
488 1490 128 33 eighteen
642 1492 96 25 inches
759 1493 87 30 thick,
867 1494 106 33 jutting
997 1498 47 22 out

177 1535 109 33 beyond
299 1536 48 24 the
360 1536 61 32 clay
435 1537 88 24 above
537 1537 54 24 and
611 1537 47 24 the
676 1538 69 24 sand
759 1538 130 31 beneath,
904 1540 142 34 glittering

177 1579 67 25 with
259 1580 120 24 metallic
399 1580 114 33 pyrites,
529 1581 54 25 and
603 1582 113 25 seamed
733 1582 67 26 with
819 1584 95 34 glassy
927 1587 119 33 crystals

178 1624 54 24 and
253 1624 122 24 selenite.
413 1625 90 24 There
525 1625 23 25 is
570 1626 62 24 that
654 1626 112 26 curious
786 1630 208 31 conglomerate
1020 1631 28 26 of

177 1668 124 24 rounded
323 1669 164 31 potato-like
508 1670 92 32 lumps
622 1670 30 24 of
672 1670 158 33 phosphate
850 1674 30 25 of
899 1676 74 30 lime,
991 1678 55 25 and

177 1720 116 25 scraggy
312 1714 113 31 gnarled
447 1714 110 33 boughs
577 1714 30 25 of
623 1719 80 21 trees.
742 1716 60 26 The
822 1720 98 34 gnarly
935 1722 110 33 boughs
