1117 1922
389 136 39 17 st.
450 130 187 24 Catherine's
658 139 88 15 down.

949 134 44 28 165

136 206 79 33 They
228 206 121 25 likewise
362 207 78 23 differ
460 207 67 24 from
548 208 46 24 the
614 208 67 24 beds
700 208 27 24 in
745 209 135 24 Totlands
895 210 58 31 Bay
967 209 26 25 in

136 250 160 33 containing
325 251 106 24 neither
460 252 46 23 the
537 252 118 24 remains
685 252 29 25 of
739 262 148 16 numerous
912 254 81 24 shells

135 295 29 25 of
182 296 79 23 Helix
282 298 90 30 aperta,
394 297 37 23 H.
455 299 102 30 aspersa,
578 298 38 23 H.
639 297 132 29 nemoralis,
797 299 37 23 H.
849 298 143 28 ericetorum,

136 342 35 23 H.
186 341 104 32 virgata,
310 342 35 24 H.
359 342 135 27 rotundata,
512 342 114 23 Bulimus
639 342 111 29 lubricus,
765 346 62 25 etc.,
843 342 52 25 and
914 343 79 24 small

136 385 151 33 fragments
313 385 28 25 of
370 386 90 28 chalk,
488 387 95 31 Upper
616 387 89 25 Green
738 388 148 24 sandstone
917 387 75 33 (with

136 430 187 33 occasionally
343 440 15 15 a
379 431 79 25 small
479 431 76 25 fossil
577 431 68 25 from
668 433 47 23 the
735 432 80 25 latter
837 432 155 33 formation)

136 476 54 24 and
209 476 77 25 chert
307 476 139 32 sparingly
460 476 196 25 disseminated
676 477 169 31 throughout

136 521 59 24 The
208 520 142 25 thickness
363 520 30 25 of
403 521 55 24 this
472 521 107 32 deposit
600 521 66 24 does
679 525 47 20 not
740 522 102 24 exceed
854 522 63 24 nine
931 522 61 24 feet.

137 567 24 23 It
183 574 63 24 may
259 566 104 32 readily
379 567 33 23 be
434 566 200 32 distinguished
656 566 69 24 from
744 567 46 23 the
810 567 80 23 chalk
909 567 37 33 by
959 566 34 25 its

136 611 99 24 darker
256 611 102 28 colour,
381 611 53 23 and
456 611 35 32 by
511 610 34 24 its
565 611 116 32 forming
701 619 16 16 a
737 611 111 33 slightly
866 611 127 29 receding

136 655 55 25 and
203 655 115 25 vertical
332 655 129 25 wall-like
474 655 64 29 cliff,
552 655 80 25 while
645 656 47 24 the
705 655 81 25 chalk
800 656 54 24 and
868 655 125 25 chloritic

139 701 68 24 marl
227 709 73 24 upon
319 700 90 25 which
433 700 19 25 it
473 709 110 24 reposes
603 709 46 16 are
667 700 30 25 of
713 710 14 15 a
748 700 95 26 whiter
862 701 62 29 hue,
941 700 52 25 and

137 746 76 31 slope
235 746 93 32 gently
350 744 68 26 from
441 745 35 25 its
501 746 66 24 base
593 745 119 25 towards
734 745 47 25 the
806 745 68 32 edge
896 744 29 26 of
948 745 45 25 the

185 837 102 23 Coarse
301 837 108 31 gravels
423 844 82 16 occur
519 836 81 31 along
611 836 45 24 the
671 835 106 25 surface
792 835 29 25 of
831 836 46 24 the
891 839 106 21 terrace

138 881 90 24 which
247 880 84 24 forms
351 881 46 23 the
418 880 161 28 Undercliff,
597 884 26 20 at
644 880 123 24 different
787 880 110 32 heights
907 888 5 21 ;
932 880 66 33 they

138 934 47 16 are
198 926 66 33 fully
278 926 120 32 exposed
412 925 27 24 in
453 926 47 23 the
519 925 227 32 neighbourhood
760 925 28 24 of
806 926 123 23 Ventnor
943 925 54 24 and

139 970 177 28 Bonchurch,
343 970 53 24 and
426 970 103 24 consist
555 970 29 24 of
615 970 87 31 (more
727 969 148 33 especially
899 969 27 23 in
952 970 45 23 the

138 1024 86 23 upper
244 1015 138 32 portions)
404 1016 113 31 angular
537 1015 95 24 blocks
651 1014 29 25 of
699 1014 45 25 the
764 1014 127 32 adjacent
911 1018 86 20 strata

137 1060 31 26 of
188 1061 97 31 Upper
306 1060 172 28 Greensand,
493 1060 113 24 nodules
626 1059 29 25 of
671 1059 83 28 flints,
773 1058 53 25 and
847 1067 104 16 masses
971 1058 28 25 of

139 1106 89 24 Chalk
242 1105 81 29 Marl,
338 1104 27 25 in
379 1113 76 17 some
474 1113 78 16 cases
571 1103 156 25 associated
745 1103 66 25 with
832 1103 67 24 dark
913 1103 81 28 loam,

139 1151 54 23 and
208 1151 109 23 smaller
330 1149 92 32 pieces
435 1149 30 25 of
481 1149 46 25 the
541 1158 75 15 same
634 1148 88 25 rocks.

185 1195 23 24 A
224 1195 71 32 good
314 1194 105 25 section
440 1195 82 24 about
544 1193 41 25 six
604 1193 52 25 feet
677 1192 75 25 thick
770 1201 62 23 may
845 1193 34 24 be
892 1201 64 16 seen
969 1191 26 25 in

142 1248 16 15 a
171 1239 107 32 cutting
291 1239 40 24 for
346 1247 15 16 a
374 1247 60 16 new
447 1238 75 28 road,
537 1246 35 16 on
590 1237 48 27 the
652 1236 133 32 Steephill
798 1241 96 23 estate,
909 1237 86 24 above

139 1285 47 25 the
200 1285 101 28 Castle,
316 1283 110 32 leading
439 1287 28 20 to
481 1283 47 24 the
541 1282 125 25 Wroxall
688 1281 74 25 road.
801 1281 58 24 The
873 1280 122 32 deposits

139 1329 129 25 continue
290 1333 29 20 to
342 1329 46 23 the
411 1327 45 24 left
480 1327 29 24 of
530 1327 47 24 the
601 1326 67 25 road
688 1325 108 32 leading
816 1329 27 20 to
864 1326 131 27 Ventnor,

140 1376 53 24 and
216 1374 111 26 contain
350 1375 74 31 large
445 1373 149 33 quantities
614 1372 30 25 of
659 1372 64 24 land
743 1372 91 28 shells,
849 1371 146 32 especially

140 1422 147 32 Cyclostoma
309 1421 100 31 elegans.
450 1420 29 23 In
501 1428 16 15 a
540 1426 100 25 quarry
661 1426 66 15 near
749 1417 46 24 the
815 1416 58 24 cliff
887 1424 16 15 a
921 1416 74 31 large

141 1466 127 33 quantity
281 1465 30 25 of
321 1465 56 24 this
388 1464 107 32 deposit
509 1463 71 25 have
593 1463 68 25 been
672 1462 111 25 washed
796 1462 58 23 into
865 1469 15 15 a
890 1460 105 28 fissure,

140 1511 166 33 completely
318 1510 86 32 filling
417 1510 30 24 it.
485 1509 41 24 To
539 1509 47 24 the
600 1507 71 33 right
686 1506 29 26 of
724 1507 47 24 the
782 1506 115 32 Zig-zag
908 1505 87 28 Road,

141 1566 66 16 near
234 1555 133 34 Steephill
393 1555 77 28 view,
497 1554 114 24 another
637 1552 76 25 thick
738 1551 52 24 and
816 1550 103 24 similar
944 1550 51 23 bed

141 1611 107 18 occurs,
268 1601 27 25 in
318 1600 91 26 which
434 1600 85 24 bones
542 1598 53 24 and
616 1597 72 25 teeth
712 1596 29 25 of
760 1596 45 24 the
825 1595 88 27 horse,
934 1594 61 32 hog,

279 1657 9 9 *
297 1657 58 17 Mem.
364 1656 53 18 Geol.
428 1656 61 18 Surv.,
498 1654 87 20 Bristow,
593 1653 37 16 Isle
638 1652 20 17 of
666 1652 73 21 Wight,
749 1652 47 17 1862,
804 1655 18 16 p.
831 1651 27 16 99.
