1117 1922
145 191 26 2 218

476 172 146 17 APPENDIX.

121 247 107 31 gravels
242 246 29 24 of
287 246 46 24 the
354 246 102 24 Island.
494 246 54 23 For
569 244 77 25 these
665 242 118 24 animals
801 244 28 20 to
843 247 79 17 cross
935 236 48 27 the

122 299 47 16 sea
183 290 31 29 is,
228 290 30 25 of
276 299 106 20 course,
398 299 33 15 an
454 288 206 33 impossibility,
675 286 55 25 and
752 286 48 24 the
819 285 65 32 only
903 283 80 25 other

122 343 61 24 way
195 335 28 24 in
235 335 91 25 which
345 335 66 32 they
424 334 81 24 could
525 333 82 25 reach
630 332 47 25 the
692 330 95 26 Island
806 338 57 17 was
883 329 37 33 by
933 328 50 33 dry

121 379 74 23 land.

169 424 31 23 In
222 432 60 16 rare
304 432 78 15 cases
404 432 40 16 we
464 423 57 24 find
543 423 47 24 the
608 422 60 24 flint
689 429 130 24 weapons
839 418 145 26 fashioned

122 468 36 33 by
171 468 74 33 early
259 476 72 20 man,
346 468 54 24 and
414 476 39 16 we
473 476 63 24 may
550 468 58 23 also
627 466 135 25 conclude
782 465 61 25 that
864 464 70 25 such
948 472 35 15 an

122 521 58 15 arm
194 512 28 24 of
240 512 48 24 the
308 520 46 16 sea
375 520 29 16 as
425 512 47 24 the
492 512 94 24 Solent
604 512 100 27 would,
719 510 27 24 in
766 510 43 24 his
829 510 66 24 then
909 508 75 32 early

122 561 77 28 stage
226 556 29 25 of
284 556 178 29 civilization,
488 556 71 24 have
585 556 69 24 been
680 564 35 15 an
740 553 244 26 insurmountable

122 601 103 26 barrier
238 606 27 20 to
280 601 42 25 his
336 601 131 31 reaching
480 601 47 24 the
542 601 102 24 Island.

169 647 25 24 It
213 646 22 25 is
254 650 47 20 not
321 650 27 20 at
364 646 34 24 all
421 645 173 33 improbable
613 645 61 25 that
694 645 46 24 the
761 648 107 29 greater
882 647 63 30 part
958 643 30 25 of

122 691 46 25 the
190 690 169 26 denudation
378 690 30 25 of
430 690 46 25 the
497 690 171 32 Hampshire
683 689 128 33 Tertiary
826 694 88 20 strata
930 689 55 25 and

121 736 47 25 the
181 736 137 32 complete
338 744 148 17 severance
507 735 29 25 of
554 735 48 25 the
617 735 53 25 Isle
690 734 29 26 of
736 734 99 33 Wight
854 734 69 26 from
938 734 47 25 the

122 781 149 29 mainland,
286 780 145 33 originally
449 781 36 32 by
498 789 16 16 a
536 781 78 24 small
636 779 100 26 rivulet
760 780 54 25 and
834 779 94 33 finally
949 780 36 32 by

122 836 34 16 an
171 836 57 15 arm
243 826 29 25 of
287 827 48 24 the
348 835 55 20 sea,
419 826 51 24 has
488 826 85 24 taken
592 826 80 32 place
691 826 76 24 since
780 826 48 23 the
841 825 103 25 advent
958 825 30 24 of

122 882 72 15 man.
232 871 139 33 Carefully
385 881 30 15 as
429 880 40 17 we
488 880 64 24 may
565 871 126 25 consider
711 871 56 25 this
786 875 160 25 statement,
961 871 21 25 it

121 918 23 25 is
165 918 150 33 extremely
343 917 114 25 difficult
482 921 29 21 to
537 916 187 32 comprehend
749 916 47 25 the
818 921 115 20 amount
958 916 30 25 of

122 963 66 25 time
202 963 127 32 required
343 967 27 20 to
384 962 120 33 perform
519 970 31 17 so
569 965 77 29 great
661 970 15 17 a
690 963 71 28 task,
776 962 54 25 and
844 962 20 25 it
884 962 23 25 is
921 963 64 33 only

122 1009 36 33 by
181 1018 15 15 a
218 1009 105 24 minute
343 1009 83 32 study
446 1008 29 24 of
494 1008 47 24 the
563 1007 138 33 workings
721 1007 30 25 of
769 1012 98 20 nature
888 1008 28 24 in
937 1008 48 24 the

123 1058 109 28 present
246 1053 61 25 that
321 1062 40 16 we
380 1062 51 16 can
451 1053 68 25 form
540 1062 53 24 any
607 1053 61 24 idea
681 1053 29 24 of
726 1053 47 24 the
793 1053 152 33 perfection
958 1053 30 25 of

123 1099 47 25 the
192 1099 126 25 methods
341 1099 35 33 by
396 1098 100 29 which,
519 1098 27 25 in
566 1107 97 16 course
685 1098 29 25 of
734 1107 73 24 ages,
830 1108 106 16 masses
958 1098 30 26 of

123 1148 96 25 strata,
233 1144 141 25 hundreds
387 1144 29 25 of
427 1143 53 26 feet
494 1144 76 25 thick
585 1144 54 25 and
652 1153 84 24 many
749 1144 79 25 miles
841 1144 26 25 in
879 1148 104 26 extent,

123 1190 71 24 have
208 1190 68 24 been
296 1189 200 32 disintegrated
512 1190 54 24 and
586 1189 107 24 carried
712 1198 78 23 away
803 1189 27 25 in
850 1191 47 24 the
911 1195 72 26 past.
