1117 1922
368 502 65 38 &\)t
466 503 135 38 ŒYrtiarg
633 503 109 33 Series.

282 696 106 19 Lucifer.
420 696 65 19 What
501 696 40 25 thy
555 697 70 19 world
641 696 24 23 is,
682 697 53 19 thon
750 698 71 21 see'st,

239 724 44 18 But
299 726 64 17 cinst
378 726 39 18 not
433 724 148 25 comprehend
597 725 37 19 the
650 725 90 19 shadow
755 725 23 20 of

238 751 58 20 That
312 752 71 20 which
399 752 17 19 it
433 759 50 13 was.
486 763 27 3 —
516 753 78 22 Byron.

137 984 108 41 jV^j^r^y/
259 988 54 23 HE
337 991 190 28 arrangement
548 986 28 25 of
593 987 46 24 the
659 987 66 24 beds
744 987 29 24 of
789 987 46 24 the
856 988 123 33 Tertiary

141 1044 12 11 n
179 1044 60 24 rilfa
293 1031 184 28 Formations,
493 1040 29 15 as
542 1032 119 31 exposed
681 1031 67 24 from
769 1032 81 23 Alum
873 1033 60 32 Bay
951 1037 28 20 to

134 1070 111 29 ir^*k/r*
292 1077 114 27 Sconce,
421 1085 45 15 are
481 1080 70 20 most
565 1076 158 24 favourable
734 1076 40 24 for
785 1077 193 28 examination,

128 1120 95 35 y^u'{\
291 1121 81 32 being
381 1121 58 24 first
450 1121 162 26 horizontal,
625 1121 64 24 then
700 1121 91 32 tilting
800 1129 36 23 up
847 1121 132 33 suddenly

165 1160 62 31 P$-a
291 1165 96 25 within
401 1174 15 16 a
430 1165 50 25 few
488 1165 126 24 hundred
627 1165 82 31 yards
720 1165 28 24 of
758 1165 46 24 the
819 1165 96 29 Chalk,
925 1166 54 24 and

121 1209 94 33 finally
229 1210 144 33 becoming
388 1210 75 33 quite
477 1210 122 24 vertical.
637 1210 59 24 The
709 1210 171 32 equivalents
893 1210 29 25 of
933 1211 44 24 the

121 1262 75 16 same
216 1254 123 33 deposits
358 1254 26 25 in
405 1254 95 25 White
522 1254 65 25 Cliff
604 1255 60 32 Bay
678 1263 44 16 are
742 1255 99 32 mostly
854 1254 123 30 vertical,

120 1299 54 24 and
197 1299 82 25 much
303 1300 135 24 obscured
465 1300 34 32 by
526 1298 164 33 vegetation.
741 1299 89 25 These
855 1300 121 31 deposits

120 1344 150 26 constitute
295 1353 15 16 a
333 1345 83 25 series
439 1344 29 25 of
488 1344 169 28 formations,
676 1344 88 25 which
785 1353 62 24 may
865 1345 33 25 be
918 1345 58 25 said

119 1395 29 19 to
170 1390 57 24 link
252 1391 47 24 the
319 1394 110 29 present
452 1390 66 25 with
541 1390 46 24 the
609 1394 62 28 past
683 1398 4 21 ;
709 1390 46 24 the
774 1398 74 16 more
867 1391 107 24 ancient

119 1436 126 33 Tertiary
260 1436 67 25 beds
340 1436 159 32 containing
512 1435 113 33 organic
640 1435 118 24 remains
771 1436 103 24 related
888 1440 27 20 to
929 1436 45 24 the

118 1481 154 28 secondary
295 1480 170 29 formations,
488 1480 80 25 while
590 1480 46 24 the
659 1488 74 16 more
753 1485 91 19 recent
867 1480 107 25 include

118 1535 83 23 many
214 1525 119 33 existing
346 1525 106 32 species
466 1524 29 26 of
510 1524 116 25 animals
640 1525 52 24 and
706 1525 100 32 plants,
821 1525 153 25 associated

117 1570 66 24 with
197 1570 84 24 forms
295 1580 61 14 now
371 1570 113 24 extinct.

164 1617 31 23 In
218 1615 120 36 treating
358 1615 30 25 of
407 1616 77 24 these
505 1614 127 33 Tertiary
646 1615 66 25 beds
734 1615 9 24 I
764 1615 71 25 have
848 1614 123 26 followed

117 1662 104 31 Lyell's
247 1660 207 30 classification,
482 1661 47 23 but
555 1668 75 16 more
655 1663 92 21 recent
772 1660 125 27 research
923 1660 48 25 has
