1117 1922
460 195 54 16 RED
536 195 99 16 BEACH.

122 196 47 24 174

166 268 61 25 The
247 268 60 33 Bay
328 267 88 26 below
437 267 74 25 Lord
531 266 129 34 Dysart's
682 264 146 34 (Steephill
848 265 89 32 Cove)
958 262 23 26 is

122 322 61 16 now
203 313 107 25 choked
332 322 37 23 up
389 313 36 32 by
444 322 15 15 a
479 312 73 25 bank
575 311 29 25 of
629 311 122 24 rounded
774 309 60 25 flint
856 310 124 32 pebbles,

122 359 88 24 called
230 358 120 32 shingles
361 366 4 21 ;
387 359 48 24 but
451 358 10 24 I
476 366 57 16 was
553 356 133 25 informed
706 356 61 25 that
786 359 104 29 twenty
902 363 79 25 years

123 413 51 24 ago
188 404 20 25 it
222 413 56 16 was
292 404 117 24 covered
428 403 66 25 with
508 412 16 15 a
537 402 133 25 beautiful
691 402 68 25 sand
775 401 54 25 like
844 401 137 25 Sandown

123 450 69 32 Bay.
258 449 90 25 These
374 449 120 32 shingles
519 448 105 25 consist
651 448 29 24 of
711 447 123 24 rounded
860 446 121 25 silicious

122 495 158 32 fragments,
299 494 29 25 of
351 503 15 15 a
392 498 78 28 great
492 493 107 33 variety
624 493 29 24 of
679 493 117 28 colours,
820 493 54 23 and
896 493 84 24 about

122 540 46 25 the
183 539 55 25 size
250 539 29 25 of
295 540 86 24 beans
488 538 76 33 Fifty
575 547 80 24 years
671 546 52 24 ago
736 537 78 25 there
827 546 70 16 were
911 546 70 16 none

122 588 59 21 east
204 585 28 24 of
253 584 177 28 Rockenend,
453 585 49 24 but
525 583 66 33 they
612 583 71 25 have
706 592 61 16 now
792 582 117 25 covered
934 582 47 25 the

122 631 87 24 whole
222 629 30 24 of
267 629 47 24 the
328 629 81 24 shore
422 629 123 24 between
559 628 60 25 that
634 628 79 32 place
727 628 54 24 and
801 627 178 29 Bonchurch,

122 675 55 24 and
195 675 65 32 they
279 674 101 24 extend
403 673 69 24 from
495 673 167 24 Rockenend
685 676 28 21 to
735 672 182 25 Freshwater.
956 672 23 25 It

122 720 90 25 would
232 728 72 16 seem
324 719 66 33 they
403 727 45 16 are
468 718 106 25 carried
594 722 58 20 east
672 719 36 32 by
727 718 47 24 the
793 717 80 30 tides,
890 717 90 25 which

122 774 47 16 are
190 764 60 26 said
272 769 28 21 to
320 765 34 24 be
373 773 75 16 more
467 764 79 33 rapid
565 764 65 25 here
648 764 68 25 than
735 764 137 33 formerly,
892 763 89 33 owing

122 810 135 33 probably
269 813 35 22 -to
323 809 47 26 the
389 808 120 33 wearing
528 818 78 24 away
619 809 29 25 of
664 818 82 23 many
759 808 93 33 points
871 808 29 25 of
916 808 64 25 land

122 855 55 25 and
201 855 81 25 rocks
307 854 60 25 that
398 854 143 32 projected
571 853 58 26 into
657 854 47 25 the
729 863 55 20 sea,
811 853 54 26 and
889 853 91 26 which

122 900 133 24 defended
275 899 46 25 the
341 899 94 25 creeks
454 900 81 30 along
554 899 48 25 the

170 945 24 25 It
209 945 23 24 is
251 944 59 25 said
323 945 36 33 by
371 944 48 24 the
438 945 45 23 old
502 944 147 24 fishermen
668 944 61 24 that
749 944 46 24 the
809 943 103 25 barrier
927 943 56 25 reef

122 995 27 20 at
166 990 167 24 Rockenend
347 998 56 16 was
423 993 85 29 swept
529 998 78 24 away
619 993 28 21 at
667 989 66 32 high
751 989 57 24 tide
822 989 98 33 during
934 990 46 24 the

122 1035 164 32 prevalence
311 1034 29 25 of
363 1043 15 16 a
403 1038 76 29 great
504 1034 61 33 gale
591 1034 133 33 (.possibly
750 1034 60 25 that
835 1034 30 25 of
886 1035 75 32 1825)
975 1044 4 19 ;

122 1080 123 26 whether
259 1079 20 25 it
293 1088 56 17 was
365 1088 29 16 so
408 1088 29 16 or
451 1084 57 24 not,
523 1078 148 33 according
685 1084 28 20 to
732 1079 47 25 the
792 1079 149 33 testimony
955 1079 28 25 of

124 1126 52 24 Mr.
191 1126 140 28 Webster,
345 1125 47 25 the
405 1125 48 24 red
473 1124 106 32 shingle
592 1125 50 24 has
661 1125 189 33 undoubtedly
862 1126 119 31 escaped

123 1175 62 27 past
212 1170 167 24 Rockenend
405 1169 75 25 since
505 1169 47 25 the
576 1169 149 33 beginning
749 1169 30 25 of
800 1170 46 24 the
870 1175 110 27 present

122 1220 122 29 century.
283 1216 11 23 I
310 1224 44 15 am
373 1215 124 32 tempted
516 1219 28 20 to
564 1215 78 24 think
662 1216 61 24 that
736 1215 21 25 it
773 1216 23 24 is
811 1224 75 16 more
899 1216 83 28 likely

122 1261 112 25 derived
254 1260 69 24 from
346 1261 47 24 the
412 1269 105 16 masses
536 1260 30 25 of
585 1261 164 32 submerged
773 1261 96 33 Upper
893 1261 87 25 Chalk

123 1310 87 20 strata
232 1305 100 29 which,
355 1305 196 33 disappearing
571 1310 27 20 at
624 1306 47 24 the
695 1306 129 29 Needles,
845 1316 80 23 crops
945 1316 36 23 up

122 1351 27 24 in
165 1351 133 31 Swanage
313 1351 68 33 Bay,
396 1351 54 25 and
472 1350 28 25 in
519 1351 47 25 the
585 1351 89 25 island
693 1351 30 25 of
740 1352 127 24 Purbeck
886 1361 34 15 on
934 1353 47 24 the

123 1395 176 26 Dorsetshire
319 1399 85 25 coast,
420 1404 15 16 a
454 1396 126 25 distance
599 1396 29 25 of
645 1398 84 23 about
751 1405 29 24 15
795 1397 78 25 miles
887 1407 94 16 across

122 1441 47 24 the
199 1441 126 24 channel.
375 1441 59 24 The
465 1441 82 25 white
579 1442 80 24 chalk
691 1442 66 24 with
791 1442 76 25 flints
897 1443 83 25 much

122 1485 143 25 disturbed
286 1486 36 32 by
341 1486 146 32 upheaval,
503 1487 54 23 and
580 1487 47 24 the
648 1487 76 24 flints
746 1492 27 20 at
797 1488 67 24 both
887 1488 94 32 places

122 1530 81 32 being
227 1531 83 23 much
332 1531 150 28 shattered,
503 1531 66 33 they
591 1532 90 24 would
703 1531 87 34 easily
811 1533 34 24 be
869 1533 112 25 washed

122 1580 46 20 out
183 1575 29 25 of
227 1576 47 24 the
288 1576 164 32 submerged
472 1581 96 24 strata,
582 1577 48 25 the
648 1577 135 26 fractures
801 1578 115 33 causing
934 1579 47 24 the

122 1619 150 33 fragments
297 1624 29 21 to
357 1625 135 28 separate,
519 1620 68 26 after
619 1621 90 25 which
741 1622 66 34 they
831 1624 91 24 would
947 1624 35 24 be

122 1665 143 32 subjected
278 1669 28 21 to
321 1665 132 25 attrition.
492 1666 60 25 The
570 1666 69 25 tidal
658 1671 126 21 currents
797 1669 91 24 would
902 1678 80 23 carry

407 1714 89 18 Webster
506 1716 21 16 to
538 1715 111 20 Englefield,
663 1717 47 17 1810.
