1117 1922
358 168 57 16 the
443 168 96 16 lower
565 167 178 17 greensand.

126 170 31 23 44

124 239 156 25 associated
294 239 66 26 with
372 240 155 23 Terebratida
536 240 57 23 sella
608 238 54 24 and
676 238 80 24 other
770 237 94 25 shells.
897 235 94 25 About

124 293 50 16 200
187 284 82 33 yards
287 288 58 21 east
367 284 30 25 of
415 284 120 32 Walpen
560 283 88 25 Chine
670 291 16 15 a
707 282 53 25 bed
781 281 29 25 of
832 280 70 26 hard
925 289 66 23 grey

124 328 86 34 gritty
222 329 66 25 rock
301 337 175 16 commences
493 337 35 16 on
547 328 48 25 the
615 328 89 28 shore,
718 326 119 33 running
852 325 139 33 upwards,

124 374 54 25 and
191 373 138 33 following
342 374 47 25 the
402 372 135 27 direction
551 372 30 26 of
596 372 47 26 the
661 376 128 24 stratum,
803 372 77 31 large
893 371 98 24 blocks

124 419 30 25 of
173 418 91 26 which
286 427 47 17 are
353 418 157 33 frequently
532 417 137 26 detached
694 416 70 26 from
782 416 48 26 the
851 416 64 29 cliff,
937 416 54 24 and

124 464 46 24 fall
196 472 34 16 on
261 464 47 24 the
334 464 89 24 shore.
473 463 91 25 These
595 463 97 25 blocks
723 461 113 26 contain
865 461 126 25 rounded

127 517 106 16 masses
263 508 30 24 of
315 516 15 16 a
360 508 68 24 dark
456 508 145 24 chocolate
629 508 104 27 colour,
761 507 55 25 and
846 516 46 15 are
917 506 74 26 often

125 554 112 24 crossed
256 554 37 32 by
305 553 69 24 lines
394 553 28 24 of
439 561 72 24 spar.
549 553 92 24 These
661 552 175 24 concretions
856 560 46 16 are
922 552 69 24 from

124 599 40 24 six
184 599 94 24 inches
297 602 29 21 to
345 607 16 15 a
379 598 57 25 foot
450 598 27 24 in
491 598 143 24 diameter.
673 598 79 33 They
765 606 47 16 are
826 598 162 24 sometimes

124 643 83 25 found
226 643 75 24 loose
320 651 36 16 on
374 643 48 24 the
441 643 89 28 shore,
549 643 104 32 having
671 643 71 25 been
761 643 138 25 detached
920 643 70 25 from

124 689 47 25 the
195 697 66 24 grey
285 687 65 25 rock
376 688 36 32 by
437 688 46 24 the
510 687 77 26 wash
615 687 31 25 of
668 687 47 26 the
741 697 55 15 sea.
843 688 79 33 They
946 697 45 17 are

125 733 128 26 enclosed
270 733 28 25 in
317 742 35 16 an
372 737 78 21 outer
469 732 120 33 coating,
604 732 100 30 which,
720 742 35 16 on
775 733 82 33 being
875 734 113 30 broken,

125 779 133 25 discloses
277 787 35 16 an
330 778 77 25 inner
428 786 83 18 mass,
532 777 69 26 from
621 778 91 25 which
733 779 11 24 I
764 779 73 25 have
861 780 130 24 obtained

125 825 48 25 the
191 824 138 31 following
348 823 91 26 fossils
450 833 6 15 :
460 838 31 4 —

126 903 91 26 Venus
229 903 136 25 Vectensis

128 938 90 25 Thetis
232 938 84 31 major

586 903 167 25 Ammonites
770 903 154 34 Deshayesii

587 937 82 25 Small
683 938 170 31 ancylocerus
864 938 26 31 (?
911 939 79 24 Toxo-

127 973 171 23 Terebratula
316 972 63 24 sella

127 1007 165 23 Ammonites
305 1007 109 23 Martini

654 972 80 32 ceras)

468 1163 69 19 Tenth
552 1163 106 19 Division.

295 1245 98 25 Upper
412 1245 146 25 Gryphæa
577 1245 102 25 Group
699 1245 43 33 (16
755 1245 73 33 feet).

174 1326 32 24 In
224 1326 48 24 the
291 1327 83 24 lower
393 1327 98 25 twelve
510 1327 54 25 feet
584 1327 30 25 of
631 1327 84 25 sands
734 1327 54 26 and
803 1328 77 33 clays
881 1344 34 2 —
917 1337 75 16 some

126 1372 31 24 of
174 1371 91 26 which
284 1380 46 16 are
349 1372 172 33 ferruginous
541 1373 54 25 and
614 1372 104 30 oolitic,
737 1373 105 26 similar
864 1378 29 21 to
912 1374 80 25 those

127 1416 113 33 already
257 1416 110 25 noticed
389 1426 29 16 as
444 1417 117 33 forming
582 1427 88 24 group
696 1427 16 24 4
714 1434 31 4 —
748 1419 77 24 there
848 1427 47 16 are
914 1419 78 24 three

127 1470 30 16 or
175 1460 60 26 four
254 1470 98 23 ranges
366 1461 29 25 of
411 1463 116 32 Exogyra
539 1463 96 25 sinuata
655 1464 86 32 (large
757 1465 129 33 oysters).
924 1464 68 25 This

128 1506 68 25 shell
222 1506 57 25 also
304 1515 98 17 occurs
427 1507 28 25 in
479 1508 48 24 the
552 1508 127 32 greenish
704 1509 70 24 sand
801 1509 119 34 forming
944 1510 48 25 the

129 1559 85 24 upper
234 1551 110 32 portion
368 1552 31 24 of
419 1553 65 28 this,
504 1553 90 25 which
621 1554 93 24 marks
738 1554 48 25 the
810 1554 72 26 limit
904 1555 31 25 of
956 1555 36 26 its

128 1603 92 24 range,
246 1595 27 25 in
299 1604 35 16 an
359 1598 113 31 upward
499 1597 143 25 direction.
682 1598 86 25 Small
793 1599 153 33 fragments
966 1601 28 25 of

128 1641 143 31 vegetable
289 1641 120 25 remains
428 1650 92 21 occur,
540 1648 47 19 not
608 1643 64 33 only
692 1642 28 26 in
745 1643 79 27 these
843 1646 77 29 beds,
941 1648 50 24 but

128 1686 94 31 nearly
234 1686 169 31 throughout
423 1687 47 25 the
489 1687 87 25 entire
595 1687 157 27 formation.
792 1691 32 23 In
842 1691 48 25 the
908 1692 83 25 lower
