1117 1922
179 197 18 2 158

448 175 137 17 TERTIARY
606 175 106 17 SERIES.

222 248 31 25 In
267 248 123 32 entering
404 257 74 23 upon
495 247 47 26 the
561 247 128 33 Tertiary
703 246 84 25 series
800 245 30 25 of
847 245 162 25 formations

147 302 40 17 we
208 293 55 26 find
284 294 139 25 ourselves
447 302 72 23 upon
542 293 47 25 the
611 292 143 26 threshold
776 291 29 26 of
822 291 48 25 the
895 291 113 24 modern

147 342 65 29 type
225 338 29 25 of
264 338 54 25 life.
355 339 60 24 The
434 347 65 23 ages
518 337 30 26 of
565 337 141 34 lycopods,
727 336 82 29 ferns,
829 336 112 33 cycads,
955 335 54 26 and

147 384 126 33 yew-like
295 384 121 24 conifera
436 384 71 24 have
532 383 101 32 passed
654 391 85 24 away,
760 382 55 25 and
838 382 60 25 that
918 381 29 26 of
963 381 46 26 the

147 429 227 33 dicotyledonous
389 428 189 32 angiosperms
580 443 33 3 —
615 428 46 24 the
677 427 163 25 hard-wood
859 430 72 21 trees
953 427 55 24 and

148 482 162 24 evergreens
329 474 29 24 of
374 474 97 33 to-day
471 489 35 2 —
506 481 62 17 now
588 473 117 24 succeed
724 473 75 24 them
812 481 5 20 ;
838 473 49 24 but
907 476 47 20 not
974 473 35 32 by

147 527 54 24 any
214 518 105 25 sudden
334 518 151 25 extinction
500 518 54 24 and
567 518 165 24 re-creation
744 526 5 20 ;
770 517 50 28 for,
835 526 30 16 as
878 526 41 16 we
938 518 70 24 have

148 572 72 21 seen,
235 572 76 16 some
329 562 30 26 of
377 562 78 26 these
475 567 72 20 trees
567 562 55 25 had
645 562 112 33 already
771 562 89 33 begun
881 567 28 20 to
929 562 79 24 make

147 608 72 26 their
250 617 173 23 appearance
454 617 68 16 even
553 607 28 25 in
612 611 161 21 cretaceous
804 606 89 26 times.
949 607 60 25 The

149 654 141 32 hippurites,
299 653 133 28 inocerami,
443 653 145 27 ammonites,
599 652 139 29 belemnites,
749 652 119 28 baculites,
882 652 125 28 turrelites,

147 699 125 33 scaphites,
286 699 54 23 and
354 699 78 24 other
444 699 153 28 mollusses,
608 697 91 25 which
713 698 55 24 had
781 698 100 33 played
892 706 29 16 so
934 698 74 32 large

148 753 15 15 a
188 748 62 28 part
274 744 27 23 in
323 744 47 24 the
393 744 153 23 molluscan
568 742 47 25 life
639 742 30 25 of
691 742 47 25 the
762 743 70 24 later
857 743 151 33 secondary

148 788 120 33 periods,
282 797 61 16 now
361 796 88 16 cease.
486 788 60 24 The
565 792 76 28 great
661 788 121 32 reptiles,
796 792 56 25 too,
871 788 91 25 which
981 788 27 24 in

148 832 68 25 such
241 832 151 26 wonderful
417 832 108 34 variety
549 832 29 25 of
604 836 65 30 type
693 841 72 16 were
793 832 47 25 the
865 832 141 26 dominant

147 877 116 25 animals
281 877 30 25 of
329 877 48 24 the
397 877 103 24 earth's
522 877 116 28 surface,
652 877 71 24 alike
743 886 35 15 on
797 877 66 25 land
882 877 54 25 and
952 886 55 20 sea,

147 931 65 17 ever
234 921 75 26 since
329 921 46 25 the
397 925 236 21 commencement
653 921 29 25 of
699 921 46 25 the
765 921 77 30 Lias,
857 931 61 16 now
931 931 77 16 wane

147 967 93 26 before
260 968 47 24 the
326 967 124 25 increase
469 966 30 26 of
517 967 47 25 the
584 966 172 30 Mammalia,
771 966 90 27 which
884 967 124 26 advance

147 1012 27 25 in
197 1012 178 33 augmenting
397 1011 133 34 diversity
552 1011 30 26 of
603 1015 74 30 type,
700 1012 69 25 until
794 1012 65 34 they
884 1013 82 24 reach
992 1021 15 16 a

147 1057 151 24 maximum
318 1057 28 24 in
367 1056 106 33 variety
492 1056 29 25 of
540 1056 69 25 form
632 1057 53 24 and
709 1056 27 25 in
755 1057 66 24 bulk
837 1058 58 32 just
915 1057 92 25 before

146 1102 47 24 the
212 1102 62 24 cold
293 1102 88 32 epoch
403 1101 119 24 referred
541 1105 37 20 to.
628 1102 93 23 When
746 1102 47 24 the
817 1102 188 33 refrigeration

147 1147 99 32 passed
274 1155 78 25 away
377 1147 54 23 and
463 1146 47 24 the
543 1146 111 24 climate
685 1147 114 24 became
828 1146 107 29 milder,
959 1147 48 25 the

147 1191 208 33 extraordinary
368 1191 193 32 development
575 1190 30 25 of
621 1191 178 24 mammalian
815 1191 45 25 life
873 1191 61 25 that
947 1200 58 24 pre-

147 1236 102 25 ceeded
262 1236 20 24 it
296 1236 23 24 is
333 1236 84 24 found
431 1240 28 20 to
478 1236 72 25 have
569 1236 182 33 disappeared
768 1237 67 28 also,
849 1236 82 33 being
944 1238 63 32 only

147 1280 88 33 feebly
253 1280 177 33 represented
452 1280 27 24 in
502 1280 47 25 the
566 1280 87 33 living
671 1280 93 30 fauna,
779 1285 27 21 at
826 1281 48 25 the
892 1281 72 25 head
981 1282 28 25 of

147 1325 89 26 which
251 1334 63 16 man
328 1325 50 25 has
391 1325 83 25 taken
488 1325 43 25 his

245 1462 188 25 Superficial
467 1463 247 27 Accumulations
746 1473 33 16 of
811 1466 97 24 Later

445 1508 144 24 Tertiary
615 1509 90 23 Date.

221 1594 43 24 All
281 1594 48 24 the
351 1594 155 32 superficial
529 1596 124 32 deposits
672 1597 27 25 in
722 1598 48 24 the
790 1599 54 24 Isle
863 1600 29 23 of
909 1600 96 33 Wight

147 1647 45 16 are
205 1639 30 24 of
252 1639 68 25 later
340 1639 127 34 Tertiary
479 1640 72 25 date.
590 1641 78 34 They
686 1651 63 25 may
762 1644 34 24 be
815 1644 112 26 divided
949 1644 56 27 into

147 1687 53 22 two
222 1683 80 25 kinds
314 1693 6 17 :
343 1683 68 29 first,
434 1685 47 24 the
503 1686 75 24 older
600 1688 94 31 gravel
720 1688 130 33 covering
871 1690 48 25 the
941 1690 64 32 high
