1117 1922
140 167 30 24 72

483 167 57 16 THE
559 166 101 17 GAULT.

139 240 100 26 eroded
269 240 123 25 between
424 240 77 25 there
534 239 54 25 and
615 238 158 28 Winstone,
799 239 71 22 rests
899 244 36 16 on
959 234 47 26 the

141 286 99 24 Lower
260 285 172 26 Greensand.
470 285 60 25 The
550 284 87 26 Gault
660 283 59 25 also
740 282 85 25 forms
845 281 48 25 the
915 281 91 32 slopes

140 331 105 24 around
266 331 100 24 Cook's
387 330 103 25 Castle.

185 376 60 24 The
265 376 101 24 houses
387 375 28 24 in
435 375 47 25 the
502 375 83 25 lower
605 377 64 30 part
689 373 31 26 of
739 371 170 27 Bonchurch
925 371 82 25 stand

140 430 74 24 upon
236 421 47 25 the
303 421 96 29 Gault,
413 421 55 25 and
488 421 47 25 the
554 420 76 25 debris
648 419 31 25 of
695 419 48 25 the
761 417 246 33 superincumbent

139 471 96 24 strata,
250 466 91 26 which
359 466 51 25 has
427 466 83 25 fallen
530 465 69 25 from
620 465 97 25 above.
756 464 67 24 Also
841 463 47 24 the
906 463 101 24 houses

139 510 28 25 in
180 511 48 25 the
246 510 101 26 hollow
364 510 89 26 below
466 510 47 25 the
532 509 108 26 Marine
659 509 96 29 Hotel,
770 512 28 21 at
812 509 134 28 Ventnor,
961 515 46 17 are

139 556 37 25 all
200 555 70 26 built
292 564 74 24 upon
388 556 48 25 the
457 556 83 25 lower
562 554 111 33 portion
695 554 30 25 of
744 554 47 25 the
817 553 96 26 Gault.
963 553 43 25 An

139 605 117 28 outcrop
269 600 30 25 of
316 601 20 24 it
357 609 98 16 occurs
477 609 36 16 on
533 600 48 25 the
602 599 80 26 shore
703 603 28 21 at
752 599 47 25 the
819 603 66 21 west
906 598 53 25 end
980 598 30 25 of

140 646 61 24 Mill
223 647 68 33 Bay,
312 646 55 24 and
392 645 20 25 it
438 646 59 24 also
516 653 100 17 occurs
637 645 27 24 in
689 644 80 25 other
794 644 118 32 patches
936 643 70 26 from

141 691 135 26 Shanklin
298 695 29 21 to
347 691 170 33 Blackgang.
555 691 60 24 The
634 691 144 32 vegetable
797 689 52 25 soil
869 689 30 25 of
915 689 91 25 which

140 736 48 26 the
206 740 107 22 terrace
327 736 29 25 of
373 736 48 25 the
441 736 158 26 Undercliff
617 736 23 24 is
663 735 159 33 composed,
836 735 129 29 consists,
979 734 28 25 in

140 785 72 21 most
228 785 72 29 part,
315 781 87 25 ofthe
415 782 83 25 lower
506 780 111 33 portion
631 780 86 25 ofthe
731 781 87 25 Gault
831 785 28 20 at
873 780 36 25 its
922 780 67 26 base
1001 789 5 20 ;

141 825 21 27 it
184 826 24 26 is
227 827 136 32 probably
382 826 90 32 owing
492 829 29 22 to
543 826 48 25 the
613 826 172 32 phosphates
803 825 57 26 this
880 825 127 26 contains

140 872 61 25 that
219 872 48 24 the
283 875 80 25 trees,
378 872 109 29 shrubs,
508 871 54 25 and
581 870 160 33 vegetation
758 870 115 26 flourish
891 870 27 26 in
938 870 69 26 such

140 917 143 25 luxurious
300 918 108 32 growth
426 918 82 32 along
525 917 48 24 the
590 916 54 25 line
658 916 29 25 of
704 917 48 24 the
765 916 163 29 Undercliff,
941 917 66 24 thus

142 962 92 33 aiding
254 963 104 32 largely
371 962 27 25 in
416 962 117 33 forming
553 971 51 16 one
624 962 30 25 of
672 962 48 25 the
739 966 73 21 most
830 962 177 33 picturesque

143 1012 78 29 spots
240 1008 27 25 in
288 1008 137 33 England.
463 1008 60 25 The
544 1008 96 29 Gault,
659 1017 30 16 as
711 1008 60 25 well
791 1017 32 16 as
842 1008 48 25 the
910 1008 96 32 Upper

141 1053 173 29 Greensand,
344 1054 67 24 ends
444 1057 27 21 at
504 1053 171 32 Blackgang,
703 1053 53 25 and
788 1061 161 24 re-appears
978 1057 27 21 at

142 1100 139 31 Compton
311 1100 61 32 Bay
397 1099 27 24 in
452 1108 15 15 a
495 1099 97 33 highly
618 1099 120 24 inclined
766 1099 130 32 position,
922 1108 31 16 as
978 1103 27 21 at

142 1144 139 26 Sandown
301 1145 69 31 Bay.

186 1189 59 25 The
264 1189 139 32 following
421 1198 47 16 are
487 1189 47 26 the
554 1194 72 21 most
648 1189 210 27 characteristic
875 1190 92 26 fossils
979 1191 30 25 of

141 1234 48 24 the
209 1234 85 24 Gault
305 1244 6 14 :
316 1249 31 4 —

140 1308 165 24 Ammonites
317 1309 130 23 Dentatus

598 1309 167 25 Inoceramus
780 1310 124 26 Sulcatus

597 1343 95 25 Pecten
705 1344 233 33 quinquecostatus

596 1377 104 25 Nucula
713 1378 139 25 Pectinata

401 1343 147 31 (common)

140 1376 160 25 Belemnites
312 1376 124 26 minimus

141 1410 95 25 Natica
250 1411 141 24 Gaultiana

596 1412 122 25 Hamites
730 1414 130 24 rotundus

596 1447 81 23 Limæ
691 1447 102 24 Paralla

140 1444 68 24 Area
220 1445 118 23 carinata

141 1479 167 24 Inoceramus
322 1480 181 23 concentricus

596 1481 25 23 A
634 1481 124 24 solarium
771 1485 123 22 ornatuni
