1117 1922
90 188 9 16 1
105 182 30 22 88

293 190 182 17 DENUDATION
497 190 55 17 AND
572 190 160 17 LANDSLIPS.

88 259 28 24 of
133 260 48 24 the
202 260 86 25 brook
309 261 60 25 that
388 271 65 16 runs
473 262 57 25 into
548 262 47 25 the
614 271 55 20 sea,
685 271 29 16 so
734 261 61 25 that
815 269 61 16 now
895 260 47 24 the

88 304 87 24 whole
196 304 23 25 is
241 306 149 25 convulsed
413 307 53 25 and
486 308 138 24 scattered
646 308 94 28 about,
759 315 31 16 as
809 305 21 25 if
846 305 21 25 it
887 304 55 26 had

89 349 67 24 been
171 349 69 25 done
254 351 35 32 by
303 360 34 15 an
350 352 177 31 earthquake.
565 353 37 23 Of
617 353 34 23 all
665 353 47 23 the
725 352 87 32 rough
826 350 115 33 ground,

89 393 68 25 from
172 394 46 25 the
231 398 109 29 cottage
359 397 113 30 upward
491 400 29 20 to
538 397 47 24 the
597 398 65 23 base
681 397 29 24 of
726 398 47 24 the
787 396 64 29 cliff,
865 396 77 24 there

89 437 23 25 is
138 439 122 32 scarcely
273 448 15 15 a
310 439 55 25 foot
387 440 28 24 of
437 441 64 23 land
522 441 49 24 but
590 442 73 24 what
689 442 50 24 has
762 441 124 33 changed
906 440 35 24 its

90 482 131 25 situation
233 484 4 23 !
276 484 59 25 The
354 486 93 23 arable
471 486 77 23 fields
575 494 44 16 are
641 487 119 24 likewise
783 486 158 28 convulsed,

91 528 49 24 but
154 531 46 21 not
214 531 29 21 to
256 528 47 25 the
315 529 100 32 degree
434 530 60 23 that
514 530 46 24 the
577 531 86 32 rough
677 531 105 32 ground
795 531 23 24 is
829 540 4 19 ;
854 540 30 15 as
903 530 39 25 far

93 580 29 16 as
136 572 47 24 the
200 571 77 26 fence
296 572 22 25 is
337 572 68 25 from
424 573 47 24 the
485 574 86 24 Chale
589 574 66 28 side,
669 575 47 24 the
728 575 88 24 whole
834 584 64 24 may
910 575 35 24 be

93 616 88 24 called
194 624 51 16 one
264 616 86 32 grand
370 617 53 24 and
442 617 81 24 awful
542 618 68 23 ruin.
647 618 60 24 The
725 619 117 24 cascade
855 619 90 24 which

93 669 54 24 you
160 661 67 24 used
246 664 29 21 to
288 661 70 25 view
370 661 69 25 from
458 662 47 24 the
524 663 86 23 house
629 667 28 20 at
675 663 60 24 first
754 663 191 32 disappeared,

94 707 49 23 but
165 706 51 24 has
238 715 60 16 now
317 707 103 24 broken
439 711 47 20 out
507 707 53 24 and
579 707 124 25 tumbled
725 707 81 26 down
824 707 58 25 into
901 708 47 24 the

94 752 176 33 withey-bed,
297 752 29 25 of
347 752 90 26 which
460 752 20 25 it
506 753 50 24 has
580 754 79 24 made
685 763 15 15 a
721 754 61 24 lake
794 763 5 20 ;
818 753 56 25 this
895 754 54 24 last

95 806 173 23 appearance
289 797 23 25 is
334 797 98 33 owing,
457 799 10 23 I
494 807 128 23 suppose,
645 803 28 20 to
693 799 47 24 the
761 798 76 30 frost,
860 798 90 25 which

95 848 130 26 prevents
247 844 47 24 the
315 847 85 21 water
422 843 69 25 from
514 843 116 33 running
649 844 44 24 off.
731 844 59 24 The
809 844 50 24 few
878 848 72 20 trees

97 889 36 32 by
145 888 47 24 the
210 892 119 29 cottage,
343 892 27 21 at
393 889 48 24 the
459 889 66 24 base
539 888 29 24 of
586 889 46 23 the
652 889 65 24 rock
735 897 35 16 on
789 889 89 24 which
897 898 53 24 you

96 934 56 24 had
172 934 98 33 placed
293 943 16 15 a
331 938 67 24 seat,
413 934 70 24 have
506 934 125 33 changed
652 934 71 24 their
742 934 140 29 situation,
902 935 48 24 but

97 988 46 15 are
156 983 47 21 not
223 979 154 32 destroyed.
417 979 114 32 Haryey
543 978 118 29 wanted,
675 978 79 26 when
770 979 10 24 I
796 988 55 16 was
864 979 86 28 there,

97 1028 29 22 to
139 1033 34 24 go
188 1024 56 26 into
258 1024 47 25 the
322 1024 86 25 house
421 1028 29 21 to
469 1024 73 25 fetch
562 1033 74 16 some
655 1024 102 32 trifling
771 1024 117 29 articles,
902 1025 48 25 but

99 1071 10 23 I
133 1070 149 24 dissuaded
304 1069 56 25 him
372 1078 5 21 ;
398 1070 53 24 and
471 1078 65 24 very
549 1070 60 24 well
630 1070 11 24 I
661 1069 56 29 did,
737 1069 39 25 for
796 1078 66 16 soon
883 1069 67 25 after

96 1116 47 23 the
168 1116 61 24 wall
252 1119 29 20 to
303 1115 47 24 the
375 1119 67 21 west
464 1115 70 24 sunk
554 1114 58 25 into
634 1115 46 24 the
702 1115 113 33 ground.
864 1116 86 24 What

97 1161 116 32 damage
238 1160 23 25 is
287 1160 79 30 done,
389 1160 108 26 besides
520 1160 60 25 that
605 1160 90 26 which
720 1161 47 24 the
791 1160 86 26 house
901 1161 50 25 has

96 1207 126 28 suffered,
239 1207 10 23 I
274 1210 101 21 cannot
398 1215 56 24 say.
493 1206 60 25 The
573 1206 87 26 whole
681 1205 115 30 surface,
816 1206 134 29 however,

94 1253 51 24 has
171 1253 158 31 undergone
354 1261 16 15 a
395 1253 136 32 complete
557 1252 105 33 change
672 1261 5 21 ;
710 1252 53 24 and
789 1256 27 20 at
841 1256 109 29 present

94 1298 78 24 there
197 1306 46 16 are
268 1298 174 33 everywhere
471 1298 110 24 chasms
607 1298 60 24 that
693 1306 15 16 a
734 1298 80 24 horse
839 1306 29 16 or
894 1306 57 17 cow

94 1342 87 33 might
196 1342 60 25 sink
276 1342 57 25 into
353 1342 54 25 and
426 1342 156 33 disappear.
621 1342 68 25 This
708 1352 88 15 seems
816 1347 28 20 to
864 1343 33 25 be
917 1352 34 16 an

94 1387 120 26 eventful
239 1387 97 33 period
360 1387 66 25 with
453 1397 39 15 us.
542 1388 105 24 Where
671 1396 68 24 your
763 1392 132 29 property
919 1388 31 29 is,

93 1433 77 24 there
183 1432 22 25 is
220 1442 15 15 a
249 1432 114 25 founder
376 1431 69 26 from
459 1432 47 25 the
520 1436 48 28 top
581 1431 30 25 of
620 1432 48 25 the
681 1432 64 29 cliff,
760 1432 27 25 in
801 1433 59 25 that
874 1433 77 32 piece

92 1478 30 25 of
140 1478 65 24 land
224 1477 91 26 which
337 1477 92 25 Dixon
448 1481 83 24 rents,
548 1476 91 26 which
658 1477 50 25 has
727 1479 95 31 nearly
834 1480 117 23 covered

91 1523 48 24 the
152 1522 87 25 whole
254 1522 65 25 with
333 1521 150 31 fragments
496 1521 29 24 of

137 1567 58 24 The
210 1566 81 24 fallen
305 1566 125 24 material
444 1565 83 24 forms
542 1574 15 15 a
573 1566 81 28 talus,
669 1574 29 16 or
713 1566 84 32 slope,
812 1567 47 24 the
873 1568 75 25 loose

90 1610 50 25 soil
166 1610 145 31 becoming
336 1609 27 24 in
388 1609 66 24 time
480 1608 89 33 firmly
594 1609 199 30 consolidated,
819 1613 54 23 and
899 1613 49 25 fre-

90 1655 113 32 quently
216 1653 164 32 supporting
393 1662 15 15 a
421 1653 142 24 luxurious
575 1654 107 31 growth
696 1653 30 25 of
740 1654 54 33 ivy,
809 1656 139 26 brambles

89 1700 54 24 and
153 1699 80 29 briar,
249 1698 153 33 materially
410 1697 93 33 aiding
512 1697 26 25 in
548 1697 113 33 binding
672 1699 46 24 the
728 1707 73 17 mass
811 1702 134 31 together.
