1117 1922
144 172 32 22 88

398 180 56 16 the
475 180 90 16 upper
584 179 178 17 greensand.

143 250 91 25 fossils
256 251 65 24 here
344 259 45 16 are
409 251 26 24 in
455 251 63 28 situ,
539 251 54 24 and
613 260 46 15 are
678 250 86 34 easily
783 249 154 26 extracted.
976 249 32 24 In

145 295 46 26 the
204 305 64 24 year
285 298 61 31 1851
368 297 106 24 several
493 305 116 24 persons
622 305 70 17 were
712 295 134 34 engaged,
861 295 38 33 by
912 303 16 16 a
946 294 61 24 firm

144 341 29 25 of
179 341 178 32 agricultural
368 341 141 29 chemists,
519 351 34 15 on
563 342 46 25 the
620 341 113 25 summit
744 340 30 26 of
782 341 41 25 St.
834 340 175 26 Catherine's

145 387 97 28 Down,
256 386 28 25 in
304 387 112 32 digging
435 387 53 24 and
509 386 94 33 sifting
621 387 47 24 the
686 386 67 25 beds
767 385 30 26 of
813 384 196 27 Fossiliferous

145 432 53 24 and
212 432 133 24 Chloritic
365 433 72 23 Marl
447 441 5 20 ;
473 433 49 23 but
542 432 88 24 either
648 431 71 25 from
738 432 48 24 the
805 431 135 32 difficulty
954 430 55 25 and

144 476 46 25 the
215 485 119 23 expense
360 476 143 33 attending
532 477 47 24 the
603 477 107 28 labour,
737 476 54 24 and
823 476 48 24 the
896 479 60 22 cost
982 475 29 25 of

143 529 184 25 conveyance,
338 529 29 16 or
377 522 78 24 other
466 530 106 20 causes,
585 522 47 24 the
642 522 112 24 scheme
764 530 57 16 was
832 522 175 24 abandoned.

144 566 31 24 In
199 566 52 24 Mr.
276 566 126 24 Nesbit's
424 566 90 25 tables
534 566 30 24 of
583 566 175 32 Phosphoric
781 566 71 25 Acid
871 566 70 25 from
965 566 42 26 St.

143 610 173 25 Catherine's
336 611 99 28 Down,
449 610 48 25 the
516 614 76 22 casts
611 610 54 25 and
680 610 116 26 nodules
808 610 31 25 of
854 610 48 26 the
915 610 92 26 fossils

142 664 46 16 are
201 655 90 25 stated
305 659 28 21 to
353 655 111 25 contain
483 654 69 26 from
566 665 34 23 40
618 660 30 21 to
666 663 34 25 50
719 664 48 24 per
786 660 72 21 cent,
878 656 29 25 of
924 656 82 33 phos-

141 700 85 32 phate
250 700 29 25 of
294 700 73 25 lime.
415 700 90 25 These
527 701 68 25 beds
618 700 112 26 contain
756 710 150 16 numerous
930 702 77 33 large

141 745 136 33 spongoid
305 745 105 28 bodies,
436 746 127 32 together
588 745 67 25 with
687 747 125 29 nodules,
838 747 169 34 resembling

141 790 148 33 coprolites
308 790 27 25 in
355 790 78 30 form,
448 791 160 33 containing
627 791 70 25 from
719 799 29 25 15
768 797 29 20 to
812 794 32 23 28
863 801 50 25 per
931 798 73 21 cent.

140 835 30 25 of
185 836 157 32 phosphate
361 835 30 25 of
407 836 72 24 lime.
518 836 91 24 These
627 837 54 24 last
701 845 46 16 are
766 846 67 24 very
852 837 106 27 similar
977 837 28 27 in

140 881 184 33 composition
347 885 29 21 to
395 881 47 25 the
461 881 96 25 bodies
576 881 188 33 interspersed
782 882 27 26 in
832 883 48 26 the
900 892 103 17 corres-

139 926 124 32 ponding
277 931 117 21 stratum
409 926 27 25 in
455 927 47 25 the
521 927 230 31 neighbourhood
764 928 30 25 of
811 930 152 28 Farnham,
977 930 30 26 of

139 972 90 26 which
243 973 47 25 the
304 972 138 33 following
455 972 23 26 is
493 982 34 15 an
541 973 129 33 analysis,
686 975 36 32 by
734 974 25 34 J.
774 974 32 25 T.
821 975 83 34 Way.
919 977 68 33 Esq.
996 985 6 16 :

209 1035 140 25 Insoluble
362 1034 112 26 silicous
488 1039 101 21 matter
683 1056 28 4 ...
781 1047 34 15 *...
858 1039 74 24 16*82

207 1081 113 24 Soluble
334 1080 78 25 silica
474 1101 27 4 ...
578 1101 28 5 ...
682 1101 28 6 ...
787 1103 28 5 ...
858 1093 73 23 12.92

206 1125 121 33 Organic
341 1130 101 20 matter
475 1146 27 5 ...
579 1147 27 4 ...
683 1148 27 5 ...
787 1149 28 5 ...
873 1138 59 24 2-29

207 1171 171 33 Phosphoric
392 1171 70 25 Acid
474 1192 27 3 ...
578 1192 27 4 ...
682 1193 28 5 ...
786 1193 28 5 ...
871 1176 61 30 0-78

208 1215 139 26 Carbonic
361 1216 71 26 Acid
474 1237 27 5 ...
578 1237 27 6 ...
682 1238 28 5 ...
786 1238 28 6 ...
855 1228 77 26 22-44

206 1261 79 25 Lime
853 1268 77 30 34'68

206 1307 143 33 Magnesia
370 1328 27 4 ...
473 1329 28 4 ...
576 1329 28 5 ...
681 1330 28 5 ...
785 1331 29 5 ...
873 1320 55 17 j-oi

205 1352 89 25 Oxide
306 1353 30 24 of
348 1353 63 25 Iron
425 1354 54 25 and
493 1354 131 26 Alumina
870 1359 60 30 6-29

181 1424 59 25 The
254 1425 55 25 late
322 1426 49 24 Dr.
388 1425 112 30 Martin,
515 1435 35 15 no
570 1435 81 17 mean
671 1428 128 29 chemist,
814 1434 87 22 wrote
914 1430 28 26 in
957 1431 42 26 his

134 1470 75 25 work
222 1478 35 16 on
271 1470 47 24 the
331 1470 111 25 climate
455 1471 30 24 of
495 1472 48 24 the
554 1472 169 26 Undercliff:
765 1475 32 24 In
808 1483 191 26 consequence

134 1516 29 23 of
183 1516 46 23 the
249 1516 167 32 phosphatic
438 1516 124 33 deposits
587 1517 120 34 existing
729 1519 27 25 in
781 1520 79 25 these
885 1522 77 30 beds,
987 1522 10 26 I

134 1564 101 21 cannot
251 1561 54 24 call
323 1561 48 25 the
390 1561 136 26 attention
546 1562 30 26 of
591 1563 48 25 the
659 1564 233 33 agriculturalists
906 1567 30 26 of
951 1569 48 25 the

133 1605 227 33 neighbourhood
373 1610 47 21 too
439 1608 124 33 strongly
576 1611 28 21 to
624 1609 48 24 the
691 1609 56 25 fact
767 1610 30 25 of
813 1620 31 16 so
863 1612 60 26 rich
943 1614 55 25 and

133 1649 128 26 valuable
280 1660 15 15 a
314 1660 114 16 manure
453 1651 75 34 lying
546 1653 97 25 within
668 1654 72 25 their
759 1657 93 30 reach,
873 1659 56 25 and
951 1660 48 25 the

133 1695 144 34 fertilizing
296 1700 131 31 property
446 1697 29 25 of
491 1697 35 26 its
