1117 1922
452 141 144 15 APPENDIX.

898 141 46 24 213

278 209 53 25 and
364 210 11 24 I
402 215 100 20 cannot
534 211 34 24 do
596 212 89 23 better
711 212 67 23 than
804 216 82 27 quote
911 212 46 24 the

101 261 119 24 passage
245 257 27 22 at
298 255 103 31 length.
452 255 140 25 Professor
618 257 83 33 Jones
729 256 92 24 writes
833 266 5 14 :
844 272 30 2 —
905 257 53 24 We

101 305 46 16 see
171 297 61 26 that
254 298 28 25 in
304 299 48 24 the
375 300 170 31 Hampshire
568 308 62 16 area
656 301 46 23 the
724 301 82 24 much
832 301 126 24 denuded

101 341 127 34 Tertiary
246 343 67 24 beds
336 343 54 24 and
412 343 71 25 their
502 345 94 31 gravel
618 345 133 32 cappings
775 345 68 24 form
866 354 16 15 a
901 345 58 24 half

100 387 122 33 lozenge,
237 388 102 33 having
353 388 35 25 its
408 389 78 24 blunt
509 398 71 23 apex
601 390 122 25 between
744 390 142 33 Salisbury
905 389 54 26 and

101 432 186 29 Winchester,
311 433 54 24 and
385 433 131 33 reaching
541 434 107 33 beyond
672 434 161 25 Chichester
855 444 35 15 on
911 435 48 24 the

100 481 69 25 east,
184 478 54 24 and
260 478 95 33 nearly
368 482 28 20 to
419 478 168 25 Dorchester
607 488 34 15 on
664 479 47 24 the
729 483 77 25 west,
825 478 67 26 with
911 479 48 25 the

102 523 124 25 Channel
249 523 55 25 and
325 523 48 25 the
395 524 93 25 Solent
512 533 34 15 on
568 524 47 25 the
638 524 90 25 south.
774 524 63 25 And
859 524 55 25 this
935 523 24 26 is

100 568 192 32 recognizable
314 577 31 17 as
367 569 47 25 the
436 569 74 25 main
535 569 110 32 portion
668 569 29 25 of
719 578 16 16 a
754 569 87 25 broad
861 578 96 23 spoon-

101 614 105 32 shaped
231 615 100 32 trough
355 614 141 33 (syncline,
520 623 29 15 or
574 615 93 23 rather
690 614 186 33 centrocline),
898 615 61 24 that

101 667 57 16 was
171 659 110 24 flanked
302 660 35 32 by
350 659 47 24 the
416 659 171 33 out-coming
601 660 81 23 chalk
695 659 30 24 of
741 660 109 27 Dorset,
866 659 93 28 Wilts,

101 704 54 24 and
170 704 94 24 Hants
277 712 35 16 on
325 704 36 24 its
375 704 90 29 north,
480 704 54 25 and
547 704 55 25 had
616 704 40 25 for
669 704 36 25 its
716 704 130 25 southern
860 704 98 25 border

100 748 48 25 the
161 749 138 32 upturned
314 749 89 25 Chalk
417 753 88 21 strata
518 748 29 26 of
564 758 15 15 a
594 749 130 25 southern
738 748 141 25 anticlinal
893 748 64 29 fold,

100 803 62 17 now
183 795 102 32 mostly
308 794 145 33 destroyed
476 795 37 32 by
534 794 46 25 the
600 803 54 16 sea.
692 794 69 25 This
783 794 98 25 border
902 803 57 16 was

100 840 166 24 continuous
292 840 66 24 with
382 840 48 24 the
454 840 81 24 chalk
560 840 105 24 around
691 840 180 29 Dorchester;
895 839 64 27 and,

100 885 114 32 passing
236 893 30 16 as
288 893 35 16 an
346 885 142 25 unbroken
509 884 76 33 ridge
607 885 119 32 through
750 885 74 24 what
850 884 23 24 is
895 893 61 16 now

102 930 128 24 Purbeck
249 930 54 24 and
323 930 46 24 the
384 930 54 24 Isle
458 929 28 25 of
503 930 107 32 Wight,
624 930 20 23 it
665 930 139 23 stretched
822 930 136 24 eastward

100 979 29 21 to
149 975 59 33 join
227 975 48 25 the
295 975 89 25 Chalk
403 975 30 24 of
452 975 112 28 Sussex,
579 975 54 24 and
652 975 137 24 extended
808 975 81 24 south
904 975 54 24 and

100 1024 60 22 east
174 1030 30 15 as
217 1024 63 29 part
299 1020 30 25 of
347 1020 48 25 the
413 1024 77 28 great
511 1020 89 25 Chalk
619 1029 64 16 area
701 1019 30 26 of
746 1020 211 25 north-western

107 1066 119 23 France.

238 1110 151 25 somewhat
398 1110 231 32 lozenge-shaped
640 1118 63 17 area
712 1109 29 26 of
747 1109 52 26 soft
809 1110 146 25 Tertiaries

99 1156 55 24 and
166 1156 125 32 gravelsf
305 1155 56 24 had
380 1164 16 15 a
415 1155 186 33 symmetrical
620 1155 197 33 river-system,
832 1155 123 32 draining

99 1201 120 26 inwards
238 1201 69 24 from
327 1201 47 24 the
393 1201 99 24 harder
513 1201 54 24 and
585 1201 96 32 higher
696 1201 81 23 chalk
791 1200 105 33 margin
911 1201 44 31 (as

99 1246 105 34 readily
226 1256 64 16 seen
312 1255 35 16 on
368 1256 53 23 any
443 1255 64 23 map
530 1245 29 26 of
579 1247 110 27 Dorset,
712 1246 101 28 Hants,
833 1245 55 25 and
909 1245 46 24 the

100 1294 54 24 Isle
176 1293 29 25 of
227 1293 112 33 Wight)
352 1301 4 21 ;
377 1293 54 24 and
457 1301 16 16 a
494 1293 74 31 large
590 1292 105 25 central
717 1291 71 26 river
812 1300 49 16 ran
886 1291 69 25 from

99 1343 67 21 west
188 1343 29 20 to
239 1342 69 25 east,
335 1338 119 32 opening
479 1341 56 26 out,
556 1341 27 20 at
609 1346 35 15 an
669 1338 75 32 early
771 1337 72 28 date,
869 1337 86 24 below

100 1384 103 25 Selsea.
253 1383 205 33 Subsequently
482 1383 47 24 the
553 1383 62 24 wall
637 1382 30 24 of
694 1382 81 24 chalk
800 1382 54 23 and
878 1382 77 23 otb^r

99 1428 138 32 upturned
264 1433 95 23 strata,
386 1428 123 24 between
535 1427 134 32 Swanage
700 1427 54 23 and
778 1427 47 23 the
850 1427 54 23 IsL

99 1474 108 33 Wight,
232 1483 57 16 was
314 1473 138 25 breached
484 1473 35 32 by
548 1472 47 25 the
625 1481 46 15 sea
695 1472 109 24 outside
828 1472 55 24 and
907 1472 39 24 the

99 1523 117 21 streams
230 1518 95 26 within
338 1527 4 21 ;
364 1518 54 25 and
433 1517 139 25 Handfast
587 1516 91 29 Point,
691 1516 67 26 with
861 1516 85 32 Harrj

142 1612 9 9 •
160 1611 66 16 Trans.
235 1610 96 19 Newbury
339 1609 80 17 District
427 1608 53 18 Field
488 1608 54 20 Club,
552 1609 78 18 1870-71,
639 1612 18 16 p.
669 1609 26 16 30.

141 1647 11 14 +
160 1643 33 17 See
201 1643 56 16 Thos.
267 1643 117 20 Codrington
392 1647 25 11 on
425 1641 32 17 the
469 1640 105 20 superficial
581 1640 82 20 deposits
671 1640 21 16 of
702 1640 33 16 the
744 1640 56 17 south
808 1640 20 17 of
839 1640 113 21 Hampshire

98 1665 38 17 and
143 1665 33 17 the
184 1665 38 16 Isle
230 1665 21 16 of
259 1664 73 20 Wight,
342 1664 68 17 Quart.
419 1663 55 17 Jour.
482 1662 52 17 Geol.
543 1662 47 19 Soc,
598 1662 52 16 xxvi.
660 1663 47 18 1870,
715 1666 19 15 p.
744 1663 38 18 528,
790 1663 35 15 etc.
