<?xml version="1.0" encoding="UTF-8"?>
<alto xmlns:xsi="http://www.w3.org/2001/XMLSchema-instance" xsi:noNamespaceSchemaLocation="http://www.bl.uk/schemas/alto/alto-1-4.xsd" xmlns:xlink="http://www.w3.org/1999/xlink">
	<Description>
		<MeasurementUnit>mm10</MeasurementUnit>
		<sourceImageInformation>
			<fileName>//head1/IN/2008-16/A0011467890/006541.jp2</fileName>
		</sourceImageInformation>
		<OCRProcessing ID="OCRPROCESSING_1">
			<preProcessingStep>
				<processingSoftware>
					<softwareCreator>CCS Content Conversion Specialists GmbH, Germany</softwareCreator>
					<softwareName>CCS docWORKS</softwareName>
					<softwareVersion>6.1-0.67</softwareVersion>
				</processingSoftware>
			</preProcessingStep>
			<ocrProcessingStep>
				<processingSoftware>
					<softwareCreator>ABBYY (BIT Software), Russia</softwareCreator>
					<softwareName>Finereader</softwareName>
				</processingSoftware>
			</ocrProcessingStep>
		</OCRProcessing>
	</Description>
	<Styles>
		<TextStyle ID="TXT_0" FONTSIZE="9" FONTFAMILY="Courier New"/>
		<TextStyle ID="TXT_1" FONTSIZE="10" FONTFAMILY="Courier New"/>
		<ParagraphStyle ID="PAR_CENTER" ALIGN="Center"/>
		<ParagraphStyle ID="PAR_RIGHT" ALIGN="Right"/>
		<ParagraphStyle ID="PAR_LEFT" ALIGN="Left"/>
	</Styles>
	<Layout>
		<Page ID="P53" PHYSICAL_IMG_NR="53" HEIGHT="1922" WIDTH="1117" PRINTED_IMG_NR="31" POSITION="Right" ACCURACY="89.69">
			<TopMargin ID="P53_TM00001" HPOS="0" VPOS="0" WIDTH="1116" HEIGHT="190">
				<TextBlock ID="P53_TB00001" HPOS="391" VPOS="161" WIDTH="334" HEIGHT="18" STYLEREFS="TXT_0 PAR_CENTER">
					<TextLine ID="P53_TL00001" HPOS="391" VPOS="162" WIDTH="334" HEIGHT="17">
						<String ID="P53_ST00001" HPOS="391" VPOS="162" WIDTH="58" HEIGHT="17" CONTENT="THE" WC="0.91" CC="010"/>
						<SP ID="P53_SP00001" HPOS="449" VPOS="179" WIDTH="19"/>
						<String ID="P53_ST00002" HPOS="468" VPOS="162" WIDTH="142" HEIGHT="17" CONTENT="CRACKERS" WC="0.99" CC="00000000"/>
						<SP ID="P53_SP00002" HPOS="610" VPOS="179" WIDTH="21"/>
						<String ID="P53_ST00003" HPOS="631" VPOS="163" WIDTH="94" HEIGHT="16" CONTENT="ROCKS." WC="0.88" CC="000240"/>
					</TextLine>
				</TextBlock>
				<TextBlock ID="P53_TB00002" HPOS="955" VPOS="165" WIDTH="28" HEIGHT="23" STYLEREFS="TXT_1 PAR_RIGHT">
					<TextLine ID="P53_TL00002" HPOS="957" VPOS="166" WIDTH="26" HEIGHT="22">
						<String ID="P53_ST00004" HPOS="957" VPOS="166" WIDTH="26" HEIGHT="22" CONTENT="31" WC="0.31" CC="58"/>
					</TextLine>
				</TextBlock>
			</TopMargin>
			<LeftMargin ID="P53_LM00001" HPOS="0" VPOS="190" WIDTH="116" HEIGHT="1511"/>
			<RightMargin ID="P53_RM00001" HPOS="988" VPOS="190" WIDTH="128" HEIGHT="1511"/>
			<BottomMargin ID="P53_BM00001" HPOS="0" VPOS="1701" WIDTH="1116" HEIGHT="220"/>
			<PrintSpace ID="P53_PS00001" HPOS="116" VPOS="190" WIDTH="872" HEIGHT="1511">
				<TextBlock ID="P53_TB00003" HPOS="127" VPOS="231" WIDTH="860" HEIGHT="161" STYLEREFS="TXT_0 PAR_LEFT">
					<TextLine ID="P53_TL00003" HPOS="127" VPOS="231" WIDTH="860" HEIGHT="31">
						<String ID="P53_ST00005" HPOS="127" VPOS="231" WIDTH="154" HEIGHT="31" CONTENT="limestone," WC="0.85" CC="3400000301"/>
						<SP ID="P53_SP00003" HPOS="281" VPOS="262" WIDTH="13"/>
						<String ID="P53_ST00006" HPOS="294" VPOS="233" WIDTH="54" HEIGHT="24" CONTENT="and" WC="1.00" CC="000"/>
						<SP ID="P53_SP00004" HPOS="348" VPOS="262" WIDTH="13"/>
						<String ID="P53_ST00007" HPOS="361" VPOS="241" WIDTH="47" HEIGHT="16" CONTENT="are" WC="0.91" CC="020"/>
						<SP ID="P53_SP00005" HPOS="408" VPOS="262" WIDTH="14"/>
						<String ID="P53_ST00008" HPOS="422" VPOS="234" WIDTH="99" HEIGHT="24" CONTENT="almost" WC="1.00" CC="000000"/>
						<SP ID="P53_SP00006" HPOS="521" VPOS="262" WIDTH="13"/>
						<String ID="P53_ST00009" HPOS="534" VPOS="234" WIDTH="225" HEIGHT="26" CONTENT="unfossiliferous." WC="0.88" CC="0400002030012300"/>
						<SP ID="P53_SP00007" HPOS="759" VPOS="262" WIDTH="26"/>
						<String ID="P53_ST00010" HPOS="785" VPOS="236" WIDTH="30" HEIGHT="24" CONTENT="In" WC="0.92" CC="01"/>
						<SP ID="P53_SP00008" HPOS="815" VPOS="262" WIDTH="10"/>
						<String ID="P53_ST00011" HPOS="825" VPOS="245" WIDTH="75" HEIGHT="16" CONTENT="some" WC="1.00" CC="0000"/>
						<SP ID="P53_SP00009" HPOS="900" VPOS="262" WIDTH="10"/>
						<String ID="P53_ST00012" HPOS="910" VPOS="245" WIDTH="77" HEIGHT="17" CONTENT="cases" WC="0.94" CC="00020"/>
					</TextLine>
					<TextLine ID="P53_TL00004" HPOS="127" VPOS="277" WIDTH="859" HEIGHT="33">
						<String ID="P53_ST00013" HPOS="127" VPOS="284" WIDTH="102" HEIGHT="25" CONTENT="groups" WC="0.92" CC="001300"/>
						<SP ID="P53_SP00010" HPOS="229" VPOS="309" WIDTH="20"/>
						<String ID="P53_ST00014" HPOS="249" VPOS="277" WIDTH="29" HEIGHT="24" CONTENT="of" WC="1.00" CC="00"/>
						<SP ID="P53_SP00011" HPOS="278" VPOS="309" WIDTH="17"/>
						<String ID="P53_ST00015" HPOS="295" VPOS="279" WIDTH="79" HEIGHT="23" CONTENT="small" WC="1.00" CC="00000"/>
						<SP ID="P53_SP00012" HPOS="374" VPOS="309" WIDTH="19"/>
						<String ID="P53_ST00016" HPOS="393" VPOS="279" WIDTH="82" HEIGHT="24" CONTENT="shells" WC="0.89" CC="200040"/>
						<SP ID="P53_SP00013" HPOS="475" VPOS="309" WIDTH="19"/>
						<String ID="P53_ST00017" HPOS="494" VPOS="287" WIDTH="47" HEIGHT="16" CONTENT="are" WC="0.98" CC="000"/>
						<SP ID="P53_SP00014" HPOS="541" VPOS="309" WIDTH="17"/>
						<String ID="P53_ST00018" HPOS="558" VPOS="279" WIDTH="137" HEIGHT="25" CONTENT="clustered" WC="0.88" CC="044000100"/>
						<SP ID="P53_SP00015" HPOS="695" VPOS="309" WIDTH="17"/>
						<String ID="P53_ST00019" HPOS="712" VPOS="289" WIDTH="35" HEIGHT="15" CONTENT="on" WC="0.87" CC="02"/>
						<SP ID="P53_SP00016" HPOS="747" VPOS="309" WIDTH="19"/>
						<String ID="P53_ST00020" HPOS="766" VPOS="280" WIDTH="70" HEIGHT="25" CONTENT="their" WC="0.86" CC="01040"/>
						<SP ID="P53_SP00017" HPOS="836" VPOS="309" WIDTH="19"/>
						<String ID="P53_ST00021" HPOS="855" VPOS="280" WIDTH="131" HEIGHT="30" CONTENT="outsides," WC="0.89" CC="030050000"/>
					</TextLine>
					<TextLine ID="P53_TL00005" HPOS="127" VPOS="321" WIDTH="860" HEIGHT="36">
						<String ID="P53_ST00022" HPOS="127" VPOS="321" WIDTH="68" HEIGHT="25" CONTENT="with" WC="0.77" CC="0412"/>
						<SP ID="P53_SP00018" HPOS="195" VPOS="346" WIDTH="19"/>
						<String ID="P53_ST00023" HPOS="214" VPOS="322" WIDTH="93" HEIGHT="32" CONTENT="pieces" WC="0.94" CC="030000"/>
						<SP ID="P53_SP00019" HPOS="307" VPOS="354" WIDTH="13"/>
						<String ID="P53_ST00024" HPOS="320" VPOS="322" WIDTH="30" HEIGHT="25" CONTENT="of" WC="0.78" CC="04"/>
						<SP ID="P53_SP00020" HPOS="350" VPOS="354" WIDTH="16"/>
						<String ID="P53_ST00025" HPOS="366" VPOS="322" WIDTH="75" HEIGHT="25" CONTENT="fossil" WC="1.00" CC="000000"/>
						<SP ID="P53_SP00021" HPOS="441" VPOS="354" WIDTH="16"/>
						<String ID="P53_ST00026" HPOS="457" VPOS="323" WIDTH="87" HEIGHT="29" CONTENT="wood," WC="0.95" CC="00002"/>
						<SP ID="P53_SP00022" HPOS="544" VPOS="354" WIDTH="16"/>
						<String ID="P53_ST00027" HPOS="560" VPOS="323" WIDTH="82" HEIGHT="25" CONTENT="much" WC="1.00" CC="0000"/>
						<SP ID="P53_SP00023" HPOS="642" VPOS="354" WIDTH="18"/>
						<String ID="P53_ST00028" HPOS="660" VPOS="323" WIDTH="131" HEIGHT="34" CONTENT="decayed," WC="0.97" CC="00000002"/>
						<SP ID="P53_SP00024" HPOS="791" VPOS="357" WIDTH="15"/>
						<String ID="P53_ST00029" HPOS="806" VPOS="325" WIDTH="53" HEIGHT="25" CONTENT="and" WC="1.00" CC="000"/>
						<SP ID="P53_SP00025" HPOS="859" VPOS="357" WIDTH="20"/>
						<String ID="P53_ST00030" HPOS="879" VPOS="324" WIDTH="108" HEIGHT="33" CONTENT="pierced" WC="0.96" CC="0000100"/>
					</TextLine>
					<TextLine ID="P53_TL00006" HPOS="128" VPOS="366" WIDTH="189" HEIGHT="26">
						<String ID="P53_ST00031" HPOS="128" VPOS="366" WIDTH="66" HEIGHT="26" CONTENT="with" WC="0.85" CC="0202"/>
						<SP ID="P53_SP00026" HPOS="194" VPOS="392" WIDTH="19"/>
						<String ID="P53_ST00032" HPOS="213" VPOS="367" WIDTH="104" HEIGHT="25" CONTENT="teredo." WC="0.87" CC="3050000"/>
					</TextLine>
				</TextBlock>
				<TextBlock ID="P53_TB00004" HPOS="127" VPOS="411" WIDTH="861" HEIGHT="347" STYLEREFS="TXT_0 PAR_LEFT">
					<TextLine ID="P53_TL00007" HPOS="175" VPOS="411" WIDTH="813" HEIGHT="36">
						<String ID="P53_ST00033" HPOS="175" VPOS="411" WIDTH="120" HEIGHT="33" CONTENT="Captain" WC="0.95" CC="0000030"/>
						<SP ID="P53_SP00027" HPOS="295" VPOS="444" WIDTH="16"/>
						<String ID="P53_ST00034" HPOS="311" VPOS="413" WIDTH="140" HEIGHT="29" CONTENT="Ibbetson," WC="0.92" CC="000004020"/>
						<SP ID="P53_SP00028" HPOS="451" VPOS="444" WIDTH="11"/>
						<String ID="P53_ST00035" HPOS="462" VPOS="412" WIDTH="99" HEIGHT="33" CONTENT="during" WC="0.94" CC="001200"/>
						<SP ID="P53_SP00029" HPOS="561" VPOS="445" WIDTH="14"/>
						<String ID="P53_ST00036" HPOS="575" VPOS="413" WIDTH="42" HEIGHT="25" CONTENT="his" WC="0.78" CC="320"/>
						<SP ID="P53_SP00030" HPOS="617" VPOS="445" WIDTH="14"/>
						<String ID="P53_ST00037" HPOS="631" VPOS="422" WIDTH="99" HEIGHT="25" CONTENT="survey" WC="0.98" CC="010000"/>
						<SP ID="P53_SP00031" HPOS="730" VPOS="447" WIDTH="12"/>
						<String ID="P53_ST00038" HPOS="742" VPOS="414" WIDTH="29" HEIGHT="25" CONTENT="of" WC="0.94" CC="01"/>
						<SP ID="P53_SP00032" HPOS="771" VPOS="447" WIDTH="10"/>
						<String ID="P53_ST00039" HPOS="781" VPOS="414" WIDTH="47" HEIGHT="25" CONTENT="the" WC="1.00" CC="000"/>
						<SP ID="P53_SP00033" HPOS="828" VPOS="447" WIDTH="11"/>
						<String ID="P53_ST00040" HPOS="839" VPOS="414" WIDTH="149" HEIGHT="25" CONTENT="Atherfield" WC="0.96" CC="0030000000"/>
					</TextLine>
					<TextLine ID="P53_TL00008" HPOS="128" VPOS="456" WIDTH="860" HEIGHT="35">
						<String ID="P53_ST00041" HPOS="128" VPOS="456" WIDTH="133" HEIGHT="33" CONTENT="deposits," WC="0.96" CC="000003000"/>
						<SP ID="P53_SP00034" HPOS="261" VPOS="489" WIDTH="22"/>
						<String ID="P53_ST00042" HPOS="283" VPOS="457" WIDTH="162" HEIGHT="26" CONTENT="discovered" WC="0.92" CC="0300000300"/>
						<SP ID="P53_SP00035" HPOS="445" VPOS="489" WIDTH="21"/>
						<String ID="P53_ST00043" HPOS="466" VPOS="467" WIDTH="16" HEIGHT="15" CONTENT="a" WC="1.00" CC="0"/>
						<SP ID="P53_SP00036" HPOS="482" VPOS="489" WIDTH="19"/>
						<String ID="P53_ST00044" HPOS="501" VPOS="458" WIDTH="75" HEIGHT="32" CONTENT="large" WC="1.00" CC="00000"/>
						<SP ID="P53_SP00037" HPOS="576" VPOS="490" WIDTH="21"/>
						<String ID="P53_ST00045" HPOS="597" VPOS="458" WIDTH="107" HEIGHT="29" CONTENT="nodule," WC="0.88" CC="3005000"/>
						<SP ID="P53_SP00038" HPOS="704" VPOS="490" WIDTH="21"/>
						<String ID="P53_ST00046" HPOS="725" VPOS="459" WIDTH="147" HEIGHT="32" CONTENT="belonging" WC="0.79" CC="400030460"/>
						<SP ID="P53_SP00039" HPOS="872" VPOS="491" WIDTH="21"/>
						<String ID="P53_ST00047" HPOS="893" VPOS="463" WIDTH="28" HEIGHT="21" CONTENT="to" WC="1.00" CC="00"/>
						<SP ID="P53_SP00040" HPOS="921" VPOS="491" WIDTH="20"/>
						<String ID="P53_ST00048" HPOS="941" VPOS="460" WIDTH="47" HEIGHT="24" CONTENT="the" WC="1.00" CC="000"/>
					</TextLine>
					<TextLine ID="P53_TL00009" HPOS="129" VPOS="501" WIDTH="858" HEIGHT="36">
						<String ID="P53_ST00049" HPOS="129" VPOS="501" WIDTH="97" HEIGHT="32" CONTENT="Upper" WC="0.91" CC="00004"/>
						<SP ID="P53_SP00041" HPOS="226" VPOS="533" WIDTH="36"/>
						<String ID="P53_ST00050" HPOS="262" VPOS="502" WIDTH="132" HEIGHT="32" CONTENT="deposits," WC="0.98" CC="000100000"/>
						<SP ID="P53_SP00042" HPOS="394" VPOS="534" WIDTH="33"/>
						<String ID="P53_ST00051" HPOS="427" VPOS="503" WIDTH="160" HEIGHT="32" CONTENT="containing" WC="0.94" CC="0000010040"/>
						<SP ID="P53_SP00043" HPOS="587" VPOS="535" WIDTH="35"/>
						<String ID="P53_ST00052" HPOS="622" VPOS="504" WIDTH="105" HEIGHT="24" CONTENT="several" WC="0.87" CC="0000260"/>
						<SP ID="P53_SP00044" HPOS="727" VPOS="535" WIDTH="37"/>
						<String ID="P53_ST00053" HPOS="764" VPOS="504" WIDTH="73" HEIGHT="32" CONTENT="large" WC="0.91" CC="30100"/>
						<SP ID="P53_SP00045" HPOS="837" VPOS="536" WIDTH="35"/>
						<String ID="P53_ST00054" HPOS="872" VPOS="505" WIDTH="115" HEIGHT="32" CONTENT="Trigonia" WC="0.80" CC="02200305"/>
					</TextLine>
					<TextLine ID="P53_TL00010" HPOS="128" VPOS="547" WIDTH="858" HEIGHT="33">
						<String ID="P53_ST00055" HPOS="128" VPOS="547" WIDTH="125" HEIGHT="29" CONTENT="Dadalea," WC="0.82" CC="50080000"/>
						<SP ID="P53_SP00046" HPOS="253" VPOS="576" WIDTH="19"/>
						<String ID="P53_ST00056" HPOS="272" VPOS="547" WIDTH="75" HEIGHT="33" CONTENT="lying" WC="0.91" CC="00400"/>
						<SP ID="P53_SP00047" HPOS="347" VPOS="580" WIDTH="18"/>
						<String ID="P53_ST00057" HPOS="365" VPOS="555" WIDTH="35" HEIGHT="16" CONTENT="on" WC="1.00" CC="00"/>
						<SP ID="P53_SP00048" HPOS="400" VPOS="580" WIDTH="19"/>
						<String ID="P53_ST00058" HPOS="419" VPOS="547" WIDTH="47" HEIGHT="25" CONTENT="the" WC="1.00" CC="000"/>
						<SP ID="P53_SP00049" HPOS="466" VPOS="580" WIDTH="19"/>
						<String ID="P53_ST00059" HPOS="485" VPOS="548" WIDTH="97" HEIGHT="29" CONTENT="beach," WC="0.83" CC="303030"/>
						<SP ID="P53_SP00050" HPOS="582" VPOS="580" WIDTH="15"/>
						<String ID="P53_ST00060" HPOS="597" VPOS="549" WIDTH="49" HEIGHT="23" CONTENT="but" WC="0.80" CC="050"/>
						<SP ID="P53_SP00051" HPOS="646" VPOS="580" WIDTH="19"/>
						<String ID="P53_ST00061" HPOS="665" VPOS="557" WIDTH="71" HEIGHT="16" CONTENT="were" WC="0.93" CC="0020"/>
						<SP ID="P53_SP00052" HPOS="736" VPOS="580" WIDTH="17"/>
						<String ID="P53_ST00062" HPOS="753" VPOS="548" WIDTH="84" HEIGHT="25" CONTENT="found" WC="0.85" CC="02040"/>
						<SP ID="P53_SP00053" HPOS="837" VPOS="580" WIDTH="20"/>
						<String ID="P53_ST00063" HPOS="857" VPOS="553" WIDTH="28" HEIGHT="21" CONTENT="to" WC="1.00" CC="00"/>
						<SP ID="P53_SP00054" HPOS="885" VPOS="580" WIDTH="19"/>
						<String ID="P53_ST00064" HPOS="904" VPOS="549" WIDTH="34" HEIGHT="25" CONTENT="be" WC="0.83" CC="30"/>
						<SP ID="P53_SP00055" HPOS="938" VPOS="580" WIDTH="19"/>
						<String ID="P53_ST00065" HPOS="957" VPOS="558" WIDTH="29" HEIGHT="16" CONTENT="so" WC="0.84" CC="03"/>
					</TextLine>
					<TextLine ID="P53_TL00011" HPOS="128" VPOS="592" WIDTH="859" HEIGHT="35">
						<String ID="P53_ST00066" HPOS="128" VPOS="592" WIDTH="91" HEIGHT="33" CONTENT="firmly" WC="0.83" CC="003600"/>
						<SP ID="P53_SP00056" HPOS="219" VPOS="625" WIDTH="25"/>
						<String ID="P53_ST00067" HPOS="244" VPOS="592" WIDTH="140" HEIGHT="33" CONTENT="impacted" WC="0.94" CC="40000000"/>
						<SP ID="P53_SP00057" HPOS="384" VPOS="625" WIDTH="20"/>
						<String ID="P53_ST00068" HPOS="404" VPOS="592" WIDTH="27" HEIGHT="25" CONTENT="in" WC="0.85" CC="20"/>
						<SP ID="P53_SP00058" HPOS="431" VPOS="625" WIDTH="24"/>
						<String ID="P53_ST00069" HPOS="455" VPOS="593" WIDTH="48" HEIGHT="25" CONTENT="the" WC="0.97" CC="000"/>
						<SP ID="P53_SP00059" HPOS="503" VPOS="625" WIDTH="24"/>
						<String ID="P53_ST00070" HPOS="527" VPOS="593" WIDTH="76" HEIGHT="29" CONTENT="rock," WC="0.92" CC="04000"/>
						<SP ID="P53_SP00060" HPOS="603" VPOS="625" WIDTH="23"/>
						<String ID="P53_ST00071" HPOS="626" VPOS="594" WIDTH="60" HEIGHT="24" CONTENT="that" WC="0.73" CC="0621"/>
						<SP ID="P53_SP00061" HPOS="686" VPOS="625" WIDTH="28"/>
						<String ID="P53_ST00072" HPOS="714" VPOS="594" WIDTH="122" HEIGHT="33" CONTENT="scarcely" WC="0.94" CC="00040000"/>
						<SP ID="P53_SP00062" HPOS="836" VPOS="627" WIDTH="25"/>
						<String ID="P53_ST00073" HPOS="861" VPOS="603" WIDTH="15" HEIGHT="16" CONTENT="a" WC="1.00" CC="0"/>
						<SP ID="P53_SP00063" HPOS="876" VPOS="627" WIDTH="25"/>
						<String ID="P53_ST00074" HPOS="901" VPOS="594" WIDTH="86" HEIGHT="33" CONTENT="single" WC="0.71" CC="063060"/>
					</TextLine>
					<TextLine ID="P53_TL00012" HPOS="129" VPOS="637" WIDTH="858" HEIGHT="34">
						<String ID="P53_ST00075" HPOS="129" VPOS="637" WIDTH="139" HEIGHT="32" CONTENT="specimen" WC="0.89" CC="00005002"/>
						<SP ID="P53_SP00064" HPOS="268" VPOS="669" WIDTH="22"/>
						<String ID="P53_ST00076" HPOS="290" VPOS="638" WIDTH="82" HEIGHT="24" CONTENT="could" WC="0.97" CC="00010"/>
						<SP ID="P53_SP00065" HPOS="372" VPOS="669" WIDTH="25"/>
						<String ID="P53_ST00077" HPOS="397" VPOS="638" WIDTH="34" HEIGHT="25" CONTENT="be" WC="1.00" CC="00"/>
						<SP ID="P53_SP00066" HPOS="431" VPOS="669" WIDTH="24"/>
						<String ID="P53_ST00078" HPOS="455" VPOS="638" WIDTH="152" HEIGHT="28" CONTENT="extracted," WC="0.93" CC="0000006000"/>
						<SP ID="P53_SP00067" HPOS="607" VPOS="669" WIDTH="24"/>
						<String ID="P53_ST00079" HPOS="631" VPOS="647" WIDTH="29" HEIGHT="16" CONTENT="or" WC="0.86" CC="20"/>
						<SP ID="P53_SP00068" HPOS="660" VPOS="669" WIDTH="26"/>
						<String ID="P53_ST00080" HPOS="686" VPOS="638" WIDTH="145" HEIGHT="33" CONTENT="separated" WC="0.96" CC="000020000"/>
						<SP ID="P53_SP00069" HPOS="831" VPOS="671" WIDTH="22"/>
						<String ID="P53_ST00081" HPOS="853" VPOS="638" WIDTH="68" HEIGHT="25" CONTENT="from" WC="0.86" CC="1400"/>
						<SP ID="P53_SP00070" HPOS="921" VPOS="671" WIDTH="20"/>
						<String ID="P53_ST00082" HPOS="941" VPOS="639" WIDTH="46" HEIGHT="25" CONTENT="the" WC="0.67" CC="900"/>
					</TextLine>
					<TextLine ID="P53_TL00013" HPOS="129" VPOS="682" WIDTH="856" HEIGHT="34">
						<String ID="P53_ST00083" HPOS="129" VPOS="682" WIDTH="184" HEIGHT="33" CONTENT="surrounding" WC="0.73" CC="05450550400"/>
						<SP ID="P53_SP00071" HPOS="313" VPOS="715" WIDTH="18"/>
						<String ID="P53_ST00084" HPOS="331" VPOS="682" WIDTH="110" HEIGHT="25" CONTENT="matrix." WC="0.75" CC="0053440"/>
						<SP ID="P53_SP00072" HPOS="441" VPOS="715" WIDTH="37"/>
						<String ID="P53_ST00085" HPOS="478" VPOS="682" WIDTH="91" HEIGHT="25" CONTENT="These" WC="0.97" CC="01000"/>
						<SP ID="P53_SP00073" HPOS="569" VPOS="715" WIDTH="18"/>
						<String ID="P53_ST00086" HPOS="587" VPOS="682" WIDTH="91" HEIGHT="26" CONTENT="fossils" WC="1.00" CC="0000000"/>
						<SP ID="P53_SP00074" HPOS="678" VPOS="715" WIDTH="14"/>
						<String ID="P53_ST00087" HPOS="692" VPOS="692" WIDTH="45" HEIGHT="16" CONTENT="are" WC="0.97" CC="000"/>
						<SP ID="P53_SP00075" HPOS="737" VPOS="715" WIDTH="19"/>
						<String ID="P53_ST00088" HPOS="756" VPOS="683" WIDTH="82" HEIGHT="25" CONTENT="much" WC="0.79" CC="0205"/>
						<SP ID="P53_SP00076" HPOS="838" VPOS="715" WIDTH="20"/>
						<String ID="P53_ST00089" HPOS="858" VPOS="684" WIDTH="87" HEIGHT="32" CONTENT="larger" WC="0.96" CC="000002"/>
						<SP ID="P53_SP00077" HPOS="945" VPOS="716" WIDTH="13"/>
						<String ID="P53_ST00090" HPOS="958" VPOS="683" WIDTH="27" HEIGHT="26" CONTENT="in" WC="0.72" CC="50"/>
					</TextLine>
					<TextLine ID="P53_TL00014" HPOS="128" VPOS="727" WIDTH="575" HEIGHT="31">
						<String ID="P53_ST00091" HPOS="128" VPOS="727" WIDTH="48" HEIGHT="25" CONTENT="the" WC="0.98" CC="000"/>
						<SP ID="P53_SP00078" HPOS="176" VPOS="752" WIDTH="19"/>
						<String ID="P53_ST00092" HPOS="195" VPOS="727" WIDTH="97" HEIGHT="31" CONTENT="Upper" WC="1.00" CC="00000"/>
						<SP ID="P53_SP00079" HPOS="292" VPOS="758" WIDTH="19"/>
						<String ID="P53_ST00093" HPOS="311" VPOS="727" WIDTH="67" HEIGHT="25" CONTENT="than" WC="0.87" CC="0005"/>
						<SP ID="P53_SP00080" HPOS="378" VPOS="758" WIDTH="19"/>
						<String ID="P53_ST00094" HPOS="397" VPOS="727" WIDTH="27" HEIGHT="24" CONTENT="in" WC="0.78" CC="40"/>
						<SP ID="P53_SP00081" HPOS="424" VPOS="758" WIDTH="20"/>
						<String ID="P53_ST00095" HPOS="444" VPOS="730" WIDTH="47" HEIGHT="22" CONTENT="the" WC="0.77" CC="060"/>
						<SP ID="P53_SP00082" HPOS="491" VPOS="758" WIDTH="19"/>
						<String ID="P53_ST00096" HPOS="510" VPOS="727" WIDTH="98" HEIGHT="26" CONTENT="Lower" WC="1.00" CC="00000"/>
						<SP ID="P53_SP00083" HPOS="608" VPOS="758" WIDTH="19"/>
						<String ID="P53_ST00097" HPOS="627" VPOS="736" WIDTH="76" HEIGHT="16" CONTENT="zone." WC="1.00" CC="00000"/>
					</TextLine>
				</TextBlock>
				<TextBlock ID="P53_TB00005" HPOS="122" VPOS="772" WIDTH="862" HEIGHT="392" STYLEREFS="TXT_0 PAR_LEFT">
					<TextLine ID="P53_TL00015" HPOS="176" VPOS="772" WIDTH="808" HEIGHT="30">
						<String ID="P53_ST00098" HPOS="176" VPOS="773" WIDTH="32" HEIGHT="24" CONTENT="In" WC="1.00" CC="00"/>
						<SP ID="P53_SP00084" HPOS="208" VPOS="797" WIDTH="25"/>
						<String ID="P53_ST00099" HPOS="233" VPOS="776" WIDTH="122" HEIGHT="21" CONTENT="contrast" WC="0.96" CC="00003000"/>
						<SP ID="P53_SP00085" HPOS="355" VPOS="797" WIDTH="22"/>
						<String ID="P53_ST00100" HPOS="377" VPOS="776" WIDTH="30" HEIGHT="21" CONTENT="to" WC="1.00" CC="00"/>
						<SP ID="P53_SP00086" HPOS="407" VPOS="797" WIDTH="19"/>
						<String ID="P53_ST00101" HPOS="426" VPOS="772" WIDTH="87" HEIGHT="30" CONTENT="these," WC="0.90" CC="050001"/>
						<SP ID="P53_SP00087" HPOS="513" VPOS="802" WIDTH="23"/>
						<String ID="P53_ST00102" HPOS="536" VPOS="772" WIDTH="46" HEIGHT="25" CONTENT="the" WC="0.79" CC="060"/>
						<SP ID="P53_SP00088" HPOS="582" VPOS="802" WIDTH="26"/>
						<String ID="P53_ST00103" HPOS="608" VPOS="773" WIDTH="99" HEIGHT="25" CONTENT="Lower" WC="1.00" CC="00000"/>
						<SP ID="P53_SP00089" HPOS="707" VPOS="802" WIDTH="24"/>
						<String ID="P53_ST00104" HPOS="731" VPOS="781" WIDTH="68" HEIGHT="17" CONTENT="zone" WC="0.90" CC="0030"/>
						<SP ID="P53_SP00090" HPOS="799" VPOS="802" WIDTH="21"/>
						<String ID="P53_ST00105" HPOS="820" VPOS="772" WIDTH="30" HEIGHT="26" CONTENT="of" WC="1.00" CC="00"/>
						<SP ID="P53_SP00091" HPOS="850" VPOS="802" WIDTH="21"/>
						<String ID="P53_ST00106" HPOS="871" VPOS="773" WIDTH="113" HEIGHT="25" CONTENT="nodules" WC="0.92" CC="0005000"/>
					</TextLine>
					<TextLine ID="P53_TL00016" HPOS="129" VPOS="816" WIDTH="855" HEIGHT="34">
						<String ID="P53_ST00107" HPOS="129" VPOS="816" WIDTH="23" HEIGHT="26" CONTENT="is" WC="0.70" CC="60"/>
						<SP ID="P53_SP00092" HPOS="152" VPOS="842" WIDTH="21"/>
						<String ID="P53_ST00108" HPOS="173" VPOS="816" WIDTH="95" HEIGHT="34" CONTENT="highly" WC="0.80" CC="140500"/>
						<SP ID="P53_SP00093" HPOS="268" VPOS="850" WIDTH="21"/>
						<String ID="P53_ST00109" HPOS="289" VPOS="816" WIDTH="169" HEIGHT="33" CONTENT="interesting," WC="0.94" CC="000000005100"/>
						<SP ID="P53_SP00094" HPOS="458" VPOS="850" WIDTH="21"/>
						<String ID="P53_ST00110" HPOS="479" VPOS="825" WIDTH="35" HEIGHT="16" CONTENT="on" WC="1.00" CC="00"/>
						<SP ID="P53_SP00095" HPOS="514" VPOS="850" WIDTH="22"/>
						<String ID="P53_ST00111" HPOS="536" VPOS="820" WIDTH="117" HEIGHT="22" CONTENT="account" WC="0.81" CC="0000650"/>
						<SP ID="P53_SP00096" HPOS="653" VPOS="850" WIDTH="23"/>
						<String ID="P53_ST00112" HPOS="676" VPOS="816" WIDTH="31" HEIGHT="26" CONTENT="of" WC="1.00" CC="00"/>
						<SP ID="P53_SP00097" HPOS="707" VPOS="850" WIDTH="20"/>
						<String ID="P53_ST00113" HPOS="727" VPOS="817" WIDTH="47" HEIGHT="25" CONTENT="the" WC="1.00" CC="000"/>
						<SP ID="P53_SP00098" HPOS="774" VPOS="850" WIDTH="18"/>
						<String ID="P53_ST00114" HPOS="792" VPOS="818" WIDTH="115" HEIGHT="24" CONTENT="number" WC="0.88" CC="030003"/>
						<SP ID="P53_SP00099" HPOS="907" VPOS="850" WIDTH="24"/>
						<String ID="P53_ST00115" HPOS="931" VPOS="818" WIDTH="53" HEIGHT="24" CONTENT="and" WC="0.92" CC="010"/>
					</TextLine>
					<TextLine ID="P53_TL00017" HPOS="129" VPOS="861" WIDTH="855" HEIGHT="34">
						<String ID="P53_ST00116" HPOS="129" VPOS="862" WIDTH="106" HEIGHT="33" CONTENT="variety" WC="0.96" CC="0002000"/>
						<SP ID="P53_SP00100" HPOS="235" VPOS="895" WIDTH="18"/>
						<String ID="P53_ST00117" HPOS="253" VPOS="861" WIDTH="30" HEIGHT="25" CONTENT="of" WC="1.00" CC="00"/>
						<SP ID="P53_SP00101" HPOS="283" VPOS="895" WIDTH="21"/>
						<String ID="P53_ST00118" HPOS="304" VPOS="862" WIDTH="47" HEIGHT="24" CONTENT="the" WC="0.83" CC="040"/>
						<SP ID="P53_SP00102" HPOS="351" VPOS="895" WIDTH="20"/>
						<String ID="P53_ST00119" HPOS="371" VPOS="861" WIDTH="89" HEIGHT="25" CONTENT="fossils" WC="0.85" CC="5000400"/>
						<SP ID="P53_SP00103" HPOS="460" VPOS="895" WIDTH="22"/>
						<String ID="P53_ST00120" HPOS="482" VPOS="861" WIDTH="22" HEIGHT="25" CONTENT="it" WC="1.00" CC="00"/>
						<SP ID="P53_SP00104" HPOS="504" VPOS="895" WIDTH="18"/>
						<String ID="P53_ST00121" HPOS="522" VPOS="862" WIDTH="136" HEIGHT="24" CONTENT="contains." WC="0.97" CC="000002000"/>
						<SP ID="P53_SP00105" HPOS="658" VPOS="895" WIDTH="39"/>
						<String ID="P53_ST00122" HPOS="697" VPOS="863" WIDTH="24" HEIGHT="23" CONTENT="It" WC="1.00" CC="00"/>
						<SP ID="P53_SP00106" HPOS="721" VPOS="895" WIDTH="21"/>
						<String ID="P53_ST00123" HPOS="742" VPOS="862" WIDTH="91" HEIGHT="24" CONTENT="differs" WC="0.83" CC="0001054"/>
						<SP ID="P53_SP00107" HPOS="833" VPOS="895" WIDTH="19"/>
						<String ID="P53_ST00124" HPOS="852" VPOS="862" WIDTH="68" HEIGHT="24" CONTENT="from" WC="0.75" CC="4500"/>
						<SP ID="P53_SP00108" HPOS="920" VPOS="895" WIDTH="18"/>
						<String ID="P53_ST00125" HPOS="938" VPOS="863" WIDTH="46" HEIGHT="24" CONTENT="the" WC="0.83" CC="040"/>
					</TextLine>
					<TextLine ID="P53_TL00018" HPOS="128" VPOS="907" WIDTH="856" HEIGHT="34">
						<String ID="P53_ST00126" HPOS="128" VPOS="916" WIDTH="87" HEIGHT="24" CONTENT="upper" WC="0.94" CC="20000"/>
						<SP ID="P53_SP00109" HPOS="215" VPOS="940" WIDTH="13"/>
						<String ID="P53_ST00127" HPOS="228" VPOS="907" WIDTH="51" HEIGHT="25" CONTENT="tier" WC="0.91" CC="0300"/>
						<SP ID="P53_SP00110" HPOS="279" VPOS="940" WIDTH="14"/>
						<String ID="P53_ST00128" HPOS="293" VPOS="907" WIDTH="29" HEIGHT="24" CONTENT="of" WC="0.89" CC="20"/>
						<SP ID="P53_SP00111" HPOS="322" VPOS="940" WIDTH="18"/>
						<String ID="P53_ST00129" HPOS="340" VPOS="907" WIDTH="137" HEIGHT="29" CONTENT="boulders," WC="0.92" CC="004200000"/>
						<SP ID="P53_SP00112" HPOS="477" VPOS="940" WIDTH="16"/>
						<String ID="P53_ST00130" HPOS="493" VPOS="907" WIDTH="89" HEIGHT="25" CONTENT="which" WC="0.88" CC="02002"/>
						<SP ID="P53_SP00113" HPOS="582" VPOS="940" WIDTH="15"/>
						<String ID="P53_ST00131" HPOS="597" VPOS="907" WIDTH="23" HEIGHT="24" CONTENT="is" WC="1.00" CC="00"/>
						<SP ID="P53_SP00114" HPOS="620" VPOS="940" WIDTH="17"/>
						<String ID="P53_ST00132" HPOS="637" VPOS="907" WIDTH="86" HEIGHT="33" CONTENT="easily" WC="0.80" CC="000560"/>
						<SP ID="P53_SP00115" HPOS="723" VPOS="940" WIDTH="13"/>
						<String ID="P53_ST00133" HPOS="736" VPOS="907" WIDTH="200" HEIGHT="33" CONTENT="distinguished" WC="0.84" CC="0500510020500"/>
						<SP ID="P53_SP00116" HPOS="936" VPOS="940" WIDTH="13"/>
						<String ID="P53_ST00134" HPOS="949" VPOS="908" WIDTH="35" HEIGHT="33" CONTENT="by" WC="1.00" CC="00"/>
					</TextLine>
					<TextLine ID="P53_TL00019" HPOS="128" VPOS="952" WIDTH="856" HEIGHT="25">
						<String ID="P53_ST00135" HPOS="128" VPOS="952" WIDTH="35" HEIGHT="25" CONTENT="its" WC="0.82" CC="500"/>
						<SP ID="P53_SP00117" HPOS="163" VPOS="977" WIDTH="10"/>
						<String ID="P53_ST00136" HPOS="173" VPOS="956" WIDTH="121" HEIGHT="21" CONTENT="extreme" WC="1.00" CC="0000000"/>
						<SP ID="P53_SP00118" HPOS="294" VPOS="977" WIDTH="8"/>
						<String ID="P53_ST00137" HPOS="302" VPOS="952" WIDTH="135" HEIGHT="24" CONTENT="hardness" WC="0.92" CC="00204000"/>
						<SP ID="P53_SP00119" HPOS="437" VPOS="977" WIDTH="8"/>
						<String ID="P53_ST00138" HPOS="445" VPOS="952" WIDTH="54" HEIGHT="24" CONTENT="and" WC="1.00" CC="000"/>
						<SP ID="P53_SP00120" HPOS="499" VPOS="977" WIDTH="10"/>
						<String ID="P53_ST00139" HPOS="509" VPOS="952" WIDTH="106" HEIGHT="24" CONTENT="blueish" WC="0.83" CC="0030501"/>
						<SP ID="P53_SP00121" HPOS="615" VPOS="977" WIDTH="11"/>
						<String ID="P53_ST00140" HPOS="626" VPOS="952" WIDTH="94" HEIGHT="24" CONTENT="colour" WC="0.95" CC="000002"/>
						<SP ID="P53_SP00122" HPOS="720" VPOS="977" WIDTH="11"/>
						<String ID="P53_ST00141" HPOS="731" VPOS="961" WIDTH="4" HEIGHT="15" CONTENT=":" WC="1.00" CC="0"/>
						<SP ID="P53_SP00123" HPOS="735" VPOS="977" WIDTH="15"/>
						<String ID="P53_ST00142" HPOS="750" VPOS="952" WIDTH="90" HEIGHT="24" CONTENT="whilst" WC="0.78" CC="034600"/>
						<SP ID="P53_SP00124" HPOS="840" VPOS="977" WIDTH="9"/>
						<String ID="P53_ST00143" HPOS="849" VPOS="952" WIDTH="46" HEIGHT="25" CONTENT="the" WC="1.00" CC="000"/>
						<SP ID="P53_SP00125" HPOS="895" VPOS="977" WIDTH="8"/>
						<String ID="P53_ST00144" HPOS="903" VPOS="952" WIDTH="81" HEIGHT="25" CONTENT="lower" WC="0.88" CC="23000"/>
					</TextLine>
					<TextLine ID="P53_TL00020" HPOS="125" VPOS="997" WIDTH="858" HEIGHT="33">
						<String ID="P53_ST00145" HPOS="125" VPOS="997" WIDTH="24" HEIGHT="26" CONTENT="is" WC="0.56" CC="62"/>
						<SP ID="P53_SP00126" HPOS="149" VPOS="1023" WIDTH="20"/>
						<String ID="P53_ST00146" HPOS="169" VPOS="1006" WIDTH="76" HEIGHT="16" CONTENT="more" WC="0.91" CC="0110"/>
						<SP ID="P53_SP00127" HPOS="245" VPOS="1023" WIDTH="22"/>
						<String ID="P53_ST00147" HPOS="267" VPOS="997" WIDTH="85" HEIGHT="33" CONTENT="easily" WC="1.00" CC="000000"/>
						<SP ID="P53_SP00128" HPOS="352" VPOS="1030" WIDTH="20"/>
						<String ID="P53_ST00148" HPOS="372" VPOS="997" WIDTH="111" HEIGHT="28" CONTENT="broken," WC="0.93" CC="0400000"/>
						<SP ID="P53_SP00129" HPOS="483" VPOS="1030" WIDTH="24"/>
						<String ID="P53_ST00149" HPOS="507" VPOS="997" WIDTH="54" HEIGHT="24" CONTENT="and" WC="1.00" CC="000"/>
						<SP ID="P53_SP00130" HPOS="561" VPOS="1030" WIDTH="25"/>
						<String ID="P53_ST00150" HPOS="586" VPOS="997" WIDTH="112" HEIGHT="33" CONTENT="slightly" WC="0.82" CC="00605010"/>
						<SP ID="P53_SP00131" HPOS="698" VPOS="1030" WIDTH="21"/>
						<String ID="P53_ST00151" HPOS="719" VPOS="997" WIDTH="178" HEIGHT="33" CONTENT="ferruginous," WC="0.94" CC="002000300000"/>
						<SP ID="P53_SP00132" HPOS="897" VPOS="1030" WIDTH="23"/>
						<String ID="P53_ST00152" HPOS="920" VPOS="997" WIDTH="63" HEIGHT="30" CONTENT="and," WC="0.92" CC="0300"/>
					</TextLine>
					<TextLine ID="P53_TL00021" HPOS="124" VPOS="1041" WIDTH="860" HEIGHT="27">
						<String ID="P53_ST00153" HPOS="124" VPOS="1043" WIDTH="128" HEIGHT="25" CONTENT="however" WC="0.90" CC="3300000"/>
						<SP ID="P53_SP00133" HPOS="252" VPOS="1068" WIDTH="13"/>
						<String ID="P53_ST00154" HPOS="265" VPOS="1042" WIDTH="69" HEIGHT="25" CONTENT="hard" WC="0.87" CC="5000"/>
						<SP ID="P53_SP00134" HPOS="334" VPOS="1068" WIDTH="14"/>
						<String ID="P53_ST00155" HPOS="348" VPOS="1042" WIDTH="46" HEIGHT="25" CONTENT="the" WC="0.89" CC="300"/>
						<SP ID="P53_SP00135" HPOS="394" VPOS="1068" WIDTH="13"/>
						<String ID="P53_ST00156" HPOS="407" VPOS="1042" WIDTH="115" HEIGHT="25" CONTENT="nodules" WC="0.84" CC="5004000"/>
						<SP ID="P53_SP00136" HPOS="522" VPOS="1068" WIDTH="16"/>
						<String ID="P53_ST00157" HPOS="538" VPOS="1051" WIDTH="46" HEIGHT="15" CONTENT="are" WC="0.94" CC="010"/>
						<SP ID="P53_SP00137" HPOS="584" VPOS="1068" WIDTH="14"/>
						<String ID="P53_ST00158" HPOS="598" VPOS="1042" WIDTH="78" HEIGHT="25" CONTENT="when" WC="0.87" CC="0500"/>
						<SP ID="P53_SP00138" HPOS="676" VPOS="1068" WIDTH="13"/>
						<String ID="P53_ST00159" HPOS="689" VPOS="1042" WIDTH="58" HEIGHT="24" CONTENT="first" WC="0.99" CC="00000"/>
						<SP ID="P53_SP00139" HPOS="747" VPOS="1068" WIDTH="15"/>
						<String ID="P53_ST00160" HPOS="762" VPOS="1041" WIDTH="79" HEIGHT="25" CONTENT="fallen" WC="0.85" CC="002203"/>
						<SP ID="P53_SP00140" HPOS="841" VPOS="1068" WIDTH="14"/>
						<String ID="P53_ST00161" HPOS="855" VPOS="1041" WIDTH="69" HEIGHT="26" CONTENT="from" WC="0.94" CC="0100"/>
						<SP ID="P53_SP00141" HPOS="924" VPOS="1068" WIDTH="13"/>
						<String ID="P53_ST00162" HPOS="937" VPOS="1042" WIDTH="47" HEIGHT="25" CONTENT="the" WC="0.91" CC="020"/>
					</TextLine>
					<TextLine ID="P53_TL00022" HPOS="123" VPOS="1086" WIDTH="859" HEIGHT="34">
						<String ID="P53_ST00163" HPOS="123" VPOS="1087" WIDTH="64" HEIGHT="30" CONTENT="cliff," WC="0.91" CC="005000"/>
						<SP ID="P53_SP00142" HPOS="187" VPOS="1117" WIDTH="14"/>
						<String ID="P53_ST00164" HPOS="201" VPOS="1088" WIDTH="66" HEIGHT="32" CONTENT="they" WC="0.75" CC="3500"/>
						<SP ID="P53_SP00143" HPOS="267" VPOS="1120" WIDTH="13"/>
						<String ID="P53_ST00165" HPOS="280" VPOS="1090" WIDTH="101" HEIGHT="22" CONTENT="cannot" WC="1.00" CC="000000"/>
						<SP ID="P53_SP00144" HPOS="381" VPOS="1120" WIDTH="13"/>
						<String ID="P53_ST00166" HPOS="394" VPOS="1087" WIDTH="81" HEIGHT="25" CONTENT="resist" WC="0.98" CC="000000"/>
						<SP ID="P53_SP00145" HPOS="475" VPOS="1120" WIDTH="16"/>
						<String ID="P53_ST00167" HPOS="491" VPOS="1087" WIDTH="46" HEIGHT="25" CONTENT="the" WC="1.00" CC="000"/>
						<SP ID="P53_SP00146" HPOS="537" VPOS="1120" WIDTH="17"/>
						<String ID="P53_ST00168" HPOS="554" VPOS="1086" WIDTH="82" HEIGHT="26" CONTENT="frosts" WC="0.93" CC="400000"/>
						<SP ID="P53_SP00147" HPOS="636" VPOS="1120" WIDTH="17"/>
						<String ID="P53_ST00169" HPOS="653" VPOS="1087" WIDTH="29" HEIGHT="25" CONTENT="of" WC="0.72" CC="04"/>
						<SP ID="P53_SP00148" HPOS="682" VPOS="1120" WIDTH="15"/>
						<String ID="P53_ST00170" HPOS="697" VPOS="1087" WIDTH="103" HEIGHT="29" CONTENT="winter," WC="0.97" CC="0100000"/>
						<SP ID="P53_SP00149" HPOS="800" VPOS="1120" WIDTH="14"/>
						<String ID="P53_ST00171" HPOS="814" VPOS="1087" WIDTH="90" HEIGHT="26" CONTENT="which" WC="0.81" CC="00306"/>
						<SP ID="P53_SP00150" HPOS="904" VPOS="1120" WIDTH="14"/>
						<String ID="P53_ST00172" HPOS="918" VPOS="1087" WIDTH="64" HEIGHT="33" CONTENT="split" WC="0.81" CC="00530"/>
					</TextLine>
					<TextLine ID="P53_TL00023" HPOS="123" VPOS="1131" WIDTH="765" HEIGHT="33">
						<String ID="P53_ST00173" HPOS="123" VPOS="1133" WIDTH="76" HEIGHT="25" CONTENT="them" WC="0.78" CC="3500"/>
						<SP ID="P53_SP00151" HPOS="199" VPOS="1158" WIDTH="19"/>
						<String ID="P53_ST00174" HPOS="218" VPOS="1141" WIDTH="81" HEIGHT="23" CONTENT="open," WC="0.87" CC="00060"/>
						<SP ID="P53_SP00152" HPOS="299" VPOS="1164" WIDTH="19"/>
						<String ID="P53_ST00175" HPOS="318" VPOS="1133" WIDTH="65" HEIGHT="24" CONTENT="thus" WC="0.62" CC="4640"/>
						<SP ID="P53_SP00153" HPOS="383" VPOS="1164" WIDTH="20"/>
						<String ID="P53_ST00176" HPOS="403" VPOS="1131" WIDTH="150" HEIGHT="33" CONTENT="disclosing" WC="0.89" CC="0500000500"/>
						<SP ID="P53_SP00154" HPOS="553" VPOS="1164" WIDTH="16"/>
						<String ID="P53_ST00177" HPOS="569" VPOS="1131" WIDTH="71" HEIGHT="26" CONTENT="their" WC="0.66" CC="06045"/>
						<SP ID="P53_SP00155" HPOS="640" VPOS="1164" WIDTH="19"/>
						<String ID="P53_ST00178" HPOS="659" VPOS="1131" WIDTH="75" HEIGHT="26" CONTENT="fossil" WC="0.81" CC="220033"/>
						<SP ID="P53_SP00156" HPOS="734" VPOS="1164" WIDTH="19"/>
						<String ID="P53_ST00179" HPOS="753" VPOS="1135" WIDTH="135" HEIGHT="22" CONTENT="contents." WC="0.91" CC="003004000"/>
					</TextLine>
				</TextBlock>
				<TextBlock ID="P53_TB00006" HPOS="116" VPOS="1176" WIDTH="869" HEIGHT="486" STYLEREFS="TXT_0 PAR_LEFT">
					<TextLine ID="P53_TL00024" HPOS="170" VPOS="1177" WIDTH="815" HEIGHT="34">
						<String ID="P53_ST00180" HPOS="170" VPOS="1179" WIDTH="60" HEIGHT="24" CONTENT="The" WC="0.94" CC="010"/>
						<SP ID="P53_SP00157" HPOS="230" VPOS="1203" WIDTH="13"/>
						<String ID="P53_ST00181" HPOS="243" VPOS="1186" WIDTH="100" HEIGHT="17" CONTENT="reason" WC="0.94" CC="300000"/>
						<SP ID="P53_SP00158" HPOS="343" VPOS="1203" WIDTH="12"/>
						<String ID="P53_ST00182" HPOS="355" VPOS="1178" WIDTH="67" HEIGHT="33" CONTENT="they" WC="0.88" CC="0400"/>
						<SP ID="P53_SP00159" HPOS="422" VPOS="1211" WIDTH="12"/>
						<String ID="P53_ST00183" HPOS="434" VPOS="1186" WIDTH="70" HEIGHT="17" CONTENT="were" WC="1.00" CC="0000"/>
						<SP ID="P53_SP00160" HPOS="504" VPOS="1211" WIDTH="20"/>
						<String ID="P53_ST00184" HPOS="524" VPOS="1177" WIDTH="88" HEIGHT="25" CONTENT="called" WC="0.99" CC="000000"/>
						<SP ID="P53_SP00161" HPOS="612" VPOS="1211" WIDTH="19"/>
						<String ID="P53_ST00185" HPOS="631" VPOS="1177" WIDTH="59" HEIGHT="24" CONTENT="The" WC="0.96" CC="010"/>
						<SP ID="P53_SP00162" HPOS="690" VPOS="1211" WIDTH="14"/>
						<String ID="P53_ST00186" HPOS="704" VPOS="1177" WIDTH="136" HEIGHT="25" CONTENT="Crackers" WC="1.00" CC="00000000"/>
						<String ID="P53_ST00187" HPOS="841" VPOS="1193" WIDTH="33" HEIGHT="2" CONTENT="—" WC="0.20" CC="8"/>
						<String ID="P53_ST00188" HPOS="876" VPOS="1186" WIDTH="15" HEIGHT="16" CONTENT="a" WC="1.00" CC="0"/>
						<SP ID="P53_SP00163" HPOS="891" VPOS="1211" WIDTH="13"/>
						<String ID="P53_ST00189" HPOS="904" VPOS="1186" WIDTH="81" HEIGHT="16" CONTENT="name" WC="0.97" CC="1000"/>
					</TextLine>
					<TextLine ID="P53_TL00025" HPOS="122" VPOS="1222" WIDTH="863" HEIGHT="34">
						<String ID="P53_ST00190" HPOS="122" VPOS="1223" WIDTH="82" HEIGHT="33" CONTENT="given" WC="0.89" CC="04001"/>
						<SP ID="P53_SP00164" HPOS="204" VPOS="1256" WIDTH="24"/>
						<String ID="P53_ST00191" HPOS="228" VPOS="1223" WIDTH="77" HEIGHT="26" CONTENT="them" WC="0.91" CC="0300"/>
						<SP ID="P53_SP00165" HPOS="305" VPOS="1256" WIDTH="23"/>
						<String ID="P53_ST00192" HPOS="328" VPOS="1223" WIDTH="36" HEIGHT="33" CONTENT="by" WC="1.00" CC="00"/>
						<SP ID="P53_SP00166" HPOS="364" VPOS="1256" WIDTH="20"/>
						<String ID="P53_ST00193" HPOS="384" VPOS="1223" WIDTH="46" HEIGHT="25" CONTENT="the" WC="0.63" CC="460"/>
						<SP ID="P53_SP00167" HPOS="430" VPOS="1256" WIDTH="20"/>
						<String ID="P53_ST00194" HPOS="450" VPOS="1223" WIDTH="148" HEIGHT="24" CONTENT="fishermen" WC="0.83" CC="000400702"/>
						<String ID="P53_ST00195" HPOS="599" VPOS="1238" WIDTH="32" HEIGHT="2" CONTENT="—" WC="0.20" CC="8"/>
						<String ID="P53_ST00196" HPOS="633" VPOS="1222" WIDTH="32" HEIGHT="29" CONTENT="is," WC="0.89" CC="101"/>
						<SP ID="P53_SP00168" HPOS="665" VPOS="1256" WIDTH="14"/>
						<String ID="P53_ST00197" HPOS="679" VPOS="1223" WIDTH="61" HEIGHT="24" CONTENT="that" WC="0.83" CC="0600"/>
						<SP ID="P53_SP00169" HPOS="740" VPOS="1256" WIDTH="23"/>
						<String ID="P53_ST00198" HPOS="763" VPOS="1223" WIDTH="67" HEIGHT="24" CONTENT="both" WC="0.91" CC="0003"/>
						<SP ID="P53_SP00170" HPOS="830" VPOS="1256" WIDTH="22"/>
						<String ID="P53_ST00199" HPOS="852" VPOS="1231" WIDTH="83" HEIGHT="17" CONTENT="zones" WC="0.89" CC="23000"/>
						<SP ID="P53_SP00171" HPOS="935" VPOS="1256" WIDTH="21"/>
						<String ID="P53_ST00200" HPOS="956" VPOS="1223" WIDTH="29" HEIGHT="25" CONTENT="of" WC="1.00" CC="00"/>
					</TextLine>
					<TextLine ID="P53_TL00026" HPOS="123" VPOS="1267" WIDTH="861" HEIGHT="33">
						<String ID="P53_ST00201" HPOS="123" VPOS="1269" WIDTH="129" HEIGHT="26" CONTENT="boulders" WC="0.87" CC="00320040"/>
						<SP ID="P53_SP00172" HPOS="252" VPOS="1295" WIDTH="15"/>
						<String ID="P53_ST00202" HPOS="267" VPOS="1278" WIDTH="31" HEIGHT="16" CONTENT="or" WC="1.00" CC="00"/>
						<SP ID="P53_SP00173" HPOS="298" VPOS="1295" WIDTH="13"/>
						<String ID="P53_ST00203" HPOS="311" VPOS="1267" WIDTH="159" HEIGHT="27" CONTENT="concretion" WC="0.90" CC="0400200003"/>
						<SP ID="P53_SP00174" HPOS="470" VPOS="1295" WIDTH="18"/>
						<String ID="P53_ST00204" HPOS="488" VPOS="1268" WIDTH="60" HEIGHT="25" CONTENT="first" WC="0.93" CC="11000"/>
						<SP ID="P53_SP00175" HPOS="548" VPOS="1295" WIDTH="18"/>
						<String ID="P53_ST00205" HPOS="566" VPOS="1267" WIDTH="81" HEIGHT="25" CONTENT="make" WC="0.86" CC="0050"/>
						<SP ID="P53_SP00176" HPOS="647" VPOS="1295" WIDTH="18"/>
						<String ID="P53_ST00206" HPOS="665" VPOS="1267" WIDTH="71" HEIGHT="25" CONTENT="their" WC="0.84" CC="04040"/>
						<SP ID="P53_SP00177" HPOS="736" VPOS="1295" WIDTH="21"/>
						<String ID="P53_ST00207" HPOS="757" VPOS="1277" WIDTH="172" HEIGHT="23" CONTENT="appearance" WC="1.00" CC="0000000000"/>
						<SP ID="P53_SP00178" HPOS="929" VPOS="1300" WIDTH="19"/>
						<String ID="P53_ST00208" HPOS="948" VPOS="1277" WIDTH="36" HEIGHT="16" CONTENT="on" WC="1.00" CC="00"/>
					</TextLine>
					<TextLine ID="P53_TL00027" HPOS="121" VPOS="1312" WIDTH="863" HEIGHT="32">
						<String ID="P53_ST00209" HPOS="121" VPOS="1314" WIDTH="47" HEIGHT="25" CONTENT="the" WC="1.00" CC="000"/>
						<SP ID="P53_SP00179" HPOS="168" VPOS="1339" WIDTH="20"/>
						<String ID="P53_ST00210" HPOS="188" VPOS="1314" WIDTH="90" HEIGHT="29" CONTENT="shore," WC="0.86" CC="044000"/>
						<SP ID="P53_SP00180" HPOS="278" VPOS="1343" WIDTH="23"/>
						<String ID="P53_ST00211" HPOS="301" VPOS="1313" WIDTH="55" HEIGHT="25" CONTENT="and" WC="1.00" CC="000"/>
						<SP ID="P53_SP00181" HPOS="356" VPOS="1343" WIDTH="26"/>
						<String ID="P53_ST00212" HPOS="382" VPOS="1322" WIDTH="54" HEIGHT="20" CONTENT="are," WC="1.00" CC="0000"/>
						<SP ID="P53_SP00182" HPOS="436" VPOS="1343" WIDTH="26"/>
						<String ID="P53_ST00213" HPOS="462" VPOS="1312" WIDTH="27" HEIGHT="25" CONTENT="in" WC="0.77" CC="40"/>
						<SP ID="P53_SP00183" HPOS="489" VPOS="1343" WIDTH="26"/>
						<String ID="P53_ST00214" HPOS="515" VPOS="1321" WIDTH="197" HEIGHT="23" CONTENT="consequence," WC="0.93" CC="004000003000"/>
						<SP ID="P53_SP00184" HPOS="712" VPOS="1344" WIDTH="27"/>
						<String ID="P53_ST00215" HPOS="739" VPOS="1312" WIDTH="119" HEIGHT="32" CONTENT="exposed" WC="1.00" CC="0000000"/>
						<SP ID="P53_SP00185" HPOS="858" VPOS="1344" WIDTH="25"/>
						<String ID="P53_ST00216" HPOS="883" VPOS="1317" WIDTH="29" HEIGHT="20" CONTENT="to" WC="0.83" CC="03"/>
						<SP ID="P53_SP00186" HPOS="912" VPOS="1344" WIDTH="24"/>
						<String ID="P53_ST00217" HPOS="936" VPOS="1312" WIDTH="48" HEIGHT="26" CONTENT="the" WC="0.86" CC="040"/>
					</TextLine>
					<TextLine ID="P53_TL00028" HPOS="121" VPOS="1357" WIDTH="861" HEIGHT="32">
						<String ID="P53_ST00218" HPOS="121" VPOS="1360" WIDTH="93" HEIGHT="25" CONTENT="action" WC="0.91" CC="000500"/>
						<SP ID="P53_SP00187" HPOS="214" VPOS="1385" WIDTH="22"/>
						<String ID="P53_ST00219" HPOS="236" VPOS="1359" WIDTH="30" HEIGHT="25" CONTENT="of" WC="0.92" CC="01"/>
						<SP ID="P53_SP00188" HPOS="266" VPOS="1385" WIDTH="19"/>
						<String ID="P53_ST00220" HPOS="285" VPOS="1359" WIDTH="48" HEIGHT="25" CONTENT="the" WC="0.77" CC="060"/>
						<SP ID="P53_SP00189" HPOS="333" VPOS="1385" WIDTH="25"/>
						<String ID="P53_ST00221" HPOS="358" VPOS="1367" WIDTH="100" HEIGHT="21" CONTENT="waves," WC="0.98" CC="000000"/>
						<SP ID="P53_SP00190" HPOS="458" VPOS="1388" WIDTH="23"/>
						<String ID="P53_ST00222" HPOS="481" VPOS="1357" WIDTH="90" HEIGHT="26" CONTENT="which" WC="0.79" CC="90100"/>
						<SP ID="P53_SP00191" HPOS="571" VPOS="1388" WIDTH="22"/>
						<String ID="P53_ST00223" HPOS="593" VPOS="1357" WIDTH="75" HEIGHT="26" CONTENT="often" WC="0.96" CC="10000"/>
						<SP ID="P53_SP00192" HPOS="668" VPOS="1388" WIDTH="19"/>
						<String ID="P53_ST00224" HPOS="687" VPOS="1367" WIDTH="89" HEIGHT="22" CONTENT="sweep" WC="0.85" CC="07000"/>
						<SP ID="P53_SP00193" HPOS="776" VPOS="1389" WIDTH="22"/>
						<String ID="P53_ST00225" HPOS="798" VPOS="1357" WIDTH="47" HEIGHT="26" CONTENT="the" WC="0.78" CC="060"/>
						<SP ID="P53_SP00194" HPOS="845" VPOS="1389" WIDTH="23"/>
						<String ID="P53_ST00226" HPOS="868" VPOS="1357" WIDTH="58" HEIGHT="26" CONTENT="cliff" WC="1.00" CC="00000"/>
						<SP ID="P53_SP00195" HPOS="926" VPOS="1389" WIDTH="16"/>
						<String ID="P53_ST00227" HPOS="942" VPOS="1358" WIDTH="40" HEIGHT="25" CONTENT="for" WC="0.74" CC="304"/>
					</TextLine>
					<TextLine ID="P53_TL00029" HPOS="120" VPOS="1402" WIDTH="860" HEIGHT="36">
						<String ID="P53_ST00228" HPOS="120" VPOS="1405" WIDTH="70" HEIGHT="33" CONTENT="days" WC="0.89" CC="0040"/>
						<SP ID="P53_SP00196" HPOS="190" VPOS="1438" WIDTH="27"/>
						<String ID="P53_ST00229" HPOS="217" VPOS="1405" WIDTH="137" HEIGHT="33" CONTENT="together," WC="0.89" CC="000003050"/>
						<SP ID="P53_SP00197" HPOS="354" VPOS="1438" WIDTH="26"/>
						<String ID="P53_ST00230" HPOS="380" VPOS="1403" WIDTH="54" HEIGHT="25" CONTENT="and" WC="1.00" CC="000"/>
						<SP ID="P53_SP00198" HPOS="434" VPOS="1438" WIDTH="26"/>
						<String ID="P53_ST00231" HPOS="460" VPOS="1406" WIDTH="133" HEIGHT="22" CONTENT="excavate" WC="1.00" CC="00000000"/>
						<SP ID="P53_SP00199" HPOS="593" VPOS="1438" WIDTH="19"/>
						<String ID="P53_ST00232" HPOS="612" VPOS="1411" WIDTH="16" HEIGHT="16" CONTENT="a" WC="1.00" CC="0"/>
						<SP ID="P53_SP00200" HPOS="628" VPOS="1438" WIDTH="25"/>
						<String ID="P53_ST00233" HPOS="653" VPOS="1411" WIDTH="100" HEIGHT="16" CONTENT="cavern" WC="0.95" CC="000020"/>
						<SP ID="P53_SP00201" HPOS="753" VPOS="1438" WIDTH="25"/>
						<String ID="P53_ST00234" HPOS="778" VPOS="1402" WIDTH="27" HEIGHT="25" CONTENT="in" WC="0.58" CC="43"/>
						<SP ID="P53_SP00202" HPOS="805" VPOS="1438" WIDTH="25"/>
						<String ID="P53_ST00235" HPOS="830" VPOS="1402" WIDTH="47" HEIGHT="25" CONTENT="the" WC="0.98" CC="000"/>
						<SP ID="P53_SP00203" HPOS="877" VPOS="1438" WIDTH="20"/>
						<String ID="P53_ST00236" HPOS="897" VPOS="1402" WIDTH="83" HEIGHT="25" CONTENT="sands" WC="1.00" CC="00000"/>
					</TextLine>
					<TextLine ID="P53_TL00030" HPOS="119" VPOS="1447" WIDTH="860" HEIGHT="36">
						<String ID="P53_ST00237" HPOS="119" VPOS="1450" WIDTH="55" HEIGHT="26" CONTENT="and" WC="0.66" CC="405"/>
						<SP ID="P53_SP00204" HPOS="174" VPOS="1476" WIDTH="20"/>
						<String ID="P53_ST00238" HPOS="194" VPOS="1450" WIDTH="76" HEIGHT="33" CONTENT="clays" WC="0.96" CC="00020"/>
						<SP ID="P53_SP00205" HPOS="270" VPOS="1483" WIDTH="19"/>
						<String ID="P53_ST00239" HPOS="289" VPOS="1449" WIDTH="129" HEIGHT="28" CONTENT="beneath," WC="0.96" CC="00000030"/>
						<SP ID="P53_SP00206" HPOS="418" VPOS="1483" WIDTH="20"/>
						<String ID="P53_ST00240" HPOS="438" VPOS="1457" WIDTH="31" HEIGHT="16" CONTENT="or" WC="0.73" CC="05"/>
						<SP ID="P53_SP00207" HPOS="469" VPOS="1483" WIDTH="19"/>
						<String ID="P53_ST00241" HPOS="488" VPOS="1449" WIDTH="124" HEIGHT="24" CONTENT="between" WC="0.88" CC="0008000"/>
						<SP ID="P53_SP00208" HPOS="612" VPOS="1483" WIDTH="19"/>
						<String ID="P53_ST00242" HPOS="631" VPOS="1448" WIDTH="47" HEIGHT="24" CONTENT="the" WC="0.89" CC="030"/>
						<SP ID="P53_SP00209" HPOS="678" VPOS="1483" WIDTH="19"/>
						<String ID="P53_ST00243" HPOS="697" VPOS="1448" WIDTH="89" HEIGHT="33" CONTENT="layers" WC="0.94" CC="000030"/>
						<SP ID="P53_SP00210" HPOS="786" VPOS="1483" WIDTH="22"/>
						<String ID="P53_ST00244" HPOS="808" VPOS="1447" WIDTH="30" HEIGHT="25" CONTENT="of" WC="0.74" CC="05"/>
						<SP ID="P53_SP00211" HPOS="838" VPOS="1483" WIDTH="19"/>
						<String ID="P53_ST00245" HPOS="857" VPOS="1448" WIDTH="122" HEIGHT="24" CONTENT="nodules." WC="0.92" CC="00060000"/>
					</TextLine>
					<TextLine ID="P53_TL00031" HPOS="119" VPOS="1492" WIDTH="863" HEIGHT="35">
						<String ID="P53_ST00246" HPOS="119" VPOS="1495" WIDTH="70" HEIGHT="26" CONTENT="This" WC="0.87" CC="0040"/>
						<SP ID="P53_SP00212" HPOS="189" VPOS="1521" WIDTH="18"/>
						<String ID="P53_ST00247" HPOS="207" VPOS="1495" WIDTH="24" HEIGHT="25" CONTENT="is" WC="0.74" CC="50"/>
						<SP ID="P53_SP00213" HPOS="231" VPOS="1521" WIDTH="19"/>
						<String ID="P53_ST00248" HPOS="250" VPOS="1494" WIDTH="74" HEIGHT="26" CONTENT="often" WC="1.00" CC="00000"/>
						<SP ID="P53_SP00214" HPOS="324" VPOS="1521" WIDTH="20"/>
						<String ID="P53_ST00249" HPOS="344" VPOS="1494" WIDTH="81" HEIGHT="25" CONTENT="aided" WC="0.91" CC="04000"/>
						<SP ID="P53_SP00215" HPOS="425" VPOS="1521" WIDTH="19"/>
						<String ID="P53_ST00250" HPOS="444" VPOS="1494" WIDTH="37" HEIGHT="33" CONTENT="by" WC="1.00" CC="00"/>
						<SP ID="P53_SP00216" HPOS="481" VPOS="1527" WIDTH="18"/>
						<String ID="P53_ST00251" HPOS="499" VPOS="1493" WIDTH="111" HEIGHT="24" CONTENT="fissures" WC="0.96" CC="00000300"/>
						<SP ID="P53_SP00217" HPOS="610" VPOS="1527" WIDTH="19"/>
						<String ID="P53_ST00252" HPOS="629" VPOS="1492" WIDTH="27" HEIGHT="24" CONTENT="in" WC="0.50" CC="54"/>
						<SP ID="P53_SP00218" HPOS="656" VPOS="1527" WIDTH="20"/>
						<String ID="P53_ST00253" HPOS="676" VPOS="1493" WIDTH="47" HEIGHT="24" CONTENT="the" WC="1.00" CC="000"/>
						<SP ID="P53_SP00219" HPOS="723" VPOS="1527" WIDTH="19"/>
						<String ID="P53_ST00254" HPOS="742" VPOS="1492" WIDTH="63" HEIGHT="29" CONTENT="cliff," WC="0.90" CC="006000"/>
						<SP ID="P53_SP00220" HPOS="805" VPOS="1527" WIDTH="21"/>
						<String ID="P53_ST00255" HPOS="826" VPOS="1493" WIDTH="101" HEIGHT="23" CONTENT="caused" WC="0.93" CC="004000"/>
						<SP ID="P53_SP00221" HPOS="927" VPOS="1527" WIDTH="19"/>
						<String ID="P53_ST00256" HPOS="946" VPOS="1493" WIDTH="36" HEIGHT="32" CONTENT="by" WC="1.00" CC="00"/>
					</TextLine>
					<TextLine ID="P53_TL00032" HPOS="118" VPOS="1538" WIDTH="862" HEIGHT="35">
						<String ID="P53_ST00257" HPOS="118" VPOS="1542" WIDTH="48" HEIGHT="24" CONTENT="the" WC="1.00" CC="000"/>
						<SP ID="P53_SP00222" HPOS="166" VPOS="1566" WIDTH="13"/>
						<String ID="P53_ST00258" HPOS="179" VPOS="1540" WIDTH="138" HEIGHT="33" CONTENT="upheaval" WC="0.85" CC="00000703"/>
						<SP ID="P53_SP00223" HPOS="317" VPOS="1573" WIDTH="15"/>
						<String ID="P53_ST00259" HPOS="332" VPOS="1539" WIDTH="29" HEIGHT="26" CONTENT="of" WC="1.00" CC="00"/>
						<SP ID="P53_SP00224" HPOS="361" VPOS="1573" WIDTH="14"/>
						<String ID="P53_ST00260" HPOS="375" VPOS="1539" WIDTH="47" HEIGHT="26" CONTENT="the" WC="1.00" CC="000"/>
						<SP ID="P53_SP00225" HPOS="422" VPOS="1573" WIDTH="14"/>
						<String ID="P53_ST00261" HPOS="436" VPOS="1542" WIDTH="96" HEIGHT="22" CONTENT="strata." WC="0.97" CC="0000020"/>
						<SP ID="P53_SP00226" HPOS="532" VPOS="1573" WIDTH="39"/>
						<String ID="P53_ST00262" HPOS="571" VPOS="1538" WIDTH="32" HEIGHT="24" CONTENT="In" WC="1.00" CC="00"/>
						<SP ID="P53_SP00227" HPOS="603" VPOS="1573" WIDTH="14"/>
						<String ID="P53_ST00263" HPOS="617" VPOS="1546" WIDTH="198" HEIGHT="24" CONTENT="consequence," WC="0.92" CC="000000504000"/>
						<SP ID="P53_SP00228" HPOS="815" VPOS="1573" WIDTH="15"/>
						<String ID="P53_ST00264" HPOS="830" VPOS="1538" WIDTH="46" HEIGHT="24" CONTENT="the" WC="0.85" CC="040"/>
						<SP ID="P53_SP00229" HPOS="876" VPOS="1573" WIDTH="14"/>
						<String ID="P53_ST00265" HPOS="890" VPOS="1546" WIDTH="90" HEIGHT="16" CONTENT="waves" WC="1.00" CC="00000"/>
					</TextLine>
					<TextLine ID="P53_TL00033" HPOS="118" VPOS="1582" WIDTH="864" HEIGHT="33">
						<String ID="P53_ST00266" HPOS="118" VPOS="1587" WIDTH="66" HEIGHT="25" CONTENT="rush" WC="0.91" CC="3000"/>
						<SP ID="P53_SP00230" HPOS="184" VPOS="1612" WIDTH="20"/>
						<String ID="P53_ST00267" HPOS="204" VPOS="1586" WIDTH="58" HEIGHT="24" CONTENT="into" WC="0.90" CC="4000"/>
						<SP ID="P53_SP00231" HPOS="262" VPOS="1612" WIDTH="14"/>
						<String ID="P53_ST00268" HPOS="276" VPOS="1585" WIDTH="78" HEIGHT="25" CONTENT="these" WC="0.99" CC="00000"/>
						<SP ID="P53_SP00232" HPOS="354" VPOS="1612" WIDTH="19"/>
						<String ID="P53_ST00269" HPOS="373" VPOS="1592" WIDTH="125" HEIGHT="20" CONTENT="caverns," WC="1.00" CC="00000000"/>
						<SP ID="P53_SP00233" HPOS="498" VPOS="1612" WIDTH="14"/>
						<String ID="P53_ST00270" HPOS="512" VPOS="1582" WIDTH="109" HEIGHT="33" CONTENT="driving" WC="0.85" CC="0060400"/>
						<SP ID="P53_SP00234" HPOS="621" VPOS="1615" WIDTH="16"/>
						<String ID="P53_ST00271" HPOS="637" VPOS="1582" WIDTH="92" HEIGHT="26" CONTENT="before" WC="1.00" CC="000000"/>
						<SP ID="P53_SP00235" HPOS="729" VPOS="1615" WIDTH="17"/>
						<String ID="P53_ST00272" HPOS="746" VPOS="1582" WIDTH="75" HEIGHT="25" CONTENT="them" WC="1.00" CC="0000"/>
						<SP ID="P53_SP00236" HPOS="821" VPOS="1615" WIDTH="18"/>
						<String ID="P53_ST00273" HPOS="839" VPOS="1591" WIDTH="16" HEIGHT="16" CONTENT="a" WC="0.82" CC="1"/>
						<SP ID="P53_SP00237" HPOS="855" VPOS="1615" WIDTH="17"/>
						<String ID="P53_ST00274" HPOS="872" VPOS="1582" WIDTH="110" HEIGHT="26" CONTENT="volume" WC="0.91" CC="000050"/>
					</TextLine>
					<TextLine ID="P53_TL00034" HPOS="118" VPOS="1627" WIDTH="681" HEIGHT="35">
						<String ID="P53_ST00275" HPOS="118" VPOS="1632" WIDTH="30" HEIGHT="26" CONTENT="of" WC="0.83" CC="03"/>
						<SP ID="P53_SP00238" HPOS="148" VPOS="1658" WIDTH="17"/>
						<String ID="P53_ST00276" HPOS="165" VPOS="1631" WIDTH="50" HEIGHT="29" CONTENT="air," WC="0.91" CC="0300"/>
						<SP ID="P53_SP00239" HPOS="215" VPOS="1660" WIDTH="23"/>
						<String ID="P53_ST00277" HPOS="238" VPOS="1630" WIDTH="91" HEIGHT="26" CONTENT="which" WC="0.75" CC="05600"/>
						<SP ID="P53_SP00240" HPOS="329" VPOS="1660" WIDTH="21"/>
						<String ID="P53_ST00278" HPOS="350" VPOS="1629" WIDTH="137" HEIGHT="33" CONTENT="produces" WC="0.87" CC="04005000"/>
						<SP ID="P53_SP00241" HPOS="487" VPOS="1662" WIDTH="20"/>
						<String ID="P53_ST00279" HPOS="507" VPOS="1637" WIDTH="16" HEIGHT="16" CONTENT="a" WC="1.00" CC="0"/>
						<SP ID="P53_SP00242" HPOS="523" VPOS="1662" WIDTH="19"/>
						<String ID="P53_ST00280" HPOS="542" VPOS="1628" WIDTH="64" HEIGHT="25" CONTENT="loud" WC="1.00" CC="0000"/>
						<SP ID="P53_SP00243" HPOS="606" VPOS="1662" WIDTH="20"/>
						<String ID="P53_ST00281" HPOS="626" VPOS="1627" WIDTH="173" HEIGHT="26" CONTENT="concussion." WC="0.82" CC="01400003900"/>
					</TextLine>
				</TextBlock>
				<TextBlock ID="P53_TB00007" HPOS="165" VPOS="1672" WIDTH="813" HEIGHT="29" STYLEREFS="TXT_0 PAR_CENTER">
					<TextLine ID="P53_TL00035" HPOS="166" VPOS="1672" WIDTH="812" HEIGHT="29">
						<String ID="P53_ST00282" HPOS="166" VPOS="1677" WIDTH="31" HEIGHT="24" CONTENT="In" WC="1.00" CC="00"/>
						<SP ID="P53_SP00244" HPOS="197" VPOS="1701" WIDTH="15"/>
						<String ID="P53_ST00283" HPOS="212" VPOS="1684" WIDTH="76" HEIGHT="17" CONTENT="some" WC="1.00" CC="0000"/>
						<SP ID="P53_SP00245" HPOS="288" VPOS="1701" WIDTH="20"/>
						<String ID="P53_ST00284" HPOS="308" VPOS="1675" WIDTH="141" HEIGHT="25" CONTENT="instances" WC="0.90" CC="240000010"/>
						<SP ID="P53_SP00246" HPOS="449" VPOS="1701" WIDTH="17"/>
						<String ID="P53_ST00285" HPOS="466" VPOS="1682" WIDTH="53" HEIGHT="16" CONTENT="one" WC="0.82" CC="310"/>
						<SP ID="P53_SP00247" HPOS="519" VPOS="1701" WIDTH="18"/>
						<String ID="P53_ST00286" HPOS="537" VPOS="1681" WIDTH="30" HEIGHT="17" CONTENT="or" WC="0.82" CC="03"/>
						<SP ID="P53_SP00248" HPOS="567" VPOS="1701" WIDTH="16"/>
						<String ID="P53_ST00287" HPOS="583" VPOS="1681" WIDTH="76" HEIGHT="17" CONTENT="more" WC="0.92" CC="1010"/>
						<SP ID="P53_SP00249" HPOS="659" VPOS="1701" WIDTH="18"/>
						<String ID="P53_ST00288" HPOS="677" VPOS="1672" WIDTH="31" HEIGHT="26" CONTENT="of" WC="1.00" CC="00"/>
						<SP ID="P53_SP00250" HPOS="708" VPOS="1701" WIDTH="15"/>
						<String ID="P53_ST00289" HPOS="723" VPOS="1673" WIDTH="46" HEIGHT="25" CONTENT="the" WC="1.00" CC="000"/>
						<SP ID="P53_SP00251" HPOS="769" VPOS="1701" WIDTH="14"/>
						<String ID="P53_ST00290" HPOS="783" VPOS="1672" WIDTH="114" HEIGHT="26" CONTENT="nodules" WC="0.90" CC="3101000"/>
						<SP ID="P53_SP00252" HPOS="897" VPOS="1701" WIDTH="13"/>
						<String ID="P53_ST00291" HPOS="910" VPOS="1672" WIDTH="68" HEIGHT="26" CONTENT="form" WC="0.66" CC="0039"/>
					</TextLine>
				</TextBlock>
			</PrintSpace>
		</Page>
	</Layout>
</alto>
