1117 1922
357 165 185 18 DESCRIPTION
563 166 32 16 OF
614 165 56 17 THE
690 166 110 17 STRATA.

1002 189 2 2 23

220 243 40 25 25.
282 236 111 24 Several
421 236 69 25 hard
519 237 149 24 sandstone
696 237 67 24 beds
789 237 122 33 crossing
937 237 67 33 Ship

323 270 97 24 Chine.

221 305 38 24 26.
282 304 60 25 Red
362 305 53 24 and
435 309 139 28 tea-green
593 304 158 33 variegated
770 305 91 26 marls.

221 346 41 24 27.
283 339 110 25 Harder
413 339 73 25 band
504 339 30 25 of
550 340 78 24 marl.

221 375 40 23 28.
282 373 112 25 Several
414 373 68 25 hard
508 374 149 24 sandstone
681 374 88 24 bands
794 373 124 33 crossing
938 373 66 34 Ship

324 407 96 24 Chine.

221 449 40 25 29.
283 442 59 24 Red
374 442 53 24 and
458 445 139 29 tea-green
626 441 158 33 variegated
817 442 92 28 marls,
940 442 64 25 with

322 475 209 33 concretionary
550 476 114 25 nodules
676 485 5 21 ;
707 485 35 16 no
761 475 89 26 fossils
870 484 73 17 seen.

221 552 83 25 Total
322 552 141 26 thickness
483 552 106 33 (about)
815 560 48 25 453
878 553 60 26 feet.

223 587 83 24 From
333 587 138 32 Compton
497 588 61 31 Bay
576 591 29 21 to
629 587 151 25 Atherfield
817 595 49 24 544
897 607 14 10 ,,

497 666 82 25 Total
600 666 109 32 (about)
749 685 28 5 ...
815 674 50 24 997
878 666 60 26 feet.

292 798 71 24 List
383 806 32 16 of
438 798 119 24 Fossils
578 806 33 16 of
632 806 57 16 the
712 798 157 24 Wealden.

224 864 159 32 Endogonites
403 873 71 20 erosa,
494 865 123 29 Mantell,
631 864 136 25 Sandown
788 865 68 32 Bay.

224 898 60 24 The
303 898 60 25 Pine
381 898 72 33 Raft,
475 903 28 19 at
525 899 92 24 Brook
638 899 90 24 Point.

223 933 170 32 Lonchopteris
420 933 123 28 Mantelli,
575 933 93 24 Brook
694 932 90 29 Point,
815 933 53 24 and
898 932 56 25 foot
982 932 28 25 of

276 966 142 24 Cowleaze
442 966 94 24 Chine.

224 1000 167 33 Sphenopteris
412 1001 123 27 Mantelli,
559 1000 91 25 Brook
674 1000 89 25 Point.

222 1035 94 24 Zamia
329 1044 86 19 crassa,
428 1035 124 28 Mantell,
567 1035 137 25 Sandown
716 1035 59 32 Bay
784 1043 6 21 ;
805 1034 56 25 also
875 1034 32 25 fir
917 1043 89 16 cones.

226 1069 127 26 Clatharia
371 1069 102 31 Lyellii,
495 1069 101 24 Brook.

222 1103 123 25 Paludina
364 1104 116 31 elongata,
531 1106 9 21 \

222 1138 123 25 Paludina
359 1138 141 31 fiuviorum,
536 1131 8 30 I
562 1137 190 33 Throughout.

222 1171 123 26 Paludina
364 1171 156 29 Sussexensis,
532 1165 8 37 j

225 1206 63 26 Unio
309 1205 132 30 Valdensis,
456 1206 92 25 Brook
565 1205 53 25 and
637 1204 142 29 Sudmore,
793 1212 35 17 on
849 1208 47 29 top
915 1204 30 24 of
961 1204 45 25 the

273 1240 63 24 cliff.

225 1275 62 25 Unio
307 1276 91 27 Parva,
420 1274 137 25 Sandown
577 1274 68 32 Bay.

221 1309 95 32 Cyclas,
335 1317 30 16 or
386 1309 100 32 Cyrena,
507 1308 27 25 in
556 1307 78 26 relief
652 1316 34 16 on
706 1308 83 23 slabs.

221 1343 135 25 Potamides
381 1342 140 29 carbonaris,
544 1351 36 16 on
602 1342 83 28 slabs,
711 1342 53 23 and
789 1340 27 25 in
841 1348 15 16 a
881 1348 75 17 seam
980 1339 29 25 of

272 1377 81 26 black
387 1377 61 32 clay
481 1386 65 15 near
580 1375 151 26 Atherfield
766 1375 90 28 Point,
889 1375 57 24 also
977 1378 28 20 at

272 1413 139 31 Compton
431 1412 67 32 Bay.

222 1449 92 30 Cyrena
332 1446 85 28 media,
437 1445 27 24 in
483 1445 143 24 limestone
648 1448 27 21 at
699 1444 137 31 Compton
858 1443 68 32 Bay.

220 1480 156 34 Ampullaria
394 1489 129 24 squamosa.

221 1515 86 26 Small
327 1515 105 32 Oysters,
447 1523 33 16 on
501 1513 74 25 slabs
595 1513 29 24 of
639 1512 151 29 limestone,
805 1511 176 32 throughout.

223 1550 114 33 Cyprides
356 1550 25 31 (3
402 1548 106 33 species
520 1557 31 16 or
564 1546 138 33 varieties')
717 1546 27 24 in
760 1546 80 25 black
859 1546 99 28 shales,
977 1549 28 19 at

272 1583 152 25 Atherfield
454 1583 54 24 and
534 1582 101 27 Brook,
661 1580 26 26 in
712 1580 47 25 the
784 1579 171 26 concretions
979 1578 30 25 of

271 1618 123 26 Paludina
401 1618 140 32 fiuviorum,
552 1625 29 16 or
591 1617 103 24 Sussex
707 1615 113 28 marble,
831 1613 26 25 in
869 1613 135 26 Sandown

272 1654 69 31 Bay.

220 1688 130 32 Lepidotus
368 1686 101 26 Fittoni.
