1117 1922
424 195 138 17 WEALDEN
589 193 169 20 FORMATION,

164 196 29 24 14

162 266 81 34 Lyall
256 267 95 25 makes
364 267 47 25 the
424 266 139 33 following
575 267 150 23 statement
736 272 5 16 :
763 267 5 10 '
779 262 75 26 That
867 269 42 18 we
922 262 104 23 cannot

160 311 119 26 hesitate
291 315 29 22 to
333 311 70 25 refer
415 311 48 25 the
473 310 90 26 whole
575 314 29 21 to
618 318 52 16 one
683 311 78 30 great
778 307 85 28 delta,
874 314 70 17 even
957 304 69 25 then

160 356 47 26 the
221 356 160 33 magnitude
401 356 29 25 of
449 356 48 25 the
519 354 109 33 deposit
646 363 65 24 may
729 356 49 21 not
792 351 103 25 exceed
915 350 62 26 that
999 348 29 26 of

161 409 84 25 many
257 402 114 24 modern
393 401 96 25 rivers.
535 400 78 25 Thus
632 399 48 25 the
700 398 75 25 delta
794 397 30 24 of
839 397 49 24 the
906 396 120 33 Quorra,

160 454 31 16 or
205 446 95 33 Niger,
314 446 28 24 in
356 446 102 29 Africa,
472 445 136 25 stretches
625 444 59 25 into
703 443 48 26 the
764 442 114 25 interior
895 441 42 25 for
950 449 77 17 more

160 491 70 24 than
249 498 49 24 170
315 490 88 30 miles,
419 490 62 30 and,
499 490 21 24 it
540 489 23 25 is
583 488 149 33 supposed,
754 486 132 34 occupies
906 495 16 16 a
942 495 84 24 space

161 535 31 25 of
207 544 75 16 more
296 536 68 24 than
385 543 50 24 300
453 535 79 24 miles
553 535 82 32 along
654 534 47 24 the
721 537 87 25 coast,
822 532 67 26 thus
908 531 119 34 forming

162 586 16 15 a
198 576 107 26 surface
324 576 29 25 of
370 585 75 16 more
462 576 68 25 than
548 584 95 24 25,000
662 583 101 25 square
783 574 89 28 miles,
892 582 30 16 or
945 574 81 33 equal

161 626 29 21 to
204 630 51 17 one
269 621 60 26 half
339 621 29 26 of
380 622 146 31 England.'

210 667 60 24 The
285 666 51 25 soil
345 666 92 25 which
451 674 145 24 composes
610 665 47 25 the
671 664 108 26 surface
793 663 29 26 of
832 664 48 26 the
889 664 135 26 Wealden

161 712 28 24 in
208 712 48 25 the
276 712 94 24 Island
389 712 67 25 does
476 715 48 21 not
539 719 104 24 appear
660 714 30 21 to
709 711 35 24 be
762 709 154 26 cultivated
929 714 29 21 to
972 719 52 26 any

161 761 77 29 great
254 761 94 21 extent
364 766 31 16 as
411 757 103 28 arable,
529 756 83 32 being
630 755 102 34 chiefly
745 756 125 25 meadow
883 757 74 29 land,
972 756 52 25 like

161 803 48 25 the
229 811 77 17 same
327 801 148 26 formation
496 801 28 26 in
546 802 103 25 Sussex
671 801 55 25 and
747 802 82 24 Kent.
867 801 85 26 Trees
971 802 53 26 and

161 848 101 25 shrubs
282 847 115 26 flourish
419 848 54 25 and
493 856 84 24 grow,
592 847 97 25 dotted
709 846 28 26 in
760 847 108 33 clumps
887 847 54 26 and
954 856 70 17 rows

161 901 65 17 over
246 894 48 24 the
315 893 153 32 landscape
480 901 5 22 ;
505 896 72 21 most
600 892 29 25 of
651 892 22 25 it
698 893 83 33 being
806 902 16 16 a
846 902 70 24 poor
940 894 84 33 damp

161 939 60 29 soil,
235 939 153 33 consisting
402 939 29 25 of
447 939 77 33 clays
543 939 55 24 and
612 939 92 24 sands.
742 939 61 25 The
815 939 54 26 low
881 939 107 33 ground
1002 939 22 25 is

160 985 115 25 marked
288 985 37 32 by
337 984 48 26 the
403 993 132 24 presence
554 983 30 26 of
600 984 68 25 rank
685 993 110 24 grasses
809 985 54 25 and
881 985 106 26 rushes.

207 1032 36 24 At
259 1031 148 29 Sandown,
421 1031 48 24 the
481 1030 174 25 inhabitants
668 1031 62 25 who
743 1031 74 25 lived
834 1031 28 25 in
880 1032 47 24 the
942 1033 83 24 lower

160 1081 62 29 part
245 1077 31 25 of
293 1077 49 25 the
365 1076 101 33 village
489 1080 28 21 at
542 1077 48 24 the
615 1077 149 33 beginning
789 1077 30 25 of
840 1077 48 26 the
913 1082 111 28 present

160 1127 116 29 century
294 1131 81 21 were,
402 1132 83 24 many
512 1122 29 26 of
563 1123 86 29 them,
674 1123 109 32 subject
808 1128 30 21 to
863 1124 110 25 attacks
999 1124 28 25 of

160 1177 71 24 ague
241 1177 5 22 ;
272 1169 50 24 but
348 1168 76 25 since
445 1168 21 25 it
491 1169 51 24 has
566 1177 95 24 grown
685 1168 59 26 into
769 1178 16 16 a
810 1173 75 22 town
903 1170 48 25 the
975 1170 49 25 im-

160 1220 177 27 provements
363 1214 55 24 and
448 1214 48 24 the
528 1218 118 30 systems
680 1214 30 25 of
739 1215 133 33 drainage
904 1216 121 32 adopted

160 1260 72 25 have
244 1260 137 25 banished
394 1260 36 24 all
447 1260 49 24 the
511 1260 68 25 evils
593 1260 147 26 attendant
754 1270 74 23 upon
843 1271 15 15 a
872 1262 84 32 damp
970 1262 55 25 and

160 1304 206 26 unwholesome
380 1304 60 30 soil,
455 1304 54 26 and
529 1314 71 23 ague
618 1305 24 26 is
659 1305 28 26 in
706 1315 193 24 consequence
912 1316 16 16 a
946 1308 79 33 thing

160 1349 29 26 of
205 1349 48 26 the
265 1353 73 28 past.
377 1350 139 25 Sandown
535 1350 23 25 is
576 1354 29 21 at
624 1355 112 28 present
750 1360 30 16 as
794 1353 115 34 healthy
922 1362 15 16 a
950 1357 75 22 town

160 1403 31 17 as
204 1403 55 25 any
270 1394 31 26 of
316 1395 48 25 the
377 1396 155 24 sea-bound
551 1397 134 32 watering
698 1398 95 31 places
809 1407 36 16 on
857 1398 48 26 the
921 1399 102 26 Island.

233 1441 64 23 The
317 1441 139 24 Country
473 1449 34 17 of
519 1450 58 17 the
592 1442 181 27 Iguanodon.
774 1460 36 3 —
811 1445 55 24 We
878 1445 72 26 have
963 1454 61 18 now

160 1485 145 24 examined
330 1485 47 25 the
402 1486 137 33 principal
567 1487 156 32 specimens
748 1489 30 25 of
800 1490 48 25 the
872 1491 152 26 terrestrial

159 1530 93 33 plants
273 1530 54 24 and
348 1530 118 26 animals
486 1531 30 25 of
533 1532 47 25 the
601 1533 138 25 Wealden
760 1534 149 28 formation
928 1536 31 27 of
977 1538 47 25 the

160 1574 154 25 south-east
334 1574 30 25 of
381 1576 129 32 England
706 1580 55 24 and
781 1580 12 24 I
813 1580 56 26 will
889 1584 135 25 conclude

159 1619 56 26 this
234 1619 106 26 section
359 1620 29 25 of
404 1621 48 25 the
470 1626 111 27 present
601 1624 117 32 chapter
730 1624 68 26 with
817 1635 77 17 some
913 1630 111 29 general

417 1711 9 8 *
458 1710 81 17 Manual
550 1711 20 17 of
698 1718 19 14 p.
726 1714 37 16 237.
