1117 1922
382 151 57 15 THE
462 150 97 16 LOWER
582 148 179 18 GREENSAND.

142 153 29 23 32

141 227 62 30 part
222 224 30 25 of
262 224 47 25 the
322 223 62 25 roof
394 223 54 25 and
462 222 72 26 sides
548 221 30 26 of
587 221 48 25 the
654 228 111 20 cavern,
786 218 54 25 and
854 218 47 25 the
915 216 91 26 fossils

142 270 66 33 they
229 269 112 25 contain
363 277 45 16 are
434 268 121 33 exposed
579 266 28 25 in
626 265 85 30 relief,
734 264 153 32 consisting
910 262 30 25 of
959 262 47 25 the

142 314 149 33 following:
311 314 156 28 Ammonites,
490 313 116 32 Trigonia
626 312 127 28 Dædalea,
779 309 227 33 Gervillia-anceps,

142 363 61 25 etc.,
224 358 188 32 representing
431 366 15 16 a
465 357 66 24 kind
550 357 29 24 of
598 356 111 25 natural
727 353 182 27 ornamented
928 362 78 17 cave.

189 405 11 24 I
214 404 71 26 have
296 404 91 25 stated
400 403 60 26 that
474 403 47 25 the
534 403 83 25 lower
629 401 111 34 portion
753 401 29 24 of
793 401 78 24 these
882 399 125 33 deposits

142 449 22 26 is
183 449 95 33 highly
299 448 170 33 interesting,
493 457 35 16 on
553 451 119 22 account
691 447 31 24 of
743 447 47 24 the
812 446 118 24 number
953 444 55 25 and

142 495 108 33 variety
269 494 30 25 of
324 494 46 25 the
396 493 89 26 fossils
511 493 20 26 it
557 492 136 29 contains,
716 500 77 17 some
811 491 30 25 of
860 490 93 26 which
971 490 37 24 do

141 544 46 20 not
214 548 82 16 occur
324 539 88 25 either
440 540 88 24 above
556 547 31 16 or
612 539 89 24 below
726 537 27 25 in
782 536 57 26 this
865 535 84 26 series
981 535 29 25 of

141 585 131 33 deposits.
311 585 79 33 Long
408 585 110 24 tabular
537 585 83 28 slabs,
643 591 75 17 some
738 582 30 25 of
788 583 76 24 them
885 590 122 16 measur-

142 630 45 32 ing
204 630 43 25 six
266 639 30 16 or
314 639 82 17 seven
410 629 52 26 feet
479 630 73 32 long,
567 629 55 25 and
635 629 70 24 from
720 637 16 16 a
749 628 57 25 foot
827 631 30 21 to
879 627 129 33 eighteen

142 674 95 26 inches
256 674 85 30 thick,
362 674 128 26 crowded
510 673 67 27 with
599 673 48 26 the
665 673 65 33 long
752 672 158 26 Pinna-like
928 672 79 29 shell,

143 720 119 25 Gervillia
271 723 92 30 anceps,
377 720 57 25 also
449 720 32 25 G.
491 720 150 28 aviculoides,
652 718 156 34 frequently
816 718 47 25 fall
876 718 70 25 from
960 718 49 25 the

142 765 59 24 cliff
216 769 29 20 to
263 765 48 24 the
330 765 96 24 beach.

189 810 114 24 Besides
322 810 47 24 the
388 810 88 32 larger
495 810 124 29 nodules,
633 809 79 25 there
731 817 47 17 are
797 809 79 25 other
897 809 112 25 smaller

142 855 210 33 concretionary
364 863 114 20 masses,
493 863 75 16 some
582 854 29 25 of
627 854 91 26 which
736 854 113 25 contain
862 863 15 16 a
891 855 118 24 number

142 900 29 25 of
182 900 79 25 small
272 900 204 33 agglomerated
490 900 93 29 shells,
592 909 83 24 many
683 900 30 24 of
723 900 76 25 them
814 900 152 33 appearing
979 904 30 21 to

142 946 34 25 be
193 945 126 26 confined
332 949 29 22 to
374 945 77 26 these
465 955 113 15 masses.
626 945 90 25 There
729 945 24 25 is
766 946 117 25 another
897 945 112 26 curious

142 990 202 26 circumstance
368 990 153 26 connected
542 990 68 26 with
634 991 48 25 the
706 991 90 32 larger
821 991 187 29 concretions,

142 1036 100 29 which,
256 1037 79 24 when
348 1037 113 28 broken,
476 1044 46 16 are
541 1036 85 24 found
639 1040 29 20 to
684 1036 113 24 contain
810 1045 84 25 many
907 1036 100 25 fossils.

144 1081 115 25 Besides
277 1082 86 28 these,
378 1082 66 33 they
458 1082 100 24 almost
578 1081 156 34 invariably
747 1082 111 25 enclose
873 1082 136 25 roundish

142 1126 88 33 sandy
254 1126 173 25 concretions
452 1126 29 25 of
509 1135 16 16 a
550 1126 61 25 buff
636 1127 103 28 colour,
766 1136 85 24 many
875 1126 30 26 of
931 1127 77 26 them

142 1171 127 26 crowded
293 1171 67 34 with,
386 1171 80 25 small
492 1171 92 30 shells,
606 1171 68 26 such
700 1181 30 16 as
755 1172 86 29 Venus,
861 1172 148 26 Rostellaria

144 1217 91 29 Thetis,
253 1217 77 29 Area,
348 1217 313 30 Ammonites-Deshayesii,
678 1218 135 29 Pterocera,
832 1218 103 29 Natica,
955 1221 54 22 etc.

190 1262 60 24 The
268 1262 134 24 Crackers
419 1270 87 24 group
527 1262 116 25 extends
657 1262 70 25 from
747 1263 89 25 below
855 1264 155 25 Atherfield

144 1307 77 32 High
244 1306 71 30 Cliff,
339 1306 150 33 ascending
508 1311 29 20 to
556 1307 48 25 the
627 1308 153 25 Atherfield
803 1308 84 26 Coast
912 1309 98 26 Guard

144 1352 118 25 Station.
315 1352 59 24 The
394 1353 82 24 lower
501 1356 62 29 part
586 1353 30 24 of
635 1353 56 25 this
713 1362 88 24 group
825 1353 24 26 is
873 1363 16 17 a
915 1355 95 25 brown

144 1398 61 32 clay
226 1397 54 25 and
306 1397 78 29 sand,
407 1398 84 25 about
517 1406 32 24 25
574 1397 54 26 feet
653 1398 86 30 thick,
765 1399 92 25 which
882 1400 129 26 contains

144 1443 136 33 (amongst
303 1441 79 26 other
401 1441 102 35 fossils)
523 1443 160 26 calcareous
706 1448 75 21 casts
806 1445 30 24 of
851 1446 159 29 Ammonites,

144 1488 53 24 and
210 1489 103 23 Astacus
333 1487 128 26 remains.
500 1489 24 24 It
548 1488 23 25 is
591 1489 89 24 called
700 1490 48 24 the
768 1491 100 25 Lower
889 1491 122 26 Lobster

143 1532 62 30 bed,
219 1532 55 25 and
293 1532 51 25 has
364 1533 104 32 always
487 1533 69 24 been
576 1534 173 25 remarkable
768 1534 41 25 for
828 1535 48 25 the
893 1537 118 25 number

144 1578 53 24 and
219 1579 103 32 beauty
342 1577 30 25 of
390 1578 79 24 these
490 1578 91 25 fossils
605 1579 119 33 (Astacus
747 1580 144 33 Vectensis),
909 1590 53 17 one
984 1581 31 26 of

144 1623 90 25 which
256 1622 23 25 is
301 1622 105 33 figured
427 1622 27 24 in
481 1623 141 25 Mantell's
676 1624 104 32 Geology
803 1625 29 33 of
852 1626 38 25 the
915 1627 49 24 Isle
987 1626 29 34 of

284 1667 20 25 it
313 1667 23 26 is
345 1668 57 24 also
411 1667 105 33 figured
525 1668 54 25 and
588 1668 145 27 described
742 1671 36 31 by
788 1671 143 26 Professor
941 1673 70 29 Bell,
