1117 1922
415 148 167 17 hempstead
603 150 105 15 series.

948 151 45 23 155

210 216 61 26 The
291 217 174 33 Hempstead
485 219 84 25 series
588 228 57 16 was
669 220 164 25 subdivided
856 221 56 25 into
937 221 58 26 four

138 262 113 25 distinct
265 270 102 25 groups
382 264 34 31 by
431 264 142 25 Professor
587 265 114 29 Forbes,
714 264 53 26 viz.
780 275 5 15 :
788 280 35 4 —

211 369 20 17 1.
252 363 121 24 Corbula
395 362 82 29 Beds,
498 362 28 24 of
544 362 104 24 marine
668 362 87 33 origin
797 383 27 3 ...
866 362 60 32 15ft.

208 404 23 16 2.
253 396 117 39 Upper)
851 396 75 39 [40ft.

208 439 23 24 3.
252 430 106 26 Middle
366 423 9 32 I
382 431 173 24 Freshwater
570 430 54 25 and
637 435 110 28 estuary
757 423 97 34 marls-!
863 430 63 33 50ft.

206 474 25 22 4.
252 465 98 25 Lower
364 456 6 38 J
851 458 75 38 (65ft.

859 533 77 30 170ft.

212 634 60 24 The
295 634 98 24 Lower
415 634 173 23 Freshwater
611 633 54 24 and
686 634 121 32 Estuary
829 634 84 24 Marls
934 642 62 25 may

140 680 34 24 be
188 678 201 33 distinguished
404 679 35 32 by
453 678 46 25 the
513 687 129 24 presence
656 678 29 24 of
696 678 108 24 Melania
814 678 115 25 muricata
944 679 52 24 and

140 723 146 32 Melanopsis

187 780 23 24 A
224 783 118 21 stratum
362 779 99 25 named
474 780 46 24 the
568 779 86 25 Black
674 779 80 25 Band
800 779 22 25 is
836 779 112 25 marked
962 780 35 32 by

140 824 47 25 the
235 823 58 25 first
320 833 173 22 appearance
518 823 29 25 of
570 833 15 15 a
609 833 60 16 new
694 823 83 25 series
802 823 29 25 of
853 824 98 29 fossils,
971 824 29 25 of

140 869 91 25 which
244 869 85 24 Rissoa
343 869 119 24 Chastelii
479 869 24 24 is
521 869 47 24 the
586 869 60 24 first
663 869 183 31 conspicuous
859 877 137 24 represen-

282 914 117 30 coupled
425 913 65 25 with
520 914 48 24 the
598 913 217 31 disappearance
840 913 29 25 of
895 914 101 24 others.

172 960 23 24 It
222 959 118 24 consists
362 958 30 25 of
410 959 95 33 nearly
517 963 54 20 two
594 958 53 25 feet
666 958 29 25 of
713 959 61 23 firm
794 960 204 24 carbonaceous

140 1004 150 25 laminated
325 1004 84 33 clays,
442 1004 156 32 abounding
630 1004 28 24 in
689 1004 98 24 fossils.
839 1004 89 25 There
953 1013 46 16 are

141 1050 123 25 Paludina
290 1050 71 28 lenta,
388 1058 66 24 very
475 1058 147 16 numerous
632 1058 5 20 ;
663 1049 86 24 Rissoa
774 1049 118 25 Chastelii
916 1051 82 30 major,

141 1103 94 17 scarce
247 1104 5 20 ;
269 1095 146 32 Melanopsis
434 1095 124 27 carinata;
573 1095 111 24 Limnæa
692 1103 10 19 ;
716 1095 125 24 Planorbis
858 1095 100 29 obtusus,
973 1095 29 25 of

141 1142 74 31 large
229 1140 55 24 size
295 1149 4 20 ;
321 1149 15 15 a
355 1140 123 32 peculiar
498 1140 78 24 small
594 1140 86 31 Cyclas
695 1140 45 32 (C.
753 1140 142 32 Bristowii)
909 1140 90 24 which

142 1186 11 23 I
179 1186 71 24 have
277 1189 47 20 not
350 1188 54 21 met
431 1184 66 24 with
520 1184 154 28 elsewhere,
701 1184 53 24 and
779 1184 52 24 fish
857 1185 141 23 vertebræ.

143 1230 182 32 Impressions
340 1229 29 25 of
390 1230 45 24 the
454 1229 85 24 linear
559 1230 92 23 leaves
665 1228 30 24 of
710 1228 174 33 gramineous
897 1230 101 31 plants,

142 1275 186 32 occasionally
347 1275 74 32 large
447 1274 62 25 seed
533 1274 111 28 vessels,
665 1274 147 32 Gvogonites,
839 1274 53 24 and
920 1274 80 26 Chara

141 1321 172 31 medicaginula
330 1329 46 15 are
398 1319 84 25 found
503 1318 26 25 in
550 1318 30 29 it,
595 1320 53 23 and
667 1319 90 32 lumps
777 1318 29 25 of
823 1318 102 33 lignite.
963 1319 36 25 At

141 1365 36 25 its
202 1365 66 25 base
293 1363 23 26 is
340 1363 84 25 found
450 1373 15 15 a
491 1372 74 16 seam
591 1363 29 24 of
645 1363 72 28 Unio,
743 1363 160 33 containing
928 1364 70 24 well-

140 1410 148 33 preserved
310 1409 155 32 specimens
652 1408 23 24 It
702 1416 116 24 appears
838 1412 28 20 to
891 1417 52 20 me,
995 1418 4 15 1

141 1463 15 16 a
179 1454 103 25 careful
304 1453 228 25 re-examination
555 1452 30 25 of
603 1451 55 26 this
684 1451 150 33 particular
855 1452 61 29 bed,
939 1452 60 26 that

141 1500 48 24 the
214 1499 87 24 Black
325 1498 80 25 Band
428 1498 65 25 does
515 1501 48 21 not
586 1497 66 25 offer
674 1506 52 23 any
748 1496 115 25 decided
878 1496 81 32 proof
974 1496 29 26 of

140 1545 48 25 the
209 1545 139 24 existence
368 1543 29 25 of
420 1552 14 15 a
457 1543 136 24 terrestial
614 1541 107 26 surface
731 1550 4 21 ;
757 1541 59 25 that
836 1541 32 29 is,
883 1550 15 16 a
917 1542 83 25 break

141 1590 27 24 in
189 1590 48 25 the
257 1593 87 21 strata
365 1588 132 30 denoting
517 1588 47 24 the
589 1590 235 21 commencement
850 1586 29 25 of
901 1595 15 16 a
941 1595 59 16 new

282 1667 9 9 •
299 1666 58 17 Mem.
367 1665 52 18 Geol.
429 1666 61 18 Surv.,
499 1665 86 19 Bristow,
594 1664 37 17 Isle
638 1664 20 17 of
667 1664 73 20 Wight,
750 1665 48 18 1862,
807 1668 18 15 p.
835 1665 26 15 90.
