1117 1922
103 156 12 21 6

362 160 138 17 WEALDEN
527 158 169 19 FORMATION,

103 233 83 24 Some
203 232 31 25 of
248 233 48 24 the
315 232 75 24 slabs
412 230 105 26 exhibit
534 229 143 34 potamides,
696 228 86 33 cyclas,
803 225 55 26 and
880 230 86 27 cyrena

102 286 73 24 upon
194 277 72 25 their
285 276 123 25 surfaces
420 284 5 22 ;
446 275 54 25 and
519 275 103 28 others,
642 273 48 26 the
709 272 76 26 teeth
805 271 54 24 and
879 271 87 24 bones

102 322 29 25 of
142 322 80 25 small
235 322 61 29 fish,
310 322 108 28 turtles,
432 321 54 24 and
500 320 71 25 their
587 318 129 26 remains.
754 317 61 24 The
828 322 139 26 carapace

102 367 30 26 of
151 376 16 16 a
192 367 85 25 turtle
295 375 56 17 was
370 366 85 25 found
477 375 16 15 a
511 365 72 24 little
601 364 127 25 distance
746 361 70 26 from
837 359 127 30 Barnes',

103 422 30 16 or
163 411 168 33 Shepherd's
359 411 97 29 Chine,
489 411 84 24 about
602 409 128 33 eighteen
758 406 113 26 months
904 413 62 25 ago,

103 458 55 25 and
182 457 24 26 is
230 466 62 16 now
311 456 27 25 in
357 456 47 25 the
423 455 142 26 Warwick
590 462 136 17 museum.
765 453 82 25 Slabs
866 451 30 26 of
920 451 48 25 the

103 502 175 25 Freshwater
301 501 144 25 limestone
467 509 64 24 may
550 500 35 25 be
605 498 137 26 observed
763 497 28 25 in
813 497 48 25 the
887 496 79 30 cliffs,

103 551 28 21 at
153 555 34 16 an
208 546 152 25 accessible
381 546 105 32 height,
510 546 54 25 and
587 544 156 33 specimens
764 543 29 25 of
815 543 49 25 the
886 543 83 25 black

104 593 54 24 and
181 591 213 25 slate-coloured
419 591 86 29 shale,
531 591 125 24 between
681 589 48 25 the
752 588 61 26 thin
832 588 90 33 layers
942 587 30 25 of

104 637 91 25 which
213 637 127 33 cyprides
360 644 46 16 are
425 635 157 30 contained,
596 634 92 26 which
707 643 53 16 can
779 635 35 24 be
832 633 137 26 collected

104 681 71 25 from
188 681 47 25 the
255 681 82 24 fallen
357 689 105 16 masses
480 688 36 17 on
534 680 49 24 the
601 680 90 24 shore.
729 680 132 24 Between
876 678 94 25 Brook

105 727 82 25 Point
202 726 55 26 and
270 726 127 29 Brixton,
411 734 106 16 masses
534 725 30 25 of
579 726 48 24 the
645 725 122 25 remains
780 724 30 25 of
826 725 48 24 the
886 724 84 25 limbs

104 772 30 25 of
149 772 64 32 pine
232 775 73 22 trees
324 780 94 17 occur.
456 771 75 25 Most
552 770 30 25 of
599 770 77 25 them
695 779 48 16 are
760 770 132 33 partially
910 778 59 17 car-

104 817 125 29 bonised,
243 816 55 26 and
318 825 46 17 are
383 815 88 26 either
489 815 136 29 silicified,
639 824 31 16 or
689 814 194 34 impregnated
902 814 68 27 with

105 863 159 24 calcareous
275 865 109 26 matter,
395 861 92 25 whilst
499 869 84 25 many
592 860 30 26 of
632 861 48 25 the
689 860 94 33 pieces
794 869 47 17 are
852 860 118 26 covered

104 907 68 26 with
191 907 126 33 coatings
335 906 30 25 of
381 906 92 33 bright
493 905 149 33 glistening
660 905 114 34 pyrites,
788 906 48 24 the
855 906 69 24 bark
943 905 29 25 of

105 952 92 27 which
216 952 24 25 is
259 952 185 25 transformed
464 951 59 25 into
544 960 16 15 a
583 951 94 25 brittle
698 951 165 25 carbonised
885 959 84 21 mass,

105 997 167 33 resembling
297 997 70 25 coal.
418 997 33 24 In
478 996 47 26 the
554 996 231 33 neighbourhood
810 996 30 25 of
867 996 103 29 Brook,

106 1052 83 25 many
206 1043 101 25 animal
329 1042 122 26 remains
472 1051 45 17 are
539 1041 94 31 found,
653 1042 48 26 the
721 1046 72 22 most
812 1041 158 34 prominent

106 1088 81 33 being
208 1089 49 24 the
277 1087 124 34 palatial,
421 1096 30 16 or
472 1087 131 33 crushing
625 1088 85 29 teeth,
726 1087 29 25 of
772 1088 48 24 the
837 1087 134 33 Lepidotus

106 1134 124 29 Mantelli,
240 1134 67 25 with
320 1134 36 24 its
369 1133 233 33 lozenge-shaped
616 1133 82 25 black
709 1133 154 25 enamelled
872 1134 98 28 scales,

106 1179 114 31 bearing
234 1188 15 16 a
262 1178 67 32 high
341 1178 100 32 polish.

153 1225 131 25 Between
302 1224 66 25 here
390 1224 55 25 and
467 1224 154 25 Atherfield
647 1223 93 31 Point,
760 1224 49 26 the
833 1225 87 25 bones
944 1224 30 26 of

107 1269 112 33 reptiles
239 1278 46 16 are
309 1269 181 33 periodically
508 1269 114 25 washed
646 1272 48 22 out
717 1268 30 26 of
770 1270 47 24 the
840 1269 70 25 cliffs
936 1270 36 33 by

107 1315 47 24 the
168 1323 56 21 sea,
237 1322 31 17 as
281 1315 61 24 well
362 1322 29 17 as
411 1314 84 26 teeth.
504 1314 30 24 of
550 1314 113 33 reptiles
677 1315 54 24 and
744 1314 62 25 fish.
845 1315 87 34 Many
945 1315 29 24 of

107 1360 79 25 these
207 1359 119 25 remains
349 1368 46 16 are
415 1363 30 22 to
465 1360 35 25 be
521 1359 85 25 found
625 1368 36 16 on
683 1360 48 25 the
750 1361 106 28 strand,
871 1364 28 21 at
920 1361 52 25 low

108 1409 93 24 water,
210 1405 81 24 when
300 1405 47 24 the
361 1413 46 16 sea
421 1405 112 25 recedes
544 1409 28 21 at
583 1405 82 25 times
675 1410 29 20 to
718 1414 16 16 a
747 1410 78 28 great
836 1406 135 30 distance,

107 1449 110 33 leaving
239 1449 47 25 the
306 1449 70 26 level
398 1450 96 32 clayey
514 1450 108 25 bottom
644 1451 121 32 exposed
788 1460 66 17 over
873 1460 17 17 a
909 1455 63 22 vast

108 1493 116 29 surface,
250 1493 93 33 laying
373 1495 66 24 bare
471 1494 161 34 (especially
656 1495 70 26 after
755 1504 16 17 a
799 1496 98 34 storm)
925 1497 48 25 the

108 1538 97 26 buried
224 1538 119 26 remains
362 1539 30 25 of
409 1540 46 24 the
474 1539 105 25 extinct
600 1539 126 25 animals.

155 1584 69 25 East
245 1582 29 26 of
294 1584 113 25 Barnes'
428 1584 89 25 Chine
536 1592 16 17 a
572 1585 54 24 bed
645 1584 30 25 of
692 1585 79 30 hard,
791 1593 75 27 grey,
887 1587 85 34 gritty

108 1627 150 25 sandstone
277 1636 107 21 occurs,
405 1628 84 25 much
511 1628 192 33 impregnated
725 1629 68 26 with
815 1630 69 31 iron,
908 1641 64 17 con-

108 1672 107 32 taining
240 1672 97 25 Unios.
384 1673 36 24 At
441 1673 145 30 Sudmore,
611 1673 28 25 in
666 1682 16 16 a
708 1675 74 26 band
810 1675 31 26 of
865 1685 106 22 coarse,
