1117 1922
971 131 45 29 185

508 137 68 15 EAST
596 137 64 15 END.

206 206 59 25 The
286 207 53 33 slip
359 216 35 16 on
413 208 48 24 the
479 212 68 24 east,
562 212 28 20 at
605 209 68 23 East
689 208 72 29 End,
774 209 132 23 occurred
926 213 27 20 at
971 209 45 24 the

159 252 53 24 end
225 252 30 24 of
272 253 47 24 the
333 253 52 24 last
400 257 123 29 century,
538 253 54 24 and
606 253 60 24 that
680 253 85 24 under
780 253 40 25 St.
835 253 180 28 Catherine's,

159 297 88 25 below
262 298 74 24 Gore
351 297 70 29 Cliff,
436 302 27 20 at
479 297 46 25 the
539 297 147 32 beginning
700 297 28 25 of
745 297 46 25 the
804 302 118 27 present.

207 343 96 24 Canon
326 343 138 24 Venables
488 342 100 29 writes,
612 343 144 32 regarding
778 343 48 25 the
849 343 119 32 landslip
990 347 26 20 at

161 387 69 25 East
254 387 72 29 End,
459 387 136 25 romantic
617 387 127 26 wildness
770 387 29 25 of
821 388 55 25 this
900 391 71 22 tract
993 388 23 25 is

160 433 53 25 due
227 437 28 21 to
269 441 16 16 a
299 433 84 25 series
396 433 29 25 of
435 433 143 32 landslips,
591 433 29 25 of
630 433 91 25 which
734 433 47 25 the
794 433 109 25 earliest
913 433 103 25 formed

160 487 16 15 a
203 482 61 28 part
291 478 29 24 of
341 479 48 23 the
410 482 76 28 great
510 478 161 25 convulsion
694 480 36 31 by
751 478 90 25 which
863 478 47 25 the
931 479 85 24 whole

160 531 84 24 range
257 523 29 24 of
304 523 70 24 cliffs
396 523 69 24 from
485 524 160 23 Luccombe
664 527 28 20 to
713 523 159 32 Blackgang
886 531 56 16 was
960 523 55 24 laid

209 613 93 25 When
316 613 43 25 Sir
374 614 96 32 Henry
485 613 153 32 Englefield
651 613 99 25 visited
765 614 67 24 East
849 613 70 28 End,
934 614 82 24 about

161 657 48 26 the
231 667 64 23 year
319 660 73 26 1800,
412 658 34 24 he
465 658 158 25 remarked:
832 658 68 32 deep
922 658 95 24 cracks

161 703 54 25 and
232 703 147 25 evidences
398 703 30 25 of
447 703 141 25 continual
607 703 163 25 subsidence
789 703 129 24 intersect
937 712 80 23 every

160 752 73 28 part,
247 752 45 29 yet
312 749 47 23 the
379 749 84 32 rocky
476 748 58 24 cliff
550 756 75 16 more
644 752 28 20 to
690 748 47 24 the
754 748 157 24 northward
931 756 86 16 seems

160 797 29 21 to
213 793 72 24 have
308 793 123 24 attained
453 793 103 32 perfect
578 793 132 32 stability,
731 793 53 24 and
806 793 47 24 the
877 791 140 26 luxurious

161 838 116 31 coppice
297 843 72 19 must
390 839 71 23 have
480 839 64 30 long
562 846 93 23 grown

208 883 60 24 The
286 887 55 21 two
361 883 81 24 latest
463 883 66 31 slips
549 882 29 24 of
595 891 54 24 any
661 886 93 20 extent
774 883 64 23 took
858 883 78 31 place
948 881 68 25 from

164 929 67 24 1810
249 932 29 20 to
300 929 74 26 1818,
397 927 126 33 carrying
543 936 77 24 away
634 935 33 24 30
685 927 54 24 and
758 934 32 24 50
810 935 78 15 acres
907 926 30 24 of
954 926 65 24 land

161 972 191 33 respectively.
391 973 52 24 Mr.
468 973 130 24 Webster
623 971 99 25 visited
743 971 45 25 the
811 975 60 28 spot
895 971 26 24 in
943 972 44 24 181
996 979 21 20 1,

158 1018 58 32 just
242 1017 69 26 after
336 1018 47 25 the
406 1026 166 16 occurrence
593 1016 30 25 of
641 1017 47 24 the
709 1016 58 25 first
791 1015 60 33 slip,
876 1016 53 24 and
954 1016 64 24 thus

160 1062 142 25 describes
316 1062 20 25 it
352 1062 26 24 in
393 1071 15 15 a
422 1062 79 24 letter
515 1065 29 21 to
558 1060 43 26 Sir
616 1061 96 32 Henry
727 1060 151 33 Englefield
887 1070 4 14 :
937 1060 10 24 I
962 1069 56 16 was

161 1108 141 33 surprised
317 1111 27 20 at
364 1107 47 24 the
430 1115 81 16 scene
530 1106 30 25 of
577 1105 183 28 devastation,
774 1104 90 26 which
884 1114 87 16 seems
990 1109 28 20 to

160 1153 73 26 have
258 1153 70 25 been
351 1152 165 24 occasioned
539 1153 35 31 by
596 1159 75 16 some
694 1154 91 21 recent
808 1150 159 25 convulsion
993 1150 28 25 of

160 1203 107 20 nature.
307 1198 23 24 A
353 1197 190 25 considerable
562 1196 109 32 portion
690 1196 30 24 of
736 1196 47 24 the
796 1195 59 25 cliff
870 1196 54 24 had
937 1195 81 25 fallen

160 1244 90 28 down,
265 1243 130 32 strewing
418 1242 47 25 the
484 1242 88 25 whole
593 1242 107 32 ground
718 1242 123 24 between
860 1241 20 24 it
900 1241 54 23 and
973 1241 46 23 the

160 1299 47 15 sea
218 1289 67 25 with
300 1290 36 23 its
345 1288 75 25 ruins
431 1297 4 19 ;
451 1288 72 31 huge
536 1296 105 15 masses
658 1286 30 25 of
698 1286 69 25 solid
781 1286 64 24 rock
866 1286 103 24 started
982 1295 37 23 up

159 1335 101 24 amidst
276 1335 109 23 smaller
400 1333 159 32 fragments,
575 1331 89 26 whilst
684 1331 132 25 immense
831 1330 148 33 quantities
993 1330 28 26 of

159 1381 76 24 loose
248 1380 78 27 marl,
341 1378 93 25 mixed
447 1377 66 26 with
534 1381 101 25 stones,
650 1376 54 26 and
723 1385 68 16 even
805 1375 47 26 the
866 1375 49 25 s^il
930 1376 86 25 above

158 1425 67 26 with
240 1425 46 25 the
301 1424 90 25 wheat
412 1423 55 25 still
486 1422 123 33 growing
628 1430 34 16 on
683 1421 19 25 it
722 1421 73 25 filled
811 1429 37 23 up
861 1421 47 24 the
922 1429 96 23 spaces

159 1473 124 23 between
294 1470 54 25 and
358 1468 105 26 formed
474 1468 86 32 heaps
571 1467 29 25 of
611 1467 114 25 rubbish
738 1466 89 25 which
838 1474 46 16 are
898 1466 121 32 scarcely

159 1515 160 26 accessible.
371 1513 125 32 Nothing
521 1513 55 25 had
606 1512 116 24 resisted
747 1512 47 24 the
818 1511 73 24 force
916 1510 29 24 of
972 1511 47 23 the

159 1561 94 32 falling
266 1560 90 24 rocks.
384 1559 84 25 Trees
482 1567 70 17 were
566 1557 117 26 ievelled
696 1556 66 26 with
777 1556 47 25 the
837 1556 114 32 ground,
965 1556 55 24 and

159 1616 83 23 many
255 1606 45 33 lay
313 1605 61 24 half
390 1604 97 25 buried
506 1604 27 24 in
553 1603 47 25 the
619 1603 84 25 ruins.
742 1602 58 24 The
821 1606 115 20 streams
949 1610 71 16 were

159 1651 108 27 choked
290 1659 46 25 up,
351 1650 54 25 and
426 1650 78 33 pools
525 1648 29 26 of
573 1653 84 21 water
677 1656 70 18 were
766 1646 105 26 formed
891 1646 26 26 in
938 1655 82 26 many
