1117 1922
462 429 192 30 Economics.

264 644 56 24 HE
350 642 114 33 locality
488 641 30 26 of
546 642 83 24 Alum
661 642 61 32 Bay
747 641 51 24 has
830 641 64 32 long
924 641 69 23 been

148 683 37 27 n-5-
213 684 30 27 r£
297 688 158 25 celebrated
476 687 39 25 for
537 687 47 25 the
609 696 69 22 pure
700 686 84 25 white
810 685 183 27 Glass-house

140 724 31 32 •jf
173 724 79 27 Ax/x
299 733 75 25 Sand
399 732 91 25 which
522 732 23 25 is
576 731 133 26 obtained
739 732 79 24 there
848 730 69 26 from
947 730 46 25 the

134 775 104 40 P?v'\
299 779 120 23 Headon
445 777 98 25 Sands.
582 777 83 25 Some
687 776 30 25 of
739 776 20 25 it
786 776 22 25 is
835 776 28 25 of
886 785 16 16 a
928 784 65 24 very

173 822 62 23 \&->
297 823 54 25 fine
372 823 114 33 quality,
501 823 55 24 and
575 822 23 25 is
618 823 118 32 shipped
755 822 70 25 from
838 822 155 24 Yarmouth

129 867 166 34 principally
308 873 29 20 to
351 868 120 25 London
490 868 55 24 and
559 867 113 29 Bristol,
687 873 27 19 at
734 867 47 25 the
800 871 60 21 rate
879 867 30 25 of
924 867 69 24 from

129 921 79 23 3,000
222 917 28 21 to
269 922 79 24 4,000
361 917 63 21 tons
443 922 48 23 per
510 922 74 24 year.
622 913 83 25 Some
719 912 29 25 of
764 912 48 25 the
825 921 88 23 upper
926 912 67 25 beds

129 958 29 24 of
177 959 47 23 the
249 959 101 23 Lower
372 959 165 23 Greensand
559 959 72 23 have
653 959 58 23 also
731 959 69 23 been
823 958 111 24 worked
954 957 39 25 for

129 1004 175 32 glass-house
323 1012 136 25 purposes
478 1012 65 16 near
559 1004 114 24 Rocken
687 1004 64 24 End
762 1012 4 21 ;
787 1004 50 24 but
857 1003 90 32 ow-ing
966 1007 27 20 to

128 1049 47 25 the
189 1049 134 33 difficulty
336 1049 30 25 of
382 1049 131 33 shipping
526 1049 31 29 it,
571 1049 56 25 this
647 1049 51 25 has
715 1049 70 25 been
799 1049 194 24 discontinued

129 1094 60 32 (see
202 1103 26 23 p.
243 1095 70 31 48).*

176 1185 59 24 The
256 1186 69 32 Clay
339 1186 146 24 Ironstone
499 1185 91 26 which
609 1186 23 24 is
652 1186 84 25 found
756 1186 27 24 in
802 1186 193 25 considerable

130 1230 150 32 quantities
295 1230 76 34 lying
390 1231 76 24 loose
488 1240 36 15 on
543 1231 48 25 the
610 1231 82 25 shore
711 1236 28 20 at
758 1231 47 25 the
825 1231 56 25 foot
902 1231 29 25 of
946 1231 49 25 the

130 1275 70 24 cliffs
213 1276 124 24 between
351 1276 154 25 Yarmouth
526 1276 54 25 and
601 1276 157 33 Hempsted
779 1276 104 33 Ledge,
897 1276 23 25 is
940 1277 54 25 col-

129 1320 90 24 lected
238 1328 34 16 on
294 1320 46 25 the
361 1320 88 25 beach
468 1321 55 25 and
543 1325 60 22 sent
622 1325 30 22 to
672 1322 141 29 Swansea,
826 1322 92 25 where
931 1322 21 25 it
972 1322 23 25 is

131 1365 116 24 smelted
272 1364 58 25 into
355 1364 69 26 iron.
464 1366 31 24 In
521 1367 47 24 the
593 1375 65 24 year
687 1368 73 30 1858,
786 1376 36 16 no
847 1368 55 24 less
927 1368 68 24 than

133 1410 73 31 1,803
229 1418 64 17 tons
315 1419 70 16 were
409 1411 69 29 sold,
502 1411 47 25 the
571 1413 81 24 value
675 1412 28 24 of
725 1413 93 24 which
840 1422 57 16 was

130 1455 172 31 (Geological
322 1455 116 34 Survey,
452 1465 26 23 p.
496 1458 68 32 106).
602 1458 91 24 There
713 1458 23 25 is
760 1459 59 24 also
838 1468 15 15 a
874 1468 76 16 seam
968 1458 28 26 of

129 1498 140 26 ironstone
291 1504 28 20 at
336 1501 47 23 the
403 1502 67 23 base
488 1502 30 24 of
534 1502 48 25 the
600 1502 70 26 cliffs
691 1504 120 25 beneath
832 1505 70 25 East
919 1505 73 30 End,

129 1547 28 21 at
173 1545 177 29 Bonchurch,
365 1546 120 32 samples
504 1546 29 25 of
549 1547 92 25 which
654 1557 72 17 were
746 1550 153 25 submitted
918 1559 78 16 some

129 1597 79 24 years
230 1597 52 24 ago
302 1593 29 21 to
351 1591 49 24 Dr.
421 1592 98 31 Percy,
535 1592 30 25 of
581 1593 47 25 the
648 1594 103 25 School
770 1595 30 24 of
818 1596 100 27 Mines,
933 1596 62 25 who

151 1677 5 18 ?
162 1676 9 8 *
179 1676 33 16 See
220 1676 91 17 Memoirs
319 1677 20 16 of
347 1677 32 17 the
388 1678 106 20 Geological
504 1679 71 21 Survey
582 1680 21 16 of
615 1680 59 18 Great
682 1682 97 17 Britain—
780 1683 83 18 Mineral
871 1684 97 18 Statistics
975 1685 20 18 of

129 1697 57 16 Great
195 1697 74 16 Britain
277 1698 39 16 and
323 1698 76 17 Ireland
408 1699 30 17 for
446 1700 32 16 the
487 1705 44 15 year
539 1702 48 20 1859,
597 1702 24 21 by
630 1702 73 18 Robert
711 1704 62 20 Hunt,
782 1705 76 20 F.K.S.,
867 1711 18 14 p.
895 1708 28 15 59.
