1117 1922
129 191 31 22 68

369 197 56 15 THE
447 197 96 15 LOWER
564 194 177 18 GREENSAND.

127 269 55 24 and
205 269 47 25 the
274 269 152 32 remaining
448 271 88 21 strata
557 271 29 20 to
607 265 152 26 Atherfield
782 264 92 29 Point,
897 261 92 27 would

127 313 107 33 require
256 314 47 25 the
325 314 66 24 time
414 313 135 25 extended
574 316 29 20 to
625 311 95 25 obtain
742 319 70 16 even
834 318 16 16 a
874 307 115 34 passing

127 359 160 32 knowledge
300 358 29 26 of
344 358 48 25 the
410 358 68 25 beds
498 357 54 25 and
570 356 72 25 their
660 355 77 25 fossil
757 357 137 23 contents.
932 352 56 25 But

127 402 20 26 it
161 403 134 32 happens,
310 403 27 25 in
355 403 48 25 the
421 402 130 33 majority
564 401 29 25 of
608 409 88 20 cases,
710 400 61 25 that
790 399 48 25 the
851 397 98 27 visitor
967 396 22 26 is

127 448 106 25 limited
246 453 29 20 to
290 449 75 28 time,
380 448 53 25 and
453 448 94 25 makes
560 447 74 25 what
653 446 24 25 is
696 451 47 19 not
763 445 108 33 inaptly
883 443 107 25 termed

155 503 15 15 a
189 494 85 33 flying
405 493 75 26 often
498 492 134 33 resulting
651 492 27 24 in
697 490 248 33 disappointment,
960 497 30 16 as

127 539 22 26 it
161 540 23 24 is
198 543 65 22 next
276 543 29 22 to
324 548 36 16 an
377 539 198 33 impossibility
588 538 41 24 for
648 545 107 25 anyone
774 536 88 25 either
880 539 30 22 to
927 534 64 33 gain

128 594 16 15 a
156 585 160 32 knowledge
335 584 30 25 of
380 584 47 26 the
446 588 88 21 strata
536 600 33 2 —
570 592 69 16 even
658 584 28 23 in
706 592 15 15 a
740 582 111 33 general
863 590 63 25 way
926 596 35 4 —
962 589 30 17 or

128 634 28 21 to
177 630 98 25 collect
298 629 71 25 their
391 629 112 32 organic
528 628 130 29 remains,
681 637 31 15 as
732 628 47 24 the
800 627 121 25 chances
945 634 47 17 are

128 674 66 34 they
206 683 65 25 may
283 675 57 25 find
360 683 16 17 a
394 674 52 26 few
459 674 29 26 of
503 674 48 26 the
569 678 72 21 most
655 681 138 21 common,
807 681 39 20 or,
861 672 130 33 mayhap,

128 727 77 17 some
223 719 29 25 of
271 720 47 24 the
337 728 61 16 rare
417 719 164 33 specimens,
596 727 29 17 or
644 719 67 32 they
729 727 65 24 may
812 722 94 21 return
925 716 67 27 with

128 773 35 16 an
188 769 94 29 empty
311 766 62 31 bag,
398 765 92 25 which
515 764 23 25 is
564 764 74 24 often
669 764 47 24 the
746 772 72 16 case.
868 763 124 25 Another

128 810 124 25 obstacle
277 810 22 24 is
324 809 156 34 frequently
503 810 147 32 presented
674 810 38 33 by
736 809 48 24 the
807 809 50 24 red
886 808 107 33 shingle

129 855 82 33 being
227 855 107 33 heaped
354 864 36 24 up
413 856 36 32 by
461 855 48 25 the
528 864 47 16 sea
597 860 28 20 at
646 855 47 25 the
713 855 66 25 base
801 854 30 25 of
846 854 48 25 the
913 854 79 29 cliffs,

129 901 54 25 and
197 901 130 33 covering
340 901 47 25 the
401 901 80 25 shore
498 904 29 22 to
547 910 16 16 a
581 900 191 26 considerable
791 900 96 32 depth.
924 899 70 26 This

130 946 107 33 shingle
259 946 51 24 has
330 947 69 24 been
420 954 75 17 worn
517 947 36 32 by
569 946 47 24 the
636 954 80 24 surge
733 949 29 21 to
783 945 68 25 such
866 954 16 16 a
895 945 99 33 degree

128 992 31 25 of
178 992 175 25 smoothness
376 992 54 24 and
452 991 135 34 mobility,
610 992 61 24 that
694 992 47 24 the
760 991 57 24 foot
839 990 75 25 sinks
940 990 55 25 and

129 1037 84 24 slides
227 1041 28 20 at
269 1045 82 25 every
365 1041 69 29 step,
448 1045 129 24 progress
597 1037 81 32 being
696 1037 67 24 slow
776 1036 54 24 and
844 1036 149 34 laborious^

129 1081 78 30 This,
222 1081 146 26 combined
388 1081 67 26 with
476 1082 47 25 the
542 1081 142 25 continual
702 1081 119 33 wasting
840 1081 54 25 and
911 1081 83 25 disin-

130 1127 137 33 tegration
288 1127 29 26 of
337 1128 47 25 the
408 1128 88 33 sandy
516 1128 54 24 and
591 1128 96 32 clayey
706 1127 70 25 cliffs
796 1127 97 29 above,
913 1136 82 24 every

131 1173 66 24 rock
211 1172 160 33 containing
384 1172 91 25 fossils
493 1173 129 24 becomes
641 1172 117 25 covered
774 1180 37 24 up
825 1172 54 25 and
892 1171 103 26 hidden

131 1217 69 25 from
222 1218 48 24 the
291 1218 79 25 view.
408 1217 68 25 This
498 1221 148 21 statement
667 1226 64 24 may
751 1217 58 24 also
831 1217 34 24 be
884 1216 111 33 applied

132 1267 29 19 to
173 1263 48 23 the
235 1263 135 23 Crackers
383 1263 128 23 division.

179 1308 60 25 The
253 1308 75 33 Bays
347 1317 46 16 are
412 1309 36 24 all
467 1317 71 23 open
558 1312 28 21 to
605 1308 47 25 the
672 1308 91 29 south,
777 1308 48 25 the
844 1308 76 25 sun's
934 1316 62 25 rays

133 1353 82 33 being
236 1354 197 25 concentrated
455 1354 37 33 by
514 1353 150 29 reflection,
686 1362 29 16 so
737 1353 61 25 that
818 1353 47 25 the
884 1353 65 25 heat
968 1357 28 21 at

133 1398 47 25 the
202 1400 66 23 base
288 1398 29 25 of
334 1399 48 24 the
404 1399 69 24 cliffs
496 1399 28 24 in
546 1399 46 24 the
615 1399 70 24 after
703 1403 62 28 part
786 1398 31 25 of
835 1399 48 24 the
901 1399 55 33 day
974 1398 23 25 is

132 1444 139 29 reflected,
283 1445 54 24 and
351 1445 105 33 greatly
467 1445 138 25 increases
614 1445 47 25 the
672 1445 100 33 feeling
781 1445 30 25 of
822 1445 174 25 exhaustion.

133 1489 78 24 Even
235 1489 47 24 the
307 1489 69 24 keen
405 1489 140 29 collector,
571 1490 37 33 by
631 1490 48 25 the
704 1489 66 26 time
796 1490 154 25 Atherfield
974 1489 23 26 is

131 1534 119 24 reached
274 1534 32 33 (if
325 1538 47 21 not
395 1534 103 33 before)
520 1534 55 26 will
598 1535 82 32 begin
702 1539 28 21 to
750 1535 51 26 feel
819 1536 35 25 he
873 1536 51 25 has
942 1536 55 25 had

132 1579 117 32 enough,
264 1579 54 25 and
332 1579 54 26 will
404 1580 138 32 probably
554 1581 103 24 ascend
675 1585 27 20 at
723 1581 47 24 the
785 1581 92 30 Point,
892 1586 105 21 return-

132 1622 46 33 ing
196 1632 35 16 on
250 1627 49 28 top
317 1623 30 25 of
363 1624 46 25 the
428 1624 64 25 cliff.
