1117 1922
119 188 48 16 220

460 188 168 16 ADDENDUM.

192 260 59 23 The
276 259 143 32 primæval
443 260 71 24 river
540 260 22 24 is
586 263 47 21 not
659 255 178 35 represented
862 255 37 32 by
924 262 55 24 any

117 304 119 32 existing
249 308 111 20 stream.
398 304 40 24 Its
458 313 96 16 course
574 313 51 15 can
644 304 64 32 only
721 303 35 24 be
773 299 118 35 guessed
905 303 28 20 at
948 306 30 16 as

117 348 103 32 having
233 348 135 33 probably
377 348 69 25 been
460 348 138 25 eastward
608 357 6 20 ;
632 348 36 24 its
681 350 94 22 extent
785 346 22 24 is
822 344 139 26 unknown
972 351 6 21 ;

119 392 36 25 its
168 393 121 28 borders,
305 392 35 25 its
360 393 84 29 lakes,
459 393 54 25 and
533 393 90 25 where
642 392 21 25 it
683 396 55 21 met
757 392 49 24 the
825 399 47 16 sea
885 388 30 26 of
931 388 47 26 the

118 436 95 33 period
233 446 46 16 are
298 441 47 21 not
364 441 45 28 yet
430 437 128 32 mapped.
597 438 40 24 Its
658 446 83 23 many
758 440 119 20 streams
897 433 82 25 made

117 482 175 25 flood-banks
316 482 53 24 and
388 481 98 29 deltas,
500 482 54 24 and
576 491 76 15 some
669 480 111 34 portion
800 480 29 25 of
846 480 35 24 its
901 482 77 29 great

118 531 112 29 estuary
251 528 46 31 lay
318 527 74 28 here,
418 526 27 25 in
467 527 74 24 what
566 526 23 25 is
614 536 62 16 now
697 526 49 25 the
770 526 157 25 south-east
953 523 29 25 of

121 572 136 32 England,
272 572 91 24 where
382 571 66 25 land
468 572 54 24 and
545 580 46 16 sea
611 571 64 25 held
693 580 67 24 very
773 570 127 26 different
919 573 60 21 out-

118 617 69 24 lines
201 617 54 24 and
268 616 114 25 relative
402 617 84 24 levels
505 616 69 25 from
592 616 74 25 what
680 620 28 21 at
722 619 111 27 present

165 663 32 23 In
219 661 97 25 earlier
338 660 80 25 times
437 661 56 24 this
513 661 72 24 river
604 661 55 24 had
679 660 120 33 brought
821 660 81 25 down
925 659 54 25 and

117 706 145 34 deposited
280 709 77 30 great
378 705 150 33 quantities
553 705 29 24 of
601 705 78 29 sand,
698 705 137 33 probably
857 705 79 24 when
958 704 21 25 it

119 751 55 26 had
189 761 14 15 a
217 760 75 16 more
305 750 80 33 rapid
398 754 110 21 current
522 751 55 23 and
591 751 81 23 could
686 759 80 25 carry
776 751 81 32 along
868 750 111 24 heavier

117 796 127 27 detritus.
282 796 78 25 Even
380 795 81 33 along
474 795 67 25 with
560 795 79 25 these
654 795 84 25 sands
751 795 84 25 much
848 796 62 32 clay
923 804 56 17 was

117 842 154 33 deposited,
285 842 54 25 and
358 841 20 25 it
398 840 23 26 is
440 840 27 25 in
487 841 77 25 these
584 840 96 26 earlier
696 840 82 26 times
791 841 60 25 that
865 850 41 17 we
919 841 59 26 first

117 889 56 24 find
184 892 91 21 traces
285 887 83 24 ofthe
378 886 122 33 gigantic
509 887 150 24 Dinosauria
671 886 134 33 (frightful
815 887 122 33 lizards),
949 895 30 16 so

117 932 209 26 characteristic
343 931 30 25 of
390 932 47 23 the
456 931 157 24 formation.
652 932 25 23 It
697 931 22 24 is
738 935 47 21 not
806 931 173 33 improbable

117 979 61 25 that
191 978 47 26 the
251 977 160 25 freshwater
424 977 160 24 limestones
597 977 55 24 and
665 977 76 33 clays
754 977 30 25 of
794 977 47 24 the
851 977 128 25 Purbeck

117 1023 84 26 series
215 1032 46 16 are
275 1022 55 26 still
343 1022 97 25 earlier
454 1022 120 31 vestiges
587 1022 30 25 of
631 1022 47 25 the
691 1022 72 25 river
777 1022 54 25 and
845 1022 35 25 its
894 1023 84 25 work.

163 1070 42 24 To
225 1069 141 32 speculate
383 1077 35 16 on
438 1068 48 25 the
504 1068 46 25 old
568 1068 66 25 land
653 1068 115 25 drained
786 1069 38 32 by
835 1069 48 24 the
896 1077 83 25 many

117 1119 127 24 streams,
258 1114 91 25 which
368 1114 94 33 finally
472 1114 95 32 joined
586 1114 27 24 in
629 1122 60 21 one,
703 1114 23 24 is
740 1122 35 17 no
789 1123 66 25 easy
868 1118 110 25 matter,

117 1161 49 25 but
179 1160 69 25 from
262 1160 47 24 the
322 1164 99 20 nature
433 1159 30 25 of
473 1160 47 24 the
533 1160 158 32 vegetation
704 1169 42 16 we
758 1169 65 24 may
835 1160 69 25 infer
917 1161 61 25 that

117 1206 83 25 sands
214 1206 54 24 and
281 1205 75 33 clays
369 1204 219 33 predominated.
628 1206 24 24 It
672 1205 23 25 is
709 1205 105 26 certain
827 1206 61 25 that
903 1215 76 16 some

117 1250 147 33 felspathic
278 1250 54 25 and
345 1250 158 26 micaceous
516 1251 81 25 rocks
611 1252 58 24 also
683 1251 116 30 existed,
813 1251 41 25 for
867 1261 40 16 we
921 1253 57 24 find

117 1300 90 21 traces
220 1295 29 25 of
265 1296 75 24 them
360 1295 27 25 in
406 1296 48 24 the
472 1296 112 25 various
597 1297 124 32 deposits
735 1297 29 25 of
780 1298 47 24 the
840 1298 138 24 Wealden

116 1349 72 14 area.

163 1386 84 23 From
266 1386 48 23 the
333 1385 167 33 vegetation,
521 1395 41 16 we
581 1386 99 33 gather
699 1387 62 26 that
780 1387 49 26 the
847 1388 47 26 old
912 1388 66 26 land

117 1430 116 33 enjoyed
247 1439 14 15 a
275 1430 96 33 higher
385 1434 187 29 temperature
591 1431 67 25 than
675 1441 54 25 any
741 1437 63 28 part
818 1433 29 25 of
863 1435 115 24 modern

118 1476 120 32 Europe,
260 1475 55 25 and
335 1476 47 24 the
402 1475 134 26 immense
554 1477 152 25 Dinosauria
727 1479 82 24 could
835 1483 49 21 not
906 1480 72 25 have

117 1520 105 25 existed
243 1524 98 28 except
363 1521 86 25 under
470 1522 47 24 the
538 1523 175 32 exceptional
734 1524 54 25 and
807 1534 86 16 warm
914 1535 64 16 con-

117 1564 101 25 ditions
231 1565 161 33 prevailing.
430 1566 162 25 Coniferous
609 1571 72 22 trees
695 1568 151 27 flourished
858 1570 29 25 in
901 1575 77 29 great

118 1609 163 25 abundance
291 1618 5 21 ;
323 1611 102 32 cycads
450 1612 53 23 and
526 1612 144 26 tree-ferns
695 1614 158 26 luxuriated
878 1616 28 25 in
931 1618 47 24 the

117 1653 82 26 lower
223 1654 99 29 levels;
346 1654 27 25 in
394 1655 48 24 the
464 1656 100 24 deltaic
584 1657 75 32 plain
685 1659 55 25 and
762 1660 148 32 bordering
932 1662 46 26 the

244 1708 10 10 *
262 1709 71 20 Dixon,
366 1710 83 21 Geology
457 1711 19 16 of
587 1712 38 17 2nd
632 1712 59 22 Edit.,
702 1715 48 20 1878,
758 1720 21 15 p.
788 1718 38 16 133.
