1117 1922
174 174 46 23 128

468 182 137 16 TERTIARY
626 181 107 17 SERIES.

218 252 60 26 The
297 253 99 32 pebble
415 254 53 25 bed
488 258 27 21 at
530 253 157 26 Whitecliff
704 253 61 32 Bay
785 251 23 24 is
827 249 124 26 overlaid
972 249 36 32 by
1023 257 15 15 a

172 299 74 34 layer
260 300 29 24 of
303 300 200 25 buff-coloured
523 301 83 24 sands
619 309 4 19 ;
644 300 89 24 above
758 297 56 26 this
834 296 50 26 lies
903 305 16 15 a
939 295 53 25 bed
1012 294 28 25 of

173 344 68 25 hard
256 346 158 28 sandstone,
428 345 48 24 full
490 345 29 24 of
536 346 108 31 Ditrupa
657 345 85 32 plana,
757 342 91 26 which
868 349 67 17 runs
948 344 48 21 out
1011 344 28 20 to

173 390 46 23 the
234 398 54 19 sea,
303 390 54 24 and
377 390 22 24 is
419 390 98 24 visible
537 394 27 20 at
585 390 52 24 low
650 393 93 24 water..

220 434 85 33 Many
323 443 80 24 years
422 443 60 23 ago,
509 434 79 25 when
607 433 124 32 working
756 432 27 24 in
804 429 159 27 Whitecliff
979 430 61 32 Bay

173 487 34 16 on
230 479 47 24 the
300 479 99 25 Lower
421 479 160 28 Tertiaries,
598 479 10 24 I
632 478 129 25 detected
781 486 16 15 a
818 475 103 26 second
940 475 54 25 bed
1012 474 30 26 of

172 524 111 32 Ditrupa
305 524 105 25 further
435 533 28 16 to
486 525 46 24 the
555 528 67 22 west
646 524 68 25 than
736 523 61 25 that
822 521 160 25 mentioned
1005 522 35 33 by

174 569 73 25 Prof.
272 570 114 24 Forbes.
431 570 41 24 To
495 571 36 23 all
557 578 174 23 appearance
757 568 56 25 this
836 567 75 25 band
934 576 56 16 was
1012 567 28 24 in

173 615 46 24 the
239 615 116 24 mottled
373 616 85 32 clays,
473 616 54 23 and
546 614 140 25 consisted
708 613 30 26 of
755 622 15 16 a
790 622 66 24 very
875 621 97 17 coarse
991 613 48 25 red

174 659 77 24 sand.
290 659 73 24 Prof.
379 659 162 29 Prestwich,
556 659 27 24 in
603 659 43 24 his
695 660 151 23 Basement
868 658 60 25 Bed
948 657 30 26 of
993 658 47 25 the

176 705 118 24 London
450 704 77 33 gives
553 713 15 16 a
592 704 105 25 section
717 703 30 25 of
765 703 56 25 this
841 703 122 34 locality,
987 704 53 24 and

175 749 136 25 mentions
334 750 48 24 the
407 758 166 16 occurrence
599 749 29 25 of
650 754 55 20 two
731 748 124 33 deposits
881 749 160 32 containing

175 794 118 32 Ditrupa.
333 793 127 34 Possibly
480 794 46 25 the
546 794 53 25 bed
615 794 11 24 I
643 793 69 26 refer
731 798 29 21 to
780 793 23 25 is
822 793 47 26 the
888 793 83 26 lower
990 802 51 17 one

175 839 29 25 of
215 840 46 25 the
275 843 54 22 two
343 839 81 32 given
438 839 27 25 in
479 839 43 25 his
537 839 114 26 section.

222 885 59 24 The
292 885 68 24 floor
372 885 29 24 of
411 885 47 24 the
471 886 68 32 Bay,
551 885 149 33 especially
710 885 100 32 during
820 885 48 24 the
878 885 163 32 prevalence

175 931 30 24 of
223 940 16 15 a
252 936 67 20 west
333 931 82 28 wind,
429 931 24 24 is
473 935 27 20 at
520 930 82 25 times
621 935 87 28 swept
728 931 78 24 clean
825 931 37 33 by
880 931 48 24 the
940 939 101 20 waves,

175 976 49 25 but
246 975 65 30 this,
335 975 54 26 and
412 976 79 24 other
513 975 91 34 ridges
630 975 29 25 of
681 976 48 24 the
751 975 100 25 harder
877 980 96 24 strata,
996 984 45 16 are

175 1020 155 33 frequently
344 1021 117 25 covered
480 1020 68 26 with
567 1021 69 25 sand
655 1020 41 26 for
715 1021 91 25 weeks
824 1021 136 32 together.

224 1067 25 24 It
262 1066 55 25 will
337 1067 34 24 be
390 1075 31 16 as
440 1067 61 24 well
521 1070 27 21 to
569 1070 73 21 state
660 1066 61 25 that
742 1067 85 24 about
848 1074 32 24 35
899 1066 53 25 feet
972 1066 69 25 from

174 1113 48 25 the
244 1113 142 24 basement
409 1113 78 23 there
515 1112 22 24 is
566 1121 15 15 a
610 1120 68 16 zone
701 1112 29 24 of
755 1113 119 32 Panopæa
891 1113 149 28 intermedia,

175 1158 54 24 and
247 1158 168 32 Pholadomya
434 1158 175 32 margaritacœ,
624 1158 68 25 both
713 1158 84 24 shells
820 1158 132 33 occuring
974 1158 67 26 with

175 1202 72 26 their
261 1203 94 25 valves
376 1203 101 29 closed,
493 1202 124 33 showing
637 1203 60 25 that
717 1203 84 25 death
819 1204 133 25 overtook
966 1204 75 25 them

175 1248 27 25 in
216 1249 47 25 the
277 1248 121 32 position
416 1248 28 25 in
458 1248 91 26 which
568 1249 67 33 they
648 1254 46 20 aire
714 1257 62 17 now
793 1248 94 26 found.
926 1250 36 24 At
978 1249 63 32 50ft.

174 1294 48 25 the
244 1294 73 24 band
337 1293 29 25 of
384 1294 111 33 Ditrupa
510 1295 77 32 plana
606 1303 108 20 occurs,
733 1296 54 23 and
808 1299 27 21 at
856 1295 64 25 80ft.
935 1304 16 16 a
969 1296 72 25 well-

176 1339 113 24 marked
306 1340 74 23 band
399 1339 29 24 of
445 1340 80 23 small
546 1340 102 24 Cardita
664 1340 144 33 planicosta,
823 1340 154 33 indicating
996 1341 45 25 the

175 1392 118 22 passage
306 1384 58 24 into
378 1384 48 24 the
440 1384 200 25 Bracklesham
654 1385 77 25 beds.

388 1712 7 8 *
407 1712 61 18 Quart.
477 1712 66 16 Journ.
555 1712 48 16 Geol.
614 1712 45 19 Soc,
668 1712 24 17 vi.
703 1713 47 20 1850,
759 1718 19 15 p.
788 1715 38 16 256.
