1117 1922
370 161 56 15 THE
448 161 149 15 SOUTHERN
619 161 106 15 DOWNS.

942 161 29 22 93

123 233 164 27 Calbourne,
313 232 53 24 and
392 232 101 24 Brook.
548 233 102 23 Across
679 232 76 24 these
780 232 103 33 valleys
901 240 71 16 com-

122 277 169 25 munication
310 277 123 25 between
453 277 46 25 the
519 277 91 25 North
630 277 53 25 and
703 277 87 25 South
812 277 117 25 division
948 277 30 24 of

121 322 47 25 the
196 322 93 25 Island
314 321 23 25 is
362 321 106 26 carried
492 331 44 16 on.
586 323 58 24 The
669 331 83 24 range
779 332 65 15 runs
868 322 66 26 with
960 331 15 16 a

122 367 109 25 smooth
254 367 54 25 and
330 367 163 32 undulating
517 367 103 25 outline
645 369 98 24 almost
769 367 115 33 straight
907 367 69 25 from

122 412 167 32 Bembridge
319 413 88 24 Down
430 416 28 21 to
484 413 40 24 St.
547 413 133 32 George's
702 414 97 27 Down,
823 413 152 24 south-east

122 456 29 25 of
163 457 141 32 Newport,
319 458 90 24 where
428 457 20 25 it
468 458 160 24 terminates
647 458 134 32 suddenly
793 457 66 25 with
878 465 16 16 a
912 457 65 24 bold

122 502 59 24 face
205 506 27 20 at
254 502 48 24 the
321 503 89 32 valley
430 502 29 25 of
476 503 47 24 the
543 502 120 25 Medina.
701 502 59 24 The
778 502 78 24 other
875 502 58 24 side
951 501 30 24 of

122 547 47 25 the
191 547 90 33 valley
300 547 48 24 the
368 556 83 24 range
473 547 78 24 takes
572 556 14 15 a
609 547 140 32 southerly
768 546 142 29 direction,
924 546 54 24 and

122 592 89 32 losing
230 592 35 24 its
286 592 97 32 simple
405 592 103 25 outline
530 592 84 24 forms
640 601 15 15 a
675 592 109 28 double,
804 599 30 17 or
853 591 28 24 in
903 599 75 16 some

122 637 94 32 places
238 646 15 15 a
274 637 80 32 triple
375 637 62 25 line.
486 637 69 25 This
575 646 97 17 occurs
692 637 122 25 between
840 636 138 26 Gatcomb

124 681 54 25 and
194 681 125 29 Brixton,
334 685 28 22 at
376 681 90 26 which
486 682 81 25 latter
586 682 78 32 place
684 681 19 26 it
724 681 80 32 again
823 680 89 26 unites
926 681 53 25 and

123 735 124 16 resumes
276 725 36 26 its
341 726 86 26 direct
453 728 127 32 westerly
604 735 96 17 course
713 735 4 20 ;
746 726 103 25 broken
873 726 37 33 by
933 726 47 25 the

125 771 88 25 Chine
232 775 28 21 at
281 772 173 24 Freshwater
475 773 81 28 Gate,
576 772 20 24 it
616 772 67 24 ends
702 771 27 25 in
748 771 47 25 the
813 771 65 25 bold
896 771 82 25 head-

124 817 64 24 land
202 816 91 25 which
313 817 84 24 forms
415 817 48 24 the
481 817 178 32 magnificent
679 817 68 24 cliffs
767 816 29 25 of
813 817 167 24 Scratchells

125 862 54 25 and
194 862 46 25 the
255 862 128 25 Needles.
421 862 60 25 The
499 867 120 28 greatest
636 862 94 33 height
745 862 122 24 attained
880 862 36 33 by
929 870 53 25 any

125 912 62 28 part
205 907 29 25 of
250 907 48 25 the
318 908 163 32 (Northern)
501 917 84 23 range
604 907 22 25 is
648 912 27 20 at
700 906 162 26 Mottistone
884 907 98 29 Down,

125 953 91 25 where
234 952 21 25 it
275 951 68 26 rises
363 956 28 21 to
410 961 16 16 a
445 952 95 32 height
559 952 30 25 of
604 953 33 24 66
642 961 10 15 1
674 951 51 25 feet
746 952 87 24 above
848 951 47 25 the
913 952 69 25 level

125 997 29 24 of
171 997 46 24 the
238 1006 55 15 sea.

367 1094 63 23 The
451 1093 155 24 Southern
626 1093 116 24 Downs.

172 1179 60 24 The
250 1177 139 26 Southern
403 1175 77 33 point
498 1174 29 25 of
541 1174 47 25 the
608 1173 101 28 Island,
724 1172 67 25 from
808 1171 132 26 Shanklin
954 1175 28 20 to

127 1224 95 28 Chale,
244 1223 23 24 is
290 1221 108 33 capped
420 1220 66 25 with
508 1219 115 24 another
642 1217 89 26 loftier
751 1218 49 24 but
819 1216 40 25 far
877 1216 106 25 shorter

126 1278 84 24 range
229 1268 30 25 of
276 1267 89 26 Chalk
386 1267 112 26 Downs,
517 1265 66 24 with
602 1264 94 32 nearly
714 1262 153 25 horizontal
887 1265 94 24 strata,

127 1315 84 32 rising
225 1313 67 26 with
305 1311 143 26 excessive
461 1315 141 27 steepness
616 1308 69 25 from
698 1308 48 24 the
758 1316 47 15 sea
818 1311 28 20 to
860 1315 15 16 a
889 1306 93 32 height

126 1360 29 26 of
174 1359 96 33 nearly
289 1359 51 24 800
365 1357 62 29 feet,
451 1356 54 25 and
525 1354 157 33 expanding
704 1354 57 23 into
784 1362 15 15 a
818 1352 86 25 broad
922 1360 61 24 pro-

127 1410 135 28 montory,
276 1404 48 25 the
337 1403 132 25 southern
482 1399 176 26 termination
673 1398 29 26 of
712 1398 89 26 which
816 1398 22 24 is
851 1397 133 32 occupied

126 1452 36 33 by
182 1451 47 24 the
250 1448 179 34 picturesque
451 1450 121 21 terraces
595 1444 29 25 of
646 1444 47 25 the
719 1442 159 26 Undercliff.
926 1442 59 23 The

127 1498 104 24 Downs
254 1503 50 16 run
326 1492 94 26 inland
442 1492 28 24 in
492 1492 64 31 long
578 1498 106 16 narrow
705 1497 88 23 spurs,
817 1486 111 26 divided
950 1487 35 32 by

125 1542 70 32 deep
209 1541 105 32 valleys
327 1538 67 25 with
414 1536 169 33 precipitous
602 1534 82 29 sides,
699 1533 53 25 and
771 1532 71 26 their
856 1532 129 25 northern

126 1589 191 30 escarpments
337 1584 69 24 form
423 1582 64 26 bold
502 1580 78 28 cliffs,
594 1579 85 32 rising
692 1577 213 34 conspicuously
917 1576 68 25 from

126 1633 48 25 the
194 1629 164 28 Greensand
377 1628 114 32 valleys.
528 1625 91 25 These
638 1632 80 24 spurs
737 1623 100 24 extend
856 1621 68 25 from
945 1621 40 26 St.

127 1676 174 28 Catherine's
313 1675 89 26 Down
412 1681 35 17 on
458 1673 47 24 the
514 1671 91 27 West,
616 1674 28 21 to
656 1670 131 24 Dunnose
800 1676 35 16 on
848 1667 47 25 the
906 1667 79 24 East-
