1117 1922
144 182 28 16 22

403 179 137 19 WEALDEN
568 179 168 19 FORMATION,

229 260 23 25 5.
273 253 77 25 Dark
369 261 66 24 grey
451 252 92 26 shales
555 261 5 20 ;
581 252 90 33 Cypris
688 250 96 34 spinosa
792 250 14 24 ?
826 249 30 25 C.
872 246 134 27 Valdensis.

315 286 162 26 Limestone
490 286 111 33 parting
611 295 5 20 ;
637 286 96 27 bones,
746 284 87 28 teeth,
847 281 161 26 occasional

315 325 106 29 oysters
433 329 6 22 ;
459 321 83 24 much
561 320 113 33 pyrites,
689 321 17 30 £
724 318 74 25 inch.

229 357 25 23 6.
274 356 78 24 Dark
370 363 66 25 grey
458 356 90 24 shales
571 355 66 24 with
658 352 159 27 occasional
836 351 62 26 thin
919 350 89 25 bands

315 390 30 24 of
367 390 158 24 sandstone.
570 389 89 33 Cypris
688 387 135 29 Valdensis,
849 386 30 25 C.
905 384 103 34 spinosa,

315 423 135 25 Paulidina
467 424 117 32 elongata.

231 465 23 25 7.
275 457 215 32 Septarian-like
503 458 97 32 yellow
618 456 88 33 sandy
718 456 147 25 limestone
876 463 4 21 ;
901 457 107 30 oysters

320 500 10 15 1
351 495 29 20 to
400 500 14 15 2
433 491 104 24 inches.

230 528 24 23 8.
275 526 77 25 Dark
377 526 100 29 shales,
503 526 67 24 with
596 525 93 33 cypris
714 533 31 17 as
770 524 89 25 above
872 533 5 19 ;
904 522 105 26 minute

318 560 184 24 Anoden-like
520 560 134 28 bivalves,
677 568 10 15 1
709 559 57 24 foot
785 567 16 23 9
821 558 105 25 inches.

230 603 24 24 9.
275 594 95 33 Sandy
394 594 208 33 septarian-like
635 594 147 24 limestone
812 593 76 25 band
900 601 5 21 ;
933 593 76 32 large

317 628 125 26 rounded
461 629 103 31 Cyrena,
586 637 14 16 2
619 627 105 26 inches.

216 671 39 17 10.
276 663 78 25 Dark
373 663 91 25 shales
484 663 54 25 and
560 663 93 28 marls,
677 661 157 33 crumbling
856 661 27 25 in
906 662 102 32 places,

318 697 54 25 and
391 697 67 25 with
483 697 127 32 greenish
635 696 161 25 confervoid
822 696 140 33 markings
982 695 27 26 in

316 732 126 32 patches.
481 732 88 33 Cypris
591 732 124 24 Valdensis
735 732 55 24 and
812 732 30 24 C.
864 732 145 24 tuberculata

319 766 96 24 below.

217 808 38 18 11.
276 801 101 33 Cyclas
400 800 54 26 and
476 800 169 30 bone-band,
668 800 67 26 with
757 800 92 26 shales
869 800 55 26 and
949 799 59 27 thin

320 836 73 23 band
415 835 30 24 of
462 835 155 24 limestone.

217 877 38 17 12.
277 870 91 33 Paper
387 870 100 29 shales,
502 870 67 25 with
587 869 61 26 thin
668 870 88 33 sandy
774 870 98 25 bands.

217 913 39 24 13.
276 904 78 26 Dark
380 913 86 24 paper
492 905 108 25 shales:
626 904 100 26 harder
746 905 83 29 band,
849 904 67 26 with
935 904 73 26 band

320 938 29 26 of
365 940 102 33 cyclas.

216 981 39 26 14.
276 973 162 26 Limestone
460 982 10 17 1
492 973 64 26 inch
567 982 5 22 ;
602 974 50 34 dry
671 974 108 25 surface
805 973 143 34 markings
973 982 35 17 on

320 1008 86 24 under
425 1008 68 24 side.

216 1051 39 24 15.
276 1043 76 33 Grey
364 1052 86 24 paper
464 1043 101 29 shales,
579 1044 78 32 paler
670 1043 54 25 and
742 1052 75 17 more
831 1044 97 32 clayey
940 1043 69 26 than

319 1074 79 29 those
419 1079 89 24 above
519 1087 6 20 ;
547 1079 76 32 large
643 1079 102 32 cyclas,
767 1078 110 25 smooth
899 1077 92 34 cypris
1003 1086 5 21 ;

319 1121 16 16 a
353 1112 72 26 little
442 1112 97 34 lignite
558 1113 55 24 and
632 1113 115 24 nodules
767 1113 29 24 of
812 1113 113 33 pyrites.

217 1148 39 24 16.
276 1147 105 25 Yellow
416 1147 88 33 sandy
537 1147 76 26 beds.
670 1147 125 25 Paludina
833 1147 55 25 and
921 1147 88 33 Cypris

317 1182 122 32 spinigera
453 1182 33 34 (?)
508 1190 36 17 on
564 1190 16 17 a
602 1181 61 26 thin
685 1182 74 25 band
781 1181 31 26 of
827 1182 113 33 pyrites.

217 1223 38 25 17.
276 1216 77 33 Grey
365 1216 101 30 shales,
481 1216 146 33 becoming
644 1225 76 16 more
739 1217 96 33 sandy,
850 1216 67 26 with
930 1225 79 17 occa-

319 1251 88 24 sional
426 1251 60 25 thin
506 1251 89 25 bands
613 1251 31 25 of
659 1251 98 33 yellow
777 1251 77 25 sand.

217 1286 38 24 18.
277 1285 110 25 Harder
407 1285 88 33 sandy
508 1286 99 32 layers,
620 1285 67 26 with
701 1286 172 32 Lonchopteris
884 1286 125 29 Mantelli,

217 1331 38 25 19.
276 1324 95 33 Sandy
390 1324 55 26 and
464 1325 208 25 carbonaceous
691 1325 27 25 in
738 1326 101 31 places.

215 1372 40 17 20.
277 1364 96 30 Marls,
403 1364 73 25 often
505 1365 48 24 red
581 1366 55 24 and
664 1366 73 29 blue,
766 1366 68 25 with
865 1371 91 20 traces
983 1365 29 26 of

318 1400 159 31 vegetables
490 1399 27 24 in
531 1400 117 24 nodular
662 1400 174 26 concretions
847 1409 4 21 ;
871 1410 35 16 no
919 1400 92 27 fossils

317 1433 145 24 observed.

214 1474 40 17 21.
275 1466 91 26 These
380 1467 68 26 beds
461 1477 79 16 come
553 1472 29 22 to
601 1469 48 25 the
667 1470 67 24 base
746 1469 31 25 of
793 1470 48 25 the
855 1470 59 25 cliff
924 1471 84 24 about

317 1510 53 17 one
394 1502 82 25 chain
502 1507 67 20 west
594 1503 30 25 of
647 1505 144 24 Cowleaze
817 1505 98 28 Chine,
943 1505 65 25 with

318 1535 108 33 waving
449 1537 88 25 bands
563 1537 29 25 of
617 1538 60 25 thin
701 1538 133 33 irregular
860 1540 55 25 and
939 1539 69 34 light

317 1571 130 24 coloured
466 1571 159 30 sandstone,
652 1573 161 33 containing
838 1583 91 16 seams
956 1575 52 24 and

317 1604 116 31 patches
453 1604 29 25 of
497 1606 49 25 red
565 1607 78 24 marl.

214 1645 40 17 22.
276 1638 59 24 Red
354 1639 160 29 sandstone,
534 1641 125 32 crossing
679 1643 116 24 Barnes'
817 1643 98 26 Chine.

214 1679 40 24 23.
276 1671 80 25 Hard
376 1673 88 32 sandy
483 1674 62 28 bed,
564 1675 68 24 with
651 1676 48 25 red
718 1677 79 25 marl.

214 1713 40 23 24.
276 1705 110 26 Harder
405 1707 89 24 bands
513 1708 30 24 of
558 1709 79 24 marl.
