1117 1922
456 149 93 16 WHITE
570 150 96 15 CHALK.

941 150 43 23 103

148 234 2 13 :
181 219 82 24 From
277 218 78 25 these
372 218 100 33 figures
486 219 20 25 it
520 220 54 24 will
592 221 33 23 be
638 229 63 15 seen
719 221 59 24 that
792 221 47 24 the
852 222 136 24 Southern

134 264 104 24 Downs
252 271 46 16 are
311 264 82 24 much
407 263 97 32 higher
517 264 67 24 than
598 265 78 24 those
689 265 29 24 of
728 266 47 23 the
788 266 103 24 central
906 266 83 31 ridge

134 308 54 24 and
202 316 30 16 as
245 308 47 24 the
311 311 88 21 strata
418 308 64 24 here
502 317 45 15 are
567 310 98 23 almost
684 310 162 28 horizontal,
859 310 90 25 wdiilst
963 310 26 24 in

133 351 47 25 the
195 351 77 32 ridge
292 352 65 32 they
377 360 44 16 are
441 361 75 15 more
536 361 29 15 or
584 354 53 23 less
657 354 122 28 vertical,
799 363 39 15 we
858 363 50 15 can
928 363 61 15 con-

134 396 72 25 sider
220 396 46 25 the
278 397 139 24 Southern
429 398 103 25 Downs
543 407 29 15 as
583 398 47 24 the
642 403 140 20 remnants
793 398 29 25 of
832 399 46 24 the
887 399 102 24 central

133 441 110 32 portion
266 441 28 24 of
313 441 47 24 the
380 445 77 29 great
480 442 150 29 anticlinal,
651 452 30 15 or
703 443 102 28 saddle,
825 443 57 25 into
902 443 87 25 which

134 487 46 23 the
200 487 90 23 Chalk
309 487 51 23 has
378 487 65 24 here
463 487 68 25 been
550 487 115 25 thrown.

182 531 83 25 From
278 531 49 25 the
339 532 123 25 rounded
476 532 54 25 and
547 532 57 25 turf
614 533 116 25 covered
745 533 110 25 summit
869 533 30 25 of
913 533 77 25 these

135 577 104 24 Downs
254 585 15 15 a
283 581 72 20 most
369 576 137 33 imposing
520 586 150 23 panorama
684 577 23 25 is
720 578 128 25 unfolded
859 587 4 20 ;
884 578 106 29 indeed,

135 630 35 16 no
184 622 78 24 other
277 621 109 32 portion
399 621 30 25 of
445 622 47 25 the
513 623 93 24 Island
619 622 54 25 will
692 624 88 23 better
794 631 83 25 repay
891 623 99 24 exami-

134 667 105 29 nation,
266 668 66 23 both
359 676 34 15 on
419 672 117 20 account
562 668 29 23 of
614 668 36 24 its
680 669 100 32 beauty
805 669 53 24 and
882 669 109 31 general

134 711 123 25 interest.
295 712 60 23 The
368 712 70 24 view
450 712 69 24 from
539 713 93 32 Ashey
648 713 135 24 sea-mark
802 721 35 16 on
856 713 60 24 that
929 718 61 27 part

134 757 30 24 of
175 758 47 23 the
236 757 89 24 Chalk
340 757 73 24 Hills
433 758 122 24 between
575 758 103 33 Messly
691 758 53 24 and
764 758 122 32 Brading
904 759 87 23 Down

135 802 23 24 is
181 802 181 33 particularly
383 802 62 24 fine.
492 802 67 24 This
582 802 137 24 sea-mark
741 802 24 25 is
788 802 26 24 in
837 802 68 25 form
926 802 29 25 of
977 812 15 15 a

134 847 153 32 triangular
310 847 135 32 pyramid,
467 847 65 25 with
554 847 35 25 its
610 857 70 22 apex
699 848 87 31 rough
805 848 53 25 and
880 849 111 24 broken.

136 893 25 24 It
183 901 56 16 was
261 892 110 25 erected
392 892 27 24 in
443 900 63 24 1735
526 897 28 20 to
573 892 132 25 facilitate
724 893 46 24 the
790 892 157 33 navigation
967 892 28 26 of

134 937 48 25 the
202 937 96 25 Solent
323 937 124 25 between
473 937 40 25 St.
541 938 113 23 Helen's
675 937 54 25 and
755 937 141 32 Spithead.
935 938 59 24 The

134 982 71 25 view
235 983 50 23 has
318 983 69 23 been
418 982 64 24 thus
511 982 143 24 described
682 983 36 32 by
746 983 46 23 the
820 983 67 24 Rev.
916 983 77 32 Legh

136 1027 157 24 Richmond
304 1037 4 14 :
312 1043 33 2 —

209 1072 166 26 Southward
389 1072 47 25 the
449 1072 69 25 view
532 1072 22 24 is
573 1072 164 24 terminated
753 1072 36 33 by
802 1081 16 15 a
835 1072 63 33 long
912 1081 81 24 range

134 1117 30 26 of
181 1118 63 25 hills
266 1117 155 34 (Shanklin,
445 1118 136 28 Wroxall,
604 1117 55 25 and
679 1117 263 33 Appuldurcombe),
966 1122 27 20 at

134 1165 86 23 about
241 1163 42 25 six
302 1162 78 26 miles
400 1162 112 26 distant.
552 1163 77 32 They
648 1166 71 21 meet
738 1166 28 21 to
785 1162 47 25 the
850 1163 143 25 westward

134 1209 116 24 another
272 1208 81 25 chain
371 1207 29 25 of
416 1207 72 29 hills,
503 1207 29 25 of
548 1207 90 25 which
658 1207 46 25 the
723 1216 52 16 one
791 1207 127 25 whereon
933 1207 10 24 I
959 1206 34 26 sit

134 1255 84 24 forms
233 1263 16 15 a
261 1254 66 28 link,
348 1254 54 23 and
421 1254 47 23 the
482 1254 87 24 whole
587 1253 124 32 together
725 1253 94 32 nearly
831 1260 162 24 encompass

134 1310 16 15 a
172 1299 60 26 rich
255 1299 54 25 and
328 1299 105 24 fruitful
453 1299 97 33 valley,
571 1299 74 23 filled
666 1298 67 24 with
758 1298 156 24 corn-fields
940 1298 53 24 and

134 1349 137 28 pastures.
309 1343 133 33 Through
461 1343 55 25 this
530 1343 61 25 vale
603 1342 89 26 winds
711 1351 16 15 a
747 1343 77 23 small
839 1345 101 21 stream
954 1342 39 24 for

134 1391 79 24 miles
225 1399 5 21 ;
250 1390 65 25 here
338 1389 54 25 and
414 1389 78 25 there
516 1389 84 24 lesser
625 1387 155 25 eminences
803 1387 71 25 arise
895 1387 27 24 in
946 1387 47 25 the

134 1437 99 33 valley,
248 1445 75 16 some
344 1435 117 25 covered
481 1434 66 26 with
567 1434 87 29 wood,
675 1434 94 25 others
790 1433 66 25 with
879 1442 64 15 corn
963 1442 30 15 or

134 1491 87 24 grass,
244 1481 55 25 and
322 1490 15 15 a
360 1481 50 24 few
432 1480 66 25 with
522 1480 83 23 heath
628 1487 30 16 or
680 1479 66 24 fern.
793 1479 59 24 One
871 1477 29 25 of
916 1477 77 25 these

134 1528 63 25 hills
220 1527 23 25 is
266 1526 201 33 distinguished
490 1526 36 32 by
548 1533 16 15 a
587 1524 103 24 church
714 1524 79 32 (New
820 1523 120 32 Church)
965 1526 27 21 at

134 1574 47 24 the
200 1577 57 28 top,
272 1571 160 34 presenting
449 1580 15 15 a
484 1570 116 32 striking
616 1569 105 24 feature
734 1569 27 23 in
775 1569 46 23 the
835 1568 156 31 landscape.

134 1619 132 32 Villages,
299 1617 144 28 churches,
479 1619 211 28 country-seats,
722 1614 191 28 farm-houses,
939 1614 53 23 and

134 1669 126 27 cottages
273 1672 47 17 are
333 1661 139 27 scattered
485 1669 65 17 over
564 1664 61 30 part
644 1659 30 26 of
690 1659 46 26 the
750 1659 130 25 southern
894 1659 96 34 valley.
