1117 1922
500 128 164 15 ADDENDUM.

962 128 45 22 231

145 192 31 25 of
195 194 168 26 Bonchurch
383 197 54 24 and
458 197 39 25 St.
519 198 159 26 Lawrence,
693 206 30 15 as
742 197 59 25 well
823 206 29 15 as
871 206 75 15 some
959 196 49 26 few

144 237 31 24 of
195 239 48 24 the
265 244 98 28 gentry
382 241 54 24 and
454 240 173 25 inhabitants
646 241 29 24 of
697 242 124 23 Ventnor
834 250 4 19 ;
859 243 54 22 and
933 242 11 23 I
965 250 43 15 am

144 281 132 26 indebted
290 284 58 24 also
362 288 28 20 to
404 284 47 24 the
464 284 138 33 liberality
616 285 54 23 and
688 284 94 32 public
797 284 78 33 spirit
894 285 114 25 evinced

143 327 37 32 by
193 327 47 24 the
253 332 111 27 present
379 328 159 24 committee
552 328 29 24 of
597 328 47 24 the
665 328 130 25 Institute
809 328 28 24 in
856 329 152 32 seconding

144 379 46 24 my
216 372 173 23 endeavours
414 372 28 23 in
467 372 147 32 providing
638 376 63 28 part
726 372 30 25 of
777 372 47 25 the
849 382 78 15 cases
953 374 54 24 and

143 415 48 25 the
204 415 133 33 requisite
351 424 83 24 space
448 416 39 24 for
501 416 47 26 the
562 416 152 25 exhibition
728 416 29 25 of
768 417 46 24 the
828 417 144 25 collection
974 433 33 3 —

143 468 75 17 some
231 460 29 24 of
276 460 48 24 the
343 469 78 16 cases
440 460 103 33 having
563 461 68 24 been
651 461 84 25 about
755 461 46 25 the
822 461 130 25 Institute
966 462 39 25 for

144 514 15 16 a
182 506 65 31 long
265 504 67 26 time
350 504 28 25 in
398 514 37 16 an
453 505 173 32 unarranged
640 505 149 26 condition.
827 506 99 29 These,
939 506 67 26 with

143 550 102 29 others,
271 560 46 15 are
350 552 41 31 (as
423 550 92 25 before
541 551 101 32 stated)
669 560 61 16 now
756 552 133 31 arranged
915 551 90 25 strati-

144 596 181 33 graphically,
345 596 138 24 classified
505 596 55 24 and
582 597 108 28 named,
712 605 29 15 as
763 605 62 16 now
847 596 141 25 exhibited
1000 605 5 21 ;

143 642 55 24 and
223 642 11 24 I
258 642 72 32 hope
352 642 54 25 will
427 642 34 24 be
483 642 47 24 the
551 650 95 16 means
668 642 30 24 of
716 642 150 32 attracting
885 642 120 28 visitors,

144 687 54 25 and
220 687 135 33 probably
377 688 80 24 those
482 687 29 25 of
533 687 47 25 the
606 687 172 25 inhabitants
804 687 61 25 who
890 696 64 24 may
972 687 34 25 be

143 732 45 25 led
218 733 36 32 by
278 733 78 25 these
387 742 94 15 means
513 736 28 21 to
572 732 166 32 investigate
763 733 47 24 the
836 732 119 25 remains
980 731 28 26 of

144 777 110 33 organic
277 777 96 33 beings
395 778 62 24 that
476 786 71 16 were
566 786 69 16 once
655 778 47 24 the
723 777 172 25 inhabitants
914 777 30 25 of
960 778 47 24 the

144 823 95 29 world,
254 823 27 24 in
294 823 65 31 long
372 823 54 24 and
440 827 105 20 remote
558 831 65 23 ages
636 826 73 28 past.

191 869 32 23 In
244 868 170 28 conclusion,
439 868 10 23 I
473 868 71 24 have
569 868 119 23 selected
709 868 47 23 the
780 867 139 33 following
938 867 68 25 from

144 913 47 25 the
202 913 188 25 introduction
401 917 29 20 to
473 913 195 24 Petrifactions
680 913 54 24 and
745 913 71 24 their
827 913 156 32 Teachings

146 968 31 16 as
199 968 35 15 an
257 958 178 33 appropriate
460 958 178 32 explanation
663 959 30 24 of
716 958 46 25 the
787 963 97 20 nature
910 958 29 25 of
961 960 45 23 the

144 1004 108 31 objects
266 1003 148 26 contained
432 1003 28 25 in
479 1004 47 24 the
547 1003 160 32 Geological
728 1004 151 25 Museums.

218 1050 24 23 A
255 1049 203 32 distinguished
471 1048 117 34 essayist
609 1049 51 24 has
678 1049 158 33 eloquently
851 1050 54 23 and
917 1050 88 23 truth-

144 1095 67 33 fully
230 1095 152 28 remarked,
398 1095 60 24 that
480 1100 4 8 '
496 1094 162 33 everything
677 1094 28 24 in
724 1098 99 20 nature
841 1094 22 24 is
883 1095 123 31 engaged

144 1139 27 26 in
185 1139 110 33 writing
314 1139 35 25 its
370 1148 61 17 own
450 1139 106 33 history
568 1149 5 15 :
593 1139 48 25 the
657 1139 94 33 planet
771 1139 53 25 and
844 1139 46 25 the
907 1139 100 33 pebble

145 1195 47 15 are
205 1185 132 26 attended
357 1186 35 32 by
412 1184 71 26 their
497 1185 137 28 shadows,
648 1185 48 24 the
714 1184 98 33 rolling
831 1185 66 24 rock
916 1185 91 24 leaves

146 1231 36 24 its
195 1230 114 25 furrows
323 1239 35 16 on
377 1231 47 24 the
437 1230 143 25 mountain
600 1230 67 30 side,
680 1230 48 25 the
746 1230 72 25 river
838 1229 35 25 its
892 1230 115 24 channel

145 1276 28 25 in
195 1277 48 24 the
265 1276 61 29 soil,
346 1277 47 24 the
416 1276 102 24 animal
541 1276 35 24 its
597 1277 85 23 bones
702 1276 27 23 in
749 1276 47 24 the
816 1278 126 25 stratum,
962 1274 45 25 the

144 1322 59 24 fern
216 1322 55 24 and
284 1322 48 24 the
345 1321 56 25 leaf
417 1321 119 25 inscribe
556 1321 71 24 their
646 1321 108 24 modest
772 1320 128 32 epitaphs
914 1327 35 17 on
962 1319 45 24 the

145 1367 71 29 coal,
231 1367 47 25 the
298 1366 94 33 falling
411 1366 70 33 drop
501 1366 156 32 sculptures
676 1365 36 24 its
732 1369 75 28 story
820 1372 35 16 on
874 1364 47 24 the
941 1363 66 24 sand

145 1413 54 24 and
220 1421 34 16 on
274 1413 47 24 the
341 1416 87 25 stone,
431 1427 33 3 —
468 1415 46 21 not
536 1420 15 16 a
571 1410 120 32 footstep
712 1418 35 16 on
767 1410 46 23 the
833 1416 76 16 snow
926 1416 29 16 or
974 1416 33 16 on

144 1459 48 24 the
212 1459 116 32 ground,
343 1459 49 23 but
412 1462 91 20 traces
522 1455 27 27 in
569 1456 160 24 characters
748 1462 75 16 more
842 1461 30 16 or
891 1454 53 22 less
964 1461 43 15 en-

144 1504 100 32 during
269 1504 47 24 the
342 1503 97 24 record
464 1501 29 25 of
516 1501 36 25 its
576 1499 148 33 progress.'
762 1498 43 24 On
830 1498 47 23 the
903 1500 104 21 correct

144 1548 213 33 interpretation
380 1547 29 24 of
431 1547 79 23 these
533 1542 254 34 autobiographies,
810 1541 139 24 inscribed
974 1549 33 15 on

145 1595 48 25 the
205 1594 82 25 rocks
301 1592 54 25 and
370 1595 87 21 strata
468 1592 40 31 hy
520 1590 48 24 the
581 1588 140 26 countless
735 1586 121 33 myriads
869 1585 29 24 of
914 1585 93 31 beings

145 1639 93 26 which
257 1639 72 24 have
350 1635 186 30 successively
553 1631 143 27 inhabited
716 1631 47 24 the
783 1630 86 27 earth,
890 1629 117 31 through
