1117 1922
465 148 54 17 RED
540 149 96 16 BEACH.

927 154 44 24 175

120 213 48 24 the
182 215 109 25 smaller
305 215 151 33 fragments
475 219 69 25 from
562 221 79 32 place
655 226 28 20 to
700 223 86 31 place,
801 224 68 25 until
882 225 92 34 finally

119 259 67 33 they
200 259 86 33 might
310 262 64 25 drift
394 263 57 25 into
473 265 46 24 the
539 267 125 32 westerly
683 273 108 20 current
810 270 89 24 which
920 275 54 20 sets

120 303 27 24 in
171 304 81 33 along
274 306 47 25 the
347 308 131 24 southern
504 309 94 26 shores
620 311 29 24 of
670 312 46 25 the
740 313 100 29 Island,
864 315 52 24 and
942 316 32 24 be

119 348 109 27 thrown
253 359 38 24 up
316 351 57 26 into
399 353 46 25 the
471 354 68 33 bays
564 355 29 25 of
617 356 88 25 which
733 358 10 23 I
771 359 69 25 have
865 360 109 34 already

120 394 113 30 spoken.

166 439 99 33 Again,
292 441 47 24 the
364 442 127 34 Tertiary
517 445 53 24 and
598 446 87 23 Chalk
710 451 86 21 strata
821 457 63 24 may
905 448 68 26 have

119 484 69 24 been
208 486 117 24 covered
339 486 67 26 with
425 492 60 21 vast
506 489 66 24 beds
592 490 29 23 of
638 490 58 25 flint
716 492 100 31 gravel,
832 492 101 25 similar
946 497 27 22 to

119 529 61 25 that
194 538 35 16 on
241 530 120 26 Headon
373 532 67 30 Hill,
453 534 53 24 and
520 542 35 16 on
567 535 48 24 the
624 535 103 25 Downs
740 545 34 16 on
785 537 46 25 the
845 538 128 25 southern

120 573 58 25 side
191 574 30 24 of
237 575 48 24 the
300 576 101 23 Island.

169 619 24 25 It
219 629 64 23 may
307 621 34 24 be
367 621 78 34 fairly
470 624 128 24 assumed
623 625 60 24 that
709 625 45 25 the
776 626 46 25 red
841 628 92 30 gravel
952 627 21 24 is

121 663 113 26 derived
248 664 69 26 from
331 666 47 24 the
391 667 82 24 chalk
492 667 82 29 flints,
590 677 30 16 as
639 669 77 25 these
729 670 148 25 constitute
891 672 82 24 about

119 716 33 24 95
173 718 49 23 per
241 714 72 20 cent,
328 711 29 23 of
373 711 46 24 the
439 712 116 32 deposit.
593 713 58 25 The
671 718 172 28 transparent
862 717 111 30 pebbles

119 754 31 24 of
169 754 99 25 veined
291 762 97 26 quartz
411 757 54 24 and
484 758 177 33 chalcedony,
682 759 28 25 in
728 767 75 17 some
822 760 151 32 specimens

120 800 74 23 clear
214 808 30 16 as
263 801 112 33 crystal,
390 800 27 25 in
436 802 93 24 others
549 802 89 32 bright
661 804 104 32 yellow,
785 805 102 29 amber,
906 805 67 24 dark

119 845 95 25 brown
228 854 30 16 or
278 845 91 25 bluish
389 847 89 29 black,
493 847 70 25 have
583 848 34 24 all
638 857 14 15 a
669 848 54 24 like
741 849 94 32 origin,
854 850 54 23 and
926 850 47 24 the

119 889 113 33 organic
252 890 120 26 remains
392 900 46 16 are
456 900 64 16 seen
539 892 27 24 in
585 893 47 24 the
651 894 134 28 Choanites,
805 902 29 16 or
854 894 119 33 Siphonia

119 933 29 25 of
164 934 48 25 the
231 935 82 24 chalk
332 935 155 24 formation.

165 980 50 24 Dr.
231 980 126 30 Mantell,
372 980 26 25 in
418 981 43 24 his
508 982 138 24 Wonders
659 982 29 24 of
870 987 84 20 states
967 993 4 14 :

231 1025 125 29 Choanite,
384 1026 89 24 called
498 1027 35 32 by
556 1035 75 15 some
655 1026 146 32 lapidaries
827 1027 144 24 'Petrified

117 1071 227 28 sea-anemones,'
362 1071 79 23 bears
456 1080 14 14 a
484 1071 73 24 close
575 1072 185 24 resemblance
774 1076 27 20 to
821 1072 45 24 the
879 1076 91 20 recent

115 1115 129 32 Alcyonia.
282 1115 60 24 The
368 1116 115 24 Choanite
508 1116 23 25 is
553 1116 30 24 of
605 1125 14 15 a
642 1116 223 32 sub-cylindrical
890 1116 77 28 form,

118 1159 67 26 with
208 1159 127 26 root-like
357 1169 152 23 processes,
533 1161 53 24 and
609 1160 101 32 having
732 1170 16 15 a
767 1160 91 33 cavity
880 1160 26 25 in
926 1161 45 25 the

116 1209 103 23 centre,
234 1204 90 26 which
343 1205 23 25 is
385 1205 74 25 often
478 1205 73 25 filled
565 1205 66 26 with
644 1205 69 25 hard

164 1250 88 25 Small
274 1250 114 31 pebbles
411 1249 29 25 of
459 1259 68 22 pure
545 1253 175 28 transparent
740 1253 104 28 quartz,
859 1258 29 16 or
907 1250 63 24 rock

118 1295 112 32 crystal,
245 1303 46 16 are
304 1294 85 25 found
402 1294 27 24 in
449 1295 46 24 the
509 1294 47 25 red
570 1294 105 32 shingle
689 1294 78 31 along
782 1294 46 24 the
843 1294 127 24 southern

116 1340 95 24 shores
234 1339 29 25 of
284 1339 45 25 the
352 1340 102 28 Island,
475 1339 53 25 and
553 1347 46 17 are
617 1339 99 25 named
765 1339 51 24 Isle
830 1338 29 25 of
875 1339 95 31 Wight

357 1385 91 23 These
467 1385 70 24 have
556 1385 136 32 probably
710 1385 68 23 been
796 1383 110 25 washed
923 1388 47 20 out

114 1430 30 25 of
155 1430 47 24 the
213 1430 136 24 Wealden
361 1433 96 25 strata,
467 1429 40 24 for
521 1430 112 31 pebbles
644 1429 130 24 identical
787 1428 27 24 in
828 1428 141 24 mineralo-

114 1475 74 32 gical
211 1475 145 24 character
377 1483 83 15 occur
483 1474 26 24 in
535 1474 47 24 the
605 1474 68 32 grits
695 1473 29 24 of
744 1473 107 32 Tilgate
874 1474 95 23 Forest

117 1520 54 25 and
191 1519 160 32 Tunbridge
366 1519 88 25 Wells
465 1528 4 20 ;
490 1519 49 25 but
559 1518 46 25 the
625 1518 105 33 shingle
749 1518 124 24 contains
892 1518 78 24 other

114 1565 122 25 silicious
249 1565 115 32 pebbles
386 1564 90 25 which
496 1563 159 33 essentially
667 1563 76 25 differ
763 1562 68 25 from
851 1562 78 25 those
942 1562 28 25 of

114 1611 46 24 the
186 1610 82 24 chalk
293 1609 83 25 flints.
415 1610 82 24 Some
522 1608 28 25 of
572 1608 77 25 these
671 1617 45 16 are
736 1608 146 32 composed
904 1607 29 25 of
953 1616 15 16 a

114 1656 68 24 dark
196 1656 94 24 brown
304 1655 115 24 mottled
434 1655 103 30 jasper,
551 1654 54 24 and
618 1653 79 25 when
716 1656 45 22 cut
776 1653 53 25 and
843 1652 123 33 polished
