<?xml version="1.0" encoding="UTF-8"?>
<alto xmlns:xsi="http://www.w3.org/2001/XMLSchema-instance" xsi:noNamespaceSchemaLocation="http://www.bl.uk/schemas/alto/alto-1-4.xsd" xmlns:xlink="http://www.w3.org/1999/xlink">
	<Description>
		<MeasurementUnit>mm10</MeasurementUnit>
		<sourceImageInformation>
			<fileName>//head1/IN/2008-16/A0011467890/006531.jp2</fileName>
		</sourceImageInformation>
		<OCRProcessing ID="OCRPROCESSING_1">
			<preProcessingStep>
				<processingSoftware>
					<softwareCreator>CCS Content Conversion Specialists GmbH, Germany</softwareCreator>
					<softwareName>CCS docWORKS</softwareName>
					<softwareVersion>6.1-0.67</softwareVersion>
				</processingSoftware>
			</preProcessingStep>
			<ocrProcessingStep>
				<processingSoftware>
					<softwareCreator>ABBYY (BIT Software), Russia</softwareCreator>
					<softwareName>Finereader</softwareName>
				</processingSoftware>
			</ocrProcessingStep>
		</OCRProcessing>
	</Description>
	<Styles>
		<TextStyle ID="TXT_0" FONTSIZE="10" FONTFAMILY="Courier New"/>
		<TextStyle ID="TXT_1" FONTSIZE="9" FONTFAMILY="Courier New"/>
		<ParagraphStyle ID="PAR_CENTER" ALIGN="Center"/>
		<ParagraphStyle ID="PAR_LEFT" ALIGN="Left"/>
	</Styles>
	<Layout>
		<Page ID="P43" PHYSICAL_IMG_NR="43" HEIGHT="1922" WIDTH="1117" POSITION="Right" ACCURACY="80.47">
			<TopMargin ID="P43_TM00001" HPOS="0" VPOS="0" WIDTH="1116" HEIGHT="443"/>
			<LeftMargin ID="P43_LM00001" HPOS="0" VPOS="443" WIDTH="137" HEIGHT="1283"/>
			<RightMargin ID="P43_RM00001" HPOS="1000" VPOS="443" WIDTH="116" HEIGHT="1283"/>
			<BottomMargin ID="P43_BM00001" HPOS="0" VPOS="1726" WIDTH="1116" HEIGHT="195"/>
			<PrintSpace ID="P43_PS00001" HPOS="137" VPOS="443" WIDTH="863" HEIGHT="1283">
				<TextBlock ID="P43_TB00001" HPOS="351" VPOS="443" WIDTH="442" HEIGHT="39" STYLEREFS="TXT_0 PAR_CENTER">
					<TextLine ID="P43_TL00001" HPOS="351" VPOS="444" WIDTH="442" HEIGHT="38">
						<String ID="P43_ST00001" HPOS="351" VPOS="444" WIDTH="66" HEIGHT="38" CONTENT="Œfje" WC="0.27" CC="8838"/>
						<SP ID="P43_SP00001" HPOS="417" VPOS="482" WIDTH="41"/>
						<String ID="P43_ST00002" HPOS="458" VPOS="445" WIDTH="108" HEIGHT="33" CONTENT="ILotoer" WC="0.21" CC="8886688"/>
						<SP ID="P43_SP00002" HPOS="566" VPOS="482" WIDTH="41"/>
						<String ID="P43_ST00003" HPOS="607" VPOS="445" WIDTH="186" HEIGHT="33" CONTENT="ffiransanti." WC="0.36" CC="444778848863"/>
					</TextLine>
				</TextBlock>
				<TextBlock ID="P43_TB00002" HPOS="293" VPOS="573" WIDTH="562" HEIGHT="111" STYLEREFS="TXT_0 PAR_LEFT">
					<TextLine ID="P43_TL00002" HPOS="293" VPOS="573" WIDTH="562" HEIGHT="27">
						<String ID="P43_ST00004" HPOS="293" VPOS="573" WIDTH="12" HEIGHT="11" CONTENT='"' WC="0.33" CC="6"/>
						<SP ID="P43_SP00003" HPOS="305" VPOS="584" WIDTH="8"/>
						<String ID="P43_ST00005" HPOS="313" VPOS="573" WIDTH="70" HEIGHT="21" CONTENT="There" WC="0.51" CC="87520"/>
						<SP ID="P43_SP00004" HPOS="383" VPOS="594" WIDTH="16"/>
						<String ID="P43_ST00006" HPOS="399" VPOS="575" WIDTH="18" HEIGHT="19" CONTENT="is" WC="0.35" CC="57"/>
						<SP ID="P43_SP00005" HPOS="417" VPOS="594" WIDTH="15"/>
						<String ID="P43_ST00007" HPOS="432" VPOS="581" WIDTH="14" HEIGHT="13" CONTENT="a" WC="0.26" CC="7"/>
						<SP ID="P43_SP00006" HPOS="446" VPOS="594" WIDTH="14"/>
						<String ID="P43_ST00008" HPOS="460" VPOS="574" WIDTH="101" HEIGHT="25" CONTENT="pleasure" WC="0.60" CC="65048800"/>
						<SP ID="P43_SP00007" HPOS="561" VPOS="599" WIDTH="14"/>
						<String ID="P43_ST00009" HPOS="575" VPOS="575" WIDTH="24" HEIGHT="19" CONTENT="in" WC="0.77" CC="40"/>
						<SP ID="P43_SP00008" HPOS="599" VPOS="599" WIDTH="14"/>
						<String ID="P43_ST00010" HPOS="613" VPOS="575" WIDTH="38" HEIGHT="19" CONTENT="the" WC="0.45" CC="672"/>
						<SP ID="P43_SP00009" HPOS="651" VPOS="599" WIDTH="15"/>
						<String ID="P43_ST00011" HPOS="666" VPOS="575" WIDTH="99" HEIGHT="25" CONTENT="pathless" WC="0.42" CC="94574067"/>
						<SP ID="P43_SP00010" HPOS="765" VPOS="600" WIDTH="14"/>
						<String ID="P43_ST00012" HPOS="779" VPOS="576" WIDTH="63" HEIGHT="18" CONTENT="wood" WC="0.53" CC="9107"/>
						<String ID="P43_ST00013" HPOS="850" VPOS="583" WIDTH="5" HEIGHT="16" CONTENT=";" WC="0.41" CC="5"/>
					</TextLine>
					<TextLine ID="P43_TL00003" HPOS="314" VPOS="602" WIDTH="517" HEIGHT="26">
						<String ID="P43_ST00014" HPOS="314" VPOS="602" WIDTH="72" HEIGHT="20" CONTENT="There" WC="0.49" CC="96061"/>
						<SP ID="P43_SP00011" HPOS="386" VPOS="622" WIDTH="15"/>
						<String ID="P43_ST00015" HPOS="401" VPOS="603" WIDTH="18" HEIGHT="19" CONTENT="is" WC="0.20" CC="96"/>
						<SP ID="P43_SP00012" HPOS="419" VPOS="622" WIDTH="16"/>
						<String ID="P43_ST00016" HPOS="435" VPOS="609" WIDTH="13" HEIGHT="13" CONTENT="a" WC="1.00" CC="0"/>
						<SP ID="P43_SP00013" HPOS="448" VPOS="622" WIDTH="15"/>
						<String ID="P43_ST00017" HPOS="463" VPOS="605" WIDTH="92" HEIGHT="22" CONTENT="rapture" WC="0.70" CC="6005530"/>
						<SP ID="P43_SP00014" HPOS="555" VPOS="627" WIDTH="15"/>
						<String ID="P43_ST00018" HPOS="570" VPOS="610" WIDTH="28" HEIGHT="12" CONTENT="on" WC="0.64" CC="07"/>
						<SP ID="P43_SP00015" HPOS="598" VPOS="627" WIDTH="15"/>
						<String ID="P43_ST00019" HPOS="613" VPOS="603" WIDTH="38" HEIGHT="19" CONTENT="the" WC="0.33" CC="990"/>
						<SP ID="P43_SP00016" HPOS="651" VPOS="627" WIDTH="15"/>
						<String ID="P43_ST00020" HPOS="666" VPOS="603" WIDTH="74" HEIGHT="25" CONTENT="lonely" WC="0.71" CC="127013"/>
						<SP ID="P43_SP00017" HPOS="740" VPOS="628" WIDTH="14"/>
						<String ID="P43_ST00021" HPOS="754" VPOS="603" WIDTH="64" HEIGHT="19" CONTENT="shore" WC="0.76" CC="50060"/>
						<String ID="P43_ST00022" HPOS="826" VPOS="611" WIDTH="5" HEIGHT="16" CONTENT=";" WC="0.74" CC="2"/>
					</TextLine>
					<TextLine ID="P43_TL00004" HPOS="314" VPOS="631" WIDTH="507" HEIGHT="25">
						<String ID="P43_ST00023" HPOS="314" VPOS="631" WIDTH="71" HEIGHT="19" CONTENT="There" WC="0.40" CC="99343"/>
						<SP ID="P43_SP00018" HPOS="385" VPOS="650" WIDTH="15"/>
						<String ID="P43_ST00024" HPOS="400" VPOS="631" WIDTH="18" HEIGHT="19" CONTENT="is" WC="0.44" CC="37"/>
						<SP ID="P43_SP00019" HPOS="418" VPOS="650" WIDTH="17"/>
						<String ID="P43_ST00025" HPOS="435" VPOS="631" WIDTH="84" HEIGHT="25" CONTENT="society" WC="0.57" CC="8460037"/>
						<SP ID="P43_SP00020" HPOS="519" VPOS="656" WIDTH="14"/>
						<String ID="P43_ST00026" HPOS="533" VPOS="631" WIDTH="74" HEIGHT="20" CONTENT="where" WC="0.48" CC="79053"/>
						<SP ID="P43_SP00021" HPOS="607" VPOS="656" WIDTH="15"/>
						<String ID="P43_ST00027" HPOS="622" VPOS="638" WIDTH="56" HEIGHT="12" CONTENT="none" WC="0.68" CC="3360"/>
						<SP ID="P43_SP00022" HPOS="678" VPOS="656" WIDTH="15"/>
						<String ID="P43_ST00028" HPOS="693" VPOS="632" WIDTH="98" HEIGHT="18" CONTENT="intrudes" WC="0.51" CC="67017707"/>
						<String ID="P43_ST00029" HPOS="793" VPOS="643" WIDTH="28" HEIGHT="2" CONTENT="—" WC="0.20" CC="8"/>
					</TextLine>
					<TextLine ID="P43_TL00005" HPOS="314" VPOS="658" WIDTH="536" HEIGHT="26">
						<String ID="P43_ST00030" HPOS="314" VPOS="658" WIDTH="34" HEIGHT="26" CONTENT="By" WC="0.24" CC="59"/>
						<SP ID="P43_SP00023" HPOS="348" VPOS="684" WIDTH="15"/>
						<String ID="P43_ST00031" HPOS="363" VPOS="659" WIDTH="39" HEIGHT="20" CONTENT="the" WC="0.96" CC="001"/>
						<SP ID="P43_SP00024" HPOS="402" VPOS="684" WIDTH="15"/>
						<String ID="P43_ST00032" HPOS="417" VPOS="659" WIDTH="55" HEIGHT="25" CONTENT="deep" WC="0.51" CC="9009"/>
						<SP ID="P43_SP00025" HPOS="472" VPOS="684" WIDTH="17"/>
						<String ID="P43_ST00033" HPOS="489" VPOS="666" WIDTH="37" HEIGHT="13" CONTENT="sea" WC="0.72" CC="800"/>
						<String ID="P43_ST00034" HPOS="534" VPOS="667" WIDTH="4" HEIGHT="11" CONTENT=":" WC="0.45" CC="5"/>
						<SP ID="P43_SP00026" HPOS="538" VPOS="684" WIDTH="16"/>
						<String ID="P43_ST00035" HPOS="554" VPOS="660" WIDTH="44" HEIGHT="19" CONTENT="and" WC="0.65" CC="360"/>
						<SP ID="P43_SP00027" HPOS="598" VPOS="684" WIDTH="14"/>
						<String ID="P43_ST00036" HPOS="612" VPOS="660" WIDTH="70" HEIGHT="19" CONTENT="music" WC="0.55" CC="77700"/>
						<SP ID="P43_SP00028" HPOS="682" VPOS="684" WIDTH="15"/>
						<String ID="P43_ST00037" HPOS="697" VPOS="660" WIDTH="22" HEIGHT="18" CONTENT="in" WC="0.51" CC="54"/>
						<SP ID="P43_SP00029" HPOS="719" VPOS="684" WIDTH="15"/>
						<String ID="P43_ST00038" HPOS="734" VPOS="660" WIDTH="30" HEIGHT="19" CONTENT="its" WC="0.61" CC="047"/>
						<SP ID="P43_SP00030" HPOS="764" VPOS="684" WIDTH="14"/>
						<String ID="P43_ST00039" HPOS="778" VPOS="660" WIDTH="72" HEIGHT="19" CONTENT='roar."' WC="0.90" CC="000302"/>
					</TextLine>
				</TextBlock>
				<TextBlock ID="P43_TB00003" HPOS="358" VPOS="758" WIDTH="428" HEIGHT="26" STYLEREFS="TXT_0 PAR_CENTER">
					<TextLine ID="P43_TL00006" HPOS="359" VPOS="759" WIDTH="427" HEIGHT="25">
						<String ID="P43_ST00040" HPOS="359" VPOS="759" WIDTH="187" HEIGHT="25" CONTENT="Atherfield" WC="0.84" CC="0000105034"/>
						<String ID="P43_ST00041" HPOS="550" VPOS="775" WIDTH="30" HEIGHT="2" CONTENT="—" WC="0.20" CC="8"/>
						<String ID="P43_ST00042" HPOS="583" VPOS="760" WIDTH="98" HEIGHT="24" CONTENT="Perna" WC="0.81" CC="00008"/>
						<SP ID="P43_SP00031" HPOS="681" VPOS="784" WIDTH="19"/>
						<String ID="P43_ST00043" HPOS="700" VPOS="760" WIDTH="86" HEIGHT="24" CONTENT="Beds." WC="1.00" CC="00000"/>
					</TextLine>
				</TextBlock>
				<TextBlock ID="P43_TB00004" HPOS="280" VPOS="835" WIDTH="717" HEIGHT="213" STYLEREFS="TXT_1 PAR_LEFT">
					<Shape>
						<Polygon POINTS="138,1447 140,1212 141,1131 141,1083 142,1074 143,1073 145,1072 148,1071 188,1063 201,1029 172,997 153,1006 147,1003 147,1002 163,980 164,979 168,979 171,980 220,1000 221,1001 268,1062 313,973 315,971 581,970 572,958 313,950 312,949 260,883 169,925 168,925 161,898 161,896 164,892 260,842 263,831 264,831 998,831 998,958 998,970 998,1455 138,1455"/>
					</Shape>
					<TextLine ID="P43_TL00007" HPOS="280" VPOS="836" WIDTH="717" HEIGHT="33">
						<String ID="P43_ST00044" HPOS="280" VPOS="836" WIDTH="55" HEIGHT="24" CONTENT="HE" WC="0.71" CC="50"/>
						<SP ID="P43_SP00032" HPOS="335" VPOS="860" WIDTH="19"/>
						<String ID="P43_ST00045" HPOS="354" VPOS="840" WIDTH="55" HEIGHT="21" CONTENT="two" WC="0.98" CC="000"/>
						<SP ID="P43_SP00033" HPOS="409" VPOS="861" WIDTH="22"/>
						<String ID="P43_ST00046" HPOS="431" VPOS="837" WIDTH="67" HEIGHT="24" CONTENT="beds" WC="1.00" CC="0000"/>
						<SP ID="P43_SP00034" HPOS="498" VPOS="861" WIDTH="21"/>
						<String ID="P43_ST00047" HPOS="519" VPOS="836" WIDTH="143" HEIGHT="25" CONTENT="described" WC="0.94" CC="000005000"/>
						<SP ID="P43_SP00035" HPOS="662" VPOS="861" WIDTH="23"/>
						<String ID="P43_ST00048" HPOS="685" VPOS="837" WIDTH="86" HEIGHT="25" CONTENT="below" WC="0.90" CC="00400"/>
						<SP ID="P43_SP00036" HPOS="771" VPOS="862" WIDTH="19"/>
						<String ID="P43_ST00049" HPOS="790" VPOS="842" WIDTH="140" HEIGHT="27" CONTENT="represent" WC="0.92" CC="007000000"/>
						<SP ID="P43_SP00037" HPOS="930" VPOS="869" WIDTH="22"/>
						<String ID="P43_ST00050" HPOS="952" VPOS="838" WIDTH="45" HEIGHT="25" CONTENT="the" WC="1.00" CC="000"/>
					</TextLine>
					<TextLine ID="P43_TL00008" HPOS="312" VPOS="881" WIDTH="685" HEIGHT="34">
						<String ID="P43_ST00051" HPOS="312" VPOS="881" WIDTH="59" HEIGHT="26" CONTENT="first" WC="0.90" CC="22000"/>
						<SP ID="P43_SP00038" HPOS="371" VPOS="907" WIDTH="20"/>
						<String ID="P43_ST00052" HPOS="391" VPOS="881" WIDTH="29" HEIGHT="25" CONTENT="of" WC="0.95" CC="01"/>
						<SP ID="P43_SP00039" HPOS="420" VPOS="907" WIDTH="16"/>
						<String ID="P43_ST00053" HPOS="436" VPOS="890" WIDTH="16" HEIGHT="16" CONTENT="a" WC="1.00" CC="0"/>
						<SP ID="P43_SP00040" HPOS="452" VPOS="907" WIDTH="18"/>
						<String ID="P43_ST00054" HPOS="470" VPOS="881" WIDTH="64" HEIGHT="33" CONTENT="long" WC="0.82" CC="0240"/>
						<SP ID="P43_SP00041" HPOS="534" VPOS="914" WIDTH="18"/>
						<String ID="P43_ST00055" HPOS="552" VPOS="881" WIDTH="55" HEIGHT="25" CONTENT="and" WC="0.84" CC="220"/>
						<SP ID="P43_SP00042" HPOS="607" VPOS="914" WIDTH="18"/>
						<String ID="P43_ST00056" HPOS="625" VPOS="882" WIDTH="159" HEIGHT="32" CONTENT="protracted" WC="0.89" CC="3100000006"/>
						<SP ID="P43_SP00043" HPOS="784" VPOS="914" WIDTH="20"/>
						<String ID="P43_ST00057" HPOS="804" VPOS="882" WIDTH="106" HEIGHT="33" CONTENT="change" WC="0.78" CC="054200"/>
						<SP ID="P43_SP00044" HPOS="910" VPOS="915" WIDTH="19"/>
						<String ID="P43_ST00058" HPOS="929" VPOS="883" WIDTH="68" HEIGHT="25" CONTENT="from" WC="1.00" CC="0000"/>
					</TextLine>
					<TextLine ID="P43_TL00009" HPOS="312" VPOS="925" WIDTH="685" HEIGHT="33">
						<String ID="P43_ST00059" HPOS="312" VPOS="936" WIDTH="16" HEIGHT="15" CONTENT="a" WC="1.00" CC="0"/>
						<SP ID="P43_SP00045" HPOS="328" VPOS="951" WIDTH="19"/>
						<String ID="P43_ST00060" HPOS="347" VPOS="925" WIDTH="73" HEIGHT="26" CONTENT="fresh" WC="1.00" CC="00000"/>
						<SP ID="P43_SP00046" HPOS="420" VPOS="951" WIDTH="13"/>
						<String ID="P43_ST00061" HPOS="433" VPOS="930" WIDTH="85" HEIGHT="22" CONTENT="water" WC="0.78" CC="06004"/>
						<SP ID="P43_SP00047" HPOS="518" VPOS="952" WIDTH="18"/>
						<String ID="P43_ST00062" HPOS="536" VPOS="926" WIDTH="108" HEIGHT="32" CONTENT="deposit" WC="0.96" CC="0000020"/>
						<String ID="P43_ST00063" HPOS="646" VPOS="942" WIDTH="33" HEIGHT="3" CONTENT="—" WC="0.20" CC="8"/>
						<String ID="P43_ST00064" HPOS="681" VPOS="927" WIDTH="68" HEIGHT="25" CONTENT="such" WC="0.95" CC="0100"/>
						<SP ID="P43_SP00048" HPOS="749" VPOS="958" WIDTH="19"/>
						<String ID="P43_ST00065" HPOS="768" VPOS="936" WIDTH="30" HEIGHT="16" CONTENT="as" WC="0.93" CC="10"/>
						<SP ID="P43_SP00049" HPOS="798" VPOS="958" WIDTH="19"/>
						<String ID="P43_ST00066" HPOS="817" VPOS="927" WIDTH="23" HEIGHT="25" CONTENT="is" WC="0.72" CC="50"/>
						<SP ID="P43_SP00050" HPOS="840" VPOS="958" WIDTH="16"/>
						<String ID="P43_ST00067" HPOS="856" VPOS="928" WIDTH="141" HEIGHT="25" CONTENT="described" WC="0.91" CC="300004000"/>
					</TextLine>
					<TextLine ID="P43_TL00010" HPOS="312" VPOS="971" WIDTH="685" HEIGHT="33">
						<String ID="P43_ST00068" HPOS="312" VPOS="971" WIDTH="28" HEIGHT="26" CONTENT="in" WC="0.64" CC="70"/>
						<SP ID="P43_SP00051" HPOS="340" VPOS="997" WIDTH="31"/>
						<String ID="P43_ST00069" HPOS="371" VPOS="972" WIDTH="47" HEIGHT="25" CONTENT="the" WC="1.00" CC="000"/>
						<SP ID="P43_SP00052" HPOS="418" VPOS="997" WIDTH="32"/>
						<String ID="P43_ST00070" HPOS="450" VPOS="972" WIDTH="74" HEIGHT="24" CONTENT="close" WC="0.98" CC="00000"/>
						<SP ID="P43_SP00053" HPOS="524" VPOS="997" WIDTH="31"/>
						<String ID="P43_ST00071" HPOS="555" VPOS="971" WIDTH="31" HEIGHT="25" CONTENT="of" WC="1.00" CC="00"/>
						<SP ID="P43_SP00054" HPOS="586" VPOS="997" WIDTH="27"/>
						<String ID="P43_ST00072" HPOS="613" VPOS="971" WIDTH="47" HEIGHT="25" CONTENT="the" WC="1.00" CC="000"/>
						<SP ID="P43_SP00055" HPOS="660" VPOS="997" WIDTH="31"/>
						<String ID="P43_ST00073" HPOS="691" VPOS="972" WIDTH="53" HEIGHT="25" CONTENT="last" WC="0.83" CC="5000"/>
						<SP ID="P43_SP00056" HPOS="744" VPOS="997" WIDTH="29"/>
						<String ID="P43_ST00074" HPOS="773" VPOS="973" WIDTH="114" HEIGHT="31" CONTENT="chapter" WC="0.81" CC="0326000"/>
						<String ID="P43_ST00075" HPOS="889" VPOS="989" WIDTH="33" HEIGHT="2" CONTENT="—" WC="0.20" CC="8"/>
						<String ID="P43_ST00076" HPOS="923" VPOS="977" WIDTH="29" HEIGHT="20" CONTENT="to" WC="0.76" CC="22"/>
						<SP ID="P43_SP00057" HPOS="952" VPOS="1004" WIDTH="31"/>
						<String ID="P43_ST00077" HPOS="983" VPOS="982" WIDTH="14" HEIGHT="15" CONTENT="a" WC="1.00" CC="0"/>
					</TextLine>
					<TextLine ID="P43_TL00011" HPOS="312" VPOS="1016" WIDTH="685" HEIGHT="32">
						<String ID="P43_ST00078" HPOS="312" VPOS="1016" WIDTH="139" HEIGHT="30" CONTENT="brackish," WC="0.89" CC="000036000"/>
						<SP ID="P43_SP00058" HPOS="451" VPOS="1046" WIDTH="21"/>
						<String ID="P43_ST00079" HPOS="472" VPOS="1017" WIDTH="54" HEIGHT="24" CONTENT="and" WC="0.87" CC="030"/>
						<SP ID="P43_SP00059" HPOS="526" VPOS="1046" WIDTH="23"/>
						<String ID="P43_ST00080" HPOS="549" VPOS="1016" WIDTH="155" HEIGHT="32" CONTENT="ultimately" WC="0.87" CC="3006000010"/>
						<SP ID="P43_SP00060" HPOS="704" VPOS="1048" WIDTH="19"/>
						<String ID="P43_ST00081" HPOS="723" VPOS="1017" WIDTH="100" HEIGHT="31" CONTENT="ending" WC="0.71" CC="080440"/>
						<SP ID="P43_SP00061" HPOS="823" VPOS="1048" WIDTH="19"/>
						<String ID="P43_ST00082" HPOS="842" VPOS="1017" WIDTH="27" HEIGHT="25" CONTENT="in" WC="0.29" CC="67"/>
						<SP ID="P43_SP00062" HPOS="869" VPOS="1048" WIDTH="18"/>
						<String ID="P43_ST00083" HPOS="887" VPOS="1019" WIDTH="110" HEIGHT="29" CONTENT="marine," WC="0.89" CC="0005100"/>
					</TextLine>
				</TextBlock>
				<TextBlock ID="P43_TB00005" HPOS="142" VPOS="1063" WIDTH="853" HEIGHT="389" STYLEREFS="TXT_1 PAR_LEFT">
					<Shape>
						<Polygon POINTS="138,1447 140,1212 141,1131 141,1083 142,1074 143,1073 145,1072 148,1071 188,1063 201,1029 172,997 153,1006 147,1003 147,1002 163,980 164,979 168,979 171,980 220,1000 221,1001 268,1062 313,973 315,971 581,970 572,958 313,950 312,949 260,883 169,925 168,925 161,898 161,896 164,892 260,842 263,831 264,831 998,831 998,958 998,970 998,1455 138,1455"/>
					</Shape>
					<TextLine ID="P43_TL00012" HPOS="142" VPOS="1063" WIDTH="853" HEIGHT="32">
						<String ID="P43_ST00084" HPOS="142" VPOS="1063" WIDTH="55" HEIGHT="25" CONTENT="and" WC="0.85" CC="040"/>
						<SP ID="P43_SP00063" HPOS="197" VPOS="1088" WIDTH="10"/>
						<String ID="P43_ST00085" HPOS="207" VPOS="1063" WIDTH="135" HEIGHT="25" CONTENT="fluviatile" WC="0.84" CC="0000500540"/>
						<SP ID="P43_SP00064" HPOS="342" VPOS="1088" WIDTH="11"/>
						<String ID="P43_ST00086" HPOS="353" VPOS="1063" WIDTH="117" HEIGHT="32" CONTENT="deposit." WC="0.93" CC="00200200"/>
						<SP ID="P43_SP00065" HPOS="470" VPOS="1095" WIDTH="38"/>
						<String ID="P43_ST00087" HPOS="508" VPOS="1063" WIDTH="213" HEIGHT="32" CONTENT="Consequently," WC="0.86" CC="0000050023600"/>
						<SP ID="P43_SP00066" HPOS="721" VPOS="1095" WIDTH="11"/>
						<String ID="P43_ST00088" HPOS="732" VPOS="1063" WIDTH="65" HEIGHT="32" CONTENT="they" WC="1.00" CC="0000"/>
						<SP ID="P43_SP00067" HPOS="797" VPOS="1095" WIDTH="10"/>
						<String ID="P43_ST00089" HPOS="807" VPOS="1071" WIDTH="46" HEIGHT="16" CONTENT="are" WC="0.86" CC="210"/>
						<SP ID="P43_SP00068" HPOS="853" VPOS="1095" WIDTH="9"/>
						<String ID="P43_ST00090" HPOS="862" VPOS="1064" WIDTH="47" HEIGHT="23" CONTENT="the" WC="0.77" CC="510"/>
						<SP ID="P43_SP00069" HPOS="909" VPOS="1095" WIDTH="13"/>
						<String ID="P43_ST00091" HPOS="922" VPOS="1065" WIDTH="73" HEIGHT="24" CONTENT="base" SUBS_TYPE="HypPart1" SUBS_CONTENT="basement" WC="0.91" CC="00004"/>
						<HYP CONTENT="-"/>
					</TextLine>
					<TextLine ID="P43_TL00013" HPOS="142" VPOS="1106" WIDTH="853" HEIGHT="35">
						<String ID="P43_ST00092" HPOS="142" VPOS="1112" WIDTH="75" HEIGHT="21" CONTENT="ment" SUBS_TYPE="HypPart2" SUBS_CONTENT="basement" WC="0.94" CC="0020"/>
						<SP ID="P43_SP00070" HPOS="217" VPOS="1133" WIDTH="20"/>
						<String ID="P43_ST00093" HPOS="237" VPOS="1108" WIDTH="68" HEIGHT="25" CONTENT="beds" WC="0.93" CC="2000"/>
						<SP ID="P43_SP00071" HPOS="305" VPOS="1133" WIDTH="20"/>
						<String ID="P43_ST00094" HPOS="325" VPOS="1107" WIDTH="29" HEIGHT="25" CONTENT="of" WC="0.98" CC="00"/>
						<SP ID="P43_SP00072" HPOS="354" VPOS="1133" WIDTH="20"/>
						<String ID="P43_ST00095" HPOS="374" VPOS="1115" WIDTH="65" HEIGHT="17" CONTENT="over" WC="1.00" CC="0000"/>
						<SP ID="P43_SP00073" HPOS="439" VPOS="1133" WIDTH="21"/>
						<String ID="P43_ST00096" HPOS="460" VPOS="1115" WIDTH="77" HEIGHT="21" CONTENT="2,000" WC="0.92" CC="30000"/>
						<SP ID="P43_SP00074" HPOS="537" VPOS="1136" WIDTH="18"/>
						<String ID="P43_ST00097" HPOS="555" VPOS="1106" WIDTH="53" HEIGHT="25" CONTENT="feet" WC="0.86" CC="5000"/>
						<SP ID="P43_SP00075" HPOS="608" VPOS="1136" WIDTH="21"/>
						<String ID="P43_ST00098" HPOS="629" VPOS="1106" WIDTH="29" HEIGHT="25" CONTENT="of" WC="0.96" CC="00"/>
						<SP ID="P43_SP00076" HPOS="658" VPOS="1136" WIDTH="17"/>
						<String ID="P43_ST00099" HPOS="675" VPOS="1107" WIDTH="185" HEIGHT="34" CONTENT="sedimentary" WC="0.88" CC="00050040002"/>
						<SP ID="P43_SP00077" HPOS="860" VPOS="1141" WIDTH="18"/>
						<String ID="P43_ST00100" HPOS="878" VPOS="1112" WIDTH="86" HEIGHT="21" CONTENT="strata" WC="0.96" CC="000002"/>
						<String ID="P43_ST00101" HPOS="966" VPOS="1124" WIDTH="29" HEIGHT="3" CONTENT="—" WC="0.20" CC="8"/>
					</TextLine>
					<TextLine ID="P43_TL00014" HPOS="142" VPOS="1152" WIDTH="853" HEIGHT="34">
						<String ID="P43_ST00102" HPOS="142" VPOS="1153" WIDTH="195" HEIGHT="26" CONTENT="accumulated" WC="0.97" CC="00030000000"/>
						<SP ID="P43_SP00078" HPOS="337" VPOS="1179" WIDTH="15"/>
						<String ID="P43_ST00103" HPOS="352" VPOS="1161" WIDTH="73" HEIGHT="24" CONTENT="upon" WC="0.93" CC="0200"/>
						<SP ID="P43_SP00079" HPOS="425" VPOS="1185" WIDTH="13"/>
						<String ID="P43_ST00104" HPOS="438" VPOS="1153" WIDTH="85" HEIGHT="24" CONTENT="them." WC="1.00" CC="00000"/>
						<SP ID="P43_SP00080" HPOS="523" VPOS="1185" WIDTH="38"/>
						<String ID="P43_ST00105" HPOS="561" VPOS="1152" WIDTH="59" HEIGHT="24" CONTENT="The" WC="1.00" CC="000"/>
						<SP ID="P43_SP00081" HPOS="620" VPOS="1185" WIDTH="18"/>
						<String ID="P43_ST00106" HPOS="638" VPOS="1152" WIDTH="111" HEIGHT="33" CONTENT="organic" WC="0.86" CC="4000220"/>
						<SP ID="P43_SP00082" HPOS="749" VPOS="1185" WIDTH="13"/>
						<String ID="P43_ST00107" HPOS="762" VPOS="1153" WIDTH="118" HEIGHT="24" CONTENT="remains" WC="0.92" CC="0000500"/>
						<String ID="P43_ST00108" HPOS="883" VPOS="1169" WIDTH="32" HEIGHT="2" CONTENT="—" WC="0.20" CC="8"/>
						<String ID="P43_ST00109" HPOS="917" VPOS="1162" WIDTH="78" HEIGHT="24" CONTENT="many" WC="0.86" CC="0500"/>
					</TextLine>
					<TextLine ID="P43_TL00015" HPOS="142" VPOS="1196" WIDTH="853" HEIGHT="34">
						<String ID="P43_ST00110" HPOS="142" VPOS="1197" WIDTH="29" HEIGHT="27" CONTENT="of" WC="0.86" CC="02"/>
						<SP ID="P43_SP00083" HPOS="171" VPOS="1224" WIDTH="7"/>
						<String ID="P43_ST00111" HPOS="178" VPOS="1197" WIDTH="92" HEIGHT="27" CONTENT="which" WC="0.91" CC="00400"/>
						<SP ID="P43_SP00084" HPOS="270" VPOS="1224" WIDTH="11"/>
						<String ID="P43_ST00112" HPOS="281" VPOS="1198" WIDTH="66" HEIGHT="25" CONTENT="bear" WC="0.96" CC="0001"/>
						<SP ID="P43_SP00085" HPOS="347" VPOS="1224" WIDTH="12"/>
						<String ID="P43_ST00113" HPOS="359" VPOS="1197" WIDTH="49" HEIGHT="26" CONTENT="the" WC="1.00" CC="000"/>
						<SP ID="P43_SP00086" HPOS="408" VPOS="1224" WIDTH="11"/>
						<String ID="P43_ST00114" HPOS="419" VPOS="1205" WIDTH="173" HEIGHT="25" CONTENT="appearance" WC="0.79" CC="0200504700"/>
						<SP ID="P43_SP00087" HPOS="592" VPOS="1230" WIDTH="10"/>
						<String ID="P43_ST00115" HPOS="602" VPOS="1196" WIDTH="29" HEIGHT="25" CONTENT="of" WC="0.92" CC="01"/>
						<SP ID="P43_SP00088" HPOS="631" VPOS="1230" WIDTH="10"/>
						<String ID="P43_ST00116" HPOS="641" VPOS="1197" WIDTH="142" HEIGHT="25" CONTENT="extensive" WC="0.89" CC="002010600"/>
						<SP ID="P43_SP00089" HPOS="783" VPOS="1230" WIDTH="12"/>
						<String ID="P43_ST00117" HPOS="795" VPOS="1197" WIDTH="138" HEIGHT="30" CONTENT="abrasion," WC="0.89" CC="000005210"/>
						<SP ID="P43_SP00090" HPOS="933" VPOS="1230" WIDTH="11"/>
						<String ID="P43_ST00118" HPOS="944" VPOS="1199" WIDTH="51" HEIGHT="25" CONTENT="and" WC="0.90" CC="300"/>
					</TextLine>
					<TextLine ID="P43_TL00016" HPOS="142" VPOS="1242" WIDTH="853" HEIGHT="33">
						<String ID="P43_ST00119" HPOS="142" VPOS="1253" WIDTH="75" HEIGHT="16" CONTENT="seem" WC="1.00" CC="0000"/>
						<SP ID="P43_SP00091" HPOS="217" VPOS="1269" WIDTH="21"/>
						<String ID="P43_ST00120" HPOS="238" VPOS="1248" WIDTH="30" HEIGHT="21" CONTENT="to" WC="0.85" CC="20"/>
						<SP ID="P43_SP00092" HPOS="268" VPOS="1269" WIDTH="25"/>
						<String ID="P43_ST00121" HPOS="293" VPOS="1243" WIDTH="72" HEIGHT="25" CONTENT="have" WC="0.97" CC="0000"/>
						<SP ID="P43_SP00093" HPOS="365" VPOS="1269" WIDTH="22"/>
						<String ID="P43_ST00122" HPOS="387" VPOS="1243" WIDTH="68" HEIGHT="25" CONTENT="been" WC="0.99" CC="0000"/>
						<SP ID="P43_SP00094" HPOS="455" VPOS="1269" WIDTH="25"/>
						<String ID="P43_ST00123" HPOS="480" VPOS="1242" WIDTH="177" HEIGHT="33" CONTENT="transported" WC="0.85" CC="02400600200"/>
						<SP ID="P43_SP00095" HPOS="657" VPOS="1275" WIDTH="19"/>
						<String ID="P43_ST00124" HPOS="676" VPOS="1242" WIDTH="68" HEIGHT="24" CONTENT="from" WC="0.91" CC="3000"/>
						<SP ID="P43_SP00096" HPOS="744" VPOS="1275" WIDTH="23"/>
						<String ID="P43_ST00125" HPOS="767" VPOS="1242" WIDTH="63" HEIGHT="33" CONTENT="long" WC="0.80" CC="3040"/>
						<SP ID="P43_SP00097" HPOS="830" VPOS="1275" WIDTH="20"/>
						<String ID="P43_ST00126" HPOS="850" VPOS="1242" WIDTH="145" HEIGHT="31" CONTENT="distances," WC="0.97" CC="0000030000"/>
					</TextLine>
					<TextLine ID="P43_TL00017" HPOS="142" VPOS="1286" WIDTH="853" HEIGHT="34">
						<String ID="P43_ST00127" HPOS="142" VPOS="1289" WIDTH="91" HEIGHT="26" CONTENT="whilst" WC="0.84" CC="036000"/>
						<SP ID="P43_SP00098" HPOS="233" VPOS="1315" WIDTH="11"/>
						<String ID="P43_ST00128" HPOS="244" VPOS="1289" WIDTH="94" HEIGHT="24" CONTENT="others" WC="0.86" CC="004030"/>
						<SP ID="P43_SP00099" HPOS="338" VPOS="1315" WIDTH="14"/>
						<String ID="P43_ST00129" HPOS="352" VPOS="1297" WIDTH="103" HEIGHT="23" CONTENT="appear" WC="0.76" CC="614001"/>
						<SP ID="P43_SP00100" HPOS="455" VPOS="1320" WIDTH="14"/>
						<String ID="P43_ST00130" HPOS="469" VPOS="1291" WIDTH="28" HEIGHT="21" CONTENT="to" WC="1.00" CC="00"/>
						<SP ID="P43_SP00101" HPOS="497" VPOS="1320" WIDTH="13"/>
						<String ID="P43_ST00131" HPOS="510" VPOS="1287" WIDTH="34" HEIGHT="25" CONTENT="be" WC="1.00" CC="00"/>
						<SP ID="P43_SP00102" HPOS="544" VPOS="1320" WIDTH="14"/>
						<String ID="P43_ST00132" HPOS="558" VPOS="1286" WIDTH="155" HEIGHT="33" CONTENT="indiginous" WC="0.82" CC="0006015040"/>
						<SP ID="P43_SP00103" HPOS="713" VPOS="1320" WIDTH="11"/>
						<String ID="P43_ST00133" HPOS="724" VPOS="1291" WIDTH="27" HEIGHT="21" CONTENT="to" WC="1.00" CC="00"/>
						<SP ID="P43_SP00104" HPOS="751" VPOS="1320" WIDTH="11"/>
						<String ID="P43_ST00134" HPOS="762" VPOS="1287" WIDTH="47" HEIGHT="25" CONTENT="the" WC="0.97" CC="000"/>
						<SP ID="P43_SP00105" HPOS="809" VPOS="1320" WIDTH="10"/>
						<String ID="P43_ST00135" HPOS="819" VPOS="1287" WIDTH="145" HEIGHT="26" CONTENT="formation" WC="0.86" CC="000060400"/>
						<String ID="P43_ST00136" HPOS="968" VPOS="1304" WIDTH="27" HEIGHT="3" CONTENT="—" WC="0.20" CC="8"/>
					</TextLine>
					<TextLine ID="P43_TL00018" HPOS="142" VPOS="1331" WIDTH="853" HEIGHT="28">
						<String ID="P43_ST00137" HPOS="142" VPOS="1342" WIDTH="46" HEIGHT="17" CONTENT="are" WC="0.94" CC="010"/>
						<SP ID="P43_SP00106" HPOS="188" VPOS="1359" WIDTH="13"/>
						<String ID="P43_ST00138" HPOS="201" VPOS="1333" WIDTH="92" HEIGHT="26" CONTENT="stated" WC="0.96" CC="100000"/>
						<SP ID="P43_SP00107" HPOS="293" VPOS="1359" WIDTH="11"/>
						<String ID="P43_ST00139" HPOS="304" VPOS="1337" WIDTH="28" HEIGHT="21" CONTENT="to" WC="1.00" CC="00"/>
						<SP ID="P43_SP00108" HPOS="332" VPOS="1359" WIDTH="14"/>
						<String ID="P43_ST00140" HPOS="346" VPOS="1333" WIDTH="72" HEIGHT="24" CONTENT="have" WC="1.00" CC="0000"/>
						<SP ID="P43_SP00109" HPOS="418" VPOS="1359" WIDTH="13"/>
						<String ID="P43_ST00141" HPOS="431" VPOS="1333" WIDTH="69" HEIGHT="24" CONTENT="been" WC="0.94" CC="2000"/>
						<SP ID="P43_SP00110" HPOS="500" VPOS="1359" WIDTH="14"/>
						<String ID="P43_ST00142" HPOS="514" VPOS="1341" WIDTH="34" HEIGHT="16" CONTENT="an" WC="0.89" CC="02"/>
						<SP ID="P43_SP00111" HPOS="548" VPOS="1359" WIDTH="16"/>
						<String ID="P43_ST00143" HPOS="564" VPOS="1331" WIDTH="109" HEIGHT="25" CONTENT="ancient" WC="0.92" CC="0400000"/>
						<SP ID="P43_SP00112" HPOS="673" VPOS="1359" WIDTH="14"/>
						<String ID="P43_ST00144" HPOS="687" VPOS="1332" WIDTH="68" HEIGHT="24" CONTENT="shell" WC="0.94" CC="03000"/>
						<SP ID="P43_SP00113" HPOS="755" VPOS="1359" WIDTH="13"/>
						<String ID="P43_ST00145" HPOS="768" VPOS="1332" WIDTH="53" HEIGHT="25" CONTENT="bed" WC="1.00" CC="000"/>
						<String ID="P43_ST00146" HPOS="823" VPOS="1348" WIDTH="33" HEIGHT="3" CONTENT="—" WC="0.20" CC="8"/>
						<String ID="P43_ST00147" HPOS="857" VPOS="1341" WIDTH="16" HEIGHT="16" CONTENT="a" WC="1.00" CC="0"/>
						<SP ID="P43_SP00114" HPOS="873" VPOS="1359" WIDTH="13"/>
						<String ID="P43_ST00148" HPOS="886" VPOS="1333" WIDTH="109" HEIGHT="25" CONTENT="modern" WC="0.96" CC="200000"/>
					</TextLine>
					<TextLine ID="P43_TL00019" HPOS="142" VPOS="1376" WIDTH="853" HEIGHT="36">
						<String ID="P43_ST00149" HPOS="142" VPOS="1379" WIDTH="156" HEIGHT="33" CONTENT="equivalent" WC="0.91" CC="0006000001"/>
						<SP ID="P43_SP00115" HPOS="298" VPOS="1412" WIDTH="20"/>
						<String ID="P43_ST00150" HPOS="318" VPOS="1378" WIDTH="30" HEIGHT="25" CONTENT="of" WC="1.00" CC="00"/>
						<SP ID="P43_SP00116" HPOS="348" VPOS="1412" WIDTH="17"/>
						<String ID="P43_ST00151" HPOS="365" VPOS="1377" WIDTH="99" HEIGHT="29" CONTENT="which," WC="0.93" CC="002010"/>
						<SP ID="P43_SP00117" HPOS="464" VPOS="1412" WIDTH="15"/>
						<String ID="P43_ST00152" HPOS="479" VPOS="1377" WIDTH="130" HEIGHT="32" CONTENT="dredgers" WC="0.99" CC="00000000"/>
						<SP ID="P43_SP00118" HPOS="609" VPOS="1412" WIDTH="18"/>
						<String ID="P43_ST00153" HPOS="627" VPOS="1377" WIDTH="47" HEIGHT="24" CONTENT="tell" WC="1.00" CC="0000"/>
						<SP ID="P43_SP00119" HPOS="674" VPOS="1412" WIDTH="20"/>
						<String ID="P43_ST00154" HPOS="694" VPOS="1385" WIDTH="41" HEIGHT="20" CONTENT="us," WC="1.00" CC="000"/>
						<SP ID="P43_SP00120" HPOS="735" VPOS="1412" WIDTH="13"/>
						<String ID="P43_ST00155" HPOS="748" VPOS="1376" WIDTH="24" HEIGHT="25" CONTENT="is" WC="0.90" CC="10"/>
						<SP ID="P43_SP00121" HPOS="772" VPOS="1412" WIDTH="18"/>
						<String ID="P43_ST00156" HPOS="790" VPOS="1385" WIDTH="61" HEIGHT="17" CONTENT="now" WC="0.94" CC="100"/>
						<SP ID="P43_SP00122" HPOS="851" VPOS="1412" WIDTH="19"/>
						<String ID="P43_ST00157" HPOS="870" VPOS="1385" WIDTH="125" HEIGHT="17" CONTENT="accumu" SUBS_TYPE="HypPart1" SUBS_CONTENT="accumulating" WC="0.90" CC="3000021"/>
						<HYP CONTENT="-"/>
					</TextLine>
					<TextLine ID="P43_TL00020" HPOS="142" VPOS="1422" WIDTH="391" HEIGHT="30">
						<String ID="P43_ST00158" HPOS="142" VPOS="1424" WIDTH="85" HEIGHT="28" CONTENT="lating" SUBS_TYPE="HypPart2" SUBS_CONTENT="accumulating" WC="0.70" CC="420640"/>
						<SP ID="P43_SP00123" HPOS="227" VPOS="1452" WIDTH="19"/>
						<String ID="P43_ST00159" HPOS="246" VPOS="1423" WIDTH="28" HEIGHT="26" CONTENT="in" WC="0.37" CC="66"/>
						<SP ID="P43_SP00124" HPOS="274" VPOS="1452" WIDTH="19"/>
						<String ID="P43_ST00160" HPOS="293" VPOS="1424" WIDTH="47" HEIGHT="24" CONTENT="the" WC="1.00" CC="000"/>
						<SP ID="P43_SP00125" HPOS="340" VPOS="1452" WIDTH="19"/>
						<String ID="P43_ST00161" HPOS="359" VPOS="1422" WIDTH="93" HEIGHT="25" CONTENT="North" WC="0.89" CC="50000"/>
						<SP ID="P43_SP00126" HPOS="452" VPOS="1452" WIDTH="19"/>
						<String ID="P43_ST00162" HPOS="471" VPOS="1422" WIDTH="62" HEIGHT="25" CONTENT="Sea." WC="1.00" CC="0000"/>
					</TextLine>
				</TextBlock>
				<TextBlock ID="P43_TB00006" HPOS="137" VPOS="1465" WIDTH="863" HEIGHT="261" STYLEREFS="TXT_0 PAR_LEFT">
					<TextLine ID="P43_TL00021" HPOS="187" VPOS="1466" WIDTH="813" HEIGHT="33">
						<String ID="P43_ST00163" HPOS="187" VPOS="1469" WIDTH="61" HEIGHT="25" CONTENT="The" WC="0.80" CC="060"/>
						<SP ID="P43_SP00127" HPOS="248" VPOS="1494" WIDTH="22"/>
						<String ID="P43_ST00164" HPOS="270" VPOS="1469" WIDTH="100" HEIGHT="25" CONTENT="Lower" WC="1.00" CC="00000"/>
						<SP ID="P43_SP00128" HPOS="370" VPOS="1494" WIDTH="22"/>
						<String ID="P43_ST00165" HPOS="392" VPOS="1466" WIDTH="163" HEIGHT="28" CONTENT="Greensand" WC="0.88" CC="020040020"/>
						<SP ID="P43_SP00129" HPOS="555" VPOS="1494" WIDTH="21"/>
						<String ID="P43_ST00166" HPOS="576" VPOS="1466" WIDTH="41" HEIGHT="33" CONTENT="(so" WC="0.85" CC="400"/>
						<SP ID="P43_SP00130" HPOS="617" VPOS="1499" WIDTH="22"/>
						<String ID="P43_ST00167" HPOS="639" VPOS="1466" WIDTH="98" HEIGHT="33" CONTENT="called)" WC="0.94" CC="0020001"/>
						<SP ID="P43_SP00131" HPOS="737" VPOS="1499" WIDTH="22"/>
						<String ID="P43_ST00168" HPOS="759" VPOS="1466" WIDTH="23" HEIGHT="25" CONTENT="is" WC="0.78" CC="40"/>
						<SP ID="P43_SP00132" HPOS="782" VPOS="1499" WIDTH="20"/>
						<String ID="P43_ST00169" HPOS="802" VPOS="1467" WIDTH="148" HEIGHT="32" CONTENT="composed" WC="0.95" CC="04000000"/>
						<SP ID="P43_SP00133" HPOS="950" VPOS="1499" WIDTH="21"/>
						<String ID="P43_ST00170" HPOS="971" VPOS="1467" WIDTH="29" HEIGHT="26" CONTENT="of" WC="1.00" CC="00"/>
					</TextLine>
					<TextLine ID="P43_TL00022" HPOS="138" VPOS="1510" WIDTH="857" HEIGHT="35">
						<String ID="P43_ST00171" HPOS="138" VPOS="1515" WIDTH="70" HEIGHT="25" CONTENT="dark" WC="0.56" CC="0457"/>
						<SP ID="P43_SP00134" HPOS="208" VPOS="1540" WIDTH="24"/>
						<String ID="P43_ST00172" HPOS="232" VPOS="1514" WIDTH="49" HEIGHT="25" CONTENT="red" WC="0.82" CC="500"/>
						<SP ID="P43_SP00135" HPOS="281" VPOS="1540" WIDTH="25"/>
						<String ID="P43_ST00173" HPOS="306" VPOS="1516" WIDTH="129" HEIGHT="29" CONTENT="compact" WC="0.95" CC="0300000"/>
						<SP ID="P43_SP00136" HPOS="435" VPOS="1545" WIDTH="29"/>
						<String ID="P43_ST00174" HPOS="464" VPOS="1511" WIDTH="150" HEIGHT="26" CONTENT="sandstone" WC="0.95" CC="004000000"/>
						<SP ID="P43_SP00137" HPOS="614" VPOS="1545" WIDTH="24"/>
						<String ID="P43_ST00175" HPOS="638" VPOS="1511" WIDTH="28" HEIGHT="24" CONTENT="in" WC="1.00" CC="00"/>
						<SP ID="P43_SP00138" HPOS="666" VPOS="1545" WIDTH="24"/>
						<String ID="P43_ST00176" HPOS="690" VPOS="1510" WIDTH="36" HEIGHT="26" CONTENT="its" WC="0.96" CC="100"/>
						<SP ID="P43_SP00139" HPOS="726" VPOS="1545" WIDTH="24"/>
						<String ID="P43_ST00177" HPOS="750" VPOS="1511" WIDTH="95" HEIGHT="25" CONTENT="lowest" WC="0.91" CC="005000"/>
						<SP ID="P43_SP00140" HPOS="845" VPOS="1545" WIDTH="24"/>
						<String ID="P43_ST00178" HPOS="869" VPOS="1511" WIDTH="126" HEIGHT="31" CONTENT="division," WC="0.90" CC="032000030"/>
					</TextLine>
					<TextLine ID="P43_TL00023" HPOS="138" VPOS="1555" WIDTH="858" HEIGHT="36">
						<String ID="P43_ST00179" HPOS="138" VPOS="1559" WIDTH="154" HEIGHT="26" CONTENT="succeeded" WC="0.94" CC="050000000"/>
						<SP ID="P43_SP00141" HPOS="292" VPOS="1585" WIDTH="32"/>
						<String ID="P43_ST00180" HPOS="324" VPOS="1559" WIDTH="37" HEIGHT="32" CONTENT="by" WC="1.00" CC="00"/>
						<SP ID="P43_SP00142" HPOS="361" VPOS="1591" WIDTH="30"/>
						<String ID="P43_ST00181" HPOS="391" VPOS="1556" WIDTH="200" HEIGHT="26" CONTENT="buff-coloured" WC="0.93" CC="0500000002000"/>
						<SP ID="P43_SP00143" HPOS="591" VPOS="1591" WIDTH="31"/>
						<String ID="P43_ST00182" HPOS="622" VPOS="1556" WIDTH="83" HEIGHT="32" CONTENT="clays," WC="0.93" CC="020001"/>
						<SP ID="P43_SP00144" HPOS="705" VPOS="1591" WIDTH="32"/>
						<String ID="P43_ST00183" HPOS="737" VPOS="1555" WIDTH="47" HEIGHT="25" CONTENT="red" WC="0.97" CC="000"/>
						<SP ID="P43_SP00145" HPOS="784" VPOS="1591" WIDTH="31"/>
						<String ID="P43_ST00184" HPOS="815" VPOS="1556" WIDTH="90" HEIGHT="30" CONTENT="sands," WC="0.97" CC="000010"/>
						<SP ID="P43_SP00146" HPOS="905" VPOS="1591" WIDTH="32"/>
						<String ID="P43_ST00185" HPOS="937" VPOS="1557" WIDTH="59" HEIGHT="25" CONTENT="iron" WC="0.75" CC="6020"/>
					</TextLine>
					<TextLine ID="P43_TL00024" HPOS="138" VPOS="1600" WIDTH="859" HEIGHT="33">
						<String ID="P43_ST00186" HPOS="138" VPOS="1604" WIDTH="93" HEIGHT="29" CONTENT="sands," WC="0.94" CC="003000"/>
						<SP ID="P43_SP00147" HPOS="231" VPOS="1633" WIDTH="18"/>
						<String ID="P43_ST00187" HPOS="249" VPOS="1603" WIDTH="68" HEIGHT="26" CONTENT="with" WC="0.64" CC="2605"/>
						<SP ID="P43_SP00148" HPOS="317" VPOS="1633" WIDTH="23"/>
						<String ID="P43_ST00188" HPOS="340" VPOS="1610" WIDTH="90" HEIGHT="17" CONTENT="seams" WC="0.90" CC="00400"/>
						<SP ID="P43_SP00149" HPOS="430" VPOS="1633" WIDTH="19"/>
						<String ID="P43_ST00189" HPOS="449" VPOS="1601" WIDTH="30" HEIGHT="25" CONTENT="of" WC="0.88" CC="20"/>
						<SP ID="P43_SP00150" HPOS="479" VPOS="1633" WIDTH="18"/>
						<String ID="P43_ST00190" HPOS="497" VPOS="1601" WIDTH="70" HEIGHT="32" CONTENT="clay," WC="0.94" CC="02000"/>
						<SP ID="P43_SP00151" HPOS="567" VPOS="1633" WIDTH="15"/>
						<String ID="P43_ST00191" HPOS="582" VPOS="1600" WIDTH="54" HEIGHT="25" CONTENT="and" WC="0.85" CC="040"/>
						<SP ID="P43_SP00152" HPOS="636" VPOS="1633" WIDTH="17"/>
						<String ID="P43_ST00192" HPOS="653" VPOS="1600" WIDTH="68" HEIGHT="25" CONTENT="dark" WC="0.88" CC="0040"/>
						<SP ID="P43_SP00153" HPOS="721" VPOS="1633" WIDTH="17"/>
						<String ID="P43_ST00193" HPOS="738" VPOS="1600" WIDTH="145" HEIGHT="26" CONTENT="indurated" WC="0.85" CC="350300000"/>
						<SP ID="P43_SP00154" HPOS="883" VPOS="1633" WIDTH="19"/>
						<String ID="P43_ST00194" HPOS="902" VPOS="1610" WIDTH="95" HEIGHT="17" CONTENT="coarse" WC="0.96" CC="000200"/>
					</TextLine>
					<TextLine ID="P43_TL00025" HPOS="138" VPOS="1644" WIDTH="860" HEIGHT="35">
						<String ID="P43_ST00195" HPOS="138" VPOS="1649" WIDTH="94" HEIGHT="29" CONTENT="sands," WC="1.00" CC="000000"/>
						<SP ID="P43_SP00155" HPOS="232" VPOS="1678" WIDTH="12"/>
						<String ID="P43_ST00196" HPOS="244" VPOS="1652" WIDTH="29" HEIGHT="21" CONTENT="at" WC="0.83" CC="30"/>
						<SP ID="P43_SP00156" HPOS="273" VPOS="1678" WIDTH="14"/>
						<String ID="P43_ST00197" HPOS="287" VPOS="1647" WIDTH="130" HEIGHT="26" CONTENT="Cliff-end" WC="0.95" CC="004000000"/>
						<SP ID="P43_SP00157" HPOS="417" VPOS="1678" WIDTH="10"/>
						<String ID="P43_ST00198" HPOS="427" VPOS="1655" WIDTH="5" HEIGHT="21" CONTENT=";" WC="1.00" CC="0"/>
						<SP ID="P43_SP00158" HPOS="432" VPOS="1678" WIDTH="15"/>
						<String ID="P43_ST00199" HPOS="447" VPOS="1646" WIDTH="77" HEIGHT="25" CONTENT="these" WC="1.00" CC="00000"/>
						<SP ID="P43_SP00159" HPOS="524" VPOS="1678" WIDTH="14"/>
						<String ID="P43_ST00200" HPOS="538" VPOS="1644" WIDTH="80" HEIGHT="33" CONTENT="again" WC="0.89" CC="00005"/>
						<SP ID="P43_SP00160" HPOS="618" VPOS="1678" WIDTH="14"/>
						<String ID="P43_ST00201" HPOS="632" VPOS="1654" WIDTH="47" HEIGHT="16" CONTENT="are" WC="0.86" CC="030"/>
						<SP ID="P43_SP00161" HPOS="679" VPOS="1678" WIDTH="12"/>
						<String ID="P43_ST00202" HPOS="691" VPOS="1645" WIDTH="153" HEIGHT="25" CONTENT="succeeded" WC="0.97" CC="020000000"/>
						<SP ID="P43_SP00162" HPOS="844" VPOS="1678" WIDTH="12"/>
						<String ID="P43_ST00203" HPOS="856" VPOS="1646" WIDTH="37" HEIGHT="33" CONTENT="by" WC="1.00" CC="00"/>
						<SP ID="P43_SP00163" HPOS="893" VPOS="1679" WIDTH="8"/>
						<String ID="P43_ST00204" HPOS="901" VPOS="1647" WIDTH="97" HEIGHT="32" CONTENT="yellow" WC="0.88" CC="013200"/>
					</TextLine>
					<TextLine ID="P43_TL00026" HPOS="138" VPOS="1690" WIDTH="858" HEIGHT="36">
						<String ID="P43_ST00205" HPOS="138" VPOS="1694" WIDTH="55" HEIGHT="26" CONTENT="and" WC="0.78" CC="060"/>
						<SP ID="P43_SP00164" HPOS="193" VPOS="1720" WIDTH="13"/>
						<String ID="P43_ST00206" HPOS="206" VPOS="1692" WIDTH="218" HEIGHT="34" CONTENT="parti-coloured" WC="0.78" CC="51406200043200"/>
						<SP ID="P43_SP00165" HPOS="424" VPOS="1726" WIDTH="13"/>
						<String ID="P43_ST00207" HPOS="437" VPOS="1691" WIDTH="84" HEIGHT="25" CONTENT="sands" WC="0.94" CC="00200"/>
						<SP ID="P43_SP00166" HPOS="521" VPOS="1726" WIDTH="14"/>
						<String ID="P43_ST00208" HPOS="535" VPOS="1694" WIDTH="28" HEIGHT="21" CONTENT="at" WC="0.83" CC="03"/>
						<SP ID="P43_SP00167" HPOS="563" VPOS="1726" WIDTH="11"/>
						<String ID="P43_ST00209" HPOS="574" VPOS="1690" WIDTH="161" HEIGHT="32" CONTENT="Blackgang" WC="0.89" CC="500000040"/>
						<String ID="P43_ST00210" HPOS="737" VPOS="1705" WIDTH="32" HEIGHT="4" CONTENT="—" WC="0.20" CC="8"/>
						<String ID="P43_ST00211" HPOS="771" VPOS="1691" WIDTH="123" HEIGHT="25" CONTENT="between" WC="1.00" CC="0000000"/>
						<SP ID="P43_SP00168" HPOS="894" VPOS="1726" WIDTH="12"/>
						<String ID="P43_ST00212" HPOS="906" VPOS="1692" WIDTH="90" HEIGHT="26" CONTENT="which" WC="0.76" CC="00470"/>
					</TextLine>
				</TextBlock>
			</PrintSpace>
		</Page>
	</Layout>
</alto>
