1117 1922
124 201 13 2 60

354 186 57 17 THE
431 186 97 17 LOWER
547 186 178 17 GREENSAND.

107 257 209 33 predominated
327 266 64 17 over
405 258 46 25 the
462 258 85 33 clays,
559 258 68 25 each
638 257 118 26 interval
769 257 31 25 of
810 255 158 35 deposition

106 303 81 33 being
207 303 109 32 usually
339 303 115 25 marked
476 303 36 32 by
533 303 48 25 the
602 311 133 23 presence
757 301 29 26 of
807 311 15 15 a
844 302 76 32 layer
941 300 30 25 of

106 350 116 31 Exogyra
234 348 104 29 sinuata,
352 348 47 25 the
412 347 96 33 period
527 347 29 26 of
572 351 55 22 rest
648 347 82 33 being
749 348 100 24 almost
864 346 104 33 always

107 393 133 26 sufficient
255 397 28 21 to
296 394 98 23 enable
406 393 48 24 the
463 394 117 31 Exogyra
593 396 28 21 to
636 392 88 25 attain
738 392 36 25 its
787 392 49 25 full
849 391 117 33 growth.

106 439 87 25 Other
212 438 125 25 bivalves
350 447 46 15 are
409 438 84 24 found
509 438 66 25 with
593 438 30 29 it,
637 439 50 24 but
704 438 28 24 in
747 437 221 34 comparatively

105 484 79 25 small
210 484 139 27 numbers,
376 483 53 24 and
455 486 46 21 not
527 483 69 24 such
621 491 31 16 as
678 491 47 16 are
749 482 31 25 of
805 482 162 33 gregarious

104 528 102 26 habits.
250 527 107 33 During
379 528 48 24 the
451 528 89 24 whole
564 527 29 25 of
615 527 56 25 this
696 527 96 33 period
818 536 148 16 enormous

105 574 174 33 Cephalopoda,
294 572 142 33 including
455 572 106 33 species
578 572 30 25 of
625 573 122 25 Crioceras
760 572 55 25 and
829 572 136 33 Scaphites,

104 619 161 33 frequented
278 619 78 24 these
370 627 69 20 seas,
452 618 54 25 and
516 618 79 25 when
609 618 72 25 dead
694 618 106 25 formed
814 618 47 25 the
874 618 90 26 nuclei

103 666 88 25 round
217 664 89 25 which
330 665 160 23 calcareous
513 664 53 24 and
592 664 89 33 sandy
703 668 101 20 matter
830 665 135 24 collected

104 711 54 25 and
184 710 105 25 formed
313 709 124 24 nodules.
487 709 60 23 The
576 709 84 24 death
686 708 29 25 of
743 709 79 24 these
847 709 117 25 animals

103 764 89 17 seems
217 759 28 21 to
270 754 72 25 have
370 754 68 24 been
464 754 153 24 connected
642 754 67 24 with
740 754 48 24 the
813 754 151 33 periodical

103 801 132 33 charging
249 799 29 26 of
290 800 48 25 the
351 808 47 17 sea
411 798 67 27 with
492 798 135 26 sediment
638 809 5 20 ;
664 799 87 26 hence
764 809 40 16 we
817 800 57 25 find
887 800 76 26 them

102 847 109 33 usually
235 844 168 33 alternating
427 844 67 26 with
520 844 47 25 the
594 853 83 17 zones
703 844 31 26 of
757 846 126 32 Exogyra,
909 847 55 24 and

101 892 117 33 forming
231 891 133 33 irregular
377 890 90 25 bands
482 889 27 25 in
524 890 47 25 the
585 890 174 34 intervening
776 891 188 34 sedimentary

101 937 132 33 deposits.

177 989 5 9 '
195 984 32 24 In
246 983 48 25 the
309 982 84 26 midst
407 982 29 25 of
452 981 56 26 this
526 982 89 32 epoch
633 982 31 26 of
678 984 118 32 Exogyra
808 984 78 24 there
903 984 24 25 is
946 993 15 16 a

101 1030 106 25 sudden
233 1037 204 24 reappearance
462 1028 30 24 of
513 1028 47 24 the
582 1029 105 33 muddy
709 1029 132 33 deposits,
862 1030 99 33 during

100 1075 47 25 the
160 1074 215 33 predominance
388 1073 29 25 of
433 1073 91 25 which
543 1073 80 25 those
642 1074 118 25 animals
780 1074 122 33 adapted
920 1075 41 26 for

99 1121 69 25 such
179 1129 16 16 a
205 1120 176 27 sea-bottom,
392 1119 53 24 and
456 1119 91 25 which
557 1119 56 25 had
624 1119 129 26 survived
764 1120 47 25 the
822 1121 139 25 cessation

98 1165 30 25 of
145 1166 47 24 the
211 1164 123 33 deposits
354 1163 29 26 of
402 1164 47 25 the
468 1163 102 26 fullers'
585 1164 88 30 earth,
693 1164 82 33 again
794 1166 164 32 multiplied,

98 1211 49 25 but
168 1210 47 24 the
234 1209 106 33 species
356 1208 92 26 which
466 1209 56 25 had
541 1210 115 24 become
675 1210 194 33 extinguished
888 1220 72 17 were

96 1259 49 21 not
163 1255 129 33 replaced
311 1255 37 32 by
361 1254 217 32 representative
597 1254 93 26 forms.
729 1256 78 29 This,
820 1257 137 30 however,

96 1301 48 25 did
162 1304 48 21 not
229 1300 54 24 last
301 1300 73 32 long,
388 1299 47 25 the
455 1300 69 24 sand
543 1300 82 32 again
643 1301 234 34 predominating,
891 1302 66 26 with

96 1345 35 26 its
145 1354 83 16 zones
246 1345 30 24 of
290 1345 115 30 Exogyra
420 1345 54 24 and
493 1345 68 25 lines
575 1345 29 25 of
620 1346 123 26 Crioceras
762 1348 124 25 nodules.

170 1395 5 10 '
186 1391 24 24 A
235 1395 159 27 temporary
423 1389 215 33 multiplication
664 1392 29 25 of
721 1393 155 26 Terebratula
899 1395 58 26 sella

96 1436 135 32 suddenly
245 1435 91 25 marks
350 1444 16 15 a
383 1435 107 32 change
509 1435 28 25 in
555 1436 48 25 the
621 1438 154 33 zoological
789 1439 167 32 conditions,

96 1481 40 25 for
161 1481 47 24 the
234 1481 165 31 Cephalopoda
421 1480 156 32 disappear,
599 1482 134 33 although
756 1484 47 25 the
825 1494 84 17 zones
930 1486 29 25 of

96 1527 124 31 Exogyra,
234 1525 91 25 which
344 1524 103 25 animal
469 1526 67 24 does
557 1530 47 21 not
627 1535 104 25 appear
750 1533 29 21 to
798 1530 72 25 have
886 1532 70 25 been

96 1571 117 24 affected
226 1570 36 33 by
275 1570 47 24 the
335 1570 107 32 change
456 1571 147 33 (probably
616 1580 15 16 a
645 1572 108 33 change
765 1573 29 26 in
807 1575 48 25 the
869 1577 86 33 depth

95 1615 29 25 of
141 1615 48 25 the
209 1615 56 33 sea)
288 1623 34 24 go
341 1623 36 16 on
396 1623 31 16 as
446 1615 101 29 before,
565 1616 78 25 there
662 1617 91 33 being,
767 1619 137 32 however,
919 1632 36 17 no

96 1660 165 33 alternating
279 1660 70 24 lines
366 1660 30 24 of
415 1660 123 25 nodules.
576 1661 26 26 It
621 1663 92 24 would
731 1672 75 17 seem
825 1666 62 27 that
907 1669 48 25 the

95 1714 46 17 sea
162 1705 88 32 began
270 1708 29 21 to
321 1704 123 30 shallow,
460 1705 136 33 probably
614 1706 69 25 from
703 1709 138 27 elevation
860 1712 31 25 of
906 1714 48 24 the
