1117 1922
354 141 96 17 LOWER
471 141 110 17 EOCENE
602 142 110 16 STRATA.

913 142 43 24 125

103 211 28 25 in
151 212 113 29 Sussex,
281 213 69 24 East
375 213 54 24 and
445 213 79 24 West
542 214 81 27 Kent,
644 214 108 33 Surrey.
791 214 31 24 In
839 214 47 25 the
904 215 54 28 Isle

103 257 29 24 of
148 257 107 33 Wight,
271 258 66 33 they
355 266 45 16 are
420 257 59 25 said
493 262 28 20 to
537 258 33 24 be
590 258 224 29 unfossiliferous,
831 258 65 26 with
912 259 47 25 the

104 302 146 33 exception
261 302 29 25 of
301 303 91 32 plants
407 302 139 33 sparingly
557 302 173 26 distributed.
767 304 77 33 They
857 313 102 23 appear

104 351 28 21 to
154 347 33 25 be
209 347 80 25 made
310 356 37 23 up
367 346 29 26 of
413 347 47 25 the
482 347 126 26 deltritus
631 348 29 24 of
677 348 46 25 the
744 349 98 28 Chalk,
864 350 95 31 Upper

105 392 164 26 Greensand
285 393 54 24 and
358 393 94 29 Gault,
467 393 143 32 deposited
628 393 26 25 in
668 402 16 16 a
702 397 72 21 state
789 394 29 24 of
830 394 54 30 silt,
898 403 62 16 con-

105 437 98 32 sisting
225 437 104 33 mainly
351 437 29 25 of
399 438 184 32 decomposed
606 439 97 29 Chalk,
729 440 54 24 and
808 448 58 16 owe
889 440 71 24 their

105 482 130 25 varieties
248 482 30 25 of
295 484 74 23 color
390 487 29 20 to
441 484 46 24 the
507 484 119 24 mixture
639 484 29 24 of
685 484 47 25 the
754 485 86 24 above
862 485 98 24 named

106 532 97 24 strata,
236 528 67 25 with
336 529 138 32 probably
506 529 46 25 the
584 529 123 25 addition
733 529 28 25 of
787 530 173 25 infiltrations

106 573 29 23 of
146 573 68 23 iron.

182 619 32 24 In
240 619 82 24 Alum
349 620 69 31 Bay,
443 619 47 25 the
518 619 104 25 Plastic
648 620 68 32 Clay
740 619 23 25 is
788 620 62 32 84ft.
876 620 85 30 thick,

107 663 156 32 increasing
286 663 42 25 till
353 663 21 25 it
399 664 113 24 reaches
540 664 78 32 163ft.
648 664 27 24 in
700 664 156 25 Whitecliff

109 708 151 34 (Bristow).
311 709 25 24 It
357 708 22 25 is
396 708 169 34 extensively
586 709 67 24 used
667 709 26 24 in
711 709 47 24 the
774 709 188 24 manufacture

107 754 30 24 of
148 754 92 24 bricks
254 754 54 24 and
322 758 119 29 pottery,
452 754 87 24 hence
551 754 35 24 its
601 763 79 15 name
697 755 80 32 given
788 759 28 20 to
829 755 20 24 it
863 755 36 33 by
910 755 52 24 Mr.

109 799 161 25 Prestwich.
310 799 81 25 Some
411 799 66 24 time
507 808 60 23 ago,
594 799 27 24 in
635 808 15 15 a
674 799 69 33 deep
770 799 106 33 cutting
899 808 65 16 near

109 845 158 24 Boscombe
289 845 97 28 Down,
408 853 33 16 an
461 844 161 32 interesting
645 844 102 25 section
770 854 55 16 was
845 845 119 31 exposed

109 889 124 32 showing
253 889 47 25 the
315 888 126 33 junction
459 890 123 24 between
600 889 46 25 the
661 894 14 10 •'
687 889 185 33 PlasticClay
911 889 53 25 and

109 934 46 25 the
170 933 96 25 White
281 934 97 25 Chalk.
416 933 60 25 The
489 933 146 25 formation
649 933 136 32 following
802 934 59 24 that
877 933 27 26 of
919 934 45 24 the

109 978 105 25 Plastic
236 979 78 32 Clay,
341 978 117 25 consists
484 978 29 25 of
532 987 15 16 a
573 979 93 24 brown
692 978 93 33 Sandy
811 979 67 32 Clay
899 978 65 25 with

109 1023 138 33 Septaria,
264 1023 171 25 Sandstones
453 1023 54 24 and
526 1023 91 33 Clays,
635 1023 90 24 which
743 1031 69 16 were
829 1023 135 24 classified

109 1069 37 33 by
170 1069 47 24 the
242 1069 46 24 old
317 1068 150 33 geologists
500 1076 29 16 as
562 1068 46 24 the
661 1069 109 31 Bognor
931 1076 33 16 on

109 1119 119 20 account
253 1114 30 24 of
305 1114 47 24 the
383 1113 104 25 Fossils
512 1113 103 32 having
643 1114 68 23 been
736 1113 139 25 identified
899 1113 65 25 with

109 1160 80 25 those
203 1158 29 26 of
242 1159 47 25 the
304 1159 98 25 Lower
417 1159 111 24 Eocene
540 1158 30 25 of
581 1158 46 25 the
642 1158 53 24 Isle
709 1158 30 24 of
749 1158 106 31 Wight.

183 1204 60 25 The
260 1204 81 25 rocks
358 1208 27 20 at
404 1204 110 31 Bognor
534 1212 45 16 are
598 1203 139 32 evidently
754 1203 46 25 the
819 1203 74 25 ruins
906 1202 30 26 of
950 1212 15 16 a

109 1249 109 33 deposit
239 1257 69 17 once
328 1257 66 25 very
416 1248 151 29 extensive,
589 1249 53 24 and
663 1248 98 28 which,
784 1257 67 16 even
872 1248 94 26 within

109 1296 48 24 the
170 1303 124 25 memory
308 1294 29 25 of
348 1303 64 15 man
425 1294 105 24 formed
544 1302 15 16 a
573 1294 52 24 low
639 1293 53 25 line
706 1293 28 25 of
745 1294 68 24 cliffs
827 1295 81 31 along
921 1295 46 23 the

110 1346 77 20 coast
199 1350 5 20 ;
232 1345 28 20 at
286 1345 110 28 present
423 1349 15 15 a
461 1340 50 24 few
535 1348 102 24 groups
662 1339 29 24 of
712 1339 135 24 detached
878 1340 88 28 rocks,

110 1386 118 26 covered
242 1387 36 32 by
292 1386 46 24 the
352 1394 46 16 sea
413 1389 27 21 at
454 1384 66 33 high
534 1389 93 24 water,
642 1385 79 24 alone
733 1384 104 25 remain
851 1384 53 25 and
921 1384 45 25 the

109 1431 97 33 period
220 1430 22 26 is
256 1434 47 21 not
317 1430 40 25 far
371 1430 103 25 distant
489 1430 78 25 when
580 1429 77 25 these
671 1428 53 26 will
738 1429 33 25 be
790 1433 86 28 swept
892 1438 75 24 away

110 1478 36 32 by
159 1477 48 24 the
220 1475 93 25 action
326 1474 30 26 of
370 1475 48 25 the
435 1483 100 17 waves.
573 1474 89 25 These
679 1474 67 25 beds
764 1483 45 16 are
826 1473 141 34 decidedly

110 1522 152 30 analogous
276 1525 28 20 to
319 1521 46 24 the
377 1520 108 25 Calcaire
500 1520 131 24 Grossiard
644 1519 29 25 of

158 1568 11 24 I
184 1567 72 25 have
274 1566 102 33 quoted
394 1565 55 25 this
474 1569 29 21 to
521 1566 75 23 show
614 1565 60 24 that
697 1565 76 24 there
790 1564 23 25 is
833 1565 97 34 hardly
952 1574 14 16 a

111 1613 87 25 doubt
222 1612 49 25 but
293 1611 62 25 that
381 1611 48 25 the
456 1611 93 24 Island
571 1619 68 16 once
659 1610 92 31 joined
777 1611 111 28 Sussex,
915 1612 51 24 and

269 1669 8 8 *
287 1667 87 19 Mantell,
496 1666 21 16 of
524 1666 33 16 the
564 1666 42 16 S.E.
616 1666 19 16 of
760 1671 18 15 p.
787 1667 25 15 61.
