1117 1922
407 146 57 16 THE
485 146 99 16 HUMAN
605 146 109 16 PERIOD.

940 146 48 23 203

180 216 86 25 Much
289 216 131 25 evidence
441 216 85 25 exists
547 220 29 21 to
597 217 76 25 show
691 217 60 24 that
771 217 78 24 other
867 221 78 28 parts
964 216 30 25 of

132 260 48 25 the
195 261 94 24 Island
303 269 70 16 were
392 261 121 25 likewise
531 261 143 25 inhabited
687 262 37 32 by
739 270 72 16 man.
849 262 59 24 The
922 263 67 23 Rev.

134 306 34 23 E.
196 306 62 23 Kell
283 305 162 25 discovered
470 307 47 23 the
541 306 120 24 remains
686 307 29 24 of
735 307 46 24 the
803 307 65 24 sites
893 306 29 25 of
945 307 47 24 the

134 350 110 24 ancient
271 350 105 25 British
398 350 124 33 villages,
546 351 146 33 Gallibury
713 351 53 25 and
790 351 200 33 Rowborough.

134 395 78 33 They
226 395 34 24 lie
278 395 85 25 about
379 395 59 25 four
458 395 78 26 miles
555 396 163 25 south-west
737 396 29 25 of
783 397 141 31 Newport,
939 397 53 24 and

135 449 47 16 are
200 440 120 25 reached
339 441 36 32 by
396 450 15 15 a
430 441 70 29 lane,
519 441 153 33 branching
689 441 67 26 from
776 442 47 25 the
841 441 65 33 high
926 442 67 25 road

135 486 61 24 that
210 485 77 25 leads
307 489 28 21 to
355 485 142 30 Shorwell,
515 485 70 26 from
606 487 193 32 Rowborough
819 488 91 23 Farm.
949 488 44 23 He

136 530 75 33 gives
226 539 15 16 a
255 530 170 33 description
444 531 29 24 of
489 532 75 23 them
585 532 54 24 and
658 540 16 16 a
691 532 106 32 ground
810 533 74 31 plan,
898 532 65 25 with
978 541 15 15 a

134 575 47 25 list
194 576 29 24 of
234 576 47 24 the
294 576 120 24 remains
427 576 92 29 found,
534 576 27 24 in
575 585 34 16 an
620 577 138 32 appendix
769 581 28 20 to
808 578 185 31 Davenport's

163 622 98 24 Garden
394 622 44 23 He
458 622 56 24 also
532 621 77 33 gives
626 622 47 24 the
691 622 137 32 following
845 626 147 21 statement

136 666 157 32 respecting
315 666 47 24 the
387 675 127 15 common
540 675 165 16 occurrence
726 666 30 25 of
777 666 108 26 ancient
906 667 88 25 burial

137 711 110 32 places:
387 711 64 32 only
476 720 46 15 are
547 711 47 24 the
619 711 121 25 barrows
764 710 30 25 of
815 711 46 25 the
886 711 108 25 ancient

139 755 113 26 Britons
272 765 148 16 numerous
441 755 27 25 in
487 756 47 24 the
553 760 93 20 centre
665 755 29 26 of
709 756 47 25 the
771 756 53 25 Isle
842 756 30 25 of
888 756 106 33 Wight,

138 802 50 24 but
201 801 66 32 they
281 809 46 17 are
340 804 29 22 to
382 801 34 25 be
430 801 84 25 found
533 801 69 25 from
620 801 165 32 Bembridge
800 802 86 24 Down
900 810 34 16 on
949 802 45 24 the

138 850 69 25 east,
231 850 29 20 to
283 846 119 24 Headon
426 846 74 24 Hills
522 854 35 16 on
581 846 48 24 the
650 850 75 25 west,
749 847 53 23 and
824 846 68 24 from
915 848 79 23 West

140 892 98 24 Cowes
251 895 28 20 to
293 891 47 23 the
354 895 121 19 extreme
489 891 90 29 south,
591 891 57 23 also
659 898 34 16 on
704 891 47 23 the
762 892 102 23 Downs
873 892 121 23 between

139 936 125 25 Ventnor
278 936 54 24 and
347 936 143 28 Shanklin,
505 936 53 23 and
572 944 75 15 some
660 936 119 23 remains
792 936 29 23 of
831 936 116 24 mounds
961 945 33 15 on

139 982 48 23 the
201 982 88 23 Down
304 981 123 24 between
442 981 122 24 Ventnor
578 981 53 24 and
646 981 87 23 Week

182 1027 24 25 A
216 1026 154 26 wall-fence
384 1026 99 24 almost
497 1025 116 25 covered
624 1025 67 25 with
704 1034 79 24 gorse
796 1025 54 25 and
859 1025 136 25 brambles

140 1072 116 25 extends
270 1071 40 25 for
324 1071 94 32 nearly
431 1069 163 25 half-a-mile
613 1070 119 24 towards
750 1070 45 24 the
811 1070 71 24 Park
895 1070 61 24 wall
970 1069 28 25 of

141 1117 255 32 Appuldurcombe.
436 1116 24 24 It
483 1115 22 25 is
528 1115 149 31 composed
697 1114 29 25 of
747 1115 76 31 large
841 1114 54 25 and
917 1115 78 24 small

141 1163 96 24 blocks
250 1161 30 24 of
292 1162 96 31 Upper
403 1160 171 28 Greensand,
589 1168 16 16 a
624 1163 116 21 stratum
755 1159 90 25 which
858 1168 97 16 occurs
968 1163 27 21 at

140 1207 70 25 least
227 1215 48 16 100
287 1206 53 24 feet
355 1206 87 24 below
453 1206 46 23 the
513 1205 84 24 fence.
635 1204 60 25 The
709 1204 120 25 builders
842 1213 46 16 are
900 1204 98 32 hardly

141 1252 83 33 likely
237 1257 28 20 to
286 1252 71 25 have
376 1260 71 24 gone
466 1251 69 24 such
549 1259 15 15 a
578 1250 124 24 distance
722 1249 39 24 for
780 1249 125 24 material
916 1258 4 20 ;
941 1249 20 24 it
975 1249 22 24 is

141 1298 134 32 probable
289 1297 65 32 they
367 1305 70 16 were
458 1296 111 32 already
581 1304 35 16 on
636 1295 46 24 the
702 1299 70 28 spot,
787 1294 102 33 having
906 1299 27 20 at
947 1303 51 16 one

142 1343 66 24 time
222 1342 104 25 formed
341 1351 15 15 a
370 1341 85 29 cairn,
470 1350 29 15 or
513 1340 89 26 burial
614 1340 115 31 ground.

188 1389 61 23 The
271 1392 78 20 stone
371 1387 99 24 known
493 1395 30 16 as
545 1386 46 25 the
846 1386 87 24 above
952 1385 47 25 the

142 1433 95 34 parish
250 1433 30 24 of
293 1432 171 28 Mottistone,
479 1432 51 23 has
543 1432 69 24 been
625 1430 110 25 noticed
749 1431 35 32 by
795 1439 82 24 many
884 1430 114 30 writers,

143 1488 70 16 none
227 1478 29 26 of
272 1478 90 26 whom
377 1486 80 24 agree
470 1486 31 15 as
514 1481 28 21 to
556 1476 35 25 its
611 1476 115 33 original
746 1484 56 16 use.
840 1477 82 24 Some
936 1485 62 15 con-

143 1524 73 25 sider
240 1523 20 26 it
283 1527 29 21 to
334 1524 34 25 be
388 1523 64 32 only
471 1532 15 15 a
508 1522 153 28 landmark,
681 1522 93 24 others
797 1530 30 16 as
845 1521 120 33 defining
984 1530 15 15 a

143 1570 79 32 place
236 1568 40 26 for
294 1567 94 33 public
408 1567 143 32 meetings,
566 1566 53 25 and
639 1566 93 25 others
751 1566 80 33 again
850 1575 30 16 as
899 1570 61 29 part
974 1566 29 25 of

144 1623 15 16 a
178 1614 148 25 cromlech.
364 1613 60 24 The
442 1613 55 24 late
518 1612 52 25 Mr.
586 1612 37 24 H.
639 1612 151 31 Westropp
809 1611 117 32 thought
945 1611 20 25 it
985 1620 15 16 a

170 1663 45 24 cat
356 1666 30 17 or
405 1658 188 24 monumental
613 1661 87 26 stone,
714 1656 104 26 similar
836 1660 28 22 to
884 1656 46 26 the
943 1657 57 30 tall,
