1117 1922
472 149 134 17 OSBORNE.

916 151 46 26 145

105 215 48 27 the
166 226 46 16 sea
226 218 73 25 close
313 222 28 22 to
354 220 48 24 the
420 221 45 25 old
486 221 111 25 Church
610 221 106 30 Tower,
731 223 53 25 and
803 232 158 25 re-appears

105 265 28 22 at
160 263 167 34 Bembridge
362 265 80 25 Point
469 275 34 16 on
537 267 47 25 the
615 268 125 31 opposite
769 273 85 21 coast.
904 270 57 24 The

107 307 68 25 Rev.
197 309 79 32 Legh
297 309 156 27 Richmond
473 312 76 31 gives
575 312 47 25 the
641 312 136 34 following
796 314 165 33 description

105 352 31 24 of
151 353 48 25 the
218 353 227 32 neighbourhood
457 365 4 16 :
464 371 34 4 —

182 409 146 27 Eastward
342 410 29 26 of
391 420 31 16 us
442 420 15 16 a
476 413 74 32 large
564 412 70 26 river
652 421 30 17 or
699 414 62 24 lake
773 414 30 24 of
819 423 46 16 sea
878 419 84 21 water

105 453 105 26 formed
236 455 36 33 by
298 455 47 25 the
370 456 65 29 tide,
461 458 54 24 and
545 458 94 33 nearly
663 458 127 25 enclosed
821 459 35 32 by
880 459 82 25 land.1

107 499 114 32 Beyond
243 499 56 25 this
312 508 57 17 was
389 509 15 15 a
423 501 53 24 fine
497 502 60 33 Bay
570 502 54 25 and
643 502 66 25 road
729 502 39 25 for
787 503 85 32 ships,
890 503 72 26 filled

105 543 67 25 with
194 545 103 24 vessels
322 545 29 25 of
373 554 82 26 every
481 546 63 30 size,
567 546 68 26 from
658 547 46 26 the
729 548 78 24 small
833 549 76 32 sloop
934 557 28 17 or

106 593 90 21 cutter
210 594 28 20 to
252 590 47 24 the
313 590 132 26 first-rate
459 591 193 26 man-of-war.3
688 593 42 24 On
744 593 46 25 the
804 593 71 32 right
889 594 73 25 hand

106 634 31 25 of
154 635 46 24 the
220 635 90 24 haven
329 644 61 16 rose
411 645 15 15 a
445 636 49 25 hill
514 636 29 25 of
562 637 151 33 peculiarly
731 638 132 24 beautiful
885 638 76 29 form,

106 679 55 26 and
182 679 191 26 considerable
393 681 104 32 height.
536 682 40 25 Its
601 682 116 25 verdure
735 690 56 17 was
812 691 65 25 very
895 682 67 30 rich,

105 724 55 26 and
181 734 83 24 many
285 725 126 26 hundred
435 726 84 32 sheep
541 727 100 31 grazed
666 735 73 24 upon
760 727 35 24 its
815 727 72 25 sides
909 727 53 25 and

105 769 138 26 summits.
281 770 84 25 From
379 771 47 24 the
445 771 127 32 opposite
586 771 80 24 shore
679 771 29 24 of
722 772 46 24 the
782 780 74 17 same
869 776 92 24 water,

105 823 16 16 a
146 816 84 32 large,
254 815 108 33 sloping
382 819 94 22 extent
497 816 29 24 of
545 817 74 24 bank
641 824 56 17 was
719 816 156 25 diversified
896 817 65 25 with

104 860 87 29 fields,
211 861 102 28 woods,
331 861 102 32 hedges
453 861 54 24 and
526 861 143 32 cottages.3
706 861 35 24 At
761 861 35 24 its
816 861 145 33 extremity

104 905 89 29 stood,
208 905 74 25 close
294 910 29 20 to
337 905 46 25 the
398 914 45 16 sea
461 905 81 29 itself,
557 905 46 25 the
624 905 119 25 remains
759 905 29 25 of
804 914 35 16 an
852 905 108 25 ancient

105 950 133 29 Church,1
261 950 55 25 still
337 950 148 33 preserved
507 959 29 16 as
559 959 16 16 a
597 950 144 25 sea-mark.
780 950 54 24 Far
856 950 106 33 beyond

105 995 47 26 the
179 996 60 32 Bay
264 1005 16 15 a
304 1004 67 24 very
396 994 104 27 distant
526 995 81 25 shore
631 1004 57 16 was
713 995 169 28 observable,
909 995 52 25 and

103 1040 65 25 land
197 1040 108 34 beyond
337 1040 21 25 it
370 1049 6 22 ;
403 1044 80 25 trees,
512 1043 96 26 towns,
638 1040 53 25 and
719 1040 78 25 other
825 1040 137 32 buildings

103 1086 148 32 appeared,
265 1094 76 16 more
359 1085 149 33 especially
525 1086 78 24 when
617 1085 91 32 gilded
722 1086 35 32 by
770 1085 47 25 the
834 1085 127 25 reflected

103 1139 63 25 rays
179 1130 30 25 of
225 1131 46 24 the
286 1131 71 24 sun.5
393 1130 41 24 To
448 1130 47 24 the
508 1130 162 24 south-west
685 1129 28 25 of
730 1130 47 24 the
790 1129 102 32 garden
906 1138 55 16 was

104 1176 116 24 another
239 1176 98 27 Down,
352 1175 118 25 covered
489 1175 58 24 also
566 1174 67 25 with
652 1174 86 25 flocks
757 1174 29 24 of
802 1174 92 32 sheep,
909 1174 52 24 and

104 1229 16 16 a
133 1220 110 33 portion
256 1220 30 25 of
302 1220 20 25 it
343 1219 105 33 fringed
467 1219 66 25 with
680 1219 35 24 At
735 1219 46 24 the
794 1218 55 25 foot
863 1218 29 25 of
907 1219 55 24 this

102 1264 48 26 hill
165 1265 45 33 lay
222 1265 48 25 the
283 1264 121 33 village,7
417 1273 15 16 a
446 1269 62 28 part
522 1264 30 24 of
567 1264 90 25 which
670 1264 143 32 gradually
826 1264 135 24 ascended

102 1314 29 21 to
144 1310 47 25 the
205 1309 86 33 rising
304 1308 107 34 ground
423 1318 36 15 on
472 1308 89 25 which
574 1308 45 25 the
635 1308 111 25 Church
759 1308 87 24 stood.
879 1308 82 24 From

103 1355 47 25 the
164 1354 191 26 intermixture
369 1353 29 26 of
415 1354 99 25 houses
532 1353 66 26 with
613 1353 127 33 gardens,
753 1353 140 28 orchards,
908 1353 53 24 and

100 1404 82 25 trees,
210 1399 20 26 it
255 1399 148 33 presented
428 1408 15 16 a
469 1408 65 24 very
558 1398 125 32 pleasing
708 1402 103 28 aspect.
850 1398 111 25 Several

104 1445 78 25 fields
208 1444 129 33 adjoined
363 1445 47 24 the
436 1443 111 33 garden.
586 1443 43 24 On
654 1442 48 25 the
726 1446 59 21 east
805 1442 52 24 and
879 1441 81 25 north

100 1499 72 17 were
194 1499 15 16 a
234 1491 116 24 number
376 1490 29 24 of
427 1490 84 24 cattle
536 1487 152 34 pasturing.
734 1487 48 33 My
807 1496 59 16 own
891 1486 70 25 little

101 1535 176 26 shrubberies
298 1535 53 25 and
370 1535 93 25 flower
482 1534 68 25 beds
570 1532 159 31 variegated
748 1532 47 25 the
813 1531 78 30 view,
906 1531 53 25 and

144 1625 7 15 1
172 1623 84 20 Brading
271 1623 74 19 HaTen,
359 1627 44 12 now
419 1620 92 18 enclosed.
545 1622 9 15 2
570 1620 27 17 St.
613 1619 78 17 Helen's
707 1618 62 17 Roads
784 1618 37 17 and
835 1618 65 21 Priory
913 1618 46 21 Bay.

100 1645 9 17 3
121 1645 113 20 Bembridge
249 1645 66 17 Down.
367 1645 10 15 4
389 1643 37 17 Old
441 1643 81 19 Church,
538 1642 28 17 St.
584 1641 83 17 Helen's.
717 1642 10 15 5
739 1640 121 17 Portsmouth
874 1640 38 16 and
928 1640 31 16 the

100 1667 71 17 Sussex
182 1667 63 17 Coast.
290 1669 10 15 6
322 1665 86 19 Brading
419 1665 66 17 Down.
530 1665 9 15 7
562 1662 94 22 Probably
667 1662 90 21 Brading.

145 1711 14 14 K
