1117 1922
155 186 7 2 38

371 165 56 16 the
453 164 96 17 lower
571 161 179 20 greensand.

130 237 60 26 The
214 238 82 25 lower
318 239 15 24 8
355 246 30 16 or
410 246 30 16 10
459 236 53 25 feet
532 235 118 25 consists
675 233 30 26 of
727 234 96 25 brown
841 232 71 26 sand
937 231 54 25 and

130 283 172 29 sandstones,
328 282 66 26 with
420 281 93 26 oolitic
537 280 94 33 grains
655 279 31 25 of
711 278 59 25 iron
796 287 55 16 ore.
902 276 89 26 Pinna

131 327 185 26 Robinaldina
337 327 23 26 is
381 326 74 27 often
477 330 55 21 met
554 325 67 26 with
644 325 27 24 in
691 332 96 16 coarse
807 322 69 26 sand
896 326 28 22 at
943 322 48 26 the

129 374 117 28 bottom,
268 372 92 26 whilst
381 372 47 25 the
453 380 83 17 zones
560 370 30 26 of
612 370 47 25 the
684 373 116 30 oysters,
825 368 93 25 which
944 376 46 16 are

131 418 158 26 sometimes
308 417 29 25 of
353 425 66 25 very
437 417 75 31 large
531 415 64 29 size,
609 414 35 26 lie
664 423 34 16 on
718 414 47 25 the
785 414 89 28 shore,
889 413 55 25 and
963 413 28 24 in

130 463 137 26 detached
291 463 96 25 blocks
399 471 5 20 ;
433 463 49 24 but
504 469 83 25 many
611 460 31 25 of
664 460 75 26 them
764 459 36 25 lie
824 458 107 34 thickly
956 468 34 16 on

130 509 109 25 shelves
260 508 29 25 of
307 508 48 25 the
377 511 96 25 strata,
493 506 92 25 which
606 506 72 24 have
699 506 70 24 been
791 504 56 26 laid
866 505 67 25 bare
955 505 36 33 by

129 553 48 26 the
190 552 153 26 incursions
356 552 29 25 of
395 552 48 25 the
455 560 55 20 sea,
526 551 155 25 associated
695 550 67 25 with
780 553 75 21 ostrea
872 550 118 29 carinata,

130 598 97 34 singly,
246 598 53 26 and
317 597 27 26 in
363 606 111 24 groups,
488 596 67 26 with
575 596 121 25 corallines
714 596 54 25 and
787 596 107 33 serpula,
908 596 82 24 form-

129 644 46 31 ing
194 645 47 24 the
259 643 120 25 remains
398 642 29 26 of
444 651 33 17 an
498 641 109 26 ancient
626 646 93 29 oyster
738 642 63 29 bed,
820 641 93 26 which
932 642 58 25 also

129 688 126 24 contains
267 698 5 14 :
275 704 34 3 —

129 784 188 33 Lonchopteris
329 783 119 24 Mantelli

130 818 189 33 Siphodictyon
333 818 96 32 gracile

129 852 106 25 Chisma

585 782 95 24 Ostrea
693 786 87 20 retusa

585 817 96 25 Pecten
699 817 155 25 orbicularis

632 871 15 9 ,,
695 851 180 25 interstriatus

630 905 14 8 ,.
693 887 223 24 striato-costatns

129 887 103 23 Brissus

129 922 127 31 Panopæa
268 921 97 32 plicata

129 955 122 33 Trigonia
262 955 75 24 rudis

129 989 83 23 Pinna
225 989 174 23 Robinaldina

584 920 125 24 Hinnites
724 920 129 32 Leymerii

584 955 112 23 Anomia
708 963 117 16 cowvexa

584 989 171 22 Terebratula
768 989 63 22 sella

162 1042 15 8 „
227 1023 120 25 sulcifera

585 1023 166 24 Inoceramus
777 1023 195 26 Neocomiensis

585 1057 131 30 Gryphæa
728 1058 105 24 sinuata

129 1057 93 25 Ostrea
234 1057 128 33 Leymerii

174 1110 16 10 „
236 1093 117 23 carinata

585 1091 110 31 Serpnla
708 1092 90 30 plexus

174 1145 16 11 „
237 1126 119 31 prionota

556 1132 5 22 j
635 1145 14 10 „
710 1126 136 32 antiquata

464 1302 61 23 Fifth
540 1303 106 19 Division.

233 1383 63 25 The
317 1384 157 25 Scaphites
494 1385 102 25 Group
615 1386 44 32 (50
672 1385 53 25 feet
738 1394 17 24 4
767 1385 116 33 inches).

176 1462 60 24 The
257 1462 115 24 nodules
372 1477 35 3 —
408 1462 27 25 in
460 1463 99 33 layers,
581 1463 161 33 containing
763 1464 126 33 Scaphites
912 1465 79 33 Gigas

130 1507 54 25 and
206 1507 125 33 Scaphites
351 1507 83 25 Hilsii
438 1524 30 2 —
470 1517 45 16 are
537 1509 85 25 about
644 1513 54 22 two
718 1509 53 26 feet
791 1510 27 25 in
837 1510 152 30 thickness,

130 1552 55 26 and
207 1562 45 15 are
274 1553 153 25 succeeded
448 1552 28 26 in
501 1554 150 33 ascending
672 1555 81 24 order
775 1556 37 33 by
834 1563 32 25 27
886 1556 54 26 feet
962 1557 30 25 of

130 1597 126 33 greenish
278 1597 77 26 sand.
392 1597 60 26 The
470 1607 88 24 group
575 1607 63 25 may
654 1600 33 24 be
704 1600 112 25 divided
836 1601 58 25 into
912 1602 78 25 three

131 1642 76 30 beds,
229 1642 48 25 the
300 1643 95 25 lowest
417 1643 30 24 of
465 1643 91 25 which
581 1644 24 25 is
626 1645 94 25 brown
742 1646 55 24 and
817 1646 173 33 ferruginous

131 1688 129 24 coloured
290 1688 77 29 sand,
393 1692 104 30 twenty
524 1688 53 26 feet
608 1689 86 30 thick,
724 1691 161 33 containing
914 1693 76 31 large
