1117 1922
147 185 45 23 170

437 181 144 17 tertiary
600 181 106 16 series.

142 257 57 24 into
213 257 46 24 the
279 264 54 16 sea.
371 254 69 25 This
459 258 102 21 stream
577 253 76 32 gives
672 250 167 25 indications
854 249 28 26 of
898 249 104 33 having

142 302 105 24 existed
269 300 39 25 for
330 309 15 15 a
367 299 190 25 considerable
580 297 105 33 period,
706 295 99 33 during
824 294 91 26 which
935 294 66 25 time

143 346 20 25 it
188 347 50 24 has
263 346 128 24 deviated
417 345 67 24 from
518 344 36 24 its
581 342 116 33 original
723 341 144 28 direction,
893 340 110 33 leaving

143 391 122 33 deposits
285 391 29 24 of
334 391 159 24 calcareous
513 389 54 24 tuff
586 397 30 16 as
639 387 143 26 witnesses
803 385 29 26 of
851 386 36 24 its
908 385 94 25 varied

143 445 104 16 course.
298 435 92 33 Twigs
412 435 55 24 and
490 439 93 20 stones
606 433 134 24 collected
766 433 35 31 by
821 432 47 24 the
891 430 112 33 moving

142 485 85 22 water
247 480 54 26 and
320 480 89 25 added
429 484 28 21 to
477 480 47 24 the
545 479 108 32 deposit
674 478 110 33 (which,
806 477 104 32 largely
929 485 71 16 com-

143 527 86 32 posed
242 526 29 25 of
291 526 149 25 carbonate
462 525 28 25 of
510 524 72 29 lime,
596 524 51 24 has
661 523 140 25 hardened
821 523 27 24 in
865 531 97 15 course
976 522 28 24 of

144 571 86 33 time),
257 571 70 24 have
358 570 105 25 formed
495 578 33 16 an
560 568 162 32 interesting
754 568 54 24 and
839 566 163 25 instructive

143 615 167 25 illustration
324 615 29 24 of
372 615 145 24 limestone
536 614 105 25 formed
663 613 27 25 in
711 622 16 15 a
747 613 81 24 chalk
844 612 108 25 district
966 612 37 33 by

142 661 47 24 the
213 669 104 24 agency
330 660 29 23 of
378 664 93 20 water.
510 660 43 23 On
573 659 46 24 the
639 659 81 24 shore
739 658 120 25 beneath
877 658 48 24 the
943 657 59 32 pier

142 710 27 19 at
196 706 123 23 Ventnor
344 705 71 32 huge
439 713 104 15 masses
568 704 29 24 of
617 703 228 33 rough-surfaced
867 704 81 23 rocks
971 711 30 16 so

142 750 105 25 formed
261 759 91 16 occur.
390 750 78 33 They
481 750 135 24 resemble
629 750 47 23 the
686 749 145 24 Limnæan
841 748 161 24 Limestone

141 795 28 25 of
188 794 119 26 Headon
322 795 68 28 Hill,
405 804 29 15 or
454 795 60 24 that
534 794 29 24 of
583 794 46 24 the
649 799 58 19 east
728 794 53 24 end
800 793 29 25 of
846 793 158 25 Whitecliff

142 841 68 31 Bay,
225 840 54 24 and
293 848 46 16 are
357 839 100 25 known
471 848 30 15 as
519 839 48 24 the
616 838 72 25 Lion
708 838 111 25 Rocks.'
858 838 60 25 The
937 847 64 16 area

141 893 64 17 over
218 884 90 25 which
328 883 56 25 this
404 883 146 25 formation
571 884 114 31 spreads
705 883 22 24 is
749 892 15 15 a
784 883 70 25 wide
876 892 53 15 one
934 892 10 25 j
965 882 36 26 its

142 930 84 31 depth
248 930 50 24 has
321 933 47 21 not
390 933 44 29 yet
457 930 69 24 been
549 928 182 29 ascertained,
754 929 49 25 but
831 928 98 33 during
954 928 47 25 the

142 974 121 25 erection
283 974 29 24 of
330 982 75 16 some
425 974 100 24 houses
545 974 27 24 in
593 974 60 24 Mill
673 974 100 29 Street,
793 974 47 24 the
862 974 139 24 workmen

143 1020 109 24 worked
278 1020 79 23 down
381 1028 15 15 a
421 1023 46 20 ten
490 1019 55 24 foot
568 1020 49 23 rod
640 1020 87 24 below
752 1020 48 23 the
825 1019 176 24 foundations

142 1064 116 25 without
279 1064 132 32 touching
433 1064 35 24 its
490 1064 75 24 base.
611 1064 59 24 The
692 1064 101 25 houses
815 1064 90 25 which
931 1064 73 25 have

143 1110 68 24 been
225 1108 69 26 built
308 1117 74 24 upon
400 1108 19 25 it
439 1108 80 25 stand
539 1108 97 34 firmly,
651 1108 35 25 its
705 1108 202 25 consolidation
920 1108 82 33 being

142 1153 113 33 perfect.
293 1154 59 24 The
375 1154 143 32 vegetable
540 1158 100 20 matter
661 1153 28 25 of
708 1154 47 24 the
775 1154 128 24 enclosed
922 1153 80 33 twigs

143 1200 54 24 and
217 1208 109 23 grasses
345 1199 51 25 has
416 1199 115 33 entirely
550 1199 183 32 disappeared
744 1208 5 20 ;
772 1199 66 33 they
859 1208 45 16 are
927 1198 75 33 quite

143 1245 109 29 hollow,
276 1245 54 24 and
355 1244 185 32 petrification
566 1245 50 24 has
641 1244 81 33 given
747 1245 75 24 them
849 1245 153 32 outwardly

142 1290 48 24 the
214 1297 172 25 appearance
409 1289 29 24 of
457 1289 135 24 stalacite.
631 1290 24 23 A
681 1289 105 24 section
809 1289 29 24 of
859 1289 56 25 this
939 1290 62 28 bed,

143 1334 125 33 showing
289 1335 46 23 the
358 1334 203 28 stratification,
577 1343 98 15 occurs
698 1334 27 24 in
747 1335 47 23 the
813 1335 52 24 low
885 1334 69 24 cliffs
975 1338 27 20 at

143 1379 47 24 the
215 1379 70 24 back
309 1379 30 23 of
361 1379 46 24 the
434 1379 159 32 Esplanade
620 1379 94 24 Hotel.
760 1379 59 24 The
845 1379 107 25 surface
976 1379 28 24 of

143 1433 76 15 some
238 1423 124 31 portions
385 1433 124 16 assumes
532 1433 15 15 a
573 1423 190 26 mammilated
785 1424 78 25 form.

189 1468 91 25 There
298 1468 23 25 is
340 1473 45 28 yet
404 1469 115 24 another
534 1470 126 31 example
673 1469 30 25 of
720 1470 46 24 the
779 1470 81 25 value
874 1470 29 25 of
919 1475 83 20 water

143 1523 31 15 as
196 1523 15 15 a
234 1513 200 33 consolidating
461 1518 89 28 agent.
589 1515 24 24 A
639 1523 74 16 mass
736 1524 25 15 oi
789 1517 213 31 conglomerate,

143 1559 157 32 commonly
324 1559 105 24 termed
489 1559 128 32 Pudding
788 1568 99 17 occurs
919 1561 83 26 about

142 1611 50 24 250
211 1603 53 25 feet
290 1604 138 24 seawards
453 1603 69 25 from
544 1605 91 24 where
657 1605 48 24 the
729 1605 134 25 waterfall
886 1606 116 33 empties

141 1647 75 25 itself
243 1648 120 24 beneath
387 1649 47 23 the
461 1649 87 23 beach
578 1649 57 24 into
666 1650 47 24 the
739 1659 54 16 sea.
844 1651 69 25 This
939 1661 63 16 con-

142 1694 149 32 glomerate
318 1693 23 25 is
365 1693 98 25 visible
485 1698 28 21 at
538 1694 60 25 half
621 1695 54 25 and
697 1696 152 25 low-water
871 1697 81 29 tides,
976 1697 26 25 in
