1117 1922
466 564 63 37 Wqt
558 565 105 32 ffiault.

145 771 109 42 jbfffr\^(
266 775 55 24 HE
344 775 85 25 Gault
431 791 33 2 —
467 784 15 15 a
500 784 74 15 more
599 784 29 16 or
648 775 53 25 less
720 775 180 32 argillaceous
924 777 62 25 sub-

150 822 98 23 •rW
299 824 104 25 stance,
423 820 98 25 known
540 820 27 24 in
586 820 47 25 the
650 820 225 32 neighbourhood
894 820 30 26 of
940 821 48 25 the

151 858 105 36 \fjjt$ff
301 864 156 26 Undercliff
489 865 85 24 under
611 865 46 24 the
693 873 94 17 names
820 865 30 25 of
918 866 70 24 Blue

138 901 103 46 J*$*\
482 909 87 24 Black
734 910 53 24 and

177 948 61 29 V?4***»
299 955 48 24 the
368 955 81 23 latter
471 962 80 16 name
574 954 122 33 alluding
714 963 75 16 more
811 955 177 33 particularly

131 1004 29 21 to
180 1000 47 25 the
248 1000 83 24 lower
352 1007 29 16 or
403 999 99 23 harder
524 998 109 32 portion
655 999 30 23 of
703 999 47 24 the
773 999 116 32 deposit,
909 999 79 25 while

131 1046 47 24 the
192 1045 99 25 former
304 1044 84 25 refers
407 1048 29 20 to
453 1044 47 24 the
519 1043 83 25 softer
622 1045 54 23 and
695 1052 74 16 more
786 1044 127 25 unctious
927 1048 61 28 part

130 1107 34 2 —
165 1091 139 32 generally
317 1089 141 33 speaking,
473 1089 91 24 differs
578 1089 150 25 somewhat
741 1089 26 24 in
781 1089 47 25 the
838 1089 154 26 Undercliff

130 1136 69 25 from
218 1136 47 25 the
285 1138 71 22 state
378 1134 27 25 in
426 1134 91 26 which
537 1133 21 25 it
580 1134 22 25 is
624 1134 84 25 found
728 1134 154 26 elsewhere.
921 1135 24 24 It
965 1134 22 25 is

131 1181 106 24 neither
250 1180 29 25 of
297 1189 29 16 so
347 1184 77 28 great
444 1188 15 16 a
478 1180 150 28 thickness,
642 1188 49 16 nor
711 1188 29 16 so
759 1179 104 32 perfect
883 1188 15 17 a
916 1180 70 32 clay,

131 1226 80 32 being
232 1226 53 23 less
307 1226 128 31 clammy,
457 1233 74 16 more
554 1232 175 21 arenaceous,
753 1224 53 25 and
829 1224 158 32 containing

130 1270 80 25 fewer
235 1270 92 24 fossils
352 1270 67 23 than
445 1269 27 24 in
497 1278 54 24 any
575 1269 79 24 other
681 1268 147 25 situations
852 1269 90 25 where
966 1269 20 24 it

131 1324 106 16 occurs.
276 1315 74 24 Most
364 1314 30 24 of
409 1315 48 23 the
476 1315 86 24 Gault
581 1313 84 25 found
684 1313 27 24 in
729 1314 48 24 the
790 1313 155 26 Undercliff
955 1313 31 30 is,

131 1360 67 26 with
218 1359 51 27 few
291 1359 169 33 exceptions,
481 1359 28 25 in
534 1359 128 25 loosened
687 1367 113 20 masses,
826 1359 162 33 apparently

131 1405 113 32 pressed
264 1409 47 21 out
334 1405 36 32 by
389 1404 47 25 the
458 1403 243 34 superincumbent
723 1403 99 33 weight
842 1403 79 25 when
941 1403 47 25 the

134 1449 134 33 Landslip
290 1450 65 25 took
380 1449 79 32 place
480 1448 91 26 which
596 1448 102 25 caused
723 1448 46 25 the
793 1448 146 25 formation
961 1448 30 25 of

131 1496 47 24 the
193 1495 160 26 Undercliff.
392 1495 64 24 The*
470 1494 123 32 deposits
613 1493 154 33 frequently
785 1497 135 29 separate,
934 1493 54 25 and

132 1541 46 24 the
210 1540 209 33 extraordinary
443 1548 114 16 manner
589 1539 27 25 in
643 1539 91 25 which
762 1539 55 25 this
845 1539 23 25 is
894 1539 94 25 shown

131 1586 193 33 occasionally,
338 1595 35 15 on
387 1595 16 15 a
422 1586 80 24 small
521 1586 81 28 scale,
618 1594 63 24 may
693 1584 74 26 often
786 1585 34 24 be
833 1585 155 28 witnessed,

131 1631 79 26 when
234 1630 125 33 portions
383 1630 29 26 of
434 1631 46 24 the
506 1639 83 20 mass,
615 1630 69 25 after
709 1639 16 15 a
749 1630 83 28 thaw,
857 1638 31 16 or
914 1630 74 33 long-

131 1676 149 26 continued
304 1676 84 30 rains,
412 1676 52 33 slip
486 1685 66 17 over
577 1676 69 25 each
670 1675 87 26 other.
808 1675 10 24 I
845 1675 143 29 observed,

132 1732 76 16 some
228 1731 78 26 years
329 1730 60 26 ago,
413 1717 87 30 below
522 1722 41 24 St.
587 1721 172 25 Catherine's
782 1721 97 30 Down,
900 1729 15 17 a
937 1720 51 34 slip
