1117 1922
164 179 49 23 208

444 185 58 17 THE
522 184 99 18 HUMAN
642 183 110 18 PERIOD.

165 257 93 29 bones,
283 257 53 25 and
359 256 124 33 portions
503 256 29 26 of
551 266 15 15 a
587 256 103 25 human
710 254 70 25 skull
790 262 5 21 ;
815 253 48 25 the
882 251 84 29 third,
980 251 49 24 the

165 306 92 21 centre
270 302 30 25 of
319 302 47 25 the
385 301 67 26 floor
471 302 66 25 bore
556 306 90 20 traces
665 300 29 24 of
711 308 14 16 a
739 299 58 29 fire,
811 297 54 25 and
880 295 149 27 contained

165 347 83 25 much
261 347 129 25 charcoal
400 356 5 20 ;
426 347 47 25 the
492 346 101 29 fourth,
607 346 95 28 bones,
716 344 85 32 stags'
815 343 93 28 horns,
924 341 104 26 broken

165 395 117 30 pottery,
296 392 54 24 and
363 391 119 26 vitrified
497 395 92 21 stones
608 390 145 33 (probably
766 388 174 34 pot-boilers)
955 396 4 20 ;
980 387 48 24 the

165 436 69 29 fifth,
261 437 101 23 human
388 436 54 24 and
467 436 102 24 animal
594 436 94 28 bones,
714 434 67 26 with
807 434 68 24 horn
901 441 78 16 cores
1001 431 29 25 of

164 482 37 23 bos
220 481 129 33 longifrous
361 489 5 21 ;
386 481 46 24 the
455 481 82 29 sixth,
561 482 108 23 Roman
692 479 88 28 relics,
802 483 118 28 pottery,
941 478 86 24 bones

164 525 30 25 of
204 526 55 32 pig,
273 534 44 20 ox,
332 526 108 32 portion
454 526 29 24 of
500 535 15 15 a
534 527 103 23 human
658 525 80 29 skull,
754 525 104 24 human
870 524 56 32 jaw
946 523 80 28 bone,

166 570 59 25 flint
248 570 94 29 flakes,
365 574 78 22 stone
466 571 69 24 balls
558 571 54 24 and
635 570 120 24 marbles
768 577 4 21 ;
794 568 54 25 and
867 568 47 25 the
937 567 89 29 ninth,

165 615 101 24 animal

210 659 90 25 These
322 659 119 26 remains
463 660 66 24 offer
551 659 188 33 indisputable
759 659 132 25 evidence
910 658 61 24 that
991 665 35 16 on

163 703 47 25 the
223 703 147 33 departure
388 703 30 26 of
438 704 47 25 the
505 705 123 24 Romans
648 703 71 26 their
738 703 143 33 dwellings
900 711 73 17 were
986 702 40 25 in-

164 748 114 25 habited
296 748 36 32 by
351 748 47 25 the
418 748 163 32 aborigines.

212 792 60 25 The
286 792 159 26 refinement
460 793 29 25 of
499 793 48 25 the
559 793 122 25 Romans
692 793 91 25 would
796 792 72 26 have
881 792 145 25 forbidden

165 837 68 25 such
245 837 66 25 rude
325 847 84 23 usage
421 837 30 25 of
461 837 71 26 their
545 837 158 26 tessellated
717 837 83 26 floors
813 841 29 22 to
856 836 91 27 which
961 837 66 33 they

163 882 72 26 have
255 883 68 25 been
346 883 189 33 undoubtedly
553 883 159 32 subjected;
732 884 49 24 but
802 891 103 24 among
924 891 103 24 savage

164 928 85 24 tribes
258 928 29 24 of
297 928 47 24 the
355 932 71 28 past,
438 936 31 16 as
482 928 29 24 of
521 928 47 24 the
581 932 120 28 present,
713 928 47 24 the
770 928 78 24 habit
860 928 29 24 of
900 928 127 33 building

163 973 67 24 rude
244 973 62 24 fires
320 973 40 24 for
374 973 117 32 cooking
504 981 134 24 purposes
652 974 54 23 and
720 973 110 32 leaving
843 974 48 23 the
905 973 121 25 remains

163 1017 30 25 of
203 1018 47 24 the
264 1022 92 27 repast
371 1018 139 24 scattered
522 1026 35 16 on
570 1018 48 24 the
631 1018 106 31 ground
751 1018 23 24 is
788 1018 149 25 universal.

211 1062 183 25 Commodore
408 1062 100 29 Wilks,
522 1062 30 25 of
568 1063 47 24 the
635 1063 35 25 U.
681 1063 27 25 S.
725 1063 91 33 Navy,
830 1063 28 25 in
875 1063 43 25 his
932 1073 93 16 narra-

162 1107 57 26 tive
244 1107 28 25 of
294 1108 48 24 the
395 1107 104 26 United
526 1108 92 25 States
644 1108 154 33 Exploring

162 1153 147 32 published
322 1153 27 25 in
366 1155 73 30 1852,
451 1153 76 32 gives
541 1154 46 24 the
601 1153 138 33 following
753 1155 171 32 description
938 1155 30 25 of
979 1156 46 25 the

163 1198 142 25 condition
318 1198 30 24 of
358 1199 47 24 the
419 1198 171 25 inhabitants
604 1199 29 24 of
647 1199 95 25 Tierra
757 1200 43 24 del
815 1200 95 31 Fuego
922 1210 4 15 :
929 1216 35 3 —

306 1244 65 24 huts
391 1252 45 16 are
454 1244 139 33 generally
607 1244 68 24 built
696 1245 73 24 close
789 1249 28 20 to
836 1245 48 25 the
903 1246 82 25 shore
998 1250 28 21 at

162 1289 48 24 the
228 1289 72 24 head
322 1289 29 24 of
370 1297 76 16 some
470 1289 79 24 small
569 1289 68 33 Bay,
653 1289 27 24 in
700 1299 14 15 a
735 1290 129 25 secluded
885 1294 72 29 spot,
972 1292 55 25 and

163 1334 137 25 sheltered
314 1333 69 26 from
397 1334 46 25 the
463 1334 153 33 prevailing
630 1334 96 26 winds.
764 1336 79 33 They
857 1345 45 15 are
917 1337 69 25 built
1001 1337 28 25 of

162 1379 117 33 boughs,
294 1388 29 17 or
343 1380 79 25 small
444 1383 82 26 trees,
541 1380 79 25 stuck
634 1380 28 25 in
681 1381 48 24 the
747 1381 78 25 earth
839 1383 55 23 and
907 1383 120 32 brought

162 1425 126 32 together
309 1433 35 16 on
363 1426 47 23 the
429 1429 58 29 top,
502 1426 91 24 where
612 1426 66 34 they
697 1435 46 16 are
765 1427 91 33 firmly
875 1428 93 25 bound
991 1429 37 33 by

162 1470 77 29 bark,
262 1471 92 32 sedge,
377 1471 54 24 and
453 1471 88 32 twigs.
589 1471 116 25 Smaller
733 1472 136 26 branches
892 1482 47 16 are
960 1474 67 25 then

162 1514 159 29 interlaced,
344 1515 117 33 forming
483 1525 16 15 a
526 1521 128 27 compact
680 1517 101 26 wicker
803 1519 85 29 work,
912 1519 54 25 and
990 1528 36 16 on

161 1559 56 25 this
235 1568 78 24 grass
327 1559 57 26 turf
400 1560 55 25 and
469 1561 68 24 bark
551 1570 47 16 are
615 1561 65 30 laid,
699 1562 113 34 making
825 1564 47 24 the
885 1564 50 25 hut
951 1564 76 33 quite

161 1613 94 20 warm,
270 1604 53 25 and
343 1604 169 33 impervious
532 1609 29 21 to
584 1607 47 24 the
651 1607 74 24 wind
744 1608 54 24 and
819 1617 84 21 snow,
918 1609 106 33 though

161 1652 47 21 not
223 1648 76 33 quite
318 1653 28 20 to
366 1649 46 24 the
431 1649 68 25 rain.
537 1650 61 25 The
617 1652 80 23 usual
716 1652 171 27 dimensions
901 1654 29 25 of
946 1655 79 26 these

161 1693 65 25 huts
239 1702 46 16 are
299 1702 82 17 seven
394 1703 30 16 or
438 1694 74 33 eight
527 1695 53 25 feet
595 1695 25 24 in
636 1696 144 30 diameter,
796 1699 55 24 and
864 1700 87 25 about
965 1701 60 25 four
