<?xml version="1.0" encoding="UTF-8"?>
<alto xmlns:xsi="http://www.w3.org/2001/XMLSchema-instance" xsi:noNamespaceSchemaLocation="http://www.bl.uk/schemas/alto/alto-1-4.xsd" xmlns:xlink="http://www.w3.org/1999/xlink">
	<Description>
		<MeasurementUnit>mm10</MeasurementUnit>
		<sourceImageInformation>
			<fileName>//head1/IN/2008-16/A0011467890/006532.jp2</fileName>
		</sourceImageInformation>
		<OCRProcessing ID="OCRPROCESSING_1">
			<preProcessingStep>
				<processingSoftware>
					<softwareCreator>CCS Content Conversion Specialists GmbH, Germany</softwareCreator>
					<softwareName>CCS docWORKS</softwareName>
					<softwareVersion>6.1-0.67</softwareVersion>
				</processingSoftware>
			</preProcessingStep>
			<ocrProcessingStep>
				<processingSoftware>
					<softwareCreator>ABBYY (BIT Software), Russia</softwareCreator>
					<softwareName>Finereader</softwareName>
				</processingSoftware>
			</ocrProcessingStep>
		</OCRProcessing>
	</Description>
	<Styles>
		<TextStyle ID="TXT_0" FONTSIZE="11" FONTFAMILY="Courier New"/>
		<TextStyle ID="TXT_1" FONTSIZE="10" FONTFAMILY="Courier New"/>
		<TextStyle ID="TXT_2" FONTSIZE="9" FONTFAMILY="Courier New"/>
		<ParagraphStyle ID="PAR_LEFT" ALIGN="Left"/>
		<ParagraphStyle ID="PAR_CENTER" ALIGN="Center"/>
		<ParagraphStyle ID="PAR_RIGHT" ALIGN="Right"/>
	</Styles>
	<Layout>
		<Page ID="P44" PHYSICAL_IMG_NR="44" HEIGHT="1922" WIDTH="1117" PRINTED_IMG_NR="26" POSITION="Left" ACCURACY="87.47">
			<TopMargin ID="P44_TM00001" HPOS="0" VPOS="0" WIDTH="1116" HEIGHT="185">
				<TextBlock ID="P44_TB00001" HPOS="107" VPOS="160" WIDTH="31" HEIGHT="23" STYLEREFS="TXT_0 PAR_LEFT">
					<TextLine ID="P44_TL00001" HPOS="107" VPOS="160" WIDTH="31" HEIGHT="23">
						<String ID="P44_ST00001" HPOS="107" VPOS="160" WIDTH="31" HEIGHT="23" CONTENT="26" WC="1.00" CC="00"/>
					</TextLine>
				</TextBlock>
				<TextBlock ID="P44_TB00002" HPOS="353" VPOS="161" WIDTH="371" HEIGHT="21" STYLEREFS="TXT_1 PAR_CENTER">
					<TextLine ID="P44_TL00002" HPOS="354" VPOS="162" WIDTH="370" HEIGHT="20">
						<String ID="P44_ST00002" HPOS="354" VPOS="165" WIDTH="57" HEIGHT="17" CONTENT="the" WC="0.51" CC="950"/>
						<SP ID="P44_SP00001" HPOS="411" VPOS="182" WIDTH="21"/>
						<String ID="P44_ST00003" HPOS="432" VPOS="164" WIDTH="96" HEIGHT="18" CONTENT="lower" WC="0.93" CC="30000"/>
						<SP ID="P44_SP00002" HPOS="528" VPOS="182" WIDTH="18"/>
						<String ID="P44_ST00004" HPOS="546" VPOS="162" WIDTH="178" HEIGHT="19" CONTENT="greensand." WC="0.61" CC="2834009090"/>
					</TextLine>
				</TextBlock>
			</TopMargin>
			<LeftMargin ID="P44_LM00001" HPOS="0" VPOS="185" WIDTH="107" HEIGHT="1537"/>
			<RightMargin ID="P44_RM00001" HPOS="974" VPOS="185" WIDTH="142" HEIGHT="1537"/>
			<BottomMargin ID="P44_BM00001" HPOS="0" VPOS="1722" WIDTH="1116" HEIGHT="199"/>
			<PrintSpace ID="P44_PS00001" HPOS="107" VPOS="185" WIDTH="867" HEIGHT="1537">
				<TextBlock ID="P44_TB00003" HPOS="108" VPOS="230" WIDTH="860" HEIGHT="38" STYLEREFS="TXT_2 PAR_CENTER">
					<TextLine ID="P44_TL00003" HPOS="109" VPOS="230" WIDTH="859" HEIGHT="38">
						<String ID="P44_ST00005" HPOS="109" VPOS="239" WIDTH="54" HEIGHT="25" CONTENT="and" WC="0.98" CC="000"/>
						<SP ID="P44_SP00003" HPOS="163" VPOS="264" WIDTH="14"/>
						<String ID="P44_ST00006" HPOS="177" VPOS="237" WIDTH="179" HEIGHT="26" CONTENT="Rocken-end" WC="0.82" CC="2045004000"/>
						<SP ID="P44_SP00004" HPOS="356" VPOS="264" WIDTH="13"/>
						<String ID="P44_ST00007" HPOS="369" VPOS="237" WIDTH="23" HEIGHT="24" CONTENT="is" WC="0.77" CC="40"/>
						<SP ID="P44_SP00005" HPOS="392" VPOS="264" WIDTH="14"/>
						<String ID="P44_ST00008" HPOS="406" VPOS="237" WIDTH="47" HEIGHT="24" CONTENT="the" WC="1.00" CC="000"/>
						<SP ID="P44_SP00006" HPOS="453" VPOS="264" WIDTH="13"/>
						<String ID="P44_ST00009" HPOS="466" VPOS="236" WIDTH="64" HEIGHT="32" CONTENT="only" WC="0.94" CC="0020"/>
						<SP ID="P44_SP00007" HPOS="530" VPOS="268" WIDTH="10"/>
						<String ID="P44_ST00010" HPOS="540" VPOS="236" WIDTH="74" HEIGHT="32" CONTENT="layer" WC="0.89" CC="30001"/>
						<SP ID="P44_SP00008" HPOS="614" VPOS="268" WIDTH="14"/>
						<String ID="P44_ST00011" HPOS="628" VPOS="234" WIDTH="29" HEIGHT="25" CONTENT="of" WC="1.00" CC="00"/>
						<SP ID="P44_SP00009" HPOS="657" VPOS="268" WIDTH="10"/>
						<String ID="P44_ST00012" HPOS="667" VPOS="243" WIDTH="16" HEIGHT="16" CONTENT="a" WC="1.00" CC="0"/>
						<SP ID="P44_SP00010" HPOS="683" VPOS="268" WIDTH="13"/>
						<String ID="P44_ST00013" HPOS="696" VPOS="241" WIDTH="83" HEIGHT="26" CONTENT="green" WC="1.00" CC="00000"/>
						<SP ID="P44_SP00011" HPOS="779" VPOS="268" WIDTH="11"/>
						<String ID="P44_ST00014" HPOS="790" VPOS="233" WIDTH="103" HEIGHT="28" CONTENT="colour," WC="0.88" CC="0023030"/>
						<SP ID="P44_SP00012" HPOS="893" VPOS="268" WIDTH="11"/>
						<String ID="P44_ST00015" HPOS="904" VPOS="230" WIDTH="64" HEIGHT="26" CONTENT="end-" WC="0.74" CC="0603"/>
					</TextLine>
				</TextBlock>
				<TextBlock ID="P44_TB00004" HPOS="107" VPOS="276" WIDTH="837" HEIGHT="39" STYLEREFS="TXT_2 PAR_CENTER">
					<TextLine ID="P44_TL00004" HPOS="108" VPOS="277" WIDTH="836" HEIGHT="38">
						<String ID="P44_ST00016" HPOS="108" VPOS="284" WIDTH="45" HEIGHT="31" CONTENT="ing" WC="0.82" CC="310"/>
						<SP ID="P44_SP00013" HPOS="153" VPOS="315" WIDTH="14"/>
						<String ID="P44_ST00017" HPOS="167" VPOS="289" WIDTH="27" HEIGHT="19" CONTENT="at" WC="1.00" CC="00"/>
						<SP ID="P44_SP00014" HPOS="194" VPOS="315" WIDTH="14"/>
						<String ID="P44_ST00018" HPOS="208" VPOS="283" WIDTH="46" HEIGHT="26" CONTENT="the" WC="0.91" CC="200"/>
						<SP ID="P44_SP00015" HPOS="254" VPOS="315" WIDTH="14"/>
						<String ID="P44_ST00019" HPOS="268" VPOS="283" WIDTH="81" HEIGHT="24" CONTENT="latter" WC="0.92" CC="000004"/>
						<SP ID="P44_SP00016" HPOS="349" VPOS="315" WIDTH="14"/>
						<String ID="P44_ST00020" HPOS="363" VPOS="282" WIDTH="79" HEIGHT="33" CONTENT="place" WC="0.98" CC="00010"/>
						<SP ID="P44_SP00017" HPOS="442" VPOS="315" WIDTH="13"/>
						<String ID="P44_ST00021" HPOS="455" VPOS="281" WIDTH="28" HEIGHT="25" CONTENT="in" WC="0.75" CC="50"/>
						<SP ID="P44_SP00018" HPOS="483" VPOS="315" WIDTH="17"/>
						<String ID="P44_ST00022" HPOS="500" VPOS="289" WIDTH="68" HEIGHT="24" CONTENT="pure" WC="0.87" CC="0050"/>
						<SP ID="P44_SP00019" HPOS="568" VPOS="315" WIDTH="13"/>
						<String ID="P44_ST00023" HPOS="581" VPOS="279" WIDTH="83" HEIGHT="26" CONTENT="white" WC="0.74" CC="04340"/>
						<SP ID="P44_SP00020" HPOS="664" VPOS="315" WIDTH="10"/>
						<String ID="P44_ST00024" HPOS="674" VPOS="279" WIDTH="75" HEIGHT="32" CONTENT="glass" WC="0.95" CC="02000"/>
						<SP ID="P44_SP00021" HPOS="749" VPOS="315" WIDTH="12"/>
						<String ID="P44_ST00025" HPOS="761" VPOS="278" WIDTH="88" HEIGHT="25" CONTENT="house" WC="0.82" CC="30400"/>
						<SP ID="P44_SP00022" HPOS="849" VPOS="315" WIDTH="17"/>
						<String ID="P44_ST00026" HPOS="866" VPOS="277" WIDTH="78" HEIGHT="25" CONTENT="sand." WC="0.87" CC="00500"/>
					</TextLine>
				</TextBlock>
				<TextBlock ID="P44_TB00005" HPOS="153" VPOS="322" WIDTH="814" HEIGHT="36" STYLEREFS="TXT_2 PAR_CENTER">
					<TextLine ID="P44_TL00005" HPOS="154" VPOS="322" WIDTH="813" HEIGHT="36">
						<String ID="P44_ST00027" HPOS="154" VPOS="329" WIDTH="60" HEIGHT="25" CONTENT="The" WC="1.00" CC="000"/>
						<SP ID="P44_SP00023" HPOS="214" VPOS="354" WIDTH="22"/>
						<String ID="P44_ST00028" HPOS="236" VPOS="327" WIDTH="152" HEIGHT="26" CONTENT="Atherfield" WC="0.97" CC="0000011000"/>
						<SP ID="P44_SP00024" HPOS="388" VPOS="354" WIDTH="19"/>
						<String ID="P44_ST00029" HPOS="407" VPOS="326" WIDTH="124" HEIGHT="32" CONTENT="deposits" WC="0.97" CC="00000100"/>
						<SP ID="P44_SP00025" HPOS="531" VPOS="358" WIDTH="21"/>
						<String ID="P44_ST00030" HPOS="552" VPOS="326" WIDTH="72" HEIGHT="24" CONTENT="have" WC="1.00" CC="0000"/>
						<SP ID="P44_SP00026" HPOS="624" VPOS="358" WIDTH="20"/>
						<String ID="P44_ST00031" HPOS="644" VPOS="325" WIDTH="71" HEIGHT="25" CONTENT="been" WC="1.00" CC="0000"/>
						<SP ID="P44_SP00027" HPOS="715" VPOS="358" WIDTH="22"/>
						<String ID="P44_ST00032" HPOS="737" VPOS="322" WIDTH="112" HEIGHT="27" CONTENT="divided" WC="0.94" CC="0201000"/>
						<SP ID="P44_SP00028" HPOS="849" VPOS="358" WIDTH="20"/>
						<String ID="P44_ST00033" HPOS="869" VPOS="322" WIDTH="36" HEIGHT="33" CONTENT="by" WC="1.00" CC="00"/>
						<SP ID="P44_SP00029" HPOS="905" VPOS="358" WIDTH="14"/>
						<String ID="P44_ST00034" HPOS="919" VPOS="322" WIDTH="48" HEIGHT="24" CONTENT="Dr." WC="0.77" CC="204"/>
					</TextLine>
				</TextBlock>
				<TextBlock ID="P44_TB00006" HPOS="108" VPOS="366" WIDTH="859" HEIGHT="37" STYLEREFS="TXT_2 PAR_CENTER">
					<TextLine ID="P44_TL00006" HPOS="109" VPOS="366" WIDTH="858" HEIGHT="37">
						<String ID="P44_ST00035" HPOS="109" VPOS="375" WIDTH="94" HEIGHT="25" CONTENT="Fitton" WC="0.87" CC="042000"/>
						<SP ID="P44_SP00030" HPOS="203" VPOS="400" WIDTH="14"/>
						<String ID="P44_ST00036" HPOS="217" VPOS="373" WIDTH="57" HEIGHT="26" CONTENT="into" WC="0.83" CC="2300"/>
						<SP ID="P44_SP00031" HPOS="274" VPOS="400" WIDTH="15"/>
						<String ID="P44_ST00037" HPOS="289" VPOS="373" WIDTH="47" HEIGHT="25" CONTENT="the" WC="0.93" CC="020"/>
						<SP ID="P44_SP00032" HPOS="336" VPOS="400" WIDTH="19"/>
						<String ID="P44_ST00038" HPOS="355" VPOS="372" WIDTH="138" HEIGHT="31" CONTENT="following" WC="0.85" CC="030000450"/>
						<SP ID="P44_SP00033" HPOS="493" VPOS="403" WIDTH="19"/>
						<String ID="P44_ST00039" HPOS="512" VPOS="370" WIDTH="143" HEIGHT="29" CONTENT="divisions," WC="0.90" CC="0600030000"/>
						<SP ID="P44_SP00034" HPOS="655" VPOS="403" WIDTH="13"/>
						<String ID="P44_ST00040" HPOS="668" VPOS="369" WIDTH="28" HEIGHT="25" CONTENT="in" WC="0.82" CC="30"/>
						<SP ID="P44_SP00035" HPOS="696" VPOS="403" WIDTH="15"/>
						<String ID="P44_ST00041" HPOS="711" VPOS="367" WIDTH="150" HEIGHT="33" CONTENT="ascending" WC="0.98" CC="000000100"/>
						<SP ID="P44_SP00036" HPOS="861" VPOS="403" WIDTH="14"/>
						<String ID="P44_ST00042" HPOS="875" VPOS="366" WIDTH="80" HEIGHT="26" CONTENT="order" WC="0.84" CC="05002"/>
						<String ID="P44_ST00043" HPOS="964" VPOS="376" WIDTH="3" HEIGHT="16" CONTENT=":" WC="1.00" CC="0"/>
					</TextLine>
				</TextBlock>
				<TextBlock ID="P44_TB00007" HPOS="793" VPOS="423" WIDTH="133" HEIGHT="21" STYLEREFS="TXT_2 PAR_RIGHT">
					<TextLine ID="P44_TL00007" HPOS="794" VPOS="423" WIDTH="132" HEIGHT="21">
						<String ID="P44_ST00044" HPOS="794" VPOS="424" WIDTH="46" HEIGHT="20" CONTENT="feet," WC="0.29" CC="67777"/>
						<SP ID="P44_SP00037" HPOS="840" VPOS="444" WIDTH="23"/>
						<String ID="P44_ST00045" HPOS="863" VPOS="423" WIDTH="63" HEIGHT="16" CONTENT="inches." WC="0.43" CC="5636674"/>
					</TextLine>
				</TextBlock>
				<TextBlock ID="P44_TB00008" HPOS="178" VPOS="448" WIDTH="722" HEIGHT="27" STYLEREFS="TXT_2 PAR_CENTER">
					<TextLine ID="P44_TL00008" HPOS="179" VPOS="449" WIDTH="721" HEIGHT="26">
						<String ID="P44_ST00046" HPOS="179" VPOS="460" WIDTH="21" HEIGHT="15" CONTENT="i." WC="0.88" CC="20"/>
						<SP ID="P44_SP00038" HPOS="200" VPOS="475" WIDTH="21"/>
						<String ID="P44_ST00047" HPOS="221" VPOS="451" WIDTH="89" HEIGHT="24" CONTENT="Perna" WC="0.82" CC="40120"/>
						<SP ID="P44_SP00039" HPOS="310" VPOS="475" WIDTH="15"/>
						<String ID="P44_ST00048" HPOS="325" VPOS="449" WIDTH="108" HEIGHT="25" CONTENT="Mulleti" WC="0.89" CC="0700000"/>
						<SP ID="P44_SP00040" HPOS="433" VPOS="475" WIDTH="13"/>
						<String ID="P44_ST00049" HPOS="446" VPOS="449" WIDTH="67" HEIGHT="25" CONTENT="beds" WC="0.94" CC="0002"/>
						<SP ID="P44_SP00041" HPOS="513" VPOS="475" WIDTH="304"/>
						<String ID="P44_ST00050" HPOS="817" VPOS="452" WIDTH="15" HEIGHT="23" CONTENT="5" WC="1.00" CC="0"/>
						<SP ID="P44_SP00042" HPOS="832" VPOS="475" WIDTH="55"/>
						<String ID="P44_ST00051" HPOS="887" VPOS="453" WIDTH="13" HEIGHT="22" CONTENT="3" WC="1.00" CC="0"/>
					</TextLine>
				</TextBlock>
				<TextBlock ID="P44_TB00009" HPOS="176" VPOS="480" WIDTH="725" HEIGHT="35" STYLEREFS="TXT_2 PAR_CENTER">
					<TextLine ID="P44_TL00009" HPOS="177" VPOS="481" WIDTH="724" HEIGHT="34">
						<String ID="P44_ST00052" HPOS="177" VPOS="493" WIDTH="24" HEIGHT="17" CONTENT="2." WC="0.46" CC="90"/>
						<SP ID="P44_SP00043" HPOS="201" VPOS="510" WIDTH="20"/>
						<String ID="P44_ST00053" HPOS="221" VPOS="484" WIDTH="152" HEIGHT="26" CONTENT="Atherfield" WC="0.95" CC="0000400000"/>
						<SP ID="P44_SP00044" HPOS="373" VPOS="510" WIDTH="19"/>
						<String ID="P44_ST00054" HPOS="392" VPOS="484" WIDTH="76" HEIGHT="31" CONTENT="clays" WC="1.00" CC="00000"/>
						<SP ID="P44_SP00045" HPOS="468" VPOS="515" WIDTH="331"/>
						<String ID="P44_ST00055" HPOS="799" VPOS="481" WIDTH="34" HEIGHT="23" CONTENT="6o" WC="0.88" CC="20"/>
						<SP ID="P44_SP00046" HPOS="833" VPOS="515" WIDTH="53"/>
						<String ID="P44_ST00056" HPOS="886" VPOS="487" WIDTH="15" HEIGHT="16" CONTENT="o" WC="1.00" CC="0"/>
					</TextLine>
				</TextBlock>
				<TextBlock ID="P44_TB00010" HPOS="177" VPOS="515" WIDTH="724" HEIGHT="36" STYLEREFS="TXT_2 PAR_CENTER">
					<TextLine ID="P44_TL00010" HPOS="178" VPOS="515" WIDTH="723" HEIGHT="36">
						<String ID="P44_ST00057" HPOS="178" VPOS="528" WIDTH="23" HEIGHT="23" CONTENT="3." WC="0.77" CC="40"/>
						<SP ID="P44_SP00047" HPOS="201" VPOS="551" WIDTH="20"/>
						<String ID="P44_ST00058" HPOS="221" VPOS="519" WIDTH="60" HEIGHT="24" CONTENT="The" WC="1.00" CC="000"/>
						<SP ID="P44_SP00048" HPOS="281" VPOS="551" WIDTH="15"/>
						<String ID="P44_ST00059" HPOS="296" VPOS="518" WIDTH="134" HEIGHT="25" CONTENT="Crackers" WC="0.93" CC="04000000"/>
						<SP ID="P44_SP00049" HPOS="430" VPOS="551" WIDTH="98"/>
						<String ID="P44_ST00060" HPOS="528" VPOS="537" WIDTH="26" HEIGHT="4" CONTENT="..." WC="1.00" CC="000"/>
						<SP ID="P44_SP00050" HPOS="554" VPOS="551" WIDTH="76"/>
						<String ID="P44_ST00061" HPOS="630" VPOS="536" WIDTH="27" HEIGHT="4" CONTENT="..." WC="0.76" CC="222"/>
						<SP ID="P44_SP00051" HPOS="657" VPOS="551" WIDTH="76"/>
						<String ID="P44_ST00062" HPOS="733" VPOS="535" WIDTH="27" HEIGHT="4" CONTENT="•■•" WC="0.20" CC="888"/>
						<SP ID="P44_SP00052" HPOS="760" VPOS="551" WIDTH="40"/>
						<String ID="P44_ST00063" HPOS="800" VPOS="515" WIDTH="32" HEIGHT="31" CONTENT="85" WC="0.24" CC="77"/>
						<SP ID="P44_SP00053" HPOS="832" VPOS="551" WIDTH="54"/>
						<String ID="P44_ST00064" HPOS="886" VPOS="521" WIDTH="15" HEIGHT="16" CONTENT="o" WC="1.00" CC="0"/>
					</TextLine>
				</TextBlock>
				<TextBlock ID="P44_TB00011" HPOS="176" VPOS="549" WIDTH="725" HEIGHT="36" STYLEREFS="TXT_2 PAR_CENTER">
					<TextLine ID="P44_TL00011" HPOS="176" VPOS="549" WIDTH="725" HEIGHT="36">
						<String ID="P44_ST00065" HPOS="176" VPOS="563" WIDTH="25" HEIGHT="22" CONTENT="4." WC="1.00" CC="00"/>
						<SP ID="P44_SP00054" HPOS="201" VPOS="585" WIDTH="21"/>
						<String ID="P44_ST00066" HPOS="222" VPOS="554" WIDTH="140" HEIGHT="31" CONTENT="(Exogyra" WC="0.98" CC="00010000"/>
						<SP ID="P44_SP00055" HPOS="362" VPOS="585" WIDTH="18"/>
						<String ID="P44_ST00067" HPOS="380" VPOS="552" WIDTH="98" HEIGHT="32" CONTENT="group)" WC="0.88" CC="001500"/>
						<SP ID="P44_SP00056" HPOS="478" VPOS="585" WIDTH="22"/>
						<String ID="P44_ST00068" HPOS="500" VPOS="552" WIDTH="98" HEIGHT="24" CONTENT="Lower" WC="0.84" CC="40003"/>
						<SP ID="P44_SP00057" HPOS="598" VPOS="585" WIDTH="23"/>
						<String ID="P44_ST00069" HPOS="621" VPOS="549" WIDTH="141" HEIGHT="33" CONTENT="Gryphæa" WC="0.90" CC="0000060"/>
						<SP ID="P44_SP00058" HPOS="762" VPOS="585" WIDTH="38"/>
						<String ID="P44_ST00070" HPOS="800" VPOS="556" WIDTH="31" HEIGHT="25" CONTENT="32" WC="0.60" CC="43"/>
						<SP ID="P44_SP00059" HPOS="831" VPOS="585" WIDTH="55"/>
						<String ID="P44_ST00071" HPOS="886" VPOS="556" WIDTH="15" HEIGHT="16" CONTENT="o" WC="1.00" CC="0"/>
					</TextLine>
				</TextBlock>
				<TextBlock ID="P44_TB00012" HPOS="177" VPOS="587" WIDTH="724" HEIGHT="31" STYLEREFS="TXT_2 PAR_CENTER">
					<TextLine ID="P44_TL00012" HPOS="178" VPOS="587" WIDTH="723" HEIGHT="31">
						<String ID="P44_ST00072" HPOS="178" VPOS="596" WIDTH="24" HEIGHT="22" CONTENT="5." WC="0.67" CC="60"/>
						<SP ID="P44_SP00060" HPOS="202" VPOS="618" WIDTH="20"/>
						<String ID="P44_ST00073" HPOS="222" VPOS="587" WIDTH="146" HEIGHT="31" CONTENT="Scaphites" WC="0.83" CC="008060000"/>
						<SP ID="P44_SP00061" HPOS="368" VPOS="618" WIDTH="14"/>
						<String ID="P44_ST00074" HPOS="382" VPOS="594" WIDTH="87" HEIGHT="24" CONTENT="group" WC="0.76" CC="04060"/>
						<SP ID="P44_SP00062" HPOS="469" VPOS="618" WIDTH="56"/>
						<String ID="P44_ST00075" HPOS="525" VPOS="605" WIDTH="28" HEIGHT="5" CONTENT="..." WC="0.88" CC="110"/>
						<SP ID="P44_SP00063" HPOS="553" VPOS="618" WIDTH="75"/>
						<String ID="P44_ST00076" HPOS="628" VPOS="604" WIDTH="28" HEIGHT="5" CONTENT="..." WC="0.77" CC="213"/>
						<SP ID="P44_SP00064" HPOS="656" VPOS="618" WIDTH="77"/>
						<String ID="P44_ST00077" HPOS="733" VPOS="604" WIDTH="27" HEIGHT="4" CONTENT="..." WC="0.85" CC="021"/>
						<SP ID="P44_SP00065" HPOS="760" VPOS="618" WIDTH="40"/>
						<String ID="P44_ST00078" HPOS="800" VPOS="591" WIDTH="33" HEIGHT="24" CONTENT="50" WC="0.42" CC="55"/>
						<SP ID="P44_SP00066" HPOS="833" VPOS="618" WIDTH="54"/>
						<String ID="P44_ST00079" HPOS="887" VPOS="591" WIDTH="14" HEIGHT="24" CONTENT="4" WC="1.00" CC="0"/>
					</TextLine>
				</TextBlock>
				<TextBlock ID="P44_TB00013" HPOS="177" VPOS="618" WIDTH="723" HEIGHT="33" STYLEREFS="TXT_2 PAR_CENTER">
					<TextLine ID="P44_TL00013" HPOS="178" VPOS="619" WIDTH="722" HEIGHT="32">
						<String ID="P44_ST00080" HPOS="178" VPOS="624" WIDTH="24" HEIGHT="23" CONTENT="6." WC="0.93" CC="10"/>
						<SP ID="P44_SP00067" HPOS="202" VPOS="647" WIDTH="22"/>
						<String ID="P44_ST00081" HPOS="224" VPOS="623" WIDTH="98" HEIGHT="24" CONTENT="Lower" WC="0.82" CC="00900"/>
						<SP ID="P44_SP00068" HPOS="322" VPOS="647" WIDTH="14"/>
						<String ID="P44_ST00082" HPOS="336" VPOS="620" WIDTH="144" HEIGHT="26" CONTENT="Crioceras" WC="0.92" CC="032100000"/>
						<SP ID="P44_SP00069" HPOS="480" VPOS="647" WIDTH="13"/>
						<String ID="P44_ST00083" HPOS="493" VPOS="628" WIDTH="87" HEIGHT="23" CONTENT="group" WC="0.89" CC="01040"/>
						<SP ID="P44_SP00070" HPOS="580" VPOS="651" WIDTH="51"/>
						<String ID="P44_ST00084" HPOS="631" VPOS="639" WIDTH="27" HEIGHT="4" CONTENT="..." WC="0.83" CC="301"/>
						<SP ID="P44_SP00071" HPOS="658" VPOS="651" WIDTH="76"/>
						<String ID="P44_ST00085" HPOS="734" VPOS="638" WIDTH="27" HEIGHT="4" CONTENT="..." WC="0.83" CC="013"/>
						<SP ID="P44_SP00072" HPOS="761" VPOS="651" WIDTH="43"/>
						<String ID="P44_ST00086" HPOS="804" VPOS="619" WIDTH="29" HEIGHT="23" CONTENT="16" WC="0.65" CC="33"/>
						<SP ID="P44_SP00073" HPOS="833" VPOS="651" WIDTH="55"/>
						<String ID="P44_ST00087" HPOS="888" VPOS="626" WIDTH="12" HEIGHT="22" CONTENT="3" WC="0.42" CC="5"/>
					</TextLine>
				</TextBlock>
				<TextBlock ID="P44_TB00014" HPOS="178" VPOS="653" WIDTH="724" HEIGHT="34" STYLEREFS="TXT_2 PAR_CENTER">
					<TextLine ID="P44_TL00014" HPOS="178" VPOS="654" WIDTH="724" HEIGHT="33">
						<String ID="P44_ST00088" HPOS="178" VPOS="664" WIDTH="24" HEIGHT="23" CONTENT="7." WC="1.00" CC="00"/>
						<SP ID="P44_SP00074" HPOS="202" VPOS="687" WIDTH="20"/>
						<String ID="P44_ST00089" HPOS="222" VPOS="656" WIDTH="120" HEIGHT="31" CONTENT="Walpen" WC="0.97" CC="000001"/>
						<SP ID="P44_SP00075" HPOS="342" VPOS="687" WIDTH="14"/>
						<String ID="P44_ST00090" HPOS="356" VPOS="655" WIDTH="75" HEIGHT="32" CONTENT="clays" WC="1.00" CC="00000"/>
						<SP ID="P44_SP00076" HPOS="431" VPOS="687" WIDTH="15"/>
						<String ID="P44_ST00091" HPOS="446" VPOS="654" WIDTH="53" HEIGHT="25" CONTENT="and" WC="1.00" CC="000"/>
						<SP ID="P44_SP00077" HPOS="499" VPOS="687" WIDTH="14"/>
						<String ID="P44_ST00092" HPOS="513" VPOS="654" WIDTH="83" HEIGHT="25" CONTENT="sands" WC="1.00" CC="00000"/>
						<SP ID="P44_SP00078" HPOS="596" VPOS="687" WIDTH="35"/>
						<String ID="P44_ST00093" HPOS="631" VPOS="674" WIDTH="27" HEIGHT="4" CONTENT="..." WC="1.00" CC="000"/>
						<SP ID="P44_SP00079" HPOS="658" VPOS="687" WIDTH="76"/>
						<String ID="P44_ST00094" HPOS="734" VPOS="673" WIDTH="27" HEIGHT="3" CONTENT="..." WC="0.95" CC="100"/>
						<SP ID="P44_SP00080" HPOS="761" VPOS="687" WIDTH="40"/>
						<String ID="P44_ST00095" HPOS="801" VPOS="659" WIDTH="32" HEIGHT="25" CONTENT="57" WC="0.80" CC="40"/>
						<SP ID="P44_SP00081" HPOS="833" VPOS="687" WIDTH="54"/>
						<String ID="P44_ST00096" HPOS="887" VPOS="659" WIDTH="15" HEIGHT="16" CONTENT="o" WC="0.50" CC="4"/>
					</TextLine>
				</TextBlock>
				<TextBlock ID="P44_TB00015" HPOS="177" VPOS="687" WIDTH="723" HEIGHT="35" STYLEREFS="TXT_2 PAR_CENTER">
					<TextLine ID="P44_TL00015" HPOS="178" VPOS="688" WIDTH="722" HEIGHT="34">
						<String ID="P44_ST00097" HPOS="178" VPOS="692" WIDTH="23" HEIGHT="23" CONTENT="8." WC="0.80" CC="30"/>
						<SP ID="P44_SP00082" HPOS="201" VPOS="715" WIDTH="21"/>
						<String ID="P44_ST00098" HPOS="222" VPOS="691" WIDTH="97" HEIGHT="31" CONTENT="Upper" WC="0.80" CC="10800"/>
						<SP ID="P44_SP00083" HPOS="319" VPOS="722" WIDTH="15"/>
						<String ID="P44_ST00099" HPOS="334" VPOS="689" WIDTH="143" HEIGHT="25" CONTENT="Crioceras" WC="0.88" CC="043000020"/>
						<SP ID="P44_SP00084" HPOS="477" VPOS="722" WIDTH="13"/>
						<String ID="P44_ST00100" HPOS="490" VPOS="697" WIDTH="88" HEIGHT="23" CONTENT="group" WC="0.90" CC="00040"/>
						<SP ID="P44_SP00085" HPOS="578" VPOS="722" WIDTH="50"/>
						<String ID="P44_ST00101" HPOS="628" VPOS="708" WIDTH="27" HEIGHT="4" CONTENT="..." WC="0.95" CC="000"/>
						<SP ID="P44_SP00086" HPOS="655" VPOS="722" WIDTH="77"/>
						<String ID="P44_ST00102" HPOS="732" VPOS="707" WIDTH="27" HEIGHT="4" CONTENT="..." WC="0.97" CC="000"/>
						<SP ID="P44_SP00087" HPOS="759" VPOS="722" WIDTH="40"/>
						<String ID="P44_ST00103" HPOS="799" VPOS="688" WIDTH="34" HEIGHT="31" CONTENT="46" WC="0.82" CC="03"/>
						<SP ID="P44_SP00088" HPOS="833" VPOS="722" WIDTH="55"/>
						<String ID="P44_ST00104" HPOS="888" VPOS="694" WIDTH="12" HEIGHT="16" CONTENT="2" WC="1.00" CC="0"/>
					</TextLine>
				</TextBlock>
				<TextBlock ID="P44_TB00016" HPOS="176" VPOS="722" WIDTH="726" HEIGHT="34" STYLEREFS="TXT_2 PAR_CENTER">
					<TextLine ID="P44_TL00016" HPOS="177" VPOS="722" WIDTH="725" HEIGHT="34">
						<String ID="P44_ST00105" HPOS="177" VPOS="734" WIDTH="24" HEIGHT="22" CONTENT="9." WC="0.70" CC="50"/>
						<SP ID="P44_SP00089" HPOS="201" VPOS="756" WIDTH="20"/>
						<String ID="P44_ST00106" HPOS="221" VPOS="725" WIDTH="120" HEIGHT="31" CONTENT="Walpen" WC="0.97" CC="000001"/>
						<SP ID="P44_SP00090" HPOS="341" VPOS="756" WIDTH="15"/>
						<String ID="P44_ST00107" HPOS="356" VPOS="724" WIDTH="53" HEIGHT="24" CONTENT="and" WC="0.77" CC="060"/>
						<SP ID="P44_SP00091" HPOS="409" VPOS="756" WIDTH="15"/>
						<String ID="P44_ST00108" HPOS="424" VPOS="723" WIDTH="111" HEIGHT="24" CONTENT="Ladder" WC="0.91" CC="400001"/>
						<SP ID="P44_SP00092" HPOS="535" VPOS="756" WIDTH="14"/>
						<String ID="P44_ST00109" HPOS="549" VPOS="722" WIDTH="84" HEIGHT="25" CONTENT="sands" WC="0.96" CC="00100"/>
						<SP ID="P44_SP00093" HPOS="633" VPOS="756" WIDTH="101"/>
						<String ID="P44_ST00110" HPOS="734" VPOS="742" WIDTH="27" HEIGHT="4" CONTENT="..." WC="0.97" CC="000"/>
						<SP ID="P44_SP00094" HPOS="761" VPOS="756" WIDTH="39"/>
						<String ID="P44_ST00111" HPOS="800" VPOS="729" WIDTH="32" HEIGHT="24" CONTENT="42" WC="0.42" CC="92"/>
						<SP ID="P44_SP00095" HPOS="832" VPOS="756" WIDTH="55"/>
						<String ID="P44_ST00112" HPOS="887" VPOS="729" WIDTH="15" HEIGHT="16" CONTENT="o" WC="1.00" CC="0"/>
					</TextLine>
				</TextBlock>
				<TextBlock ID="P44_TB00017" HPOS="162" VPOS="756" WIDTH="739" HEIGHT="34" STYLEREFS="TXT_2 PAR_CENTER">
					<TextLine ID="P44_TL00017" HPOS="163" VPOS="757" WIDTH="738" HEIGHT="33">
						<String ID="P44_ST00113" HPOS="163" VPOS="768" WIDTH="38" HEIGHT="16" CONTENT="10." WC="0.81" CC="500"/>
						<SP ID="P44_SP00096" HPOS="201" VPOS="784" WIDTH="22"/>
						<String ID="P44_ST00114" HPOS="223" VPOS="760" WIDTH="96" HEIGHT="30" CONTENT="Upper" WC="1.00" CC="00000"/>
						<SP ID="P44_SP00097" HPOS="319" VPOS="790" WIDTH="20"/>
						<String ID="P44_ST00115" HPOS="339" VPOS="758" WIDTH="142" HEIGHT="32" CONTENT="Gryphæa" WC="0.96" CC="0300000"/>
						<SP ID="P44_SP00098" HPOS="481" VPOS="790" WIDTH="21"/>
						<String ID="P44_ST00116" HPOS="502" VPOS="758" WIDTH="142" HEIGHT="32" CONTENT="(Exogyra" WC="0.87" CC="00800010"/>
						<SP ID="P44_SP00099" HPOS="644" VPOS="790" WIDTH="18"/>
						<String ID="P44_ST00117" HPOS="662" VPOS="759" WIDTH="99" HEIGHT="29" CONTENT="group)" WC="0.70" CC="054304"/>
						<SP ID="P44_SP00100" HPOS="761" VPOS="790" WIDTH="41"/>
						<String ID="P44_ST00118" HPOS="802" VPOS="757" WIDTH="30" HEIGHT="23" CONTENT="16" WC="0.68" CC="51"/>
						<SP ID="P44_SP00101" HPOS="832" VPOS="790" WIDTH="54"/>
						<String ID="P44_ST00119" HPOS="886" VPOS="764" WIDTH="15" HEIGHT="15" CONTENT="o" WC="1.00" CC="0"/>
					</TextLine>
				</TextBlock>
				<TextBlock ID="P44_TB00018" HPOS="163" VPOS="791" WIDTH="739" HEIGHT="26" STYLEREFS="TXT_2 PAR_CENTER">
					<TextLine ID="P44_TL00018" HPOS="164" VPOS="792" WIDTH="738" HEIGHT="25">
						<String ID="P44_ST00120" HPOS="164" VPOS="802" WIDTH="38" HEIGHT="15" CONTENT="11." WC="0.63" CC="460"/>
						<SP ID="P44_SP00102" HPOS="202" VPOS="817" WIDTH="21"/>
						<String ID="P44_ST00121" HPOS="223" VPOS="792" WIDTH="129" HEIGHT="25" CONTENT="Cliff-end" WC="0.99" CC="000000000"/>
						<SP ID="P44_SP00103" HPOS="352" VPOS="817" WIDTH="14"/>
						<String ID="P44_ST00122" HPOS="366" VPOS="792" WIDTH="83" HEIGHT="25" CONTENT="sands" WC="0.96" CC="00100"/>
						<SP ID="P44_SP00104" HPOS="449" VPOS="817" WIDTH="79"/>
						<String ID="P44_ST00123" HPOS="528" VPOS="812" WIDTH="27" HEIGHT="4" CONTENT="..." WC="0.97" CC="000"/>
						<SP ID="P44_SP00105" HPOS="555" VPOS="817" WIDTH="76"/>
						<String ID="P44_ST00124" HPOS="631" VPOS="811" WIDTH="27" HEIGHT="4" CONTENT="..." WC="1.00" CC="000"/>
						<SP ID="P44_SP00106" HPOS="658" VPOS="817" WIDTH="75"/>
						<String ID="P44_ST00125" HPOS="733" VPOS="810" WIDTH="27" HEIGHT="4" CONTENT="..." WC="0.92" CC="200"/>
						<SP ID="P44_SP00107" HPOS="760" VPOS="817" WIDTH="41"/>
						<String ID="P44_ST00126" HPOS="801" VPOS="798" WIDTH="32" HEIGHT="16" CONTENT="20" WC="0.56" CC="80"/>
						<SP ID="P44_SP00108" HPOS="833" VPOS="817" WIDTH="54"/>
						<String ID="P44_ST00127" HPOS="887" VPOS="797" WIDTH="15" HEIGHT="16" CONTENT="o" WC="1.00" CC="0"/>
					</TextLine>
				</TextBlock>
				<TextBlock ID="P44_TB00019" HPOS="162" VPOS="826" WIDTH="740" HEIGHT="32" STYLEREFS="TXT_2 PAR_CENTER">
					<TextLine ID="P44_TL00019" HPOS="163" VPOS="826" WIDTH="739" HEIGHT="32">
						<String ID="P44_ST00128" HPOS="163" VPOS="836" WIDTH="39" HEIGHT="16" CONTENT="12." WC="0.82" CC="500"/>
						<SP ID="P44_SP00109" HPOS="202" VPOS="852" WIDTH="21"/>
						<String ID="P44_ST00129" HPOS="223" VPOS="827" WIDTH="126" HEIGHT="25" CONTENT="Foliated" WC="1.00" CC="00000000"/>
						<SP ID="P44_SP00110" HPOS="349" VPOS="852" WIDTH="14"/>
						<String ID="P44_ST00130" HPOS="363" VPOS="827" WIDTH="61" HEIGHT="31" CONTENT="clay" WC="1.00" CC="0000"/>
						<SP ID="P44_SP00111" HPOS="424" VPOS="858" WIDTH="14"/>
						<String ID="P44_ST00131" HPOS="438" VPOS="826" WIDTH="53" HEIGHT="25" CONTENT="and" WC="0.94" CC="010"/>
						<SP ID="P44_SP00112" HPOS="491" VPOS="858" WIDTH="15"/>
						<String ID="P44_ST00132" HPOS="506" VPOS="826" WIDTH="68" HEIGHT="25" CONTENT="sand" WC="1.00" CC="0000"/>
						<SP ID="P44_SP00113" HPOS="574" VPOS="858" WIDTH="58"/>
						<String ID="P44_ST00133" HPOS="632" VPOS="846" WIDTH="26" HEIGHT="3" CONTENT="..." WC="1.00" CC="000"/>
						<SP ID="P44_SP00114" HPOS="658" VPOS="858" WIDTH="76"/>
						<String ID="P44_ST00134" HPOS="734" VPOS="845" WIDTH="27" HEIGHT="4" CONTENT="..." WC="0.88" CC="003"/>
						<SP ID="P44_SP00115" HPOS="761" VPOS="858" WIDTH="40"/>
						<String ID="P44_ST00135" HPOS="801" VPOS="832" WIDTH="31" HEIGHT="24" CONTENT="25" WC="0.32" CC="75"/>
						<SP ID="P44_SP00116" HPOS="832" VPOS="858" WIDTH="55"/>
						<String ID="P44_ST00136" HPOS="887" VPOS="832" WIDTH="15" HEIGHT="16" CONTENT="o" WC="1.00" CC="0"/>
					</TextLine>
				</TextBlock>
				<TextBlock ID="P44_TB00020" HPOS="163" VPOS="859" WIDTH="738" HEIGHT="65" STYLEREFS="TXT_2 PAR_LEFT">
					<TextLine ID="P44_TL00020" HPOS="163" VPOS="859" WIDTH="603" HEIGHT="36">
						<String ID="P44_ST00137" HPOS="163" VPOS="871" WIDTH="39" HEIGHT="24" CONTENT="13." WC="0.70" CC="800"/>
						<SP ID="P44_SP00117" HPOS="202" VPOS="895" WIDTH="20"/>
						<String ID="P44_ST00138" HPOS="222" VPOS="862" WIDTH="91" HEIGHT="26" CONTENT="Sands" WC="1.00" CC="00000"/>
						<SP ID="P44_SP00118" HPOS="313" VPOS="895" WIDTH="22"/>
						<String ID="P44_ST00139" HPOS="335" VPOS="861" WIDTH="28" HEIGHT="24" CONTENT="of" WC="0.94" CC="01"/>
						<SP ID="P44_SP00119" HPOS="363" VPOS="895" WIDTH="20"/>
						<String ID="P44_ST00140" HPOS="383" VPOS="861" WIDTH="120" HEIGHT="31" CONTENT="Walpen" WC="0.92" CC="000004"/>
						<SP ID="P44_SP00120" HPOS="503" VPOS="895" WIDTH="23"/>
						<String ID="P44_ST00141" HPOS="526" VPOS="860" WIDTH="54" HEIGHT="25" CONTENT="and" WC="1.00" CC="000"/>
						<SP ID="P44_SP00121" HPOS="580" VPOS="895" WIDTH="24"/>
						<String ID="P44_ST00142" HPOS="604" VPOS="859" WIDTH="162" HEIGHT="32" CONTENT="Blackgang" WC="0.91" CC="500000020"/>
					</TextLine>
					<TextLine ID="P44_TL00021" HPOS="282" VPOS="895" WIDTH="619" HEIGHT="29">
						<String ID="P44_ST00143" HPOS="282" VPOS="895" WIDTH="157" HEIGHT="26" CONTENT="Undercliff" WC="0.95" CC="0000100300"/>
						<SP ID="P44_SP00122" HPOS="439" VPOS="921" WIDTH="360"/>
						<String ID="P44_ST00144" HPOS="799" VPOS="901" WIDTH="33" HEIGHT="23" CONTENT="97" WC="0.70" CC="50"/>
						<SP ID="P44_SP00123" HPOS="832" VPOS="924" WIDTH="55"/>
						<String ID="P44_ST00145" HPOS="887" VPOS="901" WIDTH="14" HEIGHT="16" CONTENT="o" WC="0.57" CC="4"/>
					</TextLine>
				</TextBlock>
				<TextBlock ID="P44_TB00021" HPOS="163" VPOS="927" WIDTH="739" HEIGHT="61" STYLEREFS="TXT_2 PAR_LEFT">
					<TextLine ID="P44_TL00022" HPOS="164" VPOS="929" WIDTH="602" HEIGHT="35">
						<String ID="P44_ST00146" HPOS="164" VPOS="940" WIDTH="38" HEIGHT="24" CONTENT="14." WC="0.98" CC="000"/>
						<SP ID="P44_SP00124" HPOS="202" VPOS="964" WIDTH="21"/>
						<String ID="P44_ST00147" HPOS="223" VPOS="929" WIDTH="186" HEIGHT="33" CONTENT="Ferruginous" WC="0.86" CC="00030007030"/>
						<SP ID="P44_SP00125" HPOS="409" VPOS="964" WIDTH="34"/>
						<String ID="P44_ST00148" HPOS="443" VPOS="929" WIDTH="83" HEIGHT="25" CONTENT="sands" WC="0.96" CC="00001"/>
						<SP ID="P44_SP00126" HPOS="526" VPOS="964" WIDTH="25"/>
						<String ID="P44_ST00149" HPOS="551" VPOS="929" WIDTH="30" HEIGHT="25" CONTENT="of" WC="1.00" CC="00"/>
						<SP ID="P44_SP00127" HPOS="581" VPOS="964" WIDTH="23"/>
						<String ID="P44_ST00150" HPOS="604" VPOS="929" WIDTH="162" HEIGHT="32" CONTENT="Blackgang" WC="0.96" CC="030000000"/>
					</TextLine>
					<TextLine ID="P44_TL00023" HPOS="281" VPOS="962" WIDTH="621" HEIGHT="26">
						<String ID="P44_ST00151" HPOS="281" VPOS="964" WIDTH="88" HEIGHT="24" CONTENT="Chine" WC="0.84" CC="13110"/>
						<SP ID="P44_SP00128" HPOS="369" VPOS="988" WIDTH="433"/>
						<String ID="P44_ST00152" HPOS="802" VPOS="970" WIDTH="32" HEIGHT="16" CONTENT="20" WC="0.73" CC="50"/>
						<SP ID="P44_SP00129" HPOS="834" VPOS="988" WIDTH="53"/>
						<String ID="P44_ST00153" HPOS="887" VPOS="962" WIDTH="15" HEIGHT="23" CONTENT="6" WC="1.00" CC="0"/>
					</TextLine>
				</TextBlock>
				<TextBlock ID="P44_TB00022" HPOS="163" VPOS="997" WIDTH="740" HEIGHT="33" STYLEREFS="TXT_2 PAR_CENTER">
					<TextLine ID="P44_TL00024" HPOS="164" VPOS="997" WIDTH="739" HEIGHT="33">
						<String ID="P44_ST00154" HPOS="164" VPOS="1007" WIDTH="38" HEIGHT="23" CONTENT="15." WC="0.99" CC="000"/>
						<SP ID="P44_SP00130" HPOS="202" VPOS="1030" WIDTH="21"/>
						<String ID="P44_ST00155" HPOS="223" VPOS="1000" WIDTH="96" HEIGHT="30" CONTENT="Upper" WC="0.94" CC="00002"/>
						<SP ID="P44_SP00131" HPOS="319" VPOS="1030" WIDTH="14"/>
						<String ID="P44_ST00156" HPOS="333" VPOS="999" WIDTH="75" HEIGHT="31" CONTENT="clays" WC="1.00" CC="00000"/>
						<SP ID="P44_SP00132" HPOS="408" VPOS="1030" WIDTH="14"/>
						<String ID="P44_ST00157" HPOS="422" VPOS="998" WIDTH="54" HEIGHT="25" CONTENT="and" WC="0.84" CC="040"/>
						<SP ID="P44_SP00133" HPOS="476" VPOS="1030" WIDTH="14"/>
						<String ID="P44_ST00158" HPOS="490" VPOS="998" WIDTH="68" HEIGHT="25" CONTENT="sand" WC="1.00" CC="0000"/>
						<SP ID="P44_SP00134" HPOS="558" VPOS="1030" WIDTH="14"/>
						<String ID="P44_ST00159" HPOS="572" VPOS="997" WIDTH="66" HEIGHT="25" CONTENT="rock" WC="0.85" CC="0005"/>
						<SP ID="P44_SP00135" HPOS="638" VPOS="1030" WIDTH="96"/>
						<String ID="P44_ST00160" HPOS="734" VPOS="1017" WIDTH="28" HEIGHT="5" CONTENT="..." WC="1.00" CC="000"/>
						<SP ID="P44_SP00136" HPOS="762" VPOS="1030" WIDTH="25"/>
						<String ID="P44_ST00161" HPOS="787" VPOS="997" WIDTH="47" HEIGHT="24" CONTENT="118" WC="0.96" CC="100"/>
						<SP ID="P44_SP00137" HPOS="834" VPOS="1030" WIDTH="53"/>
						<String ID="P44_ST00162" HPOS="887" VPOS="1004" WIDTH="16" HEIGHT="15" CONTENT="o" WC="0.92" CC="0"/>
					</TextLine>
				</TextBlock>
				<TextBlock ID="P44_TB00023" HPOS="162" VPOS="1032" WIDTH="739" HEIGHT="32" STYLEREFS="TXT_2 PAR_CENTER">
					<TextLine ID="P44_TL00025" HPOS="163" VPOS="1032" WIDTH="738" HEIGHT="32">
						<String ID="P44_ST00163" HPOS="163" VPOS="1035" WIDTH="39" HEIGHT="24" CONTENT="16." WC="1.00" CC="000"/>
						<SP ID="P44_SP00138" HPOS="202" VPOS="1059" WIDTH="19"/>
						<String ID="P44_ST00164" HPOS="221" VPOS="1033" WIDTH="119" HEIGHT="26" CONTENT="Various" WC="0.83" CC="0050040"/>
						<SP ID="P44_SP00139" HPOS="340" VPOS="1059" WIDTH="14"/>
						<String ID="P44_ST00165" HPOS="354" VPOS="1033" WIDTH="85" HEIGHT="24" CONTENT="sands" WC="0.95" CC="00200"/>
						<SP ID="P44_SP00140" HPOS="439" VPOS="1059" WIDTH="14"/>
						<String ID="P44_ST00166" HPOS="453" VPOS="1032" WIDTH="54" HEIGHT="24" CONTENT="and" WC="1.00" CC="000"/>
						<SP ID="P44_SP00141" HPOS="507" VPOS="1059" WIDTH="14"/>
						<String ID="P44_ST00167" HPOS="521" VPOS="1033" WIDTH="75" HEIGHT="31" CONTENT="clays" WC="1.00" CC="00000"/>
						<SP ID="P44_SP00142" HPOS="596" VPOS="1064" WIDTH="34"/>
						<String ID="P44_ST00168" HPOS="630" VPOS="1052" WIDTH="27" HEIGHT="4" CONTENT="..." WC="0.89" CC="030"/>
						<SP ID="P44_SP00143" HPOS="657" VPOS="1064" WIDTH="76"/>
						<String ID="P44_ST00169" HPOS="733" VPOS="1051" WIDTH="27" HEIGHT="5" CONTENT="..." WC="1.00" CC="000"/>
						<SP ID="P44_SP00144" HPOS="760" VPOS="1064" WIDTH="25"/>
						<String ID="P44_ST00170" HPOS="785" VPOS="1032" WIDTH="47" HEIGHT="24" CONTENT="118" WC="0.85" CC="400"/>
						<SP ID="P44_SP00145" HPOS="832" VPOS="1064" WIDTH="55"/>
						<String ID="P44_ST00171" HPOS="887" VPOS="1039" WIDTH="14" HEIGHT="23" CONTENT="4" WC="1.00" CC="0"/>
					</TextLine>
				</TextBlock>
				<TextBlock ID="P44_TB00024" HPOS="490" VPOS="1098" WIDTH="445" HEIGHT="27" STYLEREFS="TXT_2 PAR_RIGHT">
					<TextLine ID="P44_TL00026" HPOS="491" VPOS="1099" WIDTH="444" HEIGHT="26">
						<String ID="P44_ST00172" HPOS="491" VPOS="1101" WIDTH="82" HEIGHT="24" CONTENT="Total" WC="0.87" CC="00006"/>
						<SP ID="P44_SP00146" HPOS="573" VPOS="1125" WIDTH="19"/>
						<String ID="P44_ST00173" HPOS="592" VPOS="1100" WIDTH="142" HEIGHT="25" CONTENT="thickness" WC="0.92" CC="001004000"/>
						<SP ID="P44_SP00147" HPOS="734" VPOS="1125" WIDTH="37"/>
						<String ID="P44_ST00174" HPOS="771" VPOS="1099" WIDTH="83" HEIGHT="25" CONTENT="808ft." WC="1.00" CC="000000"/>
						<SP ID="P44_SP00148" HPOS="854" VPOS="1125" WIDTH="15"/>
						<String ID="P44_ST00175" HPOS="869" VPOS="1099" WIDTH="66" HEIGHT="24" CONTENT="ioin." WC="0.96" CC="10000"/>
					</TextLine>
				</TextBlock>
				<TextBlock ID="P44_TB00025" HPOS="110" VPOS="1173" WIDTH="861" HEIGHT="33" STYLEREFS="TXT_2 PAR_CENTER">
					<TextLine ID="P44_TL00027" HPOS="110" VPOS="1173" WIDTH="861" HEIGHT="33">
						<String ID="P44_ST00176" HPOS="110" VPOS="1176" WIDTH="60" HEIGHT="24" CONTENT="The" WC="0.97" CC="000"/>
						<SP ID="P44_SP00149" HPOS="170" VPOS="1200" WIDTH="13"/>
						<String ID="P44_ST00177" HPOS="183" VPOS="1176" WIDTH="88" HEIGHT="24" CONTENT="above" WC="1.00" CC="00000"/>
						<SP ID="P44_SP00150" HPOS="271" VPOS="1200" WIDTH="14"/>
						<String ID="P44_ST00178" HPOS="285" VPOS="1179" WIDTH="88" HEIGHT="21" CONTENT="strata" WC="1.00" CC="000000"/>
						<SP ID="P44_SP00151" HPOS="373" VPOS="1200" WIDTH="12"/>
						<String ID="P44_ST00179" HPOS="385" VPOS="1175" WIDTH="81" HEIGHT="25" CONTENT="make" WC="1.00" CC="0000"/>
						<SP ID="P44_SP00152" HPOS="466" VPOS="1200" WIDTH="13"/>
						<String ID="P44_ST00180" HPOS="479" VPOS="1174" WIDTH="71" HEIGHT="26" CONTENT="their" WC="0.84" CC="00034"/>
						<SP ID="P44_SP00153" HPOS="550" VPOS="1200" WIDTH="14"/>
						<String ID="P44_ST00181" HPOS="564" VPOS="1183" WIDTH="183" HEIGHT="23" CONTENT="appearance," WC="0.98" CC="00000000001"/>
						<SP ID="P44_SP00154" HPOS="747" VPOS="1206" WIDTH="14"/>
						<String ID="P44_ST00182" HPOS="761" VPOS="1174" WIDTH="28" HEIGHT="25" CONTENT="in" WC="0.77" CC="40"/>
						<SP ID="P44_SP00155" HPOS="789" VPOS="1206" WIDTH="14"/>
						<String ID="P44_ST00183" HPOS="803" VPOS="1173" WIDTH="168" HEIGHT="29" CONTENT="succession," WC="0.91" CC="04000000050"/>
					</TextLine>
				</TextBlock>
				<TextBlock ID="P44_TB00026" HPOS="109" VPOS="1219" WIDTH="862" HEIGHT="28" STYLEREFS="TXT_2 PAR_CENTER">
					<TextLine ID="P44_TL00028" HPOS="110" VPOS="1219" WIDTH="861" HEIGHT="28">
						<String ID="P44_ST00184" HPOS="110" VPOS="1221" WIDTH="27" HEIGHT="24" CONTENT="in" WC="0.86" CC="20"/>
						<SP ID="P44_SP00156" HPOS="137" VPOS="1245" WIDTH="13"/>
						<String ID="P44_ST00185" HPOS="150" VPOS="1221" WIDTH="47" HEIGHT="24" CONTENT="the" WC="0.96" CC="010"/>
						<SP ID="P44_SP00157" HPOS="197" VPOS="1245" WIDTH="14"/>
						<String ID="P44_ST00186" HPOS="211" VPOS="1221" WIDTH="70" HEIGHT="24" CONTENT="cliffs" WC="0.95" CC="002000"/>
						<SP ID="P44_SP00158" HPOS="281" VPOS="1245" WIDTH="20"/>
						<String ID="P44_ST00187" HPOS="301" VPOS="1222" WIDTH="123" HEIGHT="23" CONTENT="between" WC="0.94" CC="0000004"/>
						<SP ID="P44_SP00159" HPOS="424" VPOS="1245" WIDTH="15"/>
						<String ID="P44_ST00188" HPOS="439" VPOS="1220" WIDTH="153" HEIGHT="25" CONTENT="Atherfield" WC="0.87" CC="0040322000"/>
						<SP ID="P44_SP00160" HPOS="592" VPOS="1245" WIDTH="15"/>
						<String ID="P44_ST00189" HPOS="607" VPOS="1220" WIDTH="82" HEIGHT="24" CONTENT="Point" WC="0.86" CC="00240"/>
						<SP ID="P44_SP00161" HPOS="689" VPOS="1245" WIDTH="19"/>
						<String ID="P44_ST00190" HPOS="708" VPOS="1220" WIDTH="54" HEIGHT="24" CONTENT="and" WC="1.00" CC="000"/>
						<SP ID="P44_SP00162" HPOS="762" VPOS="1245" WIDTH="20"/>
						<String ID="P44_ST00191" HPOS="782" VPOS="1219" WIDTH="189" HEIGHT="28" CONTENT="Rocken-end," WC="1.00" CC="00000000000"/>
					</TextLine>
				</TextBlock>
				<TextBlock ID="P44_TB00027" HPOS="110" VPOS="1264" WIDTH="861" HEIGHT="33" STYLEREFS="TXT_2 PAR_CENTER">
					<TextLine ID="P44_TL00029" HPOS="110" VPOS="1265" WIDTH="861" HEIGHT="32">
						<String ID="P44_ST00192" HPOS="110" VPOS="1266" WIDTH="120" HEIGHT="25" CONTENT="towards" WC="0.94" CC="0000300"/>
						<SP ID="P44_SP00163" HPOS="230" VPOS="1291" WIDTH="10"/>
						<String ID="P44_ST00193" HPOS="240" VPOS="1265" WIDTH="90" HEIGHT="25" CONTENT="which" WC="0.86" CC="00303"/>
						<SP ID="P44_SP00164" HPOS="330" VPOS="1291" WIDTH="15"/>
						<String ID="P44_ST00194" HPOS="345" VPOS="1266" WIDTH="65" HEIGHT="31" CONTENT="they" WC="1.00" CC="0000"/>
						<SP ID="P44_SP00165" HPOS="410" VPOS="1297" WIDTH="10"/>
						<String ID="P44_ST00195" HPOS="420" VPOS="1266" WIDTH="48" HEIGHT="31" CONTENT="dip" WC="0.89" CC="030"/>
						<SP ID="P44_SP00166" HPOS="468" VPOS="1297" WIDTH="10"/>
						<String ID="P44_ST00196" HPOS="478" VPOS="1265" WIDTH="67" HEIGHT="25" CONTENT="with" WC="0.85" CC="0500"/>
						<SP ID="P44_SP00167" HPOS="545" VPOS="1297" WIDTH="11"/>
						<String ID="P44_ST00197" HPOS="556" VPOS="1274" WIDTH="16" HEIGHT="16" CONTENT="a" WC="1.00" CC="0"/>
						<SP ID="P44_SP00168" HPOS="572" VPOS="1297" WIDTH="10"/>
						<String ID="P44_ST00198" HPOS="582" VPOS="1266" WIDTH="91" HEIGHT="31" CONTENT="gentle" WC="0.94" CC="000030"/>
						<SP ID="P44_SP00169" HPOS="673" VPOS="1297" WIDTH="10"/>
						<String ID="P44_ST00199" HPOS="683" VPOS="1265" WIDTH="101" HEIGHT="25" CONTENT="incline" WC="0.92" CC="2000300"/>
						<SP ID="P44_SP00170" HPOS="784" VPOS="1297" WIDTH="14"/>
						<String ID="P44_ST00200" HPOS="798" VPOS="1265" WIDTH="29" HEIGHT="25" CONTENT="of" WC="1.00" CC="00"/>
						<SP ID="P44_SP00171" HPOS="827" VPOS="1297" WIDTH="11"/>
						<String ID="P44_ST00201" HPOS="838" VPOS="1266" WIDTH="84" HEIGHT="24" CONTENT="about" WC="0.81" CC="00260"/>
						<SP ID="P44_SP00172" HPOS="922" VPOS="1297" WIDTH="15"/>
						<String ID="P44_ST00202" HPOS="937" VPOS="1267" WIDTH="34" HEIGHT="22" CONTENT="20." WC="0.87" CC="030"/>
					</TextLine>
				</TextBlock>
				<TextBlock ID="P44_TB00028" HPOS="449" VPOS="1349" WIDTH="180" HEIGHT="20" STYLEREFS="TXT_2 PAR_CENTER">
					<TextLine ID="P44_TL00030" HPOS="451" VPOS="1349" WIDTH="178" HEIGHT="20">
						<String ID="P44_ST00203" HPOS="451" VPOS="1349" WIDTH="58" HEIGHT="20" CONTENT="First" WC="0.52" CC="57343"/>
						<SP ID="P44_SP00173" HPOS="509" VPOS="1369" WIDTH="21"/>
						<String ID="P44_ST00204" HPOS="530" VPOS="1349" WIDTH="99" HEIGHT="20" CONTENT="Division." WC="0.72" CC="407250300"/>
					</TextLine>
				</TextBlock>
				<TextBlock ID="P44_TB00029" HPOS="276" VPOS="1397" WIDTH="524" HEIGHT="33" STYLEREFS="TXT_2 PAR_CENTER">
					<TextLine ID="P44_TL00031" HPOS="278" VPOS="1397" WIDTH="522" HEIGHT="33">
						<String ID="P44_ST00205" HPOS="278" VPOS="1399" WIDTH="97" HEIGHT="23" CONTENT="Perna" WC="0.92" CC="00102"/>
						<SP ID="P44_SP00174" HPOS="375" VPOS="1422" WIDTH="21"/>
						<String ID="P44_ST00206" HPOS="396" VPOS="1398" WIDTH="135" HEIGHT="24" CONTENT="Mulleti" WC="0.83" CC="0540000"/>
						<SP ID="P44_SP00175" HPOS="531" VPOS="1422" WIDTH="21"/>
						<String ID="P44_ST00207" HPOS="552" VPOS="1398" WIDTH="80" HEIGHT="24" CONTENT="Beds" WC="0.80" CC="3040"/>
						<SP ID="P44_SP00176" HPOS="632" VPOS="1422" WIDTH="20"/>
						<String ID="P44_ST00208" HPOS="652" VPOS="1397" WIDTH="58" HEIGHT="33" CONTENT="(5ft." WC="0.92" CC="03000"/>
						<SP ID="P44_SP00177" HPOS="710" VPOS="1430" WIDTH="16"/>
						<String ID="P44_ST00209" HPOS="726" VPOS="1397" WIDTH="74" HEIGHT="33" CONTENT="3in.^." WC="0.80" CC="030080"/>
					</TextLine>
				</TextBlock>
				<TextBlock ID="P44_TB00030" HPOS="158" VPOS="1464" WIDTH="815" HEIGHT="33" STYLEREFS="TXT_2 PAR_RIGHT">
					<TextLine ID="P44_TL00032" HPOS="159" VPOS="1465" WIDTH="814" HEIGHT="32">
						<String ID="P44_ST00210" HPOS="159" VPOS="1465" WIDTH="89" HEIGHT="25" CONTENT="There" WC="0.92" CC="01020"/>
						<SP ID="P44_SP00178" HPOS="248" VPOS="1490" WIDTH="14"/>
						<String ID="P44_ST00211" HPOS="262" VPOS="1465" WIDTH="22" HEIGHT="25" CONTENT="is" WC="0.85" CC="20"/>
						<SP ID="P44_SP00179" HPOS="284" VPOS="1490" WIDTH="14"/>
						<String ID="P44_ST00212" HPOS="298" VPOS="1474" WIDTH="15" HEIGHT="15" CONTENT="a" WC="1.00" CC="0"/>
						<SP ID="P44_SP00180" HPOS="313" VPOS="1490" WIDTH="9"/>
						<String ID="P44_ST00213" HPOS="322" VPOS="1465" WIDTH="126" HEIGHT="32" CONTENT="junction" WC="0.87" CC="26000100"/>
						<SP ID="P44_SP00181" HPOS="448" VPOS="1497" WIDTH="14"/>
						<String ID="P44_ST00214" HPOS="462" VPOS="1465" WIDTH="28" HEIGHT="24" CONTENT="of" WC="0.81" CC="03"/>
						<SP ID="P44_SP00182" HPOS="490" VPOS="1497" WIDTH="11"/>
						<String ID="P44_ST00215" HPOS="501" VPOS="1465" WIDTH="48" HEIGHT="25" CONTENT="the" WC="0.84" CC="040"/>
						<SP ID="P44_SP00183" HPOS="549" VPOS="1497" WIDTH="11"/>
						<String ID="P44_ST00216" HPOS="560" VPOS="1465" WIDTH="136" HEIGHT="25" CONTENT="Wealden" WC="0.97" CC="0002000"/>
						<SP ID="P44_SP00184" HPOS="696" VPOS="1497" WIDTH="11"/>
						<String ID="P44_ST00217" HPOS="707" VPOS="1465" WIDTH="86" HEIGHT="32" CONTENT="clays," WC="0.93" CC="003000"/>
						<SP ID="P44_SP00185" HPOS="793" VPOS="1497" WIDTH="11"/>
						<String ID="P44_ST00218" HPOS="804" VPOS="1465" WIDTH="101" HEIGHT="29" CONTENT="shales," WC="0.96" CC="0200000"/>
						<SP ID="P44_SP00186" HPOS="905" VPOS="1497" WIDTH="15"/>
						<String ID="P44_ST00219" HPOS="920" VPOS="1465" WIDTH="53" HEIGHT="25" CONTENT="and" WC="0.93" CC="020"/>
					</TextLine>
				</TextBlock>
				<TextBlock ID="P44_TB00031" HPOS="112" VPOS="1509" WIDTH="861" HEIGHT="33" STYLEREFS="TXT_2 PAR_CENTER">
					<TextLine ID="P44_TL00033" HPOS="113" VPOS="1509" WIDTH="860" HEIGHT="33">
						<String ID="P44_ST00220" HPOS="113" VPOS="1510" WIDTH="157" HEIGHT="25" CONTENT="limestones" WC="0.94" CC="0220000000"/>
						<SP ID="P44_SP00187" HPOS="270" VPOS="1535" WIDTH="12"/>
						<String ID="P44_ST00221" HPOS="282" VPOS="1515" WIDTH="27" HEIGHT="20" CONTENT="at" WC="0.75" CC="04"/>
						<SP ID="P44_SP00188" HPOS="309" VPOS="1535" WIDTH="12"/>
						<String ID="P44_ST00222" HPOS="321" VPOS="1509" WIDTH="152" HEIGHT="26" CONTENT="Atherfield" WC="0.84" CC="0040500060"/>
						<SP ID="P44_SP00189" HPOS="473" VPOS="1535" WIDTH="12"/>
						<String ID="P44_ST00223" HPOS="485" VPOS="1510" WIDTH="91" HEIGHT="29" CONTENT="Point," WC="0.92" CC="031000"/>
						<SP ID="P44_SP00190" HPOS="576" VPOS="1539" WIDTH="12"/>
						<String ID="P44_ST00224" HPOS="588" VPOS="1510" WIDTH="90" HEIGHT="25" CONTENT="where" WC="0.78" CC="91000"/>
						<SP ID="P44_SP00191" HPOS="678" VPOS="1539" WIDTH="10"/>
						<String ID="P44_ST00225" HPOS="688" VPOS="1510" WIDTH="66" HEIGHT="32" CONTENT="they" WC="0.93" CC="0200"/>
						<SP ID="P44_SP00192" HPOS="754" VPOS="1542" WIDTH="10"/>
						<String ID="P44_ST00226" HPOS="764" VPOS="1510" WIDTH="59" HEIGHT="25" CONTENT="first" WC="0.83" CC="33100"/>
						<SP ID="P44_SP00193" HPOS="823" VPOS="1542" WIDTH="11"/>
						<String ID="P44_ST00227" HPOS="834" VPOS="1520" WIDTH="104" HEIGHT="22" CONTENT="appear" WC="0.79" CC="080004"/>
						<SP ID="P44_SP00194" HPOS="938" VPOS="1542" WIDTH="9"/>
						<String ID="P44_ST00228" HPOS="947" VPOS="1510" WIDTH="26" HEIGHT="25" CONTENT="in" WC="0.85" CC="20"/>
					</TextLine>
				</TextBlock>
				<TextBlock ID="P44_TB00032" HPOS="111" VPOS="1554" WIDTH="862" HEIGHT="30" STYLEREFS="TXT_2 PAR_CENTER">
					<TextLine ID="P44_TL00034" HPOS="112" VPOS="1555" WIDTH="861" HEIGHT="29">
						<String ID="P44_ST00229" HPOS="112" VPOS="1564" WIDTH="15" HEIGHT="16" CONTENT="a" WC="1.00" CC="0"/>
						<SP ID="P44_SP00195" HPOS="127" VPOS="1580" WIDTH="15"/>
						<String ID="P44_ST00230" HPOS="142" VPOS="1556" WIDTH="60" HEIGHT="28" CONTENT="bed," WC="1.00" CC="0000"/>
						<SP ID="P44_SP00196" HPOS="202" VPOS="1584" WIDTH="14"/>
						<String ID="P44_ST00231" HPOS="216" VPOS="1555" WIDTH="53" HEIGHT="25" CONTENT="five" WC="0.95" CC="1100"/>
						<SP ID="P44_SP00197" HPOS="269" VPOS="1584" WIDTH="14"/>
						<String ID="P44_ST00232" HPOS="283" VPOS="1564" WIDTH="30" HEIGHT="16" CONTENT="or" WC="1.00" CC="00"/>
						<SP ID="P44_SP00198" HPOS="313" VPOS="1584" WIDTH="17"/>
						<String ID="P44_ST00233" HPOS="330" VPOS="1555" WIDTH="43" HEIGHT="25" CONTENT="six" WC="0.79" CC="060"/>
						<SP ID="P44_SP00199" HPOS="373" VPOS="1584" WIDTH="13"/>
						<String ID="P44_ST00234" HPOS="386" VPOS="1555" WIDTH="53" HEIGHT="25" CONTENT="feet" WC="1.00" CC="0000"/>
						<SP ID="P44_SP00200" HPOS="439" VPOS="1584" WIDTH="14"/>
						<String ID="P44_ST00235" HPOS="453" VPOS="1555" WIDTH="85" HEIGHT="29" CONTENT="thick," WC="0.88" CC="042000"/>
						<SP ID="P44_SP00201" HPOS="538" VPOS="1584" WIDTH="15"/>
						<String ID="P44_ST00236" HPOS="553" VPOS="1556" WIDTH="54" HEIGHT="24" CONTENT="and" WC="1.00" CC="000"/>
						<SP ID="P44_SP00202" HPOS="607" VPOS="1584" WIDTH="11"/>
						<String ID="P44_ST00237" HPOS="618" VPOS="1555" WIDTH="72" HEIGHT="25" CONTENT="fresh" WC="0.95" CC="02000"/>
						<SP ID="P44_SP00203" HPOS="690" VPOS="1584" WIDTH="15"/>
						<String ID="P44_ST00238" HPOS="705" VPOS="1564" WIDTH="29" HEIGHT="16" CONTENT="or" WC="0.94" CC="01"/>
						<SP ID="P44_SP00204" HPOS="734" VPOS="1584" WIDTH="14"/>
						<String ID="P44_ST00239" HPOS="748" VPOS="1556" WIDTH="131" HEIGHT="25" CONTENT="brackish" WC="0.77" CC="01900502"/>
						<SP ID="P44_SP00205" HPOS="879" VPOS="1584" WIDTH="10"/>
						<String ID="P44_ST00240" HPOS="889" VPOS="1560" WIDTH="84" HEIGHT="21" CONTENT="water" WC="0.91" CC="00004"/>
					</TextLine>
				</TextBlock>
				<TextBlock ID="P44_TB00033" HPOS="112" VPOS="1599" WIDTH="860" HEIGHT="33" STYLEREFS="TXT_2 PAR_CENTER">
					<TextLine ID="P44_TL00035" HPOS="113" VPOS="1599" WIDTH="859" HEIGHT="33">
						<String ID="P44_ST00241" HPOS="113" VPOS="1601" WIDTH="83" HEIGHT="24" CONTENT="shells" WC="0.92" CC="000130"/>
						<String ID="P44_ST00242" HPOS="197" VPOS="1615" WIDTH="33" HEIGHT="3" CONTENT="—" WC="0.20" CC="8"/>
						<String ID="P44_ST00243" HPOS="232" VPOS="1600" WIDTH="47" HEIGHT="25" CONTENT="the" WC="0.85" CC="040"/>
						<SP ID="P44_SP00206" HPOS="279" VPOS="1625" WIDTH="10"/>
						<String ID="P44_ST00244" HPOS="289" VPOS="1599" WIDTH="118" HEIGHT="26" CONTENT="remains" WC="0.91" CC="1000400"/>
						<SP ID="P44_SP00207" HPOS="407" VPOS="1625" WIDTH="13"/>
						<String ID="P44_ST00245" HPOS="420" VPOS="1600" WIDTH="29" HEIGHT="25" CONTENT="of" WC="0.82" CC="03"/>
						<SP ID="P44_SP00208" HPOS="449" VPOS="1625" WIDTH="12"/>
						<String ID="P44_ST00246" HPOS="461" VPOS="1601" WIDTH="108" HEIGHT="31" CONTENT="Cyclas," WC="1.00" CC="0000000"/>
						<SP ID="P44_SP00209" HPOS="569" VPOS="1632" WIDTH="13"/>
						<String ID="P44_ST00247" HPOS="582" VPOS="1600" WIDTH="145" HEIGHT="29" CONTENT="Paludina," WC="0.89" CC="300401000"/>
						<SP ID="P44_SP00210" HPOS="727" VPOS="1632" WIDTH="13"/>
						<String ID="P44_ST00248" HPOS="740" VPOS="1601" WIDTH="171" HEIGHT="30" CONTENT="Potamides," WC="0.93" CC="4000030000"/>
						<SP ID="P44_SP00211" HPOS="911" VPOS="1632" WIDTH="10"/>
						<String ID="P44_ST00249" HPOS="921" VPOS="1605" WIDTH="51" HEIGHT="21" CONTENT="etc." WC="1.00" CC="0000"/>
					</TextLine>
				</TextBlock>
				<TextBlock ID="P44_TB00034" HPOS="111" VPOS="1645" WIDTH="863" HEIGHT="33" STYLEREFS="TXT_2 PAR_CENTER">
					<TextLine ID="P44_TL00036" HPOS="112" VPOS="1645" WIDTH="862" HEIGHT="33">
						<String ID="P44_ST00250" HPOS="112" VPOS="1661" WIDTH="34" HEIGHT="3" CONTENT="—" WC="0.20" CC="8"/>
						<String ID="P44_ST00251" HPOS="147" VPOS="1654" WIDTH="51" HEIGHT="16" CONTENT="can" WC="0.80" CC="005"/>
						<SP ID="P44_SP00212" HPOS="198" VPOS="1670" WIDTH="21"/>
						<String ID="P44_ST00252" HPOS="219" VPOS="1646" WIDTH="34" HEIGHT="23" CONTENT="be" WC="1.00" CC="00"/>
						<SP ID="P44_SP00213" HPOS="253" VPOS="1670" WIDTH="21"/>
						<String ID="P44_ST00253" HPOS="274" VPOS="1645" WIDTH="142" HEIGHT="24" CONTENT="collected." WC="0.94" CC="0103001000"/>
						<SP ID="P44_SP00214" HPOS="416" VPOS="1670" WIDTH="45"/>
						<String ID="P44_ST00254" HPOS="461" VPOS="1645" WIDTH="59" HEIGHT="24" CONTENT="The" WC="0.83" CC="050"/>
						<SP ID="P44_SP00215" HPOS="520" VPOS="1670" WIDTH="22"/>
						<String ID="P44_ST00255" HPOS="542" VPOS="1646" WIDTH="69" HEIGHT="32" CONTENT="clay," WC="0.92" CC="02001"/>
						<SP ID="P44_SP00216" HPOS="611" VPOS="1678" WIDTH="22"/>
						<String ID="P44_ST00256" HPOS="633" VPOS="1645" WIDTH="27" HEIGHT="24" CONTENT="in" WC="1.00" CC="00"/>
						<SP ID="P44_SP00217" HPOS="660" VPOS="1678" WIDTH="20"/>
						<String ID="P44_ST00257" HPOS="680" VPOS="1646" WIDTH="47" HEIGHT="24" CONTENT="the" WC="0.58" CC="560"/>
						<SP ID="P44_SP00218" HPOS="727" VPOS="1678" WIDTH="23"/>
						<String ID="P44_ST00258" HPOS="750" VPOS="1654" WIDTH="87" HEIGHT="24" CONTENT="upper" WC="0.86" CC="40002"/>
						<SP ID="P44_SP00219" HPOS="837" VPOS="1678" WIDTH="19"/>
						<String ID="P44_ST00259" HPOS="856" VPOS="1650" WIDTH="73" HEIGHT="28" CONTENT="part," WC="0.90" CC="04000"/>
						<SP ID="P44_SP00220" HPOS="929" VPOS="1678" WIDTH="23"/>
						<String ID="P44_ST00260" HPOS="952" VPOS="1647" WIDTH="22" HEIGHT="25" CONTENT="is" WC="1.00" CC="00"/>
					</TextLine>
				</TextBlock>
				<TextBlock ID="P44_TB00035" HPOS="112" VPOS="1689" WIDTH="861" HEIGHT="33" STYLEREFS="TXT_2 PAR_CENTER">
					<TextLine ID="P44_TL00037" HPOS="113" VPOS="1689" WIDTH="860" HEIGHT="33">
						<String ID="P44_ST00261" HPOS="113" VPOS="1690" WIDTH="163" HEIGHT="25" CONTENT="intermixed" WC="0.81" CC="3300104600"/>
						<SP ID="P44_SP00221" HPOS="276" VPOS="1715" WIDTH="17"/>
						<String ID="P44_ST00262" HPOS="293" VPOS="1689" WIDTH="66" HEIGHT="25" CONTENT="with" WC="0.85" CC="0005"/>
						<SP ID="P44_SP00222" HPOS="359" VPOS="1715" WIDTH="21"/>
						<String ID="P44_ST00263" HPOS="380" VPOS="1698" WIDTH="66" HEIGHT="24" CONTENT="grey" WC="1.00" CC="0000"/>
						<SP ID="P44_SP00223" HPOS="446" VPOS="1722" WIDTH="13"/>
						<String ID="P44_ST00264" HPOS="459" VPOS="1690" WIDTH="53" HEIGHT="24" CONTENT="and" WC="0.83" CC="040"/>
						<SP ID="P44_SP00224" HPOS="512" VPOS="1722" WIDTH="21"/>
						<String ID="P44_ST00265" HPOS="533" VPOS="1698" WIDTH="82" HEIGHT="24" CONTENT="green" WC="0.78" CC="41004"/>
						<SP ID="P44_SP00225" HPOS="615" VPOS="1722" WIDTH="20"/>
						<String ID="P44_ST00266" HPOS="635" VPOS="1691" WIDTH="92" HEIGHT="24" CONTENT="sands." WC="1.00" CC="000000"/>
						<SP ID="P44_SP00226" HPOS="727" VPOS="1722" WIDTH="39"/>
						<String ID="P44_ST00267" HPOS="766" VPOS="1691" WIDTH="67" HEIGHT="25" CONTENT="Two" WC="1.00" CC="000"/>
						<SP ID="P44_SP00227" HPOS="833" VPOS="1722" WIDTH="14"/>
						<String ID="P44_ST00268" HPOS="847" VPOS="1700" WIDTH="29" HEIGHT="17" CONTENT="or" WC="0.97" CC="00"/>
						<SP ID="P44_SP00228" HPOS="876" VPOS="1722" WIDTH="21"/>
						<String ID="P44_ST00269" HPOS="897" VPOS="1692" WIDTH="76" HEIGHT="25" CONTENT="three" WC="0.88" CC="00500"/>
					</TextLine>
				</TextBlock>
			</PrintSpace>
		</Page>
	</Layout>
</alto>
