1117 1922
403 137 164 18 BEMBRIDGE
587 140 105 17 SERIES.

967 166 2 2 147

108 205 121 32 exposed
250 207 54 25 and
327 210 145 24 measured
495 210 35 33 by
549 210 46 25 the
618 211 105 33 Survey
736 212 113 25 officers.
890 214 76 34 They

108 259 45 16 are
168 252 109 33 usually
291 254 82 23 much
388 255 148 25 concealed
556 256 36 32 by
605 257 79 24 small
698 257 154 33 land-slips.
890 259 76 33 They

108 303 72 17 seem
204 300 28 20 to
252 298 111 24 contain
384 308 82 24 many
480 299 91 26 fossils
589 301 30 25 of
636 302 47 24 the
702 310 75 16 same
796 311 99 24 genera
913 304 53 25 and

109 340 115 32 species,
240 350 128 17 common
381 347 29 22 to
423 344 47 25 the
483 345 69 25 later
566 345 156 25 Tertiaries.
762 348 24 23 It
800 347 22 24 is
835 348 131 32 probable

110 386 60 24 that
191 386 47 24 the
257 387 116 33 wasting
395 397 78 25 away
485 390 29 24 of
532 390 46 24 the
599 392 82 32 Clays
700 400 97 17 causes
816 392 46 25 the
876 392 89 26 Lime-

108 435 94 21 stones
215 436 29 20 to
257 432 63 32 give
333 442 61 25 way
404 434 69 25 from
486 436 55 24 loss
555 436 28 23 of
597 441 123 27 support,
732 437 53 24 and
799 438 46 24 the
858 439 108 31 general

108 475 92 25 wreck
213 475 30 26 of
253 476 48 26 the
314 481 88 21 strata
416 479 78 25 hides
507 480 36 25 its
556 480 116 33 original
686 486 199 27 arrangement.

440 605 82 31 Upper
539 605 96 24 Eocene.

346 683 62 23 The
430 683 172 23 Bembridge
623 683 110 23 Series.

154 749 59 24 The
233 748 197 25 classification
449 749 137 31 proposed
604 748 40 25 for
662 748 55 25 this
737 749 82 24 series
838 751 36 32 by
892 751 72 24 Prof.

107 794 113 28 Forbes,
240 793 28 24 in
290 795 73 30 1856,
386 793 23 24 is
433 793 55 24 still
508 793 132 25 retained.
679 795 45 23 He
745 795 79 23 takes
844 795 75 24 them
938 795 26 24 in

108 838 168 31 descending
295 838 88 29 order,
398 846 31 16 as
448 838 104 24 follows
563 847 5 15 :
571 853 34 3 —

248 944 20 16 1.
308 936 96 31 Upper
419 935 166 32 Bembridge
600 936 94 24 Marls.

246 988 22 16 2.
308 981 99 23 Lower
514 999 14 5 ,,
637 999 14 5 ,,

246 1034 23 23 3.
309 1025 167 32 Bembridge
490 1026 100 31 Oyster
605 1026 67 23 Bed.

246 1079 22 23 4.
395 1088 15 11 „
488 1069 161 25 Limestone
663 1071 65 23 Bed.

152 1177 90 24 These
256 1181 87 20 strata
361 1185 46 16 are
427 1180 71 21 most
512 1176 160 33 important.
711 1176 31 24 In
761 1176 47 24 the
827 1176 135 24 introduc-

104 1222 58 25 tion
176 1226 28 21 to
219 1221 72 26 Prof.
307 1222 113 25 Forbes'
437 1220 125 29 Memoir,
574 1221 34 25 he
622 1225 85 21 states
718 1230 7 16 :
729 1237 31 2 —

242 1289 149 32 geologists
413 1289 117 25 without
554 1288 145 32 exception
721 1288 61 25 who
801 1288 70 25 have
891 1296 71 16 com-

103 1335 85 31 pared
211 1334 47 25 the
278 1334 105 24 section
403 1338 27 20 at
457 1333 158 25 Whitecliff
631 1334 68 32 Bay,
715 1336 26 22 at
764 1333 46 25 the
832 1336 59 21 east
911 1332 51 25 end

103 1379 29 25 of
151 1380 47 24 the
221 1380 103 28 Island,
340 1379 67 25 with
427 1379 61 24 that
507 1379 30 24 of
555 1379 127 28 Headon,
696 1378 27 24 in
743 1378 46 24 the
802 1381 76 26 west,
892 1377 70 25 have

103 1424 132 33 regarded
249 1424 47 25 the
317 1424 217 25 Fluvio-marine
558 1424 83 24 series
655 1423 27 24 in
705 1424 46 24 the
770 1423 98 24 former
885 1423 77 31 place

103 1478 30 16 as
158 1469 47 25 the
234 1469 157 33 equivalent
418 1469 29 25 of
475 1469 60 24 that
567 1469 27 23 in
625 1469 47 23 the
701 1469 90 23 latter.
842 1468 43 23 No
913 1475 49 16 one

103 1524 88 15 seems
226 1518 28 21 to
289 1515 71 24 have
391 1514 148 32 suspected
572 1514 61 24 that
666 1513 48 25 the
748 1512 214 25 Fluvio-marine

103 1560 67 25 beds
190 1563 28 21 at
236 1559 159 25 Whitecliff
410 1568 71 17 were
500 1559 27 25 in
546 1558 190 25 considerable
755 1562 62 28 part
841 1557 121 33 superior

103 1609 27 20 to
150 1605 80 24 those
250 1605 30 24 of
303 1605 119 24 Headon
579 1604 62 25 And
666 1603 34 25 he
726 1603 103 25 further
855 1603 107 31 supple-

103 1655 88 20 ments
206 1651 56 25 this
275 1654 65 20 note
353 1651 36 31 by
402 1654 54 21 two
476 1650 123 31 diagram
614 1649 119 24 sections
747 1648 27 25 in
788 1648 174 25 illustration.
