1117 1922
155 190 45 29 198

423 195 57 17 THE
500 193 99 19 HUMAN
621 191 110 18 PERIOD.

154 257 52 24 Mr.
233 256 182 32 Hambrough
441 255 101 33 having
566 253 96 33 kindly
685 252 82 33 given
792 246 165 36 permission
982 249 29 21 to

155 302 78 24 make
253 310 34 16 an
309 301 172 25 excavation.
519 301 108 30 Among
646 299 48 24 the
711 295 120 27 remains
845 294 29 24 of
891 293 48 25 the
951 291 60 25 fire-

155 347 78 32 place
258 355 69 17 were
352 346 84 25 found
461 355 15 15 a
502 346 73 32 large
602 343 126 34 quantity
753 341 29 26 of
805 338 131 27 charcoal
958 336 55 26 and

156 400 76 16 some
245 391 75 32 large
336 394 100 25 stones,
451 390 153 32 exhibiting
623 390 68 30 deep
710 392 91 20 traces
814 384 30 26 of
860 384 47 25 the
921 382 93 25 action

158 435 30 26 of
203 436 57 29 fire,
274 436 124 32 together
412 435 66 26 with
492 445 15 15 a
519 435 116 25 number
650 434 29 25 of
696 433 79 25 small
788 430 89 26 round
889 428 124 34 pebbles.

160 482 32 24 In
217 482 73 24 close
312 480 148 34 proximity
481 485 28 21 to
535 481 46 24 the
606 480 129 31 fireplace
757 486 56 16 was
834 477 47 24 the
902 474 114 26 kitchen

162 526 119 29 midden,
295 534 30 16 or
344 526 88 24 refuse
451 526 79 32 heap,
545 526 90 24 where
654 533 70 17 were
743 522 84 26 found
846 522 132 24 numbers
990 518 31 26 of

163 571 95 32 limpet
272 571 92 28 shells,
378 576 91 27 oyster
483 571 91 28 shells,
590 570 53 24 and
657 570 117 27 cockles,
789 567 106 32 thickly
907 565 112 25 massed

164 616 134 31 together,
320 616 53 23 and
392 615 28 23 in
442 615 176 32 conjunction
637 614 67 25 with
724 614 78 24 these
822 620 71 17 were
913 609 107 26 several

166 660 86 25 bones
265 660 28 24 of
311 660 47 24 the
376 668 44 20 ox,
435 660 92 32 sheep,
541 660 55 32 pig,
610 664 52 19 etc.
701 656 197 33 Intermingled
917 655 28 25 in
965 654 56 25 this

166 704 72 33 heap
251 713 69 16 were
334 704 150 33 fragments
497 704 28 25 of
536 709 109 28 pottery
657 704 29 24 of
698 704 108 24 Roman
819 701 202 25 manufacture.

167 749 75 24 Near
255 749 65 28 this,
334 749 58 24 also
405 749 98 24 turned
520 758 37 23 up
575 749 27 23 in
621 749 47 24 the
687 747 173 29 excavation,
874 755 16 16 a
903 744 119 33 rubbing

168 798 86 24 stone,
281 794 90 25 which
396 803 56 16 was
476 794 67 24 used
568 793 40 25 for
636 793 126 33 grinding
787 801 74 16 corn.
911 790 113 26 Several

168 838 115 25 nodules
304 838 29 25 of
353 838 58 25 iron
432 838 102 32 pyrites
547 847 70 17 were
637 839 58 24 also
713 842 55 20 met
788 837 75 29 with,
885 836 140 33 evidently

171 883 67 25 used
251 882 40 25 for
309 882 115 32 striking
442 883 57 25 fire.
537 882 108 34 Pyrites
662 892 70 16 were
745 883 60 25 well
823 882 100 25 known
936 885 29 21 to
978 881 48 24 the

172 927 124 25 ancients
309 927 39 25 for
363 927 55 25 this
431 936 127 23 purpose,
573 936 29 16 as
615 936 40 17 we
668 928 56 24 find
737 928 20 25 it
772 927 109 25 noticed
895 926 27 25 in
937 925 90 33 Pliny,

174 972 27 25 in
220 972 78 25 these
319 972 89 25 words
420 981 5 15 :
449 976 5 10 '
466 972 116 32 Pyrites,
603 980 35 17 on
663 972 81 32 being
767 972 94 25 struck
884 971 68 26 with
975 979 52 24 any

177 1016 66 25 kind
257 1016 29 25 of
303 1020 85 26 stone,
403 1016 80 25 emits
503 1025 15 16 a
537 1017 82 32 spark
631 1016 99 30 which,
744 1017 126 24 received
888 1025 75 24 upon
981 1016 50 32 dry

177 1061 99 32 fungus
291 1069 29 16 or
333 1062 101 28 leaves,
448 1062 135 31 produces
602 1070 16 15 a
636 1062 49 23 fire
703 1063 99 23 almost
818 1070 98 16 sooner
928 1062 69 23 than
1011 1060 20 24 it

180 1107 81 24 could
282 1107 33 24 be
336 1107 106 24 named.
481 1107 59 24 The
558 1111 61 28 spot
638 1116 57 16 was
717 1107 137 33 evidently
874 1107 103 24 chosen
997 1107 36 33 by

181 1160 76 16 some
275 1151 29 25 of
320 1152 47 24 the
384 1152 67 24 rude
470 1152 100 32 fishing
588 1152 161 32 population
768 1152 28 24 of
813 1152 48 25 the
881 1152 157 25 Undercliff

182 1197 40 25 for
235 1197 128 33 grinding
376 1206 75 19 corn,
465 1196 102 33 baking
580 1197 93 29 bread,
688 1197 53 25 and
755 1198 116 31 cooking
884 1201 83 25 meat,
981 1197 55 25 and

182 1243 47 25 the
243 1243 69 25 shell
331 1242 52 26 fish
402 1243 65 33 they
480 1243 55 24 had
556 1243 134 31 procured
710 1243 118 25 beneath
847 1243 75 25 them
936 1251 36 17 on
989 1243 49 25 the

184 1290 89 27 shore,
288 1289 55 24 and
365 1288 39 25 for
425 1289 35 23 all
480 1288 122 33 culinary
616 1296 133 24 purposes
768 1288 68 24 such
856 1297 29 15 as
898 1289 91 24 would
1005 1289 34 23 be

183 1334 156 33 performed
353 1335 36 32 by
403 1343 15 16 a
431 1334 67 25 rude
511 1343 101 24 savage
631 1334 27 24 in
677 1334 47 24 the
742 1343 71 23 open
833 1334 48 28 air,
900 1334 140 25 instances

183 1381 30 25 of
223 1380 92 26 which
328 1380 154 33 frequently
491 1389 82 16 occur
587 1384 126 28 amongst
727 1380 46 25 the
787 1379 164 26 uncivilized
964 1389 78 16 races

182 1427 31 25 of
235 1426 93 25 Africa
358 1426 55 25 and
442 1426 141 24 Australia
613 1429 28 21 at
666 1426 47 24 the
737 1429 110 29 present
873 1426 62 33 day.
983 1426 60 24 The

182 1472 140 33 primitive
334 1471 97 25 Briton
445 1472 141 33 evidently
595 1471 46 25 did
655 1472 109 33 exactly
773 1480 30 16 as
817 1472 46 24 the
874 1472 24 23 A
910 1471 133 29 istralian,

182 1516 72 29 who,
268 1516 80 26 when
366 1516 82 33 going
468 1521 29 20 to
516 1516 70 25 cook
604 1516 43 25 his
667 1516 72 30 food,
754 1517 78 25 takes
851 1526 16 15 a
886 1517 115 25 number
1016 1516 28 25 of

184 1566 94 20 stones
298 1561 56 25 and
378 1566 65 27 puts
473 1562 75 24 them
578 1571 35 16 on
638 1562 47 25 the
710 1562 48 25 fire
771 1571 4 21 ;
805 1563 79 25 when
908 1563 67 33 they
999 1571 45 17 are

183 1606 102 25 heated
298 1606 47 25 the
359 1607 108 24 embers
481 1615 46 16 are
541 1611 86 28 swept
641 1608 41 24 off
697 1608 54 24 and
765 1608 47 24 the
825 1608 64 25 food
909 1608 23 25 is
946 1609 98 33 simply

185 1651 113 25 allowed
314 1654 28 21 to
355 1651 105 25 remain
474 1652 77 24 there
570 1652 70 24 until
654 1653 167 32 thoroughly
834 1654 113 24 cooked.
986 1654 58 25 The

184 1695 92 30 shells,
292 1696 94 29 bones,
406 1696 53 24 and
480 1697 101 23 broken
602 1701 111 30 pottery
729 1697 84 25 found
833 1698 73 27 close
926 1698 36 33 by
974 1708 70 17 were
