1117 1922
130 206 32 24 94

416 204 89 17 CHALK
527 204 167 17 FORMATION.

130 277 132 26 Towards
275 277 48 25 the
335 277 65 24 land
413 276 47 25 the
475 276 104 25 outline
597 276 30 24 of
643 275 56 25 this
712 282 85 25 range
809 273 23 26 is
846 272 143 33 irregular,

130 322 81 33 being
224 321 29 26 of
268 321 110 26 various
398 321 131 25 breadths
540 330 4 19 ;
566 321 90 25 whilst
676 320 36 25 its
732 320 60 24 face
808 318 121 26 towards
942 317 49 26 the

130 376 47 17 sea
190 367 23 26 is
226 367 94 32 nearly
333 366 127 32 straight,
478 366 54 25 and
551 365 129 26 bounded
699 365 37 33 by
748 365 48 24 the
815 364 68 32 edge
897 362 29 25 of
942 362 49 25 the

130 417 76 29 great
231 413 61 25 wall
318 412 30 25 of
373 412 48 25 the
447 411 160 26 Undercliff.
659 409 193 33 Immediately
876 414 60 19 east
963 408 29 24 of

130 459 40 25 St.
183 457 172 26 Catherine's
367 457 47 24 the
428 464 83 24 range
524 456 23 25 is
561 464 115 20 narrow,
686 456 49 24 but
746 459 28 21 at
784 454 41 26 St.
837 454 154 25 Lawrence

130 513 16 15 a
159 503 105 26 branch
283 511 65 16 runs
367 502 94 24 inland
479 502 78 24 three
577 501 87 30 miles,
677 504 30 21 to
726 500 47 25 the
787 500 111 25 various
912 503 79 28 parts

130 548 29 26 of
174 547 90 27 which
279 547 46 25 the
338 555 95 16 names
446 547 26 24 of
486 547 97 28 Week,
599 546 148 32 Stenbury,
762 545 54 24 and
831 544 158 33 Appuldur-

130 594 97 24 combe
241 593 103 24 Downs
362 591 72 25 have
451 592 69 24 been
537 591 90 32 given.
666 590 171 29 Littletown,
852 590 137 28 Wroxall,

130 638 54 24 and
204 638 39 25 St.
259 636 131 25 Boniface
405 637 103 23 Downs
527 644 46 15 are
593 644 65 24 very
675 635 142 32 irregular.
855 635 60 24 The
935 639 55 20 two

129 683 80 24 latter
224 682 75 25 show
314 681 105 25 several
439 680 85 25 heads
539 680 30 24 of
585 680 123 28 coombs,
722 680 101 28 which,
837 688 36 16 no
892 680 96 27 doubt,

130 727 91 25 before
235 727 45 24 the
294 726 46 25 fall
354 726 29 25 of
398 727 47 24 the
461 725 161 29 Undercliff,
637 725 138 25 extended
787 734 32 16 as
831 729 159 21 transverse

130 774 103 32 valleys
247 781 75 15 some
335 772 125 24 distance
474 771 182 25 southwards.
695 771 41 25 St.
752 770 133 26 Boniface
899 771 90 25 Down

130 818 54 25 and
199 818 160 25 Littletown
374 818 87 24 Down
479 817 58 33 join
556 817 61 24 that
637 816 29 25 of
683 817 40 25 St.
745 816 130 25 Martin's
893 825 36 16 on
942 817 48 24 the

130 867 67 25 east,
213 863 53 25 and
279 862 100 26 extend
394 862 144 25 westward
552 862 26 24 in
594 871 14 15 a
622 862 121 33 winding
760 862 145 29 direction,
919 862 70 25 from

130 909 88 25 above
244 907 133 26 Shanklin
403 912 28 20 to
458 908 101 24 Cook's
585 908 103 28 Castle,
714 907 90 25 where
829 908 47 25 the
902 908 88 25 whole

130 953 160 25 terminates
311 953 26 25 in
360 961 15 17 a
398 953 124 25 rounded
544 961 74 24 spur,
640 953 128 25 crowned
788 953 67 25 with
881 953 108 33 foliage,

130 998 68 24 from
212 998 90 24 which
316 1006 15 16 a
345 998 90 32 gentle
455 998 112 24 descent
587 998 80 24 down
682 1006 14 16 a
710 1006 109 16 narrow*
838 999 62 23 lane
913 998 77 24 leads

129 1048 28 20 to
171 1044 47 24 the
230 1044 99 31 village
343 1043 30 24 of
389 1044 134 23 Wroxall.

176 1088 90 24 These
280 1088 117 24 Eastern
410 1088 112 28 Downs,
534 1096 30 16 as
578 1088 60 24 well
652 1097 30 16 as
695 1088 81 25 those
789 1097 35 16 on
838 1088 47 26 the
899 1089 90 29 West,

130 1142 46 16 are
197 1133 173 33 everywhere
389 1133 149 33 composed
558 1138 28 20 at
609 1133 71 25 their
701 1134 66 25 base
787 1134 29 25 of
832 1135 48 25 the
901 1135 89 25 Chalk

132 1178 80 29 Marl,
226 1177 90 26 which
329 1187 66 15 runs
415 1178 104 25 around
538 1178 76 25 them
630 1178 28 25 in
671 1179 74 25 what
759 1188 65 24 may
837 1180 33 24 be
884 1181 106 24 termed

159 1232 15 15 a
312 1223 83 25 about
417 1225 33 23 60
471 1223 53 25 feet
545 1224 86 28 thick,
657 1225 54 23 and
737 1233 98 24 passes
861 1226 129 32 upwards

131 1268 57 25 into
213 1268 46 25 the
284 1269 75 32 Grey
385 1269 88 24 Chalk
502 1268 101 34 (which
632 1269 22 25 is
681 1271 83 23 much
789 1271 68 25 used
882 1271 28 25 in
935 1271 55 26 this

130 1313 111 33 locality
261 1312 40 25 for
321 1312 215 34 lime-burning).
583 1315 60 23 The
667 1315 210 26 characteristic
900 1316 90 26 fossils

131 1366 45 16 are
196 1358 99 32 chiefly
307 1357 83 25 found
410 1358 27 24 in
456 1358 47 24 the
522 1359 82 24 lower
622 1359 126 32 portions
765 1359 29 25 of
810 1361 48 24 the
871 1361 119 31 deposit.

177 1402 97 33 Owing
294 1407 29 19 to
341 1403 48 24 the
407 1403 134 33 difficulty
554 1403 29 25 of
599 1403 125 34 dividing
743 1405 47 25 the
810 1406 89 25 Chalk
919 1408 71 23 Marl

131 1447 68 24 from
221 1447 47 25 the
288 1448 74 32 Grey
384 1448 98 27 Chalk,
505 1458 34 15 on
560 1453 117 22 account
700 1450 30 25 of
745 1451 47 24 the
812 1451 178 26 distribution

130 1492 30 25 of
185 1493 47 24 the
257 1492 98 28 fossils,
381 1494 64 32 only
473 1494 192 32 approximate
694 1502 220 21 measurements
939 1507 51 16 can

131 1538 33 24 be
183 1537 129 26 obtained
332 1537 30 26 of
377 1538 78 25 these
472 1543 55 20 two
546 1539 132 32 deposits.

173 1583 89 24 These
276 1589 216 19 measurements
505 1593 47 16 are
565 1585 64 33 only
641 1586 122 32 possible
776 1587 27 25 in
817 1588 47 25 the
875 1588 50 26 few
936 1590 56 32 pits

131 1628 60 24 that
217 1628 71 24 have
310 1628 68 24 been
400 1629 116 31 opened,
536 1629 48 25 but
608 1639 70 16 none
700 1631 30 25 of
748 1633 78 25 these
847 1635 102 25 extend
963 1640 29 20 to

132 1681 75 16 more
229 1673 67 24 than
320 1681 29 16 12
373 1678 27 19 to
418 1681 32 24 70
472 1674 53 26 feet
548 1675 151 35 vertically,
721 1679 55 24 and
798 1684 72 21 most
893 1680 30 25 of
945 1681 47 26 the

130 1717 179 25 fossiliferous
322 1727 82 16 zones
418 1728 46 16 are
477 1720 136 25 obscured
627 1722 36 32 by
672 1723 85 25 debris.
797 1724 10 24 I
821 1724 71 27 have
903 1726 88 25 there-
