1117 1922
360 179 183 16 DENUDATION
564 178 56 17 AND
640 175 161 20 LANDSLIPS.

183 202 18 2 194

155 249 112 33 bearing
292 259 74 23 upon
390 251 47 24 the
461 250 150 32 geological
637 252 95 29 aspect
753 247 29 25 of
804 247 48 24 the
874 248 138 29 question,

156 294 108 33 leaving
277 295 46 24 the
337 296 132 31 probable
488 296 64 24 date
565 295 29 25 of
612 295 46 24 the
677 294 40 25 tin
731 292 78 27 trade
823 296 29 21 to
865 291 34 25 be
913 287 99 27 settled

156 340 37 31 by
206 340 46 24 the
272 340 176 31 antiquaries.

205 384 89 24 There
307 388 100 21 cannot
426 385 34 24 be
479 393 15 16 a
514 385 84 24 doubt
618 385 49 24 but
686 383 47 25 the
747 380 160 34 depression
921 378 30 25 of
967 378 47 25 the

161 430 88 24 Chalk
262 434 95 24 strata,
372 430 147 32 extending
537 430 69 25 from
625 430 47 25 the
692 429 120 25 Needles
829 431 28 21 to
876 426 47 25 the
936 428 78 22 coast

160 474 29 24 of
204 474 184 29 Dorsetshire,
401 475 90 24 would
511 475 104 32 greatly
636 474 45 25 aid
700 474 47 25 the
767 481 46 17 sea
835 472 28 25 in
882 469 134 33 breaking

161 518 117 33 through
293 519 46 24 the
353 519 102 25 barrier
469 520 53 24 and
537 519 28 25 of
576 519 116 32 forming
706 519 46 25 the
766 517 119 32 existing
898 515 118 25 channel

163 566 26 21 at
215 563 60 24 that
299 564 51 24 end
371 563 30 25 of
422 564 47 25 the
490 564 102 29 Island,
612 565 122 25 between
752 563 48 25 the
823 562 120 25 Needles
962 559 55 25 and

166 607 87 24 Hurst
268 608 101 25 Castle.
406 609 59 24 The
476 613 61 27 spot
548 609 118 25 selected
679 608 40 25 for
732 608 55 26 this
800 608 82 25 latter
893 605 125 32 building

165 651 23 25 is
208 656 70 20 most
300 651 148 34 singularly
462 653 119 25 situated
603 657 27 21 at
649 654 47 24 the
714 653 53 25 end
785 652 30 25 of
832 662 14 15 a
866 652 64 32 long
944 651 74 24 bank

167 696 28 24 of
212 696 114 32 shingle,
341 697 146 33 extending
501 698 26 24 in
544 707 15 15 a
572 698 102 24 curved
692 698 54 24 line
764 698 94 33 nearly
871 701 55 21 two
940 695 78 26 miles

166 741 68 25 from
260 742 46 25 the
336 743 169 31 Hampshire
534 747 85 20 coast.
669 744 24 23 It
724 747 72 20 must
825 744 34 23 be
885 742 28 25 of
941 745 77 29 great

168 785 119 34 solidity,
302 795 29 16 as
353 787 46 24 the
413 788 84 31 depth
517 788 29 24 of
564 788 48 24 the
631 788 116 24 channel
766 792 27 21 at
811 788 46 24 the
871 786 149 34 beginning

168 830 29 25 of
214 831 46 24 the
273 836 109 27 present
403 836 121 30 century,
538 833 73 24 close
629 838 28 20 to
670 833 47 24 the
730 833 102 29 Castle,
846 842 56 16 was
918 841 35 16 no
966 833 54 23 less

168 876 68 23 than
256 876 175 33 thirty-three
449 877 128 28 fathoms,
592 878 53 24 and
658 878 46 24 the
725 877 57 26 tide
801 887 83 23 pours
901 877 120 32 through

170 919 20 24 it
201 919 66 25 with
282 921 67 23 such
362 921 120 33 rapidity
493 921 59 25 that
566 931 15 15 a
595 921 58 25 four
666 922 83 25 oared
762 923 64 24 boat
837 931 52 16 can
900 922 121 32 scarcely

172 968 68 20 stem
255 965 29 23 it.

220 1010 88 24 Hurst
323 1010 102 28 Castle,
440 1019 30 16 as
490 1011 10 24 I
515 1011 71 25 have
602 1011 90 25 before
706 1012 98 29 stated,
818 1011 23 25 is
856 1011 120 26 situated
996 1015 28 21 at

173 1054 48 25 the
241 1054 146 34 extremity
399 1054 29 26 of
446 1064 16 16 a
475 1059 100 29 tongue
594 1055 28 26 of
642 1056 105 32 shingle
764 1058 40 31 (or
817 1057 134 33 probably
965 1057 61 32 clay

174 1098 95 34 flints).
314 1100 24 25 It
357 1109 57 17 was
433 1100 143 34 originally
595 1109 51 17 one
663 1101 28 25 of
710 1102 95 33 Henry
824 1102 106 24 VIII.'s
949 1101 77 30 forts,

175 1145 54 25 and
250 1145 22 25 is
295 1154 61 16 now
378 1154 34 16 an
433 1145 148 33 important
603 1146 87 33 signal
710 1146 110 29 station,
834 1147 194 32 commanding

175 1191 47 24 the
241 1199 118 24 passage
377 1190 30 25 of
424 1192 46 23 the
495 1192 103 27 Solent,
619 1192 53 24 and
690 1192 50 24 has
763 1201 15 15 a
796 1192 109 33 battery
923 1192 40 25 for
982 1192 47 25 the

175 1236 113 25 defence
308 1236 30 24 of
359 1236 47 25 the
432 1236 132 29 Channel,
591 1236 81 33 being
697 1236 185 34 immediately
903 1236 127 33 opposite

175 1282 47 25 the
236 1281 68 26 forts
317 1281 29 26 of
362 1281 47 26 the
425 1282 52 25 Isle
494 1282 30 25 of
540 1282 107 33 Wight.
685 1282 231 34 Architecturally
929 1282 20 26 it
968 1291 63 17 con-

175 1327 65 25 sists
254 1328 29 24 of
299 1336 15 16 a
328 1332 85 21 tower
427 1328 77 33 (with
523 1329 47 24 the
589 1329 64 24 date
673 1330 74 32 1535)
766 1328 109 25 flanked
888 1329 36 33 by
937 1337 16 16 a
969 1330 63 31 long

174 1373 107 32 granite
292 1374 71 28 wall,
377 1374 66 24 with
458 1374 173 25 embrasures
645 1374 40 25 for
698 1374 89 33 heavy
800 1383 78 24 guns.
