1117 1922
124 174 45 24 152

421 172 137 18 TERTIARY
578 172 106 18 SERIES.

122 247 78 25 Road
220 245 108 33 leading
348 245 68 26 from
437 245 78 33 Ryde
535 249 29 21 to
584 245 134 24 Wootton
739 243 112 33 Bridge,
866 251 116 17 excava-

122 292 72 25 tions
208 292 70 24 have
299 292 68 24 been
388 291 107 25 carried
515 299 35 16 on
569 294 28 21 to
619 290 68 25 such
707 298 34 16 an
756 293 93 22 extent
862 289 60 25 that
938 289 46 25 the

121 337 106 33 ground
252 337 22 24 is
294 337 118 32 literally
434 335 217 34 honeycombed.
690 335 90 25 These
802 333 181 27 excavations

122 391 67 25 vary
202 383 27 24 in
249 383 84 32 depth
353 382 67 25 from
444 390 30 16 10
492 387 29 19 to
541 389 32 16 20
592 381 63 29 feet,
675 380 54 25 and
749 388 103 25 appear
871 383 29 22 to
913 380 71 25 have

122 427 69 26 been
213 427 109 25 worked
348 427 115 25 without
490 435 52 24 any
567 425 151 33 particular
745 425 121 25 method.
905 425 78 33 They

122 482 46 16 are
192 472 98 26 known
316 481 30 16 as
375 472 46 25 the
482 471 135 25 Binstead
751 471 55 25 and
829 471 48 25 the
906 475 78 20 stone

123 518 126 32 quarried
279 517 69 25 from
377 518 76 24 them
482 525 30 17 as
533 517 47 25 the
637 516 134 25 Binstead

123 563 89 24 There
226 563 23 24 is
269 571 35 16 no
317 563 86 24 doubt
424 563 60 24 that
504 562 47 25 the
569 561 57 33 pits
645 562 71 25 have
736 562 71 25 been
821 562 111 25 worked
945 561 39 26 for

124 608 145 29 centuries,
284 609 53 24 and
357 609 46 24 the
423 612 78 20 stone
521 607 99 32 widely
640 607 142 32 exported.

199 653 59 25 The
284 653 133 25 Binstead
443 653 160 24 Limestone
639 661 57 16 was
729 653 129 33 formerly
891 652 94 33 highly

126 698 137 25 esteemed
286 706 29 16 as
335 706 16 16 a
371 697 124 33 building
520 701 87 25 stone,
630 697 55 25 and
707 697 50 25 has
779 697 69 25 been
869 697 67 25 used
958 697 27 25 in

124 745 48 25 the
194 744 189 25 construction
406 744 29 25 of
457 745 106 24 several
591 744 137 25 churches
750 743 27 26 in
804 744 112 29 Sussex,
939 743 46 26 the

124 789 112 25 interior
256 789 30 25 of
302 789 177 24 Winchester
501 789 159 29 Cathedral,
681 789 98 25 Lewes
802 788 106 34 Priory,
928 789 57 24 also

125 834 153 25 Yarmouth
304 834 94 24 Castle
424 834 54 24 and
508 834 90 32 Quarr
624 834 100 33 Abbey
749 834 105 33 (I.W.),
881 842 34 16 an
940 833 45 25 old

126 880 93 24 Saxon
232 879 61 24 ruin
307 883 27 21 at
347 879 213 32 Southampton,
572 878 110 25 noticed
696 879 36 32 by
741 879 140 28 Webster,

173 924 11 24 I
205 924 71 24 have
290 924 57 24 also
361 931 64 17 seen
439 932 35 16 an
493 924 130 24 inkstand
642 923 82 25 made
736 923 70 25 from
819 923 56 25 this
891 927 78 21 stone
980 932 4 20 ;

126 968 20 26 it
160 977 56 17 was
230 968 55 33 dug
299 976 36 24 up
349 968 69 24 from
437 968 119 25 beneath
576 968 47 25 the
635 968 77 25 ruins
729 968 29 25 of
775 968 90 33 Quarr
879 968 106 33 Abbey,

127 1013 54 25 and
194 1021 57 17 was
271 1012 142 25 doubtless
435 1012 46 25 the
502 1012 74 26 work
596 1012 28 25 of
640 1021 51 16 one
710 1012 30 25 of
758 1013 48 25 the
821 1013 45 26 old
879 1013 106 26 monks.

127 1057 90 25 These
240 1056 123 33 quarries
385 1056 73 34 yield
480 1057 46 25 the
548 1057 80 25 usual
648 1066 148 17 numerous
815 1057 100 30 fossils,
933 1058 53 25 and

127 1111 45 16 are
181 1101 148 34 especially
337 1102 83 25 noted
431 1110 30 17 as
470 1101 160 33 containing
639 1102 46 25 the
694 1103 76 25 teeth
779 1102 30 25 of
815 1102 170 29 mammalia,

127 1147 195 29 Palœotherium,
340 1147 195 32 Chæropotamis,
549 1147 148 29 Dichobunc,
713 1148 54 24 and
779 1148 207 33 Anoplotherium,

128 1193 82 24 claws
224 1191 29 25 of
271 1192 119 24 Lobster
410 1192 146 33 (probably
574 1191 181 35 freshwater),
773 1193 73 33 Cray
858 1193 62 29 fish,
934 1197 52 21 etc.

174 1237 98 24 Inland
290 1237 47 25 the
352 1237 166 33 Bembridge
533 1236 160 26 Limestone
707 1238 50 26 has
771 1239 68 25 been
853 1239 135 25 observed

129 1286 27 21 at
196 1282 130 33 Dodpits,
353 1283 86 32 Stony
470 1283 91 28 Cross,
592 1283 167 25 Shalcombe
790 1284 99 29 Down,
923 1293 65 16 near

130 1327 151 29 Churchill,
295 1328 61 24 lane
379 1336 64 16 near
468 1327 122 33 Brading
613 1328 121 30 Church,
757 1329 81 25 south
861 1329 29 25 of
907 1330 81 25 lower

130 1373 135 27 Nunwell,
287 1377 51 21 etc.

402 1470 173 26 Bembridge
602 1471 108 25 Marls.

175 1542 90 25 These
278 1542 83 25 marls
381 1550 45 17 are
447 1542 123 33 exposed
590 1547 27 21 at
631 1543 141 27 Thorness
787 1544 81 26 Point
890 1546 54 24 and
963 1545 27 25 in

130 1587 106 26 Gurnet
262 1587 60 33 Bay
334 1596 5 20 ;
366 1591 28 21 at
420 1587 46 25 the
491 1587 82 26 latter
602 1588 79 32 place
709 1589 48 25 the
781 1589 209 26 characteristic

128 1631 92 26 fossils
234 1640 46 16 are
299 1632 103 30 Cyrena,
417 1632 86 25 Ostrea
522 1632 53 25 and
596 1633 135 25 Cerithium
751 1636 111 22 mutabile
872 1644 10 18 ;
903 1639 27 21 at
945 1636 45 24 the

265 1693 10 10 *
282 1694 58 18 Mem.
349 1695 52 17 Geol.
410 1695 61 21 Suit.,
481 1695 86 21 Bristow,
577 1697 36 16 Islt
622 1697 20 16 of
652 1697 73 21 Wight,
735 1698 48 20 1862,
792 1702 19 16 p.
819 1700 26 16 78.
