1117 1922
376 130 88 17 LATER
483 131 137 17 TERTIARY
641 132 78 16 DATE.

934 134 43 22 159

121 200 130 32 grounds,
270 201 53 24 and
343 201 145 29 therefore,
509 203 37 32 by
567 211 61 25 way
647 203 29 24 of
698 203 169 30 distinction,
890 205 88 24 called

149 244 150 33 high-level
311 247 94 31 gravel
442 255 5 20 ;
468 247 53 24 and
541 247 139 33 secondly,
694 247 122 33 deposits
829 248 30 25 of
874 258 15 15 a
904 258 74 16 more

122 294 92 21 recent
238 299 49 25 age
310 291 67 25 than
398 291 48 26 the
464 291 109 30 former,
587 296 29 21 to
635 292 90 26 which
744 293 47 25 the
810 297 69 22 term
927 295 52 24 low

122 336 70 25 level
216 336 94 32 gravel
359 345 71 25 may,
453 337 28 25 in
505 346 83 24 many
610 346 86 21 cases,
719 339 34 24 be
778 339 110 31 applied
912 338 67 26 with

122 381 149 33 propriety.
323 382 59 25 The
414 382 149 32 high-level
599 385 42 30 (or
673 383 88 32 older)
796 384 93 31 gravel
922 392 56 16 was

122 426 143 32 deposited
287 426 68 25 after
377 426 48 25 the
448 426 137 25 elevation
611 427 53 24 and
690 428 167 24 denudation
882 428 29 24 of
932 428 48 24 the

124 472 97 29 Chalk,
235 471 80 26 while
334 472 47 24 the
402 473 135 24 low-level
557 473 94 31 gravel
663 481 56 16 was
740 472 105 25 formed
862 473 27 24 in
901 477 77 28 great

123 520 61 29 part
206 516 70 24 from
301 517 47 24 the
373 520 86 22 waste
484 516 30 25 of
535 517 47 24 the
606 517 75 24 older
706 517 102 33 gravel,
834 517 78 26 when
932 517 47 25 the

123 561 170 25 brick-earth
318 562 54 25 and
403 562 79 25 other
512 562 123 33 deposits
665 562 30 25 of
721 562 69 25 later
820 562 64 26 date
908 571 70 17 were

123 607 107 25 thrown
243 607 80 25 down
346 606 26 25 in
393 607 47 25 the
459 607 120 29 combes,
594 607 53 25 and
667 606 26 26 in
713 607 46 25 the
779 607 89 32 slopes
887 607 30 25 of
932 607 47 25 the

123 653 82 24 lower
227 652 114 32 ground.
386 652 59 25 The
470 652 60 25 thin
555 652 130 32 covering
708 652 30 25 of
760 653 113 32 angular
899 653 81 24 chalk

123 697 75 25 flints
216 705 74 24 upon
309 697 46 25 the
376 697 95 33 higher
492 697 123 32 portions
635 697 28 25 of
682 697 47 25 the
748 697 186 32 chalk-range,
949 705 29 17 as

125 743 110 24 Beacon
254 742 55 24 and
322 742 84 24 Afton
420 743 112 28 Downs,
547 745 27 21 at
593 742 48 24 the
659 746 116 21 western
794 742 146 33 extremity
952 742 29 25 of

123 787 48 24 the
192 787 104 29 Island,
310 786 22 25 is
354 787 59 24 said
432 788 36 32 by
489 788 52 23 Mr.
560 787 119 25 Godwin
697 788 115 28 Austen,
827 791 27 20 at
873 795 71 25 page
963 795 13 16 2

124 832 29 25 of
173 832 142 25 Professor
337 832 112 25 Forbes'
474 832 126 29 Memoir,
623 836 29 21 to
676 832 34 25 be
735 838 5 9 '
751 832 47 25 the
823 832 107 25 residue
952 832 29 25 of

124 877 60 25 that
198 876 108 33 portion
320 876 29 26 of
365 876 81 25 chalk
459 876 91 26 which
569 876 50 25 has
638 877 69 25 been
726 876 138 26 dissolved
882 877 95 33 away,'

124 922 53 25 and
191 922 47 25 the
252 922 102 25 Downs
368 931 46 16 are
427 922 90 25 stated
530 926 28 21 to
572 921 105 26 furnish
697 927 5 10 '
713 922 71 32 good
798 922 180 26 illustrations

124 967 30 25 of
163 968 47 24 the
222 971 60 21 rate
295 967 30 25 of
341 971 85 21 waste
446 976 64 16 over
533 968 158 24 calcareous
710 967 121 25 surfaces
850 967 68 25 from
932 968 47 24 the

125 1012 91 24 action
230 1012 30 24 of
270 1011 60 25 rain
343 1015 84 21 water

172 1058 11 24 I
198 1066 127 24 presume
337 1058 61 24 that
409 1057 98 33 during
520 1066 16 16 a
549 1058 95 32 period
657 1058 30 24 of
697 1058 66 25 slow
776 1058 49 24 but
840 1058 139 25 continual

125 1103 137 33 upheaval
280 1103 30 25 of
326 1103 47 25 the
392 1103 73 28 land,
481 1111 15 16 a
515 1103 71 25 river
606 1106 46 21 cut
674 1103 36 24 its
723 1112 61 24 way
795 1103 120 33 through
934 1103 46 25 the

125 1158 74 16 mass
212 1148 30 26 of
251 1148 48 26 the
336 1149 62 32 clay
405 1148 66 26 with
598 1148 109 32 flowing
720 1147 27 26 in
757 1152 55 22 two
823 1147 156 30 directions,

125 1202 52 17 one
200 1193 136 26 eastward
361 1202 65 16 near
452 1192 175 33 Bembridge,
653 1193 47 25 the
724 1193 79 25 other
828 1193 152 29 westward,

125 1238 142 34 emptying
292 1237 75 26 itself
396 1237 57 26 into
478 1238 47 25 the
555 1246 47 17 sea
628 1246 66 17 near
720 1238 181 29 Freshwater,
928 1238 52 25 and

125 1283 156 34 depositing
301 1283 55 25 this
377 1283 103 32 gravel,
500 1283 47 24 the
568 1286 85 21 waste
679 1282 29 25 of
729 1283 47 24 the
829 1283 61 32 clay
915 1281 65 26 with

248 1337 34 16 on
307 1327 36 26 its
367 1328 88 24 banks
480 1331 28 21 to
534 1328 68 24 such
627 1336 35 15 an
684 1330 102 26 extent,
807 1335 29 16 as
856 1327 28 24 in
906 1335 74 16 some

126 1373 93 33 places
241 1376 28 21 to
292 1372 68 25 form
386 1372 52 25 low
463 1372 78 24 cliffs.
579 1372 59 24 The
663 1372 122 24 rounded
811 1372 54 24 and
884 1375 95 21 water-

126 1427 74 17 worn
214 1422 96 21 nature
324 1417 29 25 of
367 1426 16 16 a
396 1418 74 32 large
484 1417 114 25 number
612 1417 29 24 of
657 1417 46 24 the
717 1417 74 24 flints
804 1417 90 24 would
907 1425 73 16 seem

126 1468 28 21 to
179 1463 176 25 corroborate
376 1471 46 24 my
443 1462 77 25 view.
569 1462 85 33 Many
673 1462 29 24 of
723 1462 76 24 them
821 1462 70 24 have
912 1462 68 24 been

127 1509 142 32 subjected
293 1512 29 21 to
348 1517 29 16 so
410 1507 82 25 much
519 1506 123 26 attrition
668 1516 31 16 as
724 1511 28 21 to
777 1507 134 24 resemble
934 1506 46 26 the

126 1555 113 31 pebbles
258 1554 29 24 of
304 1562 15 16 a
339 1561 46 17 sea
404 1553 88 25 shore.

287 1642 57 17 Mem.
350 1641 52 17 Geol.
411 1641 61 19 Surv.,
479 1641 86 19 Bristow,
575 1640 38 17 Isle
620 1640 21 17 of
647 1639 74 21 Wight,
731 1640 48 20 1862,
788 1644 19 16 p.
815 1641 26 16 43.
