1117 1922
168 181 30 24 82

419 187 56 17 THE
498 188 89 16 UPPER
606 186 179 18 GREENSAND.

170 260 252 32 Appuldurcombe,
449 259 69 26 from
543 259 113 26 whence
684 259 48 24 the
761 260 132 30 prospect
918 254 24 26 is
967 262 65 25 very

170 305 140 25 extensive
331 305 54 25 and
406 304 103 30 varied,
530 303 204 33 commanding,
757 311 30 16 as
808 302 20 24 it
851 301 75 28 does,
948 298 86 26 views

170 350 30 25 of
209 350 48 26 the
271 351 111 24 Church
396 350 29 25 of
436 349 137 30 Godshill,
587 359 35 15 on
635 349 48 26 the
695 353 49 28 top
758 347 30 26 of
798 347 35 25 its
847 347 52 24 low
910 344 124 26 rounded

173 395 48 25 hill
234 404 4 21 ;
260 396 126 28 Arreton,
410 394 121 33 sleeping
554 394 26 25 in
603 394 47 25 the
672 393 112 25 shadow
805 392 29 24 of
854 392 46 25 the
926 391 89 24 Down
1029 398 4 20 ;

174 441 184 28 Newchurch,
379 441 66 24 with
468 441 35 24 its
527 440 83 25 white
635 439 73 33 spire
720 447 5 21 ;
755 439 46 24 the
824 437 91 33 valley
936 436 30 25 of
988 436 48 24 the

173 486 55 24 Yar
241 494 5 20 ;
266 486 47 24 the
334 486 74 32 Apse
429 486 54 23 and
508 484 156 25 Bordwood
689 482 146 26 woodland
846 491 5 21 ;
871 481 49 26 the
942 489 95 25 snowy

175 531 100 25 Culver
302 530 85 28 Cliffs,
413 530 55 25 and
497 530 47 25 the
574 530 105 24 Downs
705 527 142 33 bounding
871 527 49 25 the
945 535 91 17 scene.

175 576 139 32 Outcrops
335 575 30 26 of
386 576 47 25 the
458 579 87 22 strata
572 583 83 17 occur
678 579 27 20 at
733 574 66 25 Rew
826 574 93 28 Farm,
945 572 92 25 where

175 621 66 33 they
265 629 51 17 can
342 622 33 24 be
402 629 62 16 seen
490 620 206 33 picturesquely
722 619 121 32 exposed
869 618 28 24 in
922 627 15 15 a
964 617 73 29 field,

175 674 65 16 near
262 670 29 20 to
313 665 89 25 which
426 673 14 17 a
463 665 88 32 hedge
572 665 73 25 bank
668 663 23 26 is
711 663 84 26 white
815 663 27 25 in
866 662 171 33 Springtime

175 711 67 26 with
264 720 14 16 a
298 711 142 32 profusion
461 711 29 24 of
510 711 170 32 snowdrops.

221 757 59 24 The
302 757 95 32 Upper
417 756 163 26 Greensand
601 756 84 24 forms
705 756 46 24 the
769 756 67 24 base
854 755 29 24 of
899 755 48 24 the
963 755 74 24 knoll

175 802 28 25 in
225 801 246 33 Appuldurcombe
492 800 81 30 Park,
597 809 36 17 on
655 800 89 26 which
766 800 97 25 stands
885 800 47 24 the
954 800 83 24 lower

177 846 109 33 portion
308 846 29 25 of
360 855 33 16 an
416 846 115 29 obelisk,
555 846 150 32 composed
727 845 29 26 of
779 845 119 26 Cornish
921 845 116 33 granite,

176 893 109 24 erected
307 892 26 24 in
358 900 64 24 1774
441 893 36 32 by
497 892 43 24 Sir
561 891 122 25 Richard
703 892 139 33 Worsley,
856 891 48 25 the
923 890 115 26 founder

177 938 30 24 of
225 938 46 24 the
290 941 97 25 estate,
402 937 27 24 in
449 945 123 25 memory
590 936 30 25 of
635 936 43 24 his
698 936 137 29 kinsman,
857 936 43 25 Sir
924 937 115 24 Robert.

179 983 24 24 It
231 991 55 16 was
311 981 144 34 originally
481 990 32 23 70
539 982 52 24 feet
621 982 75 32 high,
725 982 48 24 but
799 990 58 16 was
882 982 95 24 struck
1003 982 37 33 by

177 1027 136 33 lightning
335 1027 27 24 in
383 1028 74 32 1831,
479 1027 92 25 which
594 1027 128 25 shivered
744 1027 20 25 it
784 1027 27 24 in
831 1031 64 25 two,
915 1027 55 24 and
992 1027 48 25 the

178 1071 75 25 ruins
275 1071 30 25 of
324 1071 47 25 the
390 1080 86 24 upper
496 1071 109 33 portion
627 1071 34 25 lie
685 1071 105 25 around
810 1071 35 26 its
866 1072 75 25 base.
980 1071 60 25 The

181 1117 95 32 Upper
291 1117 161 26 Greensand
473 1117 57 24 also
551 1117 115 25 extends
680 1118 106 24 around
799 1118 48 25 the
860 1121 67 22 west
943 1117 58 26 side
1015 1117 29 26 of

181 1162 45 25 the
241 1162 81 28 Park,
337 1161 54 25 and
405 1170 80 23 crops
499 1168 47 18 out
567 1166 27 20 at
609 1162 47 25 the
670 1161 99 33 village
788 1162 30 25 of
836 1163 205 29 Nettlecombe,

180 1215 35 16 on
236 1206 47 25 the
300 1206 127 33 opposite
447 1206 58 25 side
523 1206 30 25 of
569 1207 48 24 the
635 1207 98 33 valley.
773 1208 25 23 It
817 1208 116 24 extends
954 1209 88 24 round

181 1253 47 24 the
249 1253 66 24 base
337 1252 29 24 of
384 1253 40 24 St.
446 1252 172 25 Catherine's
641 1253 98 28 Down,
761 1253 149 33 beginning
932 1258 27 21 at
982 1254 60 25 The

183 1297 171 33 Hermitage,
369 1307 16 15 a
398 1297 125 25 mansion
538 1297 68 25 built
621 1307 35 15 on
672 1307 15 15 a
704 1297 84 33 ridge,
803 1307 30 16 or
847 1307 75 24 spur,
937 1298 105 26 formed

183 1343 36 32 by
236 1342 47 25 the
303 1341 177 26 termination
501 1342 28 25 of
549 1343 39 25 St.
613 1343 174 25 Catherine's
813 1344 88 25 Down
915 1352 5 21 ;
944 1344 20 25 it
984 1345 59 24 also

182 1388 115 24 extends
319 1387 88 25 round
429 1387 47 25 the
497 1388 89 25 Down
608 1392 29 21 to
660 1389 170 32 Blackgang.
877 1390 98 24 Above
997 1390 47 24 the

183 1433 85 24 house
281 1433 96 24 stands
388 1441 15 16 a
416 1433 119 29 column,
547 1434 88 23 called
646 1434 47 24 the

183 1477 29 25 of
231 1478 47 24 the
301 1478 107 24 Roman
432 1478 84 24 Doric
541 1478 95 29 order;
661 1478 20 25 it
707 1479 23 24 is
755 1486 29 24 72
808 1479 52 25 feet
887 1479 75 34 high,
987 1489 56 16 sur-

185 1523 129 24 mounted
334 1523 35 33 by
383 1531 16 15 a
413 1524 64 27 ball,
492 1523 53 24 and
565 1523 84 25 forms
669 1532 12 15 a
703 1524 185 32 conspicuous
908 1526 92 31 object
1017 1525 27 26 in

184 1568 47 25 the
251 1568 158 32 landscape,
433 1577 30 15 as
484 1568 19 25 it
524 1577 52 15 can
596 1568 34 25 be
653 1577 63 16 seen
739 1570 94 32 nearly
854 1571 35 24 all
911 1579 66 16 over
998 1571 46 25 the

186 1612 102 29 Island,
303 1612 126 33 together
442 1612 66 25 with
522 1613 46 24 the
583 1617 54 21 two
650 1617 100 21 towers
764 1623 35 15 on
814 1614 41 25 St.
871 1615 173 25 Catherine's

186 1659 97 27 Down,
298 1666 15 16 a
327 1657 69 26 little
411 1657 81 25 south
506 1657 28 26 of
551 1657 29 26 it.
619 1658 25 25 It
662 1658 23 25 is
698 1660 179 24 constructed
891 1665 47 20 out
953 1661 29 24 of
998 1662 46 24 the

185 1712 15 23 4
214 1702 51 26 feet
280 1711 75 17 seam
368 1701 29 26 of
413 1702 149 25 sandstone
574 1701 30 26 of
618 1702 48 26 the
680 1703 96 32 Upper
790 1704 174 26 Greensand.
1002 1706 42 24 On
