1117 1922
428 136 94 16 WHITE
542 137 96 15 CHALK.

915 137 45 24 107

109 216 45 16 are
168 207 83 24 found
270 215 73 24 upon
363 207 187 24 examination
569 212 28 20 to
617 209 33 23 be
667 209 140 24 shattered
821 209 56 25 into
892 209 67 33 frag-

109 257 97 20 ments.
256 252 90 24 These
368 251 159 33 fragments,
551 261 29 16 or
606 253 137 32 splinters,
766 262 67 24 vary
854 253 28 25 in
906 253 54 26 size

108 297 68 25 from
190 297 77 25 three
286 297 94 24 inches
400 297 28 24 in
446 297 133 25 diameter
600 298 78 25 down
698 302 28 21 to
739 299 118 30 powder.

154 342 60 25 The
236 341 75 25 flints
330 342 65 25 thus
414 341 136 30 shivered,
565 352 30 15 as
614 342 22 25 if
652 344 36 32 by
701 352 15 16 a
735 344 71 25 blow
825 344 29 25 of
870 344 90 25 incon-

108 387 123 25 ceivable
250 386 81 29 force,
346 386 88 25 retain
454 386 70 26 their
546 387 68 25 form
635 388 54 25 and
707 388 120 32 position
845 388 27 25 in
891 389 70 24 their

109 432 61 25 bed.
208 432 59 24 The
286 432 82 24 chalk
390 433 103 31 closely
516 432 103 25 invests
641 433 75 24 them
735 441 35 16 on
793 442 80 24 every
895 433 65 30 side,

109 477 54 24 and
183 476 69 25 until
274 477 130 24 removed
426 477 115 32 nothing
560 477 124 25 different
704 477 68 25 from
791 479 78 23 other
888 478 73 25 flints

109 531 51 15 can
180 523 34 23 be
239 522 155 32 perceived,
414 522 146 33 excepting
579 523 53 24 fine
650 523 77 28 lines,
747 523 151 33 indicating
915 524 47 24 the

109 567 128 28 fracture,
254 575 31 16 as
303 567 28 23 in
351 568 103 23 broken
474 568 74 31 glass
561 576 4 19 ;
586 568 48 23 but
654 568 78 23 when
751 568 127 24 removed
898 568 64 33 they

109 612 45 25 fall
175 616 27 21 at
221 621 69 15 once
311 617 28 19 to
362 612 100 32 pieces,
485 612 48 24 the
555 612 149 33 fragments
727 612 80 33 being
830 622 29 16 as
879 613 83 32 sharp

109 667 30 16 as
160 657 131 32 possible,
315 657 54 25 and
392 661 76 28 quite
490 657 140 32 irregular,
656 657 82 32 being
762 658 132 32 certainly
915 662 47 21 not

109 703 46 25 the
177 702 79 25 effect
280 702 30 25 of
332 711 53 24 any
406 702 122 32 peculiar
553 702 215 33 crystallization
793 711 29 16 or
848 703 115 24 internal

109 751 208 28 arrangements
336 747 29 25 of
385 746 46 26 the
454 747 134 28 material,
609 748 47 24 but
679 747 85 32 solely
786 747 177 25 attributable

110 797 31 20 to
155 794 127 23 external
302 792 132 25 violence.

156 838 68 24 This
244 838 154 32 shattering
417 837 23 24 is
459 838 135 32 probably
607 838 46 23 the
672 838 83 23 result
776 837 29 24 of
821 838 45 23 the
884 837 78 24 chalk

110 883 147 32 upheaval,
271 882 106 32 though
392 887 27 19 to
438 882 65 24 offer
524 891 53 24 any
591 882 110 24 definite
719 890 82 16 cause
814 885 28 21 to
855 881 107 32 explain

109 937 30 16 so
153 927 111 26 curious
285 937 14 15 a
319 927 193 33 phenomenon
531 926 23 25 is
573 927 107 33 beyond
699 927 46 24 the
764 926 84 25 limits
865 926 28 25 of
909 926 53 25 this

109 982 94 22 paper.

155 1018 59 24 The
229 1017 69 25 cliffs
313 1016 28 25 of
357 1016 174 25 Freshwater
545 1025 45 15 are
611 1015 126 25 crowded
751 1015 65 25 with
830 1024 46 15 sea
890 1015 74 24 birds

109 1079 33 2 —
143 1063 150 32 especially
313 1062 26 25 in
363 1062 46 25 the
433 1061 130 32 breeding
586 1069 106 16 season.
730 1060 77 32 They
831 1060 44 32 lay
893 1060 71 24 their

109 1116 65 25 eggs
199 1116 35 16 on
259 1108 48 23 the
332 1106 156 33 projecting
512 1106 92 31 ledges
630 1104 29 25 of
684 1105 47 25 the
756 1104 81 25 chalk
868 1109 95 23 strata,

109 1153 96 32 sitting
227 1152 52 24 tier
302 1152 88 24 above
410 1151 60 28 tier,
491 1150 54 25 and
571 1150 99 24 almost
690 1148 128 32 covering
837 1148 46 25 the
905 1148 59 25 face

108 1197 30 26 of
157 1198 47 24 the
226 1197 78 24 cliffs.
344 1197 105 24 Should
471 1205 14 14 a
508 1203 54 24 gun
586 1196 33 23 be
639 1194 75 28 fired,
735 1194 53 24 and
807 1193 47 25 the
872 1198 91 27 report

109 1242 107 26 disturb
236 1242 86 28 them,
343 1241 65 33 they
427 1241 68 23 form
513 1241 36 32 by
567 1239 71 25 their
656 1238 77 32 flight
754 1247 15 16 a
789 1237 76 26 thick
884 1238 81 25 cloud

109 1287 89 26 which
223 1288 99 23 almost
342 1286 119 24 darkens
481 1285 46 24 the
547 1284 48 24 air.
633 1283 153 32 Collecting
805 1283 76 24 these
899 1291 66 24 eggs

109 1342 56 17 was
179 1337 28 20 at
221 1341 52 16 one
292 1331 66 26 time
378 1340 15 15 a
412 1330 145 33 profitable
577 1328 173 33 occupation,
766 1328 53 24 and
832 1328 132 31 although

109 1386 51 17 one
174 1377 29 25 of
219 1385 35 16 an
269 1376 149 31 extremely
432 1374 154 32 dangerous
602 1377 106 24 nature,
722 1380 55 16 was
791 1371 124 25 followed
930 1372 35 32 by

109 1431 83 25 many
205 1429 124 25 persons.
368 1420 59 24 The
447 1427 112 16 manner
574 1418 26 24 in
615 1417 90 25 which
724 1417 47 24 the
790 1416 92 33 ledges
895 1424 70 17 were

109 1467 118 26 reached
241 1466 55 24 and
310 1466 46 24 the
370 1473 65 24 eggs
454 1464 82 24 taken
551 1472 55 16 was
626 1471 29 15 as
675 1462 103 24 follows
789 1471 5 14 :
816 1462 22 23 A
852 1461 112 32 pointed

109 1513 124 26 crowbar
247 1520 56 17 was
323 1510 120 25 inserted
461 1509 26 25 in
510 1509 46 25 the
578 1507 50 26 soil
648 1508 87 24 above
746 1516 4 20 ;
771 1516 16 15 a
806 1511 73 20 stout
899 1515 65 24 rope

109 1567 56 17 was
188 1557 114 26 secured
326 1561 28 20 to
377 1556 46 24 the
446 1556 57 27 bar,
524 1558 28 20 to
575 1553 91 25 which
689 1552 113 25 another
824 1560 66 24 rope
908 1560 57 17 was

109 1603 132 26 attached
263 1601 89 26 called
375 1610 15 15 a
545 1599 54 24 and
620 1597 90 25 which
733 1606 55 16 was
810 1595 105 26 carried
937 1596 27 25 in

109 1650 47 27 the
181 1649 76 26 hand
279 1646 29 26 of
328 1647 46 25 the
394 1653 100 25 person
519 1643 175 34 descending,
716 1642 39 25 for
781 1642 45 25 the
848 1649 117 26 purpose
