1117 1922
175 192 1 2 18

407 177 137 17 WEALDEN
571 174 169 20 FORMATION,

145 249 47 25 the
212 249 138 25 fractured
372 249 125 32 portions
521 247 106 25 remain
652 255 66 16 near
743 245 69 26 each
837 244 81 25 other
930 252 5 20 ;
964 242 49 25 the

145 295 134 24 vertebræ
294 303 45 16 are
353 302 75 16 more
441 302 30 16 or
484 293 54 24 less
552 291 151 33 displaced,
724 294 45 30 yet
790 290 67 32 they
875 288 137 25 maintain

145 338 117 25 relation
281 343 28 21 to
328 338 48 25 the
394 337 136 34 positions
547 337 66 33 they
626 336 146 33 originally
793 333 137 33 occupied
942 342 5 21 ;
964 332 49 26 the

146 384 86 25 bones
245 383 29 26 of
284 384 48 25 the
345 383 127 32 fore-legs
485 383 72 25 have
570 383 69 24 been
653 386 62 20 torn
730 381 69 24 from
813 379 73 25 their
900 379 112 25 sockets

147 429 54 24 and
221 427 55 26 this
295 432 73 21 must
390 429 72 24 have
483 428 83 25 taken
585 428 80 31 place
684 426 93 26 before
803 426 48 25 the
870 425 142 32 specimen

147 481 57 17 was
229 472 147 26 imbedded
395 473 27 25 in
445 474 47 24 the
511 473 66 25 mud
603 472 54 25 and
677 472 77 28 sand,
775 471 41 25 for
835 470 48 25 the
902 470 111 33 glenoid

147 518 116 25 cavities
280 527 71 16 were
364 518 74 25 filled
455 518 67 25 with
542 522 79 20 stone
633 527 5 15 :
659 518 79 24 these
756 516 72 26 facts
846 525 86 23 prove
951 516 62 26 that

147 563 48 25 the
208 572 111 16 carcass
336 563 30 25 of
379 564 48 24 the
444 563 116 33 original
574 567 74 21 must
665 563 72 24 have
754 562 160 32 undergone
932 562 81 25 muti-

147 608 87 25 lation
247 608 92 26 before
352 609 48 25 the
413 609 86 25 bones
508 618 70 16 were
592 608 120 25 reduced
726 613 28 20 to
769 617 15 15 a
798 608 126 25 skeleton
937 616 5 22 ;
958 608 55 25 and

147 654 60 25 that
222 654 46 25 the
282 654 153 25 dislocated
449 654 54 25 and
517 654 104 25 broken
634 658 78 28 parts
725 662 72 17 were
809 653 65 25 held
887 654 126 32 together

148 700 36 32 by
197 699 47 25 the
257 700 120 24 muscles
390 699 54 25 and
457 698 187 33 integuments
654 707 5 21 ;
675 698 27 26 in
715 698 56 26 this
786 702 72 22 state
870 698 48 26 the
931 699 82 25 trunk

148 752 57 17 was
225 745 86 24 borne
330 744 81 25 down
430 745 47 24 the
497 748 112 25 stream,
630 744 53 24 and
704 747 27 21 at
750 744 96 33 length
866 744 69 24 sank
956 744 57 25 into

147 790 48 24 the
220 790 66 24 mud
311 789 29 25 of
359 790 47 24 the
431 790 83 28 delta,
535 790 54 24 and
609 789 106 25 formed
739 798 15 15 a
773 790 115 24 nucleus
908 790 105 24 around

147 834 91 26 which
260 835 47 25 the
329 839 86 21 stems
435 835 55 25 and
511 835 93 25 leaves
618 834 30 26 of
665 835 156 33 cycadeous
842 835 93 33 plants
958 835 55 26 and

147 880 74 26 ferns
237 890 72 16 were
324 881 203 29 accumulated,
546 881 55 25 and
620 881 72 25 river
705 881 84 25 shells
803 882 115 24 became
930 881 83 25 inter-

148 926 121 32 mingled
289 926 28 25 in
338 927 47 25 the
405 928 111 30 general
539 935 83 17 mass.

221 972 60 24 The
294 972 174 33 phenomena
482 972 65 25 here
567 972 207 33 contemplated
795 976 111 25 cannot,
922 972 12 25 I
950 981 63 17 con-

148 1017 86 29 ceive,
267 1017 34 25 be
335 1017 197 34 satisfactorily
561 1017 148 33 explained
740 1027 75 23 upon
850 1027 55 24 any
935 1018 78 25 other

149 1061 174 33 supposition
342 1063 68 25 than
427 1063 61 25 that
506 1062 91 26 which
616 1062 110 33 implies
744 1072 16 16 a
778 1063 65 33 long
861 1067 152 29 transport,

149 1108 36 32 by
198 1107 47 26 the
267 1116 105 25 agency
389 1108 30 25 of
434 1112 118 21 streams
572 1109 54 24 and
646 1112 126 21 currents
784 1118 6 15 :
804 1109 48 24 the
871 1118 143 16 carcasses

149 1152 30 25 of
190 1153 46 24 the
249 1154 118 24 colossal
380 1154 113 32 reptiles
506 1158 74 21 must
593 1154 72 25 have
684 1155 69 24 been
767 1155 122 32 exposed
902 1158 29 22 to
945 1155 69 25 such

150 1207 34 16 an
198 1199 92 24 action
304 1199 41 25 for
358 1208 16 16 a
388 1199 191 26 considerable
596 1199 75 30 time,
687 1200 55 25 and
754 1200 49 26 the
816 1210 97 16 source
927 1200 30 26 of
967 1201 47 25 the

150 1243 106 34 mighty
268 1244 72 26 river
350 1244 92 27 which
455 1245 99 26 flowed
572 1246 121 32 through
712 1246 47 25 the
780 1246 125 34 Country
921 1246 30 25 of
966 1247 48 24 the

151 1289 170 32 Iguanodon,
336 1294 83 25 must,
433 1291 145 29 therefore,
592 1291 55 25 like
659 1292 61 24 that
735 1291 29 25 of
781 1292 48 24 the
844 1292 169 33 Mississippi

150 1334 72 25 have
243 1335 69 24 been
334 1335 41 25 far
400 1335 104 26 distant
529 1336 70 25 from
625 1337 48 25 the
698 1337 74 25 delta
797 1337 92 26 which
913 1337 28 26 in
966 1337 48 26 the

150 1388 97 16 course
257 1380 30 24 of
296 1380 191 26 innumerable
499 1390 66 23 ages
576 1383 195 25 accumulated
784 1387 29 21 at
823 1382 36 26 its

349 1699 9 9 •
370 1699 57 17 From
434 1699 98 18 MantelTs
568 1701 84 16 Wonders
663 1701 23 20 of
