1117 1922
375 127 40 18 st.
436 121 188 26 Catherine's
645 131 89 16 down.

940 133 41 23 171

130 196 46 25 the
191 196 68 25 form
273 197 30 25 of
319 206 15 16 a
349 198 226 34 conical-shaped
588 201 75 28 rock,
677 200 36 25 its
726 202 74 32 large
814 206 172 22 water-worn

130 240 150 34 fragments
306 243 166 33 resembling
501 243 27 25 in
561 243 68 26 form
660 245 54 24 and
739 246 92 24 colour
857 247 46 24 the
927 247 59 25 flint

130 287 115 32 pebbles
257 287 30 25 of
306 287 47 25 the
371 293 111 28 present
502 289 97 25 beach.
637 290 59 25 The
716 291 65 24 rock
800 291 22 24 is
840 292 97 24 known
952 293 35 32 by

129 332 48 24 the
201 332 148 25 fishermen
377 342 30 16 as
433 334 45 24 the
526 335 75 24 Bean
760 344 34 15 on
820 341 116 19 account
961 337 27 23 of

130 376 48 25 the
196 378 189 24 resemblance
406 377 28 25 of
453 377 36 26 its
509 379 109 24 smaller
638 380 113 31 pebbles
770 386 28 17 to
820 381 92 28 beans,
934 381 52 24 and

130 431 15 15 a
158 421 111 32 portion
283 421 29 26 of
329 431 15 16 a
357 422 58 25 reef
426 422 90 25 which
530 424 115 24 extends
660 427 28 21 to
701 432 75 16 some
789 424 93 31 depth.

176 467 55 25 For
254 476 15 16 a
291 468 64 31 long
373 467 66 25 time
461 468 10 24 I
487 476 56 16 was
562 469 117 31 puzzled
699 472 27 20 to
746 473 116 20 account
882 469 39 24 for
941 470 46 23 the

130 520 167 16 occurrence
311 512 29 24 of
360 513 56 23 this
435 521 84 20 mass,
534 521 30 16 so
584 513 91 24 unlike
694 514 46 23 the
759 514 123 31 deposits
896 514 29 24 of
941 514 46 24 the

130 557 237 32 neighbourhood,
383 558 53 23 and
450 557 26 24 in
497 558 67 23 such
585 566 34 15 an
632 557 116 25 isolated
762 558 119 32 position
893 567 5 20 ;
919 558 68 24 until

130 611 77 16 some
229 602 139 25 workmen
391 602 61 25 who
475 611 70 16 were
566 602 122 33 engaged
710 602 27 25 in
757 602 164 33 excavating
941 603 46 24 the

131 646 88 25 beach
235 647 87 25 below
335 646 47 25 the
395 646 142 29 waterfall,
552 646 40 25 for
605 655 136 25 sewerage
754 656 143 23 purposes,
911 656 76 16 came

131 696 27 21 at
174 701 75 16 some
262 692 86 32 depth
362 691 70 25 from
451 692 47 24 the
511 691 107 25 surface
632 701 73 23 upon
719 701 104 15 masses
837 692 29 24 of
882 692 105 32 shingle

131 738 54 24 and
204 737 125 25 rounded
347 737 196 32 flint-pebbles,
558 737 142 25 cemented
721 738 124 31 together
865 746 74 16 more
958 746 29 16 or

130 783 55 24 less
201 783 100 32 firmly,
315 782 27 25 in
362 782 134 33 precisely
510 783 46 24 the
577 790 74 17 same
669 790 112 17 manner
801 791 30 16 as
850 783 47 24 the
910 784 76 23 Bean

132 828 86 24 Rock.
273 829 40 22 Its
345 827 201 24 consolidation
577 827 55 24 had
663 827 115 24 without
808 827 84 24 doubt
919 828 67 23 been

130 872 209 33 accomplished
360 873 35 32 by
415 872 46 23 the
484 872 149 24 carbonate
659 871 28 24 of
706 871 63 24 lime
792 872 145 24 contained
959 872 27 24 in

130 917 48 25 the
202 917 94 32 falling
318 921 85 20 water
426 916 90 25 which
538 917 56 23 had
616 917 158 31 percolated
796 917 118 32 through
941 917 45 24 the

130 962 103 32 pebbly
251 962 98 28 beach,
367 961 55 25 and
441 961 143 25 cemented
606 961 47 24 the
671 961 75 25 loose
765 965 100 21 stones.
904 962 82 24 From

130 1006 56 26 this
199 1007 10 24 I
222 1006 133 32 gathered
368 1006 60 25 that
443 1005 46 25 the
503 1006 202 32 conglomerate
719 1006 65 24 rock
795 1006 53 24 and
860 1006 126 32 adjacent

130 1053 80 32 ledge
235 1053 55 24 had
315 1053 69 24 been
409 1051 105 25 formed
545 1051 86 25 under
661 1051 47 24 the
733 1060 75 15 same
833 1051 154 25 conditions

132 1099 145 33 (exposure
303 1101 28 20 to
356 1097 48 24 the
429 1096 39 25 air
499 1095 102 32 having
630 1096 135 32 probably
788 1095 138 32 perfected
952 1096 34 25 its

131 1142 226 32 consolidation),
382 1141 53 24 and
461 1141 60 24 that
541 1140 47 24 the
610 1140 78 31 ledge
710 1139 138 32 evidently
866 1149 56 16 was
941 1140 46 24 the

131 1187 120 25 remains
274 1186 29 24 of
323 1194 34 16 an
380 1185 109 25 ancient
513 1184 157 28 sea-beach,
688 1183 90 26 which
801 1188 27 20 at
850 1193 51 15 one
921 1183 65 25 time

131 1232 105 25 formed
250 1232 60 23 that
324 1234 62 29 part
400 1230 29 24 of
440 1230 47 24 the
501 1229 80 25 shore
591 1228 91 32 facing
695 1228 47 24 the
754 1228 45 24 old
809 1227 55 25 mill
876 1232 109 21 stream.

133 1278 40 25 Its
193 1276 126 26 distance
345 1276 68 24 from
435 1275 48 24 the
505 1274 51 24 site
576 1273 29 25 of
623 1274 47 24 the
688 1276 110 29 present
818 1273 87 25 beach
924 1281 63 25 may

131 1323 72 25 have
217 1323 69 24 been
305 1321 53 25 due
377 1325 29 20 to
424 1320 47 24 the
491 1318 159 33 depression
670 1317 29 25 of
717 1318 47 24 the
783 1318 64 24 land
858 1326 4 20 ;
883 1326 29 16 or
932 1318 54 24 still

132 1376 75 16 more
221 1366 135 33 probably
376 1370 29 20 to
427 1365 46 24 the
492 1364 100 32 weight
615 1363 29 24 of
663 1363 46 23 the
728 1363 142 31 disrupted
890 1366 96 25 strata,

131 1412 91 25 which
246 1414 72 22 must
341 1411 71 24 have
435 1407 199 33 accompanied
654 1408 46 23 the
722 1407 146 24 formation
892 1406 30 25 of
940 1407 46 24 the

133 1456 161 29 Undercliff,
309 1454 102 31 having
428 1453 93 25 forced
531 1453 20 24 it
566 1452 145 25 seawards.

180 1501 107 32 During
300 1500 47 24 the
358 1497 188 27 construction
561 1496 28 25 of
600 1505 15 15 a
628 1495 59 33 pier
699 1495 27 24 in
743 1497 63 29 1865
820 1503 34 16 an
869 1499 115 28 attempt

132 1555 57 17 was
197 1546 82 24 made
291 1549 28 20 to
334 1551 111 18 remove
457 1541 56 26 this
527 1541 78 32 ledge
618 1541 53 23 and
685 1540 65 23 rock
760 1540 37 32 by
806 1540 166 31 gunpowder
980 1548 4 21 ;

132 1592 47 24 the
202 1591 64 32 only
287 1589 94 27 result,
401 1588 136 26 however,
560 1593 56 17 was
638 1585 46 24 the
704 1584 198 31 dislodgement
923 1583 29 24 of
970 1592 14 15 a

132 1636 51 26 few
196 1635 160 32 fragments,
370 1632 91 25 which
480 1639 70 17 were
570 1629 105 25 carried
694 1637 77 24 away
785 1636 30 16 as
833 1627 151 25 curiosities
