1117 1922
358 398 65 37 Œije
454 398 145 38 $ctrjport
632 398 160 36 -fHuscum.

158 559 109 46 jl/^fsrv//
280 570 55 24 HE
349 570 114 33 history,
478 569 62 29 rise,
555 569 54 24 and
623 577 127 24 progress
765 568 29 24 of
811 567 47 25 the
873 567 134 31 Newport

164 627 12 10 n
203 636 4 14 i
229 628 32 22 Pta
314 614 128 24 Museum
456 614 51 24 has
526 614 70 24 been
614 613 95 33 kindly
723 612 128 33 supplied
870 615 29 21 to
915 620 44 16 me
972 612 37 32 by

157 650 112 40 V***=^yf'
313 659 72 34 John
393 658 102 29 Wood,
505 659 78 32 Esq.,
592 658 30 24 of
629 658 60 24 The
699 658 114 28 Cedars,
824 657 185 25 Carisbrooke

151 699 75 42 Jsffsf
231 709 23 22 sr
313 720 34 3 —
348 713 51 16 one
419 703 29 25 of
469 704 46 24 the
534 703 139 33 honorary
686 707 135 25 curators,
836 703 54 24 and
909 708 100 27 patron

190 745 62 29 vS^-*.
314 750 55 24 and
393 753 141 29 promoter
556 749 28 25 in
606 748 183 33 establishing
810 748 47 26 the
879 749 129 24 Museum

145 806 35 16 on
193 796 36 26 its
242 800 111 29 present
368 795 60 25 site.
466 795 69 24 This
556 796 128 23 Museum
701 803 56 16 was
776 794 120 25 founded
915 794 28 24 in
961 794 48 25 the

145 851 64 25 year
226 843 74 31 1852,
314 841 166 33 principally
493 841 121 32 through
633 841 48 24 the
695 840 138 25 exertions
847 840 30 24 of
893 840 46 25 the
953 841 55 23 late

146 889 49 23 Dr.
209 886 131 29 Wilkins,
354 885 62 26 who
439 885 58 25 also
515 885 132 25 obtained
667 885 46 25 the
733 885 163 33 permission
916 885 29 25 of
961 885 48 25 the

146 934 66 24 then
234 932 137 25 members
394 931 30 25 of
442 931 49 25 the
513 931 55 25 Isle
590 930 30 26 of
637 930 98 33 Wight
760 930 171 30 Institution,
955 932 53 24 and

148 979 57 24 also
219 978 47 25 the
288 978 138 23 members
444 976 30 25 of
492 976 48 25 the
561 977 54 24 Isle
637 976 30 25 of
684 976 98 33 Wight
801 976 208 33 Philosophical

148 1023 120 33 Society,
282 1028 28 20 to
329 1031 110 16 remove
458 1022 70 24 from
548 1023 48 24 the
615 1022 133 33 premises
767 1022 30 25 of
813 1023 48 24 the
880 1022 100 25 former
993 1032 16 16 a

148 1068 144 27 collection
306 1067 30 25 of
357 1067 170 33 antiquities,
548 1067 86 29 coins,
650 1068 54 24 and
724 1068 108 32 objects
854 1067 29 25 of
899 1069 111 24 natural

147 1114 115 33 history,
276 1113 91 26 which
388 1113 55 25 had
466 1113 69 25 been
558 1112 208 33 accumulating
786 1113 69 25 from
876 1114 47 25 the
945 1114 64 25 date

146 1160 29 24 of
186 1158 70 26 their
270 1158 59 25 first
343 1157 220 29 establishment,
578 1157 27 24 in
622 1159 73 23 1810.

192 1205 60 24 The
275 1202 183 33 Corporation
479 1202 28 25 of
527 1202 47 25 the
593 1203 140 32 Borough,
747 1211 35 16 on
802 1204 82 33 being
898 1205 111 33 applied

146 1254 38 24 to,
198 1249 116 33 granted
328 1248 47 24 the
395 1255 48 16 use
457 1246 29 25 of
502 1255 15 16 a
536 1255 76 16 room
633 1246 26 25 in
678 1247 48 24 the
746 1248 153 31 Guildhall,
914 1250 55 25 free
982 1252 30 25 of

146 1298 69 25 rent,
241 1293 40 25 for
306 1292 70 25 their
402 1291 174 33 depository;
597 1292 49 24 but
672 1292 27 24 in
725 1301 15 16 a
767 1293 76 26 short
869 1294 67 27 time
961 1297 48 24 the

146 1348 83 23 space
245 1337 114 26 allotted
379 1337 113 24 became
514 1344 30 16 so
565 1337 128 24 crowded
716 1338 61 25 that
800 1338 21 26 it
844 1349 57 16 was
922 1341 86 26 found

146 1392 146 23 necessary
306 1386 28 21 to
355 1390 110 16 remove
485 1381 47 24 the
553 1381 147 26 collection
717 1387 28 21 to
760 1392 76 17 some
850 1394 75 17 more
944 1395 62 25 spa-

147 1429 77 25 cious
234 1427 141 34 premises,
387 1426 40 25 for
438 1426 90 25 which
542 1435 35 15 an
590 1428 102 24 annual
706 1433 61 21 rent
781 1431 91 25 would
887 1432 34 25 be
930 1433 76 32 paid,

146 1475 54 24 and
213 1473 90 26 which
314 1472 90 26 would
418 1471 86 25 afford
517 1476 108 27 greater
639 1476 251 26 accommodation.
929 1478 78 26 After

148 1527 75 17 some
236 1525 88 26 years,
338 1516 53 25 and
411 1524 35 16 on
464 1515 47 25 the
530 1516 211 27 establishment
761 1520 29 24 of
806 1521 48 25 the
874 1523 134 33 Newport

292 1562 89 24 Men's
402 1561 127 32 Literary
702 1564 27 24 in
750 1565 82 34 Quay
845 1567 101 31 Street,
960 1569 49 26 the

147 1612 118 22 trustees
278 1607 29 24 of
317 1607 47 24 the
377 1606 99 24 former
487 1614 125 16 museum
627 1608 82 25 made
721 1618 65 17 over
799 1612 48 25 the
860 1614 148 26 collection

148 1658 28 21 to
188 1653 48 25 the
457 1651 112 33 society,
585 1652 90 26 where
694 1654 47 26 the
756 1665 127 18 museum
903 1659 23 25 is
945 1669 62 18 now

145 1697 118 29 located.
300 1697 36 25 At
357 1696 47 25 the
425 1704 77 16 same
524 1695 66 26 time
612 1697 47 25 the
681 1699 108 34 private
811 1703 149 28 collection
981 1707 29 28 of
