1117 1922
415 381 231 25 APPENDIX.

100 613 143 33 delation
266 615 33 32 of
327 615 46 38 rtjc
407 618 135 37 fficologo
567 616 29 33 of
625 616 46 32 the
694 616 65 34 Isle
782 616 32 33 of
843 615 110 42 SHtgljt

348 689 28 29 to
407 686 64 32 that
501 686 32 32 of
557 686 146 38 iurbeefe.

116 813 119 46 kfl^r-F
258 828 39 17 we
318 820 62 25 look
401 824 27 21 at
450 829 15 16 a
486 820 152 33 geological
658 829 64 24 map
744 820 29 25 of
795 821 46 24 the
865 822 85 24 South

124 869 14 29 f
156 860 44 45 Yg
246 865 29 24 of
287 866 137 32 England,
438 875 40 16 we
491 867 115 25 observe
620 867 59 24 that
694 867 46 24 the
755 867 88 24 Chalk
858 867 92 33 Range

109 903 94 39 *^*-V*t
245 920 35 15 on
306 915 46 21 tne
378 916 66 21 west
475 912 30 25 °f
534 912 47 25 the
610 913 52 24 Isle
694 912 30 25 of
754 912 97 30 Wight
885 913 65 25 ends

116 951 72 37 '■^tP
245 957 130 32 abruptly
389 956 66 26 with
468 957 48 25 the
535 957 50 26 few
599 957 123 33 outlying
736 966 104 16 masses
854 958 96 25 known

113 990 19 15 */
146 994 4 3 •
166 991 20 13 v

145 1014 10 12 *
244 1010 30 16 as
298 1002 60 24 The
382 1002 127 25 Needles.
548 1002 118 31 Passing
687 1002 104 25 further
816 1007 66 20 west
904 1003 46 25 the

96 1051 78 20 coast
187 1046 30 25 of
233 1047 47 24 the
295 1048 53 23 Isle
363 1047 28 24 of
408 1048 127 24 Purbeck
554 1052 124 28 presents
699 1048 102 24 similar
816 1048 119 25 features
945 1058 4 21 ;

94 1092 54 24 and
159 1093 47 23 the
217 1093 89 24 Chalk
316 1093 50 24 has
376 1093 220 33 approximately
605 1093 46 25 the
661 1102 74 16 same
745 1093 63 33 high
821 1094 128 25 northern

93 1137 56 33 dip.
188 1138 37 25 At
239 1138 47 25 the
307 1143 122 20 extreme
448 1143 75 24 west,
538 1138 128 33 omitting
685 1148 15 15 a
720 1140 79 24 small
817 1148 132 23 exposure

92 1182 30 26 of
147 1184 98 25 Lower
271 1184 110 25 Eocene
407 1188 96 24 strata,
529 1193 40 16 we
598 1184 56 25 find
679 1184 47 25 the
752 1185 87 24 Chalk
865 1189 28 20 to
919 1186 30 23 be

92 1228 166 25 continuous
270 1229 67 24 with
351 1230 46 23 the
412 1238 73 15 mass
499 1229 30 24 of
545 1230 61 23 that
619 1230 29 23 of
662 1230 88 24 South
766 1230 182 24 Dorsetshire.

92 1275 60 23 The
165 1275 87 24 whole
267 1274 29 25 of
307 1275 55 24 this
375 1275 65 32 long
453 1275 104 24 stretch
571 1275 29 24 of
611 1275 81 24 chalk
706 1275 22 24 is
742 1275 46 24 the
799 1275 150 32 remaining

92 1320 110 32 portion
216 1320 29 24 of
262 1329 34 15 an
310 1320 142 25 anticlinal
472 1320 63 28 fold,
550 1320 46 25 the
611 1320 98 33 trough
723 1320 29 24 of
768 1320 47 25 the
828 1320 121 33 syncline

90 1364 83 33 being
194 1364 97 26 buried
313 1365 87 25 under
425 1365 47 25 the
493 1364 149 26 Tertiaries
662 1364 30 25 of
711 1365 46 24 the
781 1364 168 33 Hampshire

91 1410 95 24 Basin.

135 1456 60 24 The
217 1456 85 24 break
324 1456 124 24 between
470 1455 47 25 the
540 1455 139 25 mainland
702 1455 53 24 and
777 1455 46 24 the
847 1455 53 24 Isle
921 1454 28 26 of

87 1501 99 33 Wight
208 1501 54 24 and
281 1502 124 23 between
420 1501 82 23 Alum
518 1502 60 31 Bay
590 1500 55 24 and
665 1500 127 24 Purbeck
814 1499 134 25 indicates

88 1546 27 25 in
137 1547 36 24 all
194 1546 150 25 likelihood
365 1546 48 24 the
435 1546 53 24 bed
510 1545 30 25 of
558 1554 35 15 an
614 1545 108 24 ancient
745 1545 79 27 river,
848 1544 98 29 which,

87 1592 136 32 probably
234 1590 140 33 receiving
387 1600 31 15 as
430 1590 170 28 tributaries,
611 1593 127 29 amongst
753 1598 81 24 many
844 1590 102 28 others,

86 1637 49 25 the
158 1637 122 28 Medina,
304 1637 131 24 Western
461 1636 63 28 Yar,
552 1636 88 27 Avon,
664 1635 53 24 and
744 1634 202 33 Southampton

87 1684 108 28 Water,
209 1691 50 15 ran
274 1681 161 29 eastwards,
449 1681 54 25 and
522 1680 112 32 passing
652 1680 119 32 through
784 1680 47 24 the
845 1680 101 25 breach
