1117 1922
434 178 136 16 TERTIARY
592 178 104 16 SERIES.

144 178 46 24 134

189 250 98 24 Before
312 250 104 32 closing
439 250 77 24 these
542 249 123 24 remarks
691 256 34 16 on
751 246 48 25 the
826 246 98 24 Lower
951 244 55 25 and

145 294 105 25 Middle
283 295 124 32 Bagshot
439 294 92 27 series,
559 302 15 15 a
604 294 76 23 short
710 290 171 32 description
907 288 30 26 of
958 289 48 25 the

144 339 128 24 coloured
292 339 83 24 sands
395 348 64 23 may
472 342 48 21 not
539 338 35 24 be
592 342 48 19 out
660 337 29 23 of
705 337 89 31 place,
810 336 10 23 I
836 334 55 26 will
910 333 63 34 give
985 334 21 26 it

145 383 27 25 in
195 383 44 26 Sir
261 385 97 31 Henry
384 383 178 32 Englefield's
585 382 99 28 words,
706 382 40 24 for
771 382 43 27 he,
839 389 75 15 more
940 380 66 24 than

146 437 53 24 any
221 429 78 24 other
322 428 100 29 writer,
449 428 94 25 makes
569 427 42 25 his
634 426 140 25 narrative
799 426 67 25 both
892 425 114 33 graphic

146 474 54 24 and
214 474 119 31 poetical
347 483 4 15 :
355 490 33 2 —

218 519 59 24 The
303 519 116 32 magical
446 527 96 24 repose
564 517 30 25 of
616 517 56 25 this
693 517 58 25 side
776 516 29 26 of
827 517 47 25 the
901 518 60 33 Bay
985 516 22 26 is

147 564 179 33 wonderfully
348 564 159 24 contrasted
530 564 36 32 by
591 564 46 23 the
664 567 61 20 torn
747 562 84 25 forms
854 563 53 24 and
933 562 74 25 vivid

147 609 141 33 colouring
304 609 29 24 of
349 609 47 24 the
410 609 61 33 clay
485 609 69 24 cliffs
574 617 35 16 on
628 609 47 24 the
694 608 128 33 opposite
835 608 58 25 side
906 617 4 20 ;
931 609 76 24 these

147 653 35 25 do
201 658 56 23 not,
282 663 29 15 as
334 658 27 20 at
385 653 163 29 Whitecliff,
571 657 110 29 present
708 653 123 25 rounded
856 653 151 25 headlands

146 699 111 25 clothed
271 698 66 26 with
351 698 58 26 turf
420 699 53 25 and
487 699 109 28 shrubs,
611 699 48 25 but
674 698 65 25 offer
751 708 15 15 a
780 698 83 26 series
877 698 29 25 of
916 698 91 33 points

147 744 29 25 of
195 752 16 17 a
232 744 140 32 scalloped
394 743 78 29 form,
495 744 53 24 and
570 743 91 26 which
683 752 46 16 are
751 743 73 26 often
850 744 84 32 sharp
955 744 52 25 and

148 789 156 32 pinnacled.

221 835 87 32 Deep,
331 835 103 32 rugged
456 835 112 24 chasms
590 834 92 25 divide
704 835 47 24 the
774 839 87 20 strata
880 834 27 25 in
927 843 81 25 many

148 880 102 32 places,
266 879 53 25 and
340 884 47 20 not
410 889 14 15 a
444 884 76 20 trace
542 879 29 25 of
589 879 158 33 vegetation
769 888 117 24 appears
908 879 27 25 in
957 888 51 25 any

147 929 62 27 part
222 934 5 21 ;
248 925 35 25 all
302 924 23 26 is
344 924 64 26 wild
427 924 70 26 ruin.

211 971 60 24 The
281 970 68 25 tints
362 970 30 25 of
407 971 47 24 the
474 970 69 25 cliffs
563 979 46 16 are
629 979 29 16 so
678 970 91 33 bright
790 970 54 25 and
862 979 30 16 so
906 970 102 30 varied,

148 1017 60 26 that
233 1017 66 33 they
323 1017 71 25 have
421 1022 45 19 not
493 1017 47 24 the
565 1021 95 29 aspect
686 1017 30 25 of
735 1017 134 33 anything
891 1017 117 25 natural.

148 1063 87 31 Deep,
250 1062 126 32 purplish
389 1062 57 29 red,
460 1062 90 33 dusky
563 1062 72 29 blue,
649 1061 92 33 bright
755 1062 135 25 ochreous
904 1063 104 32 yellow,

148 1117 65 23 grey
227 1107 94 33 nearly
340 1106 191 33 approaching
553 1111 28 21 to
603 1107 93 29 white,
710 1107 55 25 and
784 1108 126 24 absolute
929 1108 81 25 black

150 1153 117 24 succeed
281 1153 68 24 each
364 1153 78 24 other
457 1161 30 16 as
506 1153 114 33 sharply
632 1153 109 24 defined
761 1162 30 15 as
810 1154 47 24 the
871 1153 99 33 stripes
984 1153 27 24 in

148 1198 52 25 silk
211 1207 6 20 ;
238 1198 54 24 and
311 1198 69 24 after
403 1198 73 25 rains
496 1199 47 24 the
563 1207 60 20 sun,
637 1199 100 28 which,
752 1199 68 24 from
841 1199 84 25 about
940 1208 71 16 noon

148 1247 28 21 to
197 1243 36 24 its
255 1243 102 33 setting
378 1243 27 24 in
429 1244 136 28 Summer,
580 1244 168 25 illuminates
768 1244 75 25 them
863 1253 76 16 more
957 1244 55 25 and

150 1296 83 20 more,
248 1287 94 33 giving
365 1297 16 15 a
403 1288 145 33 brilliancy
570 1293 28 20 to
620 1298 77 16 some
719 1288 29 26 of
766 1289 80 25 these
868 1290 94 33 nearly
981 1299 31 16 as

150 1332 174 33 resplendent
348 1342 29 15 as
399 1333 48 24 the
467 1332 92 33 bright
582 1333 84 33 lights
687 1343 35 16 on
745 1335 56 24 real
827 1334 59 25 silk.
926 1335 86 25 Small

150 1377 102 25 vessels
266 1376 73 25 often
359 1376 34 25 lie
413 1376 26 25 in
453 1377 56 25 this
523 1378 61 32 Bay
603 1377 39 26 for
662 1379 46 24 the
722 1387 121 25 purpose
857 1379 28 25 of
901 1379 111 33 loading

150 1422 81 25 chalk
245 1422 54 24 and
319 1421 77 29 sand,
411 1422 54 25 and
484 1422 66 33 they
564 1431 78 17 serve
661 1424 156 34 admirably
830 1429 28 21 to
878 1426 74 24 shew
965 1426 47 24 the

150 1466 125 32 majestic
288 1466 56 25 size
366 1466 29 25 of
415 1467 46 24 the
482 1467 78 29 cliffs,
584 1468 86 24 under
690 1469 93 25 whose
805 1470 58 25 side
885 1470 66 33 they
968 1470 44 30 lie,

150 1511 166 25 diminished
335 1512 99 24 almost
454 1516 28 20 to

198 1557 52 23 Mr.
277 1557 129 23 Webster
441 1558 57 23 also
533 1557 106 25 notices
673 1558 78 26 these
785 1561 94 29 sands,
905 1570 30 16 as
966 1563 46 24 the

150 1600 138 32 following
307 1601 90 24 words
415 1601 55 25 will
489 1602 77 25 show
578 1611 4 15 :
586 1618 34 2 —

217 1696 7 9 *
234 1696 29 17 Sir
271 1696 66 21 Henry
344 1696 110 21 Englefield,
487 1696 122 22 Picturesque
618 1697 87 18 Account
713 1699 18 17 oi
741 1700 33 17 the
883 1707 19 15 p.
911 1703 27 18 81.
