1117 1922
400 143 66 16 CLAY
486 143 74 17 WITH
582 144 103 16 FLINTS.

922 147 44 24 119

113 211 29 26 of
153 212 47 25 the
215 214 96 31 Upper
326 214 88 24 Chalk
433 214 98 25 fossils.
571 216 133 33 Amongst
719 217 45 24 the
777 227 117 23 sponges
908 227 62 24 may-

114 257 33 25 be
162 257 157 25 mentioned
338 259 127 24 Choanites
485 260 53 24 and
556 260 172 26 Ventriculites.
766 262 60 25 The
845 263 125 24 Choanites

114 310 47 16 are
174 302 85 25 found
279 303 28 24 in
326 304 100 24 hollow
440 304 122 29 nodules,
578 305 26 24 in
624 306 88 25 which
733 307 45 24 the
798 307 67 25 form
879 308 29 24 of
924 309 46 23 the

114 347 76 25 fossil
209 348 23 24 is
246 348 133 28 retained,
394 349 46 24 the
460 349 114 32 original
594 351 85 25 tissue
700 352 122 32 showing
842 361 29 16 as
891 353 79 24 oxide

114 392 30 24 of
160 392 68 28 iron,
249 392 91 25 whilst
360 393 47 25 the
427 394 80 25 tubes
528 395 52 24 and
601 396 134 24 branches
755 405 45 15 are
820 398 150 24 embedded

114 437 27 25 in
163 437 46 25 the
230 447 83 15 mass.
352 439 31 23 In
403 439 78 24 other
501 441 140 30 examples
660 441 47 23 the
723 450 103 24 sponge
839 442 49 24 has
903 443 67 24 been

115 484 136 31 probably
264 484 151 31 enveloped
435 485 36 31 by
484 493 15 15 a
517 493 73 16 mass
610 485 28 24 of
655 486 152 31 gelatinous
827 487 76 28 silex,
917 488 53 25 and

114 527 50 25 has
186 528 198 33 subsequently
406 528 122 33 decayed
539 538 5 20 ;
565 529 19 25 it
607 530 23 24 is
650 530 27 24 in
699 530 55 25 this
776 540 112 16 manner
910 532 60 25 that

114 573 47 24 the
175 573 99 24 hollow
289 573 113 24 nodules
417 574 70 24 have
506 575 69 23 been
594 574 112 29 formed,
744 575 89 25 These
848 577 121 27 nodules,

114 626 34 16 on
163 618 82 32 being
258 619 112 27 broken,
385 627 46 16 are
450 619 83 24 found
553 624 27 20 to
600 620 110 24 contain
729 630 15 15 a
764 620 68 25 little
846 621 81 25 white
940 630 30 16 or

115 663 110 24 reddish
247 663 93 25 brown
363 664 121 32 powder,
511 664 138 33 including
672 674 74 16 some
771 666 148 32 fragments
943 667 29 24 of

115 707 125 26 sdicified
264 717 112 23 sponge,
399 709 52 24 and
473 709 77 24 other
577 709 103 25 minute
702 710 94 25 bodies
807 719 4 20 ;
838 710 79 25 while
942 711 26 24 in

114 754 78 25 other
218 753 139 25 instances
383 754 46 24 the
455 754 92 30 cavity
569 754 22 25 is
616 755 72 24 lined
710 755 65 25 with
799 760 96 27 quartz
915 757 53 23 and

114 799 179 32 chalcedon}-.
334 799 23 24 It
379 798 154 33 frequently
551 800 125 31 happens
696 800 59 24 that
778 801 63 32 only
860 805 60 27 part
942 801 29 23 of

114 844 47 24 the
181 851 104 24 sponge
308 843 22 24 is
352 844 159 31 permeated
534 845 36 31 by
593 844 76 28 silex,
692 845 46 23 the
760 845 77 26 other
860 845 107 32 portion

115 888 80 32 being
214 897 16 15 a
251 888 95 24 friable
368 889 159 23 calcareous
548 889 147 24 substance
715 889 150 24 embedded
882 889 25 24 in
922 889 46 25 the

116 934 96 24 Chalk.
251 933 111 25 Certain
378 942 125 24 sponges,
519 933 67 25 such
601 943 30 15 as
649 934 172 27 Ventriculites,
836 943 45 15 are
894 933 73 25 often

115 979 82 25 found
212 979 25 24 in
258 979 55 25 this
334 983 79 20 state.
452 979 87 24 Other
558 978 152 32 organisms
731 978 106 25 besides
851 988 117 23 sponges

114 1024 67 25 form
196 1025 46 24 the
256 1024 89 25 nuclei
356 1023 29 25 of
395 1023 59 25 flint
466 1024 121 25 nodules.
625 1024 58 24 The
694 1023 113 32 original
819 1025 145 24 substance

114 1069 29 25 of
163 1070 45 24 the
230 1069 75 25 fossil
326 1069 22 24 is
371 1069 26 24 in
421 1077 81 24 many
524 1077 77 16 cases
624 1068 180 25 transformed
826 1069 56 24 into
902 1068 67 25 silex

115 1116 115 24 without
256 1114 160 33 destroying
441 1114 35 24 its
501 1118 71 20 most
598 1113 116 25 delicate
740 1118 158 20 structures.
937 1114 31 24 In

115 1169 75 16 some
204 1160 141 32 examples
359 1160 46 23 the
425 1159 128 24 enclosed
571 1158 152 32 organisms
743 1166 101 24 appear
858 1162 27 20 to
899 1159 70 23 have

115 1211 158 20 sometimes
299 1205 157 32 undergone
482 1213 34 15 no
542 1204 113 32 change,
684 1203 103 32 though
813 1203 73 24 often
905 1203 64 33 they

114 1251 72 25 have
205 1251 113 24 become
338 1248 135 28 silicified,
490 1248 54 24 and
564 1248 29 24 of
611 1248 76 23 these
705 1247 176 33 Foraminifera
899 1248 71 24 have

114 1296 111 33 already
246 1296 68 24 been
337 1293 118 26 noticed.
506 1293 58 24 The
584 1293 126 25 Choanites
730 1292 52 24 and
808 1292 162 24 Ventriculites

114 1350 47 16 Are
175 1341 83 24 much
273 1340 100 32 sought
393 1338 69 26 after
482 1339 35 32 by
530 1338 145 25 collectors
693 1337 52 25 and
760 1337 109 25 visitors
881 1346 5 19 ;
906 1337 65 33 they

115 1395 46 16 are
180 1390 45 20 cut
246 1385 54 24 and
319 1384 135 33 polished,
470 1383 66 25 both
556 1382 40 25 for
617 1382 108 25 cabinet
746 1381 152 33 specimens
918 1382 53 24 and

115 1432 40 25 for
178 1430 172 26 ornamental
377 1437 142 25 purposes.
559 1429 52 23 Mr.
635 1427 124 32 Billings,
782 1427 45 25 the
853 1427 118 25 resident

117 1477 135 32 lapidary,
276 1485 63 23 may
365 1476 32 24 be
423 1474 83 25 relied
530 1482 72 24 upon
624 1473 39 24 for
688 1473 146 32 supplying
858 1472 114 32 genuine

115 1522 165 33 specimens,
291 1530 31 15 as
335 1520 60 25 well
410 1528 30 16 as
451 1519 178 32 trustworthy
640 1517 182 24 information.
851 1517 121 24 Mention

116 1568 22 24 is
153 1568 80 23 made
246 1566 29 25 of
294 1565 55 25 this
369 1564 40 25 for
429 1564 45 25 the
495 1572 119 24 purpose
637 1562 29 24 of
683 1562 109 32 putting
811 1562 109 24 visitors
940 1570 32 16 on

116 1612 71 26 their
198 1611 97 33 guard,
307 1611 76 24 there
395 1609 80 32 being
489 1618 16 15 a
520 1607 126 33 quantity
655 1607 28 25 of
694 1607 143 25 worthless
851 1607 121 24 material

116 1657 102 27 offered
241 1657 39 25 for
307 1657 55 25 sale
390 1655 83 25 under
500 1654 45 25 the
572 1662 79 17 name
676 1652 29 26 of
756 1652 53 26 Isle
831 1651 28 27 of
877 1651 95 33 Wight
