1117 1922
478 139 134 16 OSBORNE.

926 140 45 24 143

162 208 60 26 The
234 208 91 26 fossils
343 209 28 25 of
387 210 47 24 the
455 211 118 24 Headon
593 211 67 24 beds
679 219 45 16 are
744 212 129 31 repeated
892 212 80 32 along

116 254 46 24 the
176 254 80 24 shore
270 254 68 24 from
354 255 118 24 Headon
487 255 58 24 Hill
565 260 28 20 to
614 256 68 24 East
699 256 96 25 Cowes
808 257 54 24 and
877 257 95 25 Norris

117 299 101 23 Castle.

292 394 136 24 Osborne
448 403 34 15 or
503 394 45 25 St.
570 395 132 24 Helen's
722 396 86 23 Beds.

164 457 129 25 Between
315 457 48 25 the
386 458 95 31 Upper
505 458 119 24 Headon
643 459 76 29 beds,
742 459 47 24 the
809 460 165 32 Bembridge

118 501 169 30 Limestone,
301 502 54 24 and
370 503 45 23 the
429 503 129 24 brackish
572 507 84 21 water
670 504 52 24 bed
735 504 67 24 with
812 504 162 33 Potamomya,

117 547 61 24 that
199 546 161 25 terminates
382 547 48 25 the
456 548 119 24 Headon
601 548 91 28 series,
746 557 14 15 a
786 548 188 25 considerable

117 591 143 25 thickness
282 592 28 24 of
329 596 86 20 strata
436 592 163 29 intervenes,
816 593 91 25 writes
929 593 46 25 the

117 637 55 25 late
199 637 141 25 Professor
364 637 113 29 Forbes,
575 647 14 15 a
615 637 113 26 distinct
750 638 168 32 appellation
940 647 34 17 on

118 686 118 20 account
270 681 29 25 of
330 681 70 25 their
433 681 205 33 mineralogical
668 683 52 24 and
746 683 228 31 paleontological

117 726 196 33 peculiarities,
334 727 54 25 and
423 727 30 25 of
480 727 71 25 their
581 727 112 32 holding
724 736 33 16 an
785 727 190 26 intermediate

118 773 144 24 character
288 774 122 23 between
442 773 47 24 the
521 772 104 25 Middle
657 773 53 24 and
742 773 95 31 Upper
865 774 110 23 Eocene

166 862 141 25 Professor
341 863 113 28 Forbes,
480 863 20 23 it
535 871 126 23 appears,
691 863 99 24 named
822 863 74 24 them
929 863 46 24 the

148 907 40 25 St.
211 907 115 25 Helen's
349 907 83 28 Beds,
446 907 4 8 '
471 907 49 24 but
543 907 159 25 afterwards
722 907 159 33 designated
901 907 73 24 them

118 952 47 25 the
213 952 126 25 Osborne
498 960 33 16 on
557 951 104 33 finding
684 952 74 24 them
785 952 141 33 displayed
949 952 26 24 in

118 997 47 25 the
188 996 69 25 cliffs
277 997 86 24 under
384 997 59 24 Her
467 996 143 33 Majesty's
630 996 149 25 residence.
817 997 23 23 A
860 996 69 25 little
948 1001 27 21 to

118 1042 48 25 the
187 1045 68 22 west
277 1041 30 26 of
326 1041 126 26 Osborne
475 1041 64 33 they
561 1050 82 15 occur
666 1040 26 25 in
715 1040 176 33 conjunction
911 1040 64 26 with

117 1087 48 25 the
188 1087 96 31 Upper
306 1086 120 25 Headon
447 1085 91 29 series,
561 1084 91 27 whilst
676 1094 16 16 a
713 1084 71 26 little
805 1090 29 20 to
852 1085 47 25 the
917 1090 58 21 east

118 1133 65 32 they
197 1133 123 24 underlie
338 1133 47 24 the
407 1132 165 32 Bembridge
593 1132 167 24 Limestone.

167 1178 60 24 The
259 1177 212 33 lithographical
506 1177 185 33 peculiarities
726 1185 45 15 are
806 1177 171 32 remarkably

118 1223 144 33 displayed
281 1222 27 25 in
327 1222 78 25 these
425 1222 78 28 cliffs,
524 1222 48 25 but
596 1222 204 33 unfortunately
818 1222 111 24 visitors
948 1225 28 21 to

119 1268 48 25 the
200 1267 229 32 neighbourhood
462 1276 46 15 are
540 1267 100 24 unable
671 1271 28 20 to
732 1266 81 33 study
837 1266 84 28 them,
948 1275 29 15 as

118 1321 140 23 strangers
272 1321 46 16 are
341 1316 46 21 not
408 1311 135 26 admitted
562 1316 29 20 to
610 1312 47 24 the
671 1312 87 32 Royal
772 1311 134 25 domains.

194 1359 31 23 In
247 1358 47 24 the
317 1357 70 25 cliffs
409 1357 54 25 and
482 1365 35 17 on
539 1356 47 26 the
605 1356 81 25 shore
704 1360 66 21 west
790 1355 29 25 of
841 1356 134 24 Wootton

118 1404 88 24 Creek
220 1404 46 23 the
282 1402 166 32 Bembridge
463 1401 160 25 Limestone
636 1401 67 24 rises
718 1401 87 25 above
818 1400 158 32 variegated

117 1448 48 25 red
179 1448 54 25 and
246 1457 82 24 green
342 1448 84 24 marls
445 1448 54 23 and
518 1448 75 32 clays
612 1445 146 33 belonging
772 1450 27 20 to
813 1445 55 25 this
881 1454 95 23 group,

117 1494 116 32 though,
259 1493 90 33 owing
373 1498 29 20 to
427 1493 47 24 the
498 1492 143 32 landslips,
662 1492 46 24 the
728 1491 104 24 minute
851 1499 124 24 arrange-

117 1543 90 21 ments
221 1539 28 25 of
260 1539 47 25 the
321 1542 87 21 strata
422 1546 46 16 are
487 1541 47 21 not
552 1537 85 31 easily
650 1540 29 21 to
692 1537 33 24 be
739 1536 80 24 made
917 1536 3 27 |

168 1623 10 9 *
186 1623 59 17 Mem.
255 1622 53 17 Geol.
319 1622 63 19 Surv.,
391 1622 48 19 1856,
448 1620 38 17 Isle
496 1620 20 17 of
523 1620 74 21 Wight,
607 1625 19 16 p.
636 1620 27 16 71.

169 1657 9 12 +
187 1655 57 16 Mem.
255 1653 52 18 Geol.
319 1654 62 16 Surv..
390 1654 48 17 1860,
448 1652 75 19 Forbes,
532 1652 38 17 Isle
578 1652 20 16 of
605 1651 75 20 Wight,
689 1655 19 16 p.
719 1652 26 16 76.
