1117 1922
389 161 58 17 THE
466 162 141 16 CRACKERS
628 162 92 16 ROCKS.

951 164 28 23 33

121 229 27 27 in
162 230 43 26 his
253 232 151 33 Monograph
416 231 29 34 of
459 233 37 23 the
723 234 55 24 But
790 234 30 24 of
836 234 54 24 late
903 243 78 24 years

120 276 78 25 these
219 276 90 25 fossils
330 285 102 24 appear
449 281 29 21 to
496 278 70 24 have
586 278 115 25 thinned
721 282 56 24 out,
792 278 54 25 and
864 282 29 21 to
910 278 71 26 have

121 322 113 24 become
252 321 178 34 exceedingly
443 330 103 24 sparse,
561 322 53 25 and
631 322 80 25 those
728 322 90 26 which
837 332 46 16 are
898 322 83 27 found

121 375 74 17 seem
217 371 29 21 to
265 367 71 25 have
357 367 156 32 undergone
536 376 16 16 a
571 367 124 26 different
713 368 134 25 chemical
865 368 115 33 change,

121 411 55 26 and
196 416 29 21 to
245 412 72 25 have
339 412 113 25 become
473 412 182 25 transformed
677 412 57 26 into
755 412 111 34 pyrites.
904 413 77 34 They

122 465 47 17 are
193 457 89 25 called
307 457 36 34 by
364 457 48 25 the
436 457 146 25 fishermen
634 457 75 25 fossil
921 458 60 24 The

122 503 61 24 best
197 502 67 24 time
281 505 28 21 to
329 502 96 24 search
443 501 40 25 for
502 502 76 24 them
591 502 23 24 is
627 502 79 24 when
719 503 47 23 the
779 503 75 32 clays
868 511 46 16 are
927 502 54 26 laid

123 548 66 25 bare
209 548 36 33 by
265 548 47 25 the
331 548 76 25 wash
425 548 30 24 of
472 548 46 25 the
538 556 46 16 sea
604 556 35 17 on
658 548 46 25 the
723 548 104 29 strand,
841 557 30 16 or
889 548 27 25 in
935 548 46 26 the

124 592 80 28 cliffs,
224 593 68 24 after
312 592 82 25 rains.

171 637 60 26 The
245 638 97 32 Upper
359 637 109 33 portion
488 637 30 26 of
535 638 77 25 these
630 637 122 33 deposits
771 637 86 34 yields
870 647 15 16 a
899 638 82 25 much

125 680 89 34 larger
238 681 107 34 variety
366 682 30 25 of
417 682 139 33 evidently
574 682 47 25 the
645 691 76 16 same
745 681 114 33 species,
883 682 99 26 named

126 727 105 32 Meyeria
265 727 125 25 Vectensis.
443 727 91 25 These
565 736 46 16 are
641 727 83 25 found
755 736 94 23 sparse
881 727 27 25 in
937 727 45 26 the

126 780 88 25 upper
233 772 76 29 beds,
323 773 54 24 and
399 780 47 17 are
463 773 138 32 generally
614 773 127 24 enclosed
761 771 85 26 either
862 771 27 26 in
908 773 74 24 slabs

126 817 30 25 of
178 818 140 24 hardened
348 818 70 33 clay,
443 826 30 15 or
505 818 99 33 mostly
634 817 28 24 in
686 819 100 31 oblong
818 818 114 24 nodules
956 817 27 26 of

126 862 130 33 septaria.
308 862 67 25 This
395 863 52 25 bed
468 862 125 25 contains
613 863 79 24 small
715 863 118 25 Lobster
855 863 127 29 remains,

127 907 58 25 also
204 907 27 25 in
251 907 47 25 the
316 915 75 16 same
411 911 71 20 state
501 907 29 24 of
546 907 197 31 preservation.

173 951 60 25 The
246 951 58 25 first
320 950 171 25 subdivision
506 951 35 33 (i)
556 950 23 25 is
596 951 148 32 composed
762 951 30 24 of
808 951 92 25 brown
914 951 66 25 sand

127 996 55 26 and
195 996 69 33 clay.
303 996 85 33 Many
398 996 29 24 of
438 996 47 24 the
498 995 89 25 fossils
601 996 64 24 here
679 1004 44 16 are
738 996 82 24 found
834 996 27 24 in
871 1004 109 24 groups,

126 1041 55 25 and
199 1041 116 26 without
337 1040 100 25 matrix
451 1049 5 20 ;
477 1040 58 25 also
555 1049 34 16 on
609 1040 82 28 slabs,
713 1041 120 32 exposed
852 1040 27 25 in
898 1040 82 25 relief.

126 1086 61 26 The
217 1085 138 32 following
386 1085 22 26 is
436 1095 16 15 a
480 1085 210 26 miscellaneous
717 1085 44 26 list
789 1085 29 26 of
840 1086 47 25 the
910 1089 70 22 most

127 1132 207 22 characteristic
348 1140 5 14 :
364 1146 22 4 —

126 1194 178 33 Pholadomya
317 1193 110 24 Martini

126 1229 112 24 Corbula
251 1228 64 24 stria
320 1228 56 23 tula

126 1262 103 25 Nucula
242 1262 111 32 simplex

171 1315 15 11 „
241 1296 152 32 spathnlata

171 1349 14 11 „
243 1330 95 32 scapha

126 1364 110 33 Mytilus
251 1364 106 32 æqualis

126 1399 84 23 Pinna
223 1398 176 24 Robinaldina

126 1432 89 24 Venus
229 1432 140 24 Vectensis

126 1466 109 25 Avicula
248 1465 144 25 lanoeolata

127 1499 125 26 Gervillia
270 1499 155 31 linguloides

583 1193 130 32 Gryphæa
725 1193 80 32 liarpa

582 1228 95 23 Pecten
691 1227 153 24 orbicularis

582 1261 73 23 Lima

581 1294 111 24 Anomia
703 1294 121 32 lævigata

632 1347 15 11 „
706 1337 113 16 convexa

582 1362 161 25 Ammonites
761 1362 153 33 Dushayesii

648 1415 16 11 ,,
763 1397 151 24 Cornuelian
921 1405 26 15 us

648 1449 15 10 ,,
762 1431 153 23 Hambro\'ii

581 1465 111 23 Astacus
704 1465 137 23 Vecteusis

172 1569 60 26 The
253 1569 173 26 concretions
449 1569 27 25 in
498 1569 56 25 this
579 1569 52 25 bed
653 1569 57 24 also
732 1568 111 25 contain
865 1569 47 25 the
934 1568 43 25 fol-

127 1614 99 33 lowing
238 1625 5 15 :
246 1631 34 3 —

340 1687 10 10 *
379 1686 196 23 Palæontographical
587 1687 72 20 Society
689 1685 31 18 for
732 1687 47 16 1862.

158 1730 16 19 C
