1059 1673
186 26 119 27 Samuel
322 27 117 33 Tinsley
455 27 60 27 and
534 27 71 27 Co.'s
630 27 203 28 Publications.

907 37 30 23 31

86 93 101 27 HOW
223 94 88 27 THE
349 95 96 26 FIRE
481 96 90 26 WAS
609 96 199 33 KINDLED,
852 97 87 26 AND

117 131 83 21 HOW
217 132 72 21 THE
306 132 126 22 WATER
449 132 127 22 BOILED
590 141 6 19 ;
613 140 34 21 or,
659 133 105 22 Lessons
775 134 24 21 in
810 134 129 28 Agitation.

115 161 28 21 In
155 168 116 20 wrapper,
282 168 30 15 is.

85 202 116 27 IRISH
228 203 220 32 COLLAPSE,
477 204 89 33 The;
594 213 37 23 or,
659 204 93 27 Three
774 205 117 26 Months
914 205 31 26 of

115 240 82 22 Home
214 240 62 21 Rule
288 248 4 14 :
311 241 86 21 Vision
414 241 26 21 of
455 241 139 22 Confusion.
628 242 136 22 Dedicated
781 246 23 18 to
817 242 40 22 the
870 242 73 28 Right

115 270 64 22 Hon.
192 270 41 22 the
245 270 57 22 Earl
312 270 27 22 of
345 270 173 22 Beaconsfield.
546 272 36 27 By
590 271 40 22 the
641 272 119 21 Member
771 277 50 17 for
834 273 111 21 Donny-

115 304 97 18 BROOK.
247 301 29 21 In
285 308 114 20 wrapper,
414 308 39 20 is.,
465 305 54 23 post
531 301 54 22 free.

85 347 165 27 LETTER
283 348 53 27 TO
367 348 87 26 THE
496 348 152 32 OUEEN,
683 348 36 32 A,
757 349 56 26 ON
858 349 86 26 HER

116 385 234 22 RETIREMENT
367 386 97 21 FROM
483 386 125 22 PUBLIC
626 386 84 22 LIFE.
745 386 35 27 By
793 386 53 22 One
858 386 26 22 of
895 387 49 21 Her

115 415 124 28 Majesty's
256 419 63 18 most
337 415 73 28 Loyal
428 415 117 29 Subjects.
581 416 27 21 In
626 423 113 21 wrapper,
757 416 64 29 price
840 422 39 22 is.,
891 420 53 25 post

113 445 56 21 free.

85 491 256 27 MISTRESSES
381 491 89 27 AND
511 491 139 27 MAIDS.
720 492 44 34 By
808 493 135 26 Hubert

117 529 108 26 Curtis,
237 529 86 22 author
334 529 27 22 of
502 529 42 22 &c.
579 529 67 22 Price
659 529 36 22 id.

88 583 96 27 NEW
237 584 265 31 ZEALANDER,
554 585 79 30 The,
676 584 55 27 ON
773 584 173 27 LONDON

118 621 133 21 BRIDGE
265 629 5 18 ;
288 629 32 19 or,
339 621 79 22 Moral
436 621 77 22 Ruins
530 621 26 22 of
570 621 39 21 the
622 621 103 21 Modern
737 621 115 28 Babylon.
885 622 36 27 By
932 629 14 14 a

118 651 93 22 M.L.C
246 651 29 21 In
286 658 114 21 wrapper,
412 651 65 28 price
491 657 30 16 is.

86 698 86 27 OLD
204 699 144 31 TABLE,
371 699 71 25 The
454 708 6 17 :
487 708 17 16 a
523 698 87 35 Story
626 698 43 26 for
687 698 49 26 the
759 698 112 35 Young.
912 699 32 25 In

118 743 114 19 wrapper,
247 742 39 19 is.,
296 740 54 22 post
361 735 55 23 free.

87 786 59 27 ON
157 787 85 25 THE
254 786 374 27 MISMANAGEMENT
640 786 52 26 OF
701 786 85 25 THE
799 786 147 26 PUBLIC

122 823 140 22 RECORD
290 824 132 22 OFFICE.
456 824 36 26 By
510 824 20 28 J.
552 823 57 21 Pym
627 823 142 27 Yeatman,
786 823 160 22 Barrister-at-

121 854 62 22 Law.
218 855 28 20 In
259 861 113 20 wrapper,
384 854 65 27 price
464 860 30 15 is.

88 905 85 27 OLD
197 905 175 27 CHURCH
396 905 92 31 KEY,
510 905 77 25 The.
628 905 44 33 By
692 904 48 26 the
761 904 68 26 Rev.
850 904 44 26 W.
910 904 36 26 H.

123 943 30 21 A.
171 943 89 22 Emra.
290 943 28 20 In
331 949 113 20 wrapper,
456 942 65 27 price
532 941 45 28 6d.,
587 945 54 24 post
652 941 54 22 free.

91 990 181 27 PUZZLES
303 989 81 27 FOR
415 989 181 26 LEISURE
637 988 149 32 HOURS,
820 988 128 34 Original

126 1027 49 21 and
188 1026 118 23 Selected.
339 1026 88 22 Edited
447 1026 32 28 by
497 1026 115 22 Thomas
631 1026 89 22 Owen.
755 1026 28 21 In
801 1026 148 21 ornamental

123 1065 115 19 wrapper,
250 1058 66 26 price
330 1063 38 21 is.,
381 1061 54 23 post
446 1057 56 21 free.

93 1107 113 26 REAL
227 1106 89 26 AND
331 1106 87 25 THE
434 1105 137 32 IDEAL,
586 1105 79 31 The,
679 1104 85 27 THE
781 1104 167 27 BEAUTI-

123 1144 68 22 FUL
213 1144 74 21 AND
313 1143 71 21 THE
417 1142 95 22 TRUE
525 1150 6 19 ;
556 1149 33 21 or,
616 1142 43 21 Art
685 1142 24 21 in
735 1142 40 22 the
804 1142 147 22 Nineteenth

123 1175 105 28 Century
237 1182 8 15 :
262 1181 14 14 a
288 1174 68 21 Plain
369 1174 108 21 Treatise
488 1173 36 21 for
536 1172 66 21 Plain
617 1172 94 28 People,
724 1172 139 27 containing
874 1179 14 14 a
899 1179 52 14 new

120 1205 48 21 and
180 1204 110 28 startling
303 1203 141 22 Revelation
455 1203 35 22 for
501 1203 40 22 the
550 1203 218 28 Pre-Raphaelites.
786 1203 36 28 By
830 1209 14 14 a
852 1202 99 22 Rustic

122 1236 114 19 Ruskin.
271 1241 32 14 2S.
311 1234 39 21 6d.

94 1279 251 27 REDBREAST
380 1278 52 27 OF
466 1276 282 28 CANTERBURY
796 1276 154 26 CATHE-

124 1317 99 27 DRAL,
244 1317 60 20 The
316 1324 4 13 :
347 1315 70 22 Lines
437 1315 62 21 from
520 1314 40 22 the
580 1314 69 21 Latin
665 1313 27 22 of
708 1313 68 22 Peter
795 1313 31 22 du
851 1313 99 27 Moulin,

122 1347 126 22 sometime
265 1353 14 15 a
298 1346 153 27 Prebendary
469 1345 26 22 of
510 1345 155 27 Canterbury.
698 1343 143 22 Translated
859 1344 30 27 by
912 1344 38 21 the

122 1378 59 21 Rev.
195 1377 25 22 F.
234 1377 27 21 B.
274 1376 83 29 Wells,
371 1376 73 26 M.A.,
456 1375 88 21 Rector
556 1374 26 22 of
589 1374 175 22 Woodchurch.
785 1374 165 28 Handsomely

119 1407 89 28 bound,
221 1407 64 28 price
300 1413 29 16 is.

90 1456 220 28 SKETCHES
327 1455 42 25 IN
386 1453 242 28 CORNWALL.
664 1453 42 33 By
718 1452 38 26 M.
770 1452 30 27 F.
813 1452 136 26 Bragge.

123 1494 28 21 In
164 1494 124 26 Wrapper,
301 1492 64 28 price
380 1498 29 15 is.

89 1551 119 28 Samuel
225 1551 118 31 Tinsley
360 1550 23 26 &
401 1550 55 32 Co.,
476 1550 44 31 10,
540 1548 214 33 Southampton
768 1547 50 29 St.,
833 1547 116 27 Strand.
