1059 1673
105 109 55 24 190

416 115 115 17 WALTER
552 113 108 19 FORBES.

105 180 84 26 much
204 188 184 26 consequence
408 187 28 18 as
458 187 16 17 a
491 177 53 27 bad
568 185 95 18 season
685 176 29 25 of
732 183 85 24 crops,
839 172 54 27 and
911 181 53 25 you

104 224 84 25 know
201 224 75 25 what
290 223 92 26 affects
397 224 110 24 tenants
521 221 94 25 affects
628 218 141 27 landlords
789 218 29 25 in
832 226 35 17 no
882 216 82 33 slight

169 311 51 26 Mr.
238 310 107 29 Forbes,
366 310 15 25 I
401 318 61 17 now
481 309 105 25 believe
610 307 29 25 in
662 315 69 24 your
747 305 135 34 thorough
903 314 60 18 con-

107 354 108 27 version
228 357 28 23 to
270 363 16 16 a
298 353 132 33 practical
442 351 198 27 business-like

144 398 106 26 Walter
264 397 96 26 smded
374 406 15 16 a
403 396 72 26 little
491 395 83 34 sadly.
640 394 14 26 I
668 394 57 26 fear
745 393 15 27 I
782 402 44 17 am
849 396 49 23 not
920 396 46 32 got

107 451 67 25 very
193 441 129 34 practical
342 449 28 17 or
390 439 195 27 business-like
596 449 6 22 ;
621 438 23 26 it
657 438 23 26 is
697 438 104 26 human
822 440 96 24 nature
938 440 28 24 to

107 486 34 26 be
155 486 44 25 led
213 486 36 33 by
262 484 115 35 popular
397 483 118 35 opinion.
558 483 13 25 I
595 482 34 26 do
649 485 49 23 not
717 491 62 17 now
799 484 87 32 regret
905 481 61 26 that

107 530 56 25 fate
177 529 48 25 has
239 528 90 26 forced
342 536 44 17 me
400 528 58 25 into
473 536 14 17 a
503 526 120 35 position
645 526 29 26 in
694 525 91 27 which
807 525 15 26 I
845 529 75 23 must
939 525 29 27 of

108 573 136 33 necessity
270 571 124 26 consider
420 570 47 27 the
492 570 126 34 bearings
640 569 29 27 of
686 569 93 35 things
800 569 70 26 from
890 569 77 27 other

108 616 91 35 points
213 616 29 25 of
259 616 70 25 view
342 615 68 26 than
424 613 137 35 formerly.
602 613 14 26 I
631 613 50 27 felt
695 613 75 35 quite
789 613 111 34 pleased
919 613 47 26 the

106 659 80 26 •other
199 659 54 34 day
265 661 28 24 at
307 658 92 35 seeing
413 667 15 18 a
440 658 62 27 load
517 658 30 26 of
563 657 48 27 the
624 657 59 27 first
696 657 194 27 excursionists
904 666 62 25 pass

107 703 46 34 by,
166 703 113 26 because
293 703 15 26 I
321 703 81 26 knew
420 712 35 17 an
475 702 45 26 old
541 711 108 17 woman
670 702 91 26 would
781 702 133 34 probably
933 702 33 26 be

109 746 60 27 able
182 749 28 24 to
226 746 49 27 sell
288 756 16 17 a
320 746 74 35 large
414 746 143 35 gathering
577 746 30 26 of
624 755 63 25 eggs
707 746 48 27 she
776 746 142 34 possessed
938 751 28 21 at

110 790 45 27 the
175 790 56 32 inn,
245 790 117 26 without
385 790 101 34 having
507 793 29 23 to
558 790 65 26 take
645 790 75 26 them
744 799 73 17 some
839 790 80 26 miles
939 793 27 23 to

110 834 112 26 market.
263 834 28 26 If
309 834 14 26 I
337 843 62 17 ever
414 837 94 23 return
523 836 28 24 to
563 843 48 25 my
625 834 64 26 dear
708 834 45 26 old
767 834 87 31 home,
868 834 15 25 I
897 834 69 26 shall

108 878 35 27 be
165 887 70 19 none
258 878 46 27 the
326 887 84 17 worse
433 878 42 26 for
495 878 102 34 having
617 878 89 27 learnt
729 878 84 27 wider
833 878 84 27 views
940 878 28 26 of

110 922 96 33 people
220 922 53 26 and

171 967 63 25 You
247 975 79 17 mean
341 968 27 23 to
382 974 76 18 come
471 966 70 25 back
555 969 28 22 to
597 975 32 17 us
644 974 73 18 some
731 966 55 34 day
799 966 67 26 then
876 967 9 25 ?
924 967 41 25 Do

107 1018 59 24 you
178 1012 49 23 not
240 1018 59 17 care
313 1010 40 25 for
367 1009 55 26 this
436 1012 115 30 country

174 1053 103 27 Indeed
291 1053 14 26 I
320 1053 41 32 do,
375 1053 14 26 I
403 1053 62 26 love
480 1062 80 26 every
574 1054 112 34 hdl-top
700 1054 54 26 and
775 1063 82 25 every
871 1055 97 26 flower.

112 1097 29 25 It
155 1096 22 26 is
192 1105 49 25 my
254 1095 93 26 native
360 1095 72 32 land,
447 1096 50 25 but
512 1096 14 25 I
546 1105 56 17 was
622 1096 102 35 always
739 1097 117 35 brought
869 1105 37 26 up
920 1100 48 23 not

110 1143 30 23 to
154 1140 81 25 think
249 1139 29 26 of
289 1139 23 26 it
326 1148 28 17 as
369 1149 34 16 an
417 1139 112 35 abiding
541 1140 84 34 place,
640 1140 54 26 and
707 1140 105 36 though
826 1140 13 26 I
853 1141 54 26 had
921 1144 48 23 not

110 1184 69 26 been
193 1183 76 27 there
282 1192 66 25 very
361 1183 71 35 long,
453 1183 14 26 I
486 1183 55 27 had
554 1183 111 27 learned
682 1187 29 23 to
731 1184 62 27 love
813 1185 156 26 Berwerton

109 1226 98 35 ■dearly
216 1237 6 22 ;
243 1227 22 26 it
278 1226 23 27 is
314 1236 48 25 my
375 1236 61 17 own
454 1227 73 27 little
547 1237 94 17 corner
661 1228 29 26 of
707 1228 47 26 the
774 1229 93 31 world,
881 1229 88 27 where

113 1270 14 27 I
141 1270 69 34 hope
224 1273 28 23 to
265 1270 57 26 find
340 1274 55 23 rest
414 1271 29 25 in
463 1280 47 25 my
530 1271 46 27 old
599 1281 57 26 age,
679 1273 54 25 and
756 1273 89 26 where
868 1273 15 26 I
905 1282 64 26 may

110 1323 78 25 ■carry
204 1323 35 17 on
252 1315 121 33 pursuits
387 1315 15 25 I
415 1323 44 17 am
473 1324 68 24 very
554 1316 65 26 fond

172 1358 100 26 Where
285 1366 54 25 you
353 1366 64 25 may
433 1359 29 26 be

591 1431 23 23 A
624 1434 59 26 poet
694 1431 94 24 hidden

353 1458 31 24 In
395 1459 42 24 the
447 1459 65 29 light
524 1460 25 23 of
559 1460 114 30 thought,

355 1489 103 30 Singing
468 1490 89 29 hymns
568 1491 128 23 unbidden

354 1519 49 23 Till
414 1519 42 23 the
466 1520 77 23 world
554 1520 21 24 is
586 1521 112 29 wrought

257 1549 36 24 To
305 1550 131 29 sympathy
447 1550 61 24 with
519 1550 76 29 hopes
606 1551 49 23 and
666 1552 64 22 fears
741 1552 21 23 it
773 1552 94 24 heeded
