1059 1673
120 69 55 24 206

430 74 117 18 WALTER
567 73 109 19 FORBES.

120 146 55 34 boy
184 155 6 23 ;
203 144 105 33 indeed,
321 145 15 25 I
349 144 82 26 think
443 144 24 26 it
479 144 23 26 is
517 143 75 35 quite
606 143 137 33 improper
755 141 103 34 having
873 138 104 36 gentle-

121 198 62 17 men
198 189 29 25 in
247 198 47 22 my
308 187 216 33 dressing-room,
540 187 51 26 but
605 186 14 26 I
633 195 45 17 am
690 185 107 35 getting
810 183 67 26 used
891 186 29 23 to

180 232 113 34 Getting
306 231 68 27 used
391 233 28 24 to
432 231 82 33 being
526 231 144 33 improper,
683 230 79 25 Aunt
776 229 71 25 Jane
856 229 10 24 ?
905 226 15 27 I
934 236 43 17 am

120 276 76 34 quite
229 275 118 27 shocked
373 278 28 22 at
531 274 59 26 said
615 273 113 31 Walter,
757 272 64 35 glad
852 275 29 22 to
912 271 64 26 hide

115 319 124 26 emotion
252 319 87 25 under
352 319 46 25 the
412 318 154 26 semblance
580 317 30 26 of
621 326 15 17 a
646 317 72 32 joke.

271 362 48 26 has
333 362 69 26 been
415 362 64 25 here
492 361 81 26 twice
583 371 5 22 ;
601 361 77 26 there
691 369 56 17 was
761 369 75 17 some
851 359 124 27 business

120 407 15 24 I
154 406 55 26 had
225 408 28 23 to
269 406 60 25 talk
344 408 28 23 to
385 405 58 25 him
457 405 83 25 about
549 415 6 22 ;
574 405 15 25 1
602 413 56 17 was
678 413 66 25 very
760 404 64 34 glad
838 403 35 27 he
893 412 82 18 came.

119 450 62 26 You
202 452 73 23 must
296 452 49 23 not
363 449 65 25 look
441 452 28 22 at
483 457 44 17 me
540 448 89 32 much,
648 448 115 26 because
783 448 15 26 I
819 447 69 27 have
910 446 65 34 only

118 497 47 32 got
178 502 47 26 my
239 493 214 35 dressing-gown
468 502 34 16 on
512 503 6 22 ;
533 492 14 26 I
562 501 43 17 am
619 496 48 22 not
680 491 128 36 properly
822 490 110 28 dressed
948 494 27 24 to

117 538 107 26 receive

181 581 15 25 I
209 580 58 26 wdl
280 581 36 25 sit
329 580 99 26 behind
440 580 46 26 the
501 580 120 26 curtains
664 579 55 27 and
733 579 106 27 Walter
851 579 95 35 pulled
960 589 13 17 a

118 624 109 27 curtain
241 624 89 27 before
343 624 43 27 his
400 624 58 27 face
471 624 41 27 for
522 633 16 17 a
551 627 130 27 moment,
695 623 55 27 and
763 623 39 28 let
815 624 23 26 it
850 623 56 27 fall.

179 668 63 27 You
254 668 70 27 have
337 677 65 18 seen
415 677 48 25 my
476 668 64 27 dear
553 667 62 27 Ada
628 667 93 35 lately,
735 668 50 26 but
805 671 28 23 to
853 668 34 26 be
906 677 66 23 sure,

120 712 48 27 her
181 712 125 27 husband
319 712 49 27 has
381 712 70 26 been
463 712 65 26 here
541 711 54 27 and
609 711 59 27 told
681 721 44 17 me
739 712 83 26 about
835 712 54 26 her.
929 712 43 27 He

120 756 57 26 said
198 756 48 26 she
265 765 57 17 was
341 756 71 32 well,
432 756 55 26 and
507 756 111 34 looking
637 756 116 26 forward
772 759 28 23 to
822 756 91 34 seeing
931 765 41 17 me

119 809 73 23 soon,
205 800 35 26 he
253 800 65 26 said.
357 800 70 25 That
441 808 54 18 was
509 800 114 33 civility,
638 800 14 25 I
667 808 117 25 suppose
794 810 6 22 ;
812 800 35 26 he
856 800 116 34 thought

120 844 33 26 he
167 844 85 32 ought
264 846 28 23 to
307 852 51 24 say
371 852 29 17 so
408 853 6 23 ;
429 843 50 26 but
492 843 15 26 I
523 843 74 26 don't
610 844 83 25 know
694 859 36 2 —
732 844 14 25 I
760 843 75 26 don't

157 888 56 26 The
232 888 82 25 latter
333 887 87 26 words
435 895 70 19 were
519 888 103 33 spoken
643 888 30 24 in
686 896 15 17 a
717 887 53 26 low
783 890 72 28 tone,
868 888 61 26 half
945 890 26 24 to

117 931 108 24 herself.

180 975 66 26 Mrs.
261 975 161 34 Selwynson
440 983 94 18 means
551 977 29 24 to
593 975 78 27 leave
690 976 115 26 London
819 975 29 26 in
862 975 82 26 about
957 984 14 18 a

118 1019 140 35 fortnight,
272 1019 14 25 I
299 1019 82 25 think
391 1029 6 22 ;
411 1019 50 25 but
474 1027 35 17 no
523 1019 87 26 doubt
624 1019 48 26 she
685 1019 92 26 would
788 1027 75 18 come
877 1028 94 17 sooner

119 1063 23 25 if
153 1071 54 24 you
220 1063 84 25 asked

180 1106 52 32 No,
245 1114 43 23 no,
302 1106 14 26 I
330 1106 83 26 won't
424 1105 71 27 have
508 1106 49 26 her
570 1109 62 23 sent
645 1106 41 26 for
696 1107 54 25 and
763 1107 80 26 made
852 1109 28 24 to
891 1106 80 27 think

119 1149 14 26 I
148 1158 44 17 am
204 1159 86 16 worse
303 1149 68 26 than
385 1149 13 26 I
413 1159 50 16 am.
497 1149 38 27 Of
542 1159 102 23 course,
654 1150 23 26 it
692 1159 64 26 may
766 1151 32 25 be
809 1150 61 26 that
879 1150 92 36 things

117 1202 64 25 may
194 1196 64 23 turn
272 1196 47 23 out
334 1202 29 17 so
376 1193 61 26 that
451 1193 47 26 she
507 1197 75 22 must
591 1203 83 22 come,
682 1203 66 26 poor
759 1194 79 35 thing
849 1204 5 23 ;
867 1194 50 26 but
929 1203 42 17 we

119 1236 71 26 shall
209 1245 50 18 see.
312 1236 150 35 Telegraph
463 1253 37 4 —
500 1246 55 25 you
575 1237 81 27 could
677 1238 142 35 telegraph
838 1238 23 26 if
876 1239 23 25 it
912 1241 59 24 'was

114 1289 19 17 a
146 1280 142 34 necessity.
327 1280 91 34 Nasty
430 1280 93 35 things
534 1283 6 25 !
553 1281 67 34 they
635 1281 120 35 frighten
766 1291 52 17 one
831 1286 48 23 out
893 1283 30 25 of
933 1282 38 26 all

116 1324 73 26 one's
198 1332 99 19 senses.
315 1324 15 26 I
341 1333 44 17 am
396 1324 89 27 better
494 1334 68 23 now,
574 1325 68 35 they
653 1335 56 25 say,
717 1326 55 26 and
785 1326 76 26 John
869 1327 23 26 is
903 1335 68 27 gone

119 1367 69 26 back
201 1370 28 23 to
242 1368 44 25 his
299 1368 70 32 wife,
383 1376 30 18 as
426 1368 35 26 he
474 1368 86 34 ought
574 1372 29 24 to

176 1411 84 26 What
277 1419 45 18 are
341 1420 55 26 you
415 1412 119 35 reading,
554 1413 79 27 Aunt
652 1413 72 27 Jane
777 1414 64 26 -said
858 1414 113 32 Walter,

116 1455 96 35 taking
222 1463 37 26 up
269 1463 16 18 a
292 1455 78 26 book.
414 1456 47 25 Ah
470 1457 4 25 !
490 1459 5 10 '
507 1456 54 27 Old
572 1457 173 36 Kensington
755 1458 13 33 ;'
778 1458 23 26 it
810 1458 23 26 is
842 1468 16 17 a
866 1459 105 26 charm-

115 1498 48 33 ing
