1059 1673
406 55 104 20 VANITY
530 56 71 19 FAIR.

877 50 53 25 195

106 118 143 37 Referring
262 123 28 24 to
304 129 17 18 a
332 121 56 32 list,
401 122 77 33 Lady
490 123 95 26 Scarth
599 123 59 27 said
667 134 4 16 :

132 163 15 27 I
160 173 45 17 am
225 173 63 18 now
300 165 82 36 going
402 168 30 24 to
453 175 45 18 see
518 168 84 25 about
621 167 91 35 places
724 168 42 26 for
778 168 48 27 the
840 177 88 26 opera.

66 207 63 27 •Can
144 208 13 26 I
172 212 50 31 put
236 217 56 27 you
305 209 81 27 down
399 211 147 33 anywhere

132 253 98 26 Thank
244 262 61 26 you.
344 255 121 34 Perhaps
479 264 55 25 you
547 256 92 26 would
658 259 51 32 put
730 266 43 18 me
796 256 81 27 down
901 259 27 24 at

71 296 165 35 Burlington
267 298 102 27 House.
419 299 14 25 I
459 308 45 17 am
531 300 81 34 going
636 300 83 33 there,
743 300 41 27 for
813 309 16 17 a
852 300 76 34 quiet

71 340 75 32 hour,
167 340 83 27 while
274 342 97 35 people
392 351 45 18 are
456 346 29 23 at
504 343 72 27 their
594 343 152 27 luncheons
758 354 5 23 ;
785 344 14 26 I
813 353 44 17 am
870 344 58 26 told

71 385 140 34 Ferguson
234 385 51 27 has
310 389 48 32 got
383 386 43 27 his
448 387 105 35 picture
580 387 84 35 hung,
685 389 55 26 and
766 389 14 25 I
802 391 75 24 want
899 390 29 24 to

70 438 44 16 see

129 473 15 26 I
165 482 51 17 can
235 477 61 31 stop
316 477 29 23 at
364 474 48 27 the
422 475 142 35 Academy
576 484 67 26 very
657 475 69 32 well,
740 476 23 26 it
781 476 24 26 is
826 484 32 17 on
879 484 48 26 my

70 527 68 25 way.
177 517 62 27 You
253 521 75 23 must
341 519 33 26 be
389 519 76 34 quite
479 519 157 26 astonished
656 522 28 24 to
704 528 44 19 see
768 528 43 18 me
831 522 48 24 out
898 528 29 18 so

129 606 15 26 I
158 615 50 17 am.
249 606 15 26 I
278 606 81 26 could
377 606 100 35 hardly
491 607 104 26 believe
615 607 48 26 the
683 608 128 26 evidence
831 608 30 25 of
878 616 47 26 my

66 659 73 26 eyes.
188 650 86 26 What
298 650 80 26 could
401 650 69 27 have
493 650 137 36 produced
653 651 70 26 such
742 660 16 17 a
780 652 145 34 phenome-

131 739 15 25 I
165 738 55 26 had
241 747 74 18 some
334 747 68 26 very
415 738 150 35 important
585 738 92 36 things
697 742 27 23 to
745 739 40 31 do,
801 739 53 26 and
868 739 58 26 Jim

68 786 91 22 wants
179 782 48 26 the
248 782 93 26 horses
360 782 56 26 this
435 783 141 25 afternoon
588 792 5 23 ;
613 783 23 25 it
648 783 24 25 is
685 782 86 35 really
784 792 67 25 very
863 783 60 26 tire-

71 836 74 17 some
158 827 42 26 for
215 836 43 17 me
273 827 61 26 that
348 836 41 17 we
402 827 70 26 have
485 827 65 34 only
563 827 47 26 the
624 827 65 35 drag
702 827 93 26 horses
809 827 53 26 and
876 836 50 17 one

69 871 78 26 other
160 871 30 26 in
203 871 122 32 London,
338 880 30 17 so
382 871 61 26 that
456 871 24 26 if
491 871 58 26 Jim
560 874 88 23 wants
662 871 46 26 the
722 871 65 35 drag
802 871 13 26 I
827 875 99 22 cannot

67 924 35 26 go
122 918 55 28 out,
190 914 106 36 though
316 914 134 34 certainly
463 914 23 27 it
509 915 24 26 is
556 917 49 24 not
627 924 67 24 very
713 914 76 27 often
807 915 35 26 he
862 915 64 26 does

67 962 77 23 want
156 959 29 26 it.
226 959 55 34 By-
283 958 56 27 the-
343 958 61 35 bye,
418 967 41 18 we
473 967 44 18 are
536 958 81 35 going
631 962 27 23 to
672 958 185 35 Hurlingham
870 958 56 27 this

67 1003 144 26 afternoon
220 1013 6 22 ;
246 1002 59 27 will
324 1011 55 25 you
399 1011 75 18 come
487 1002 69 26 with
576 1011 32 18 us
620 1003 10 26 ?
669 1002 84 27 There
767 1002 23 27 is
803 1011 76 18 room
893 1003 30 25 in

67 1046 48 27 the
129 1046 71 34 drag.
239 1046 64 27 You
316 1046 59 26 wdl
388 1049 72 24 meet
473 1055 69 25 your
554 1046 103 27 friends
669 1046 48 27 the

131 1090 97 27 Thank
242 1099 61 26 you.
343 1090 14 26 I
371 1090 70 27 have
454 1090 136 34 promised
603 1093 28 24 to
642 1099 33 26 go
685 1092 28 25 to
723 1090 69 27 Kew
803 1090 122 27 Gardens

66 1134 69 27 with
149 1144 47 24 my
210 1134 106 27 mother
330 1134 54 27 and
398 1134 95 27 cousin
507 1134 55 27 this

128 1178 63 28 You
205 1188 50 17 can
269 1187 33 26 go
316 1180 29 25 to
367 1178 70 27 Kew
451 1187 55 26 any
520 1178 60 34 day,
594 1187 29 18 or
643 1178 67 34 they
724 1187 50 18 can
794 1187 33 26 go
847 1178 75 27 there

62 1224 61 33 just
135 1232 31 18 as
180 1222 64 28 well
256 1222 119 27 without

128 1267 62 27 You
216 1276 45 18 are
282 1275 67 26 very
371 1267 75 27 kind.
487 1267 14 26 I
527 1267 34 26 do
589 1270 49 24 not
664 1267 83 27 know
775 1267 75 26 what
876 1276 47 25 my

66 1311 128 27 mother's
214 1315 193 31 engagements
426 1320 52 18 are.
517 1311 68 34 May
599 1311 15 26 I
628 1311 67 27 send
714 1320 55 25 you
783 1320 15 17 a
817 1315 64 23 note
894 1311 29 26 in

62 1356 50 25 the
126 1365 94 16 course
234 1355 30 26 of
275 1364 35 17 an
322 1355 71 26 hour
406 1355 23 26 if
441 1355 14 26 I
470 1364 50 17 can
535 1364 75 17 come

123 1400 77 35 Very
211 1399 72 33 well,
297 1399 35 27 do
345 1408 37 24 so,
421 1399 28 27 It
461 1399 24 27 is
496 1399 59 34 just
574 1399 118 34 possible
706 1399 80 27 when
801 1399 14 26 I
829 1402 93 23 return

62 1444 81 27 home
157 1444 15 26 I
185 1453 65 25 may
262 1443 59 27 find
334 1443 43 27 Sir
396 1443 95 27 James
510 1443 49 27 has
580 1443 74 27 filled
674 1452 37 25 up
725 1443 47 26 the
785 1443 77 34 place
873 1453 6 23 ;
901 1442 23 26 if

62 1497 38 24 so,
116 1488 13 27 I
144 1488 56 27 will
215 1488 40 27 let
268 1497 55 25 you

731 1535 88 24 13—2
