1059 1673
193 39 118 27 Samuel
336 40 119 35 Tinsley
471 43 59 27 and
549 43 69 28 Co.'s
637 44 205 28 Publications.

916 52 30 24 27

110 108 80 19 Public
200 110 95 22 Opinion
304 116 71 19 says—
427 113 106 25 charming
547 115 61 21 book,
620 115 35 18 full
670 116 22 17 of
703 116 110 18 anecdotes
822 116 23 18 of
852 116 94 18 Western

85 133 110 20 American
205 136 69 21 travel,
286 138 42 17 and
344 138 20 17 in
379 138 73 22 which,
466 139 33 18 the
513 140 80 21 author,
604 140 47 19 who
665 141 95 19 travelled
770 141 52 19 from
833 141 51 19 New
894 142 54 18 York

85 164 69 13 across
164 160 34 18 the
208 160 65 19 whole
280 163 109 18 American
398 164 93 18 Western
499 165 72 22 desert,
580 166 55 23 gives
646 166 30 18 his
686 167 117 23 experience
812 166 23 19 of
841 172 12 12 a
863 171 86 19 country

85 184 75 19 almost
178 186 105 18 unknown
297 189 21 16 to
337 188 110 24 European
465 190 100 19 colonists.
595 191 39 18 We
652 192 49 18 wish
717 198 30 12 we
763 192 60 18 could
839 192 110 18 transcribe

85 215 58 13 some
157 210 22 18 of
191 211 35 18 the
239 217 47 18 very
296 213 54 18 clear
363 214 133 24 descriptions
510 216 22 18 of
543 221 88 19 scenery,
643 216 39 22 life,
694 217 41 18 and
745 222 94 13 manners
852 217 21 19 in
883 217 65 18 which

85 234 41 19 this
135 236 56 18 book

112 265 45 19 The
166 266 73 21 Queen
249 273 72 19 says—
345 269 39 18 Mr.
398 270 91 18 Minturn
503 271 66 19 writes
582 272 62 24 easily
657 273 41 18 and
712 272 118 25 pleasantly,
837 273 42 18 and
892 273 57 23 gives

85 296 25 13 us
123 292 52 17 vivid
190 293 88 22 pictures
292 293 24 19 of
330 294 34 18 the
377 296 121 18 marvellous
507 302 81 18 scenery
695 298 45 18 The
750 298 64 18 whole
822 301 47 15 tone
878 298 22 18 of
908 298 39 18 Mr.

87 315 110 20 Minturn's
206 318 56 19 book
272 319 16 18 is
297 320 93 23 pleasant
400 323 21 15 to
431 320 34 19 the
475 321 85 24 English
570 323 75 18 reader.
662 337 4 4 .
683 337 4 4 .
703 324 20 17 in
733 329 13 13 a
755 324 61 20 word,
828 324 55 23 good
891 329 59 13 sense

86 342 42 17 and
137 343 79 18 culture
226 344 114 19 contribute
350 348 22 16 to
381 346 59 18 make
450 347 33 18 the
493 347 80 18 volume
583 348 43 17 well
637 348 62 18 worth
709 348 34 19 the
753 351 99 16 attention
861 348 23 19 of
891 349 59 18 those

86 367 47 19 who
142 373 35 13 are
186 368 109 19 interested
305 370 21 17 in
336 371 62 17 travel
408 376 27 13 on
445 372 34 18 the
488 372 108 18 American

112 398 84 23 Vanity
205 399 51 18 Fair
265 406 46 18 says
313 411 25 3 —
361 401 61 19 Some
429 403 23 17 of
459 409 38 11 our
506 403 65 18 ablest
580 403 83 19 authors
673 404 50 18 have
733 404 59 18 failed
802 403 20 20 in
831 404 35 18 the
875 404 74 18 endea-

86 429 51 13 vour
146 426 22 16 to
177 425 68 22 depict
254 425 110 19 American
374 426 33 19 life
416 428 41 18 and
468 429 81 23 society.
578 429 44 18 The
631 430 74 17 author
714 430 22 17 of
748 430 34 17 the
796 432 79 21 present
885 429 61 22 work,

86 448 99 22 however,
197 450 16 18 is
223 456 27 12 an
259 451 109 19 American
382 453 27 22 by
417 453 54 18 birth
482 453 45 18 who
538 454 35 18 has
583 458 58 19 spent
651 458 52 15 most
713 455 23 18 of
747 455 30 18 his
786 455 33 18 life
828 456 20 16 in
858 455 90 23 Europe,

86 475 43 17 and
139 475 25 17 he
173 475 102 19 describes
285 476 31 19 his
326 481 68 15 return
405 481 20 15 to
434 478 95 19 America
538 480 41 17 and
589 480 31 17 his
630 482 46 15 tour
685 480 87 23 through
786 481 34 17 the
830 480 66 18 States
905 481 20 16 in
935 486 12 12 a

86 505 48 18 very
143 500 119 25 interesting
272 502 81 18 volume
502 504 120 24 Altogether
631 505 34 18 the
676 505 54 19 work
740 506 16 18 is
766 506 131 18 well-written
906 505 42 18 and

112 555 46 19 The
168 556 103 24 Literary
279 558 75 18 World
361 563 46 19 says
408 569 25 3 —
436 561 3 7 '
445 561 4 7 '
455 559 19 18 A
488 560 39 23 trip
540 565 68 14 across
617 560 94 19 America
720 561 16 18 is
747 566 11 13 a
768 561 66 23 grand
847 560 60 24 thing
916 560 31 19 for

87 580 34 19 the
137 582 79 21 tourist,
237 583 85 24 English
339 590 23 12 or
375 585 115 21 American,
503 585 19 17 in
537 585 34 18 the
585 591 71 13 course
670 585 22 19 of
704 586 31 18 his
748 592 74 12 career.
859 586 86 22 Anyone

86 608 163 23 contemplating
258 608 50 18 such
317 614 13 13 a
338 609 85 22 journey
433 610 74 18 should
516 611 51 18 have
575 616 12 13 a
597 611 47 19 look
654 614 21 16 at
686 612 38 18 Mr.
737 611 110 19 Minturn's

88 653 151 27 AMONG
267 655 87 26 THE
382 656 208 28 CARLISTS.
626 657 44 33 By
692 657 88 34 John
808 658 140 30 Furley,

118 691 87 21 author
212 691 27 22 of
402 693 49 22 and
463 694 161 29 Experiences
634 695 26 21 of
666 701 15 15 a
691 695 99 22 Neutral

120 721 86 22 Crown
217 722 51 22 8vo.
282 729 32 19 7s.
327 722 37 23 6d.

90 773 99 26 HOW
211 773 12 26 I
246 773 130 27 SPENT
391 774 61 26 MY
466 774 92 27 TWO
573 775 145 27 YEARS'
735 775 137 26 LEAVE
883 784 6 23 ;
910 784 39 22 or,

119 810 44 28 My
184 810 160 29 Impressions
363 811 26 22 of
403 812 41 21 the
462 812 98 22 Mother
578 812 113 28 Country,
712 812 41 22 the
775 812 129 22 Continent
924 812 25 22 of

118 840 105 28 Europe,
234 840 41 22 the
294 841 91 22 United
403 842 79 22 States
500 841 27 22 of
539 842 119 27 America,
670 842 48 22 and
731 842 105 22 Canada.
869 843 36 27 By
917 849 31 14 an

120 870 88 22 Indian
221 871 94 22 Officer.
350 872 28 21 In
390 878 46 16 one
447 873 53 25 vol.,
513 873 51 21 8vo.
598 873 67 22 Price
676 878 45 17 12s.

90 921 127 27 SYRIA
230 922 90 26 AND
336 922 133 27 EGYPT
481 922 145 27 UNDER
637 923 86 26 THE
735 922 106 28 LAST
852 922 96 27 FIVE

120 959 156 23 SULTANS
295 960 44 22 OF
351 960 159 28 TURKEY;
537 961 71 28 being
626 961 40 21 the
685 960 160 29 Experiences
863 960 85 28 during

118 989 52 28 fifty
188 996 69 21 years
276 989 26 22 of
317 990 46 21 Mr.
383 990 204 21 Consul-General
609 991 94 27 Barker,
721 990 56 21 with
794 990 154 28 explanatory

118 1020 108 21 remarks
239 1024 23 18 to
274 1020 41 22 the
326 1024 96 25 present
433 1021 55 27 day,
499 1021 31 27 by
548 1021 36 21 his
602 1027 50 22 son,
665 1021 121 21 Edward
799 1022 26 21 B.
840 1021 24 21 B.
879 1021 67 20 Bar-

119 1055 63 21 ker,
195 1050 100 21 H.B.M.
309 1050 96 22 Consul.
434 1051 30 20 In
476 1057 12 14 2
500 1050 58 22 vols.
571 1051 51 22 8vo.

90 1102 112 27 ROBA
212 1102 186 26 DTTALIA
410 1112 6 22 ;
437 1111 37 22 or,
486 1103 102 25 Italian
601 1103 101 34 Lights
717 1104 56 25 and
789 1103 137 27 Shadows
940 1112 5 17 :

119 1146 15 14 a
145 1140 84 21 record
241 1139 26 22 of
276 1139 92 22 Travel.
405 1140 37 28 By
459 1140 125 22 Charles
602 1140 37 22 W.
659 1140 198 22 Heckethorn.
893 1140 28 21 In
934 1146 11 15 2

118 1170 68 27 vols.,
198 1170 58 27 8vo.,
270 1170 65 27 price
347 1176 47 21 30s.

90 1222 148 26 MALTA
253 1222 125 27 SIXTY
392 1222 138 26 YEARS
545 1222 92 26 AGO.
677 1222 80 26 With
784 1232 16 16 a
828 1222 119 26 Concise

120 1259 100 28 History
232 1259 26 22 of
267 1259 39 22 the
320 1259 77 22 Order
408 1259 26 22 of
449 1259 33 22 St.
499 1259 63 28 John
580 1259 25 22 of
618 1259 139 28 Jerusalem,
769 1259 39 22 the
822 1259 126 28 Crusades,

118 1290 49 21 and
180 1290 104 28 Knights
296 1290 132 28 Templars.
466 1290 35 27 By
519 1289 49 22 Col.
588 1290 138 21 Claudius
744 1289 86 22 Shaw.
863 1290 85 21 Hand-

118 1320 92 27 somely
222 1320 82 22 bound
315 1320 24 22 in
351 1320 71 27 cloth,
438 1326 44 16 10s.
495 1320 45 27 6d.,
552 1320 43 27 gilt
607 1320 80 27 edges,
702 1325 44 17 12s.

353 1393 334 26 MISCELLANEOUS.

91 1440 72 45 JESfS
175 1446 112 28 SLAM
300 1455 5 23 ;
333 1446 36 26 its
392 1445 107 34 Origin,
520 1444 114 31 Genius,
654 1444 55 25 and
735 1444 126 25 Mission.
903 1444 44 33 By

89 1474 74 35 l_8.6a
203 1485 74 28 John
293 1484 102 28 Joseph
414 1482 82 27 Lake,
515 1481 86 21 author
617 1480 26 22 of
690 1481 77 21 Notes
788 1480 48 22 and
858 1480 92 29 Essays

117 1529 32 15 on
161 1521 40 22 the
213 1520 121 23 Christian
513 1518 84 22 Crown
609 1518 60 27 8vo,
680 1518 65 28 price
754 1523 33 23 5s.

86 1573 120 29 Samuel
224 1573 118 33 Tinsley
355 1573 24 26 &
398 1572 55 32 Co.,
469 1572 44 32 10,
530 1571 215 34 Southampton
758 1571 50 33 St.,
823 1571 116 27 Strand.
