1059 1673
886 94 36 26 83

361 101 19 19 A
400 101 90 20 GHOST
511 102 94 19 STORY.

64 166 93 26 would
171 166 70 27 have
255 167 135 35 anything
402 170 29 23 to
446 176 48 25 say
507 168 106 34 against
626 168 99 34 ghosts.
765 168 13 25 I
794 176 43 17 am
851 175 70 26 open

65 212 29 24 to
109 210 155 27 conviction
273 221 5 22 ;
291 211 50 26 tell
354 220 43 17 me
413 220 14 17 a
440 211 80 34 ghost
534 214 75 31 story
622 212 54 25 and
690 212 131 26 convince
835 219 43 18 me

127 255 53 26 We
199 258 75 23 must
293 264 33 26 go
345 256 72 26 back
428 266 6 23 ;
451 256 97 26 Anson
567 256 49 26 has
636 256 94 26 talked
750 258 48 24 out
817 255 37 26 all
874 255 48 26 her

67 299 114 26 French.
220 300 77 25 Your
315 300 107 26 mother
440 300 24 26 is
484 308 16 18 a
518 300 83 26 much
621 309 73 17 more
716 300 146 26 confirmed
875 299 47 26 be-

66 343 87 26 liever
170 344 29 26 in
217 343 93 34 ghosts
329 344 67 25 than
414 344 15 25 I
447 352 51 19 am.
547 344 29 25 If
594 344 47 26 she
660 344 49 26 has
729 346 48 24 not
793 346 47 32 yet
859 352 63 18 con-

68 387 100 27 vinced
181 396 62 24 you,
258 388 15 25 I
287 387 71 26 shall
371 387 57 26 also

107 432 45 25 He
174 431 146 31 answered,
394 431 81 26 think
496 440 55 26 you
573 432 79 26 could
674 433 131 25 convince
830 440 44 18 me
897 432 30 26 of

70 478 73 23 most
157 475 99 34 things.
297 475 14 26 I
325 475 82 26 think
422 475 13 25 I
449 476 80 25 could
544 476 92 26 follow
650 476 90 26 where
753 485 54 24 you

132 520 15 25 I
159 519 71 26 have
243 528 36 17 no
292 519 137 26 intention
443 520 30 25 of
489 519 108 35 leading
610 528 54 26 you
678 528 98 26 among
788 520 93 34 ghosts
890 530 6 23 ;
910 520 14 26 I

70 563 93 26 would
182 563 92 26 rather
286 565 49 24 not
348 564 70 25 have
431 564 82 26 much
527 566 28 23 to
569 564 34 25 do
617 564 67 25 with
698 564 84 26 them.
820 565 104 30 Anson,

71 608 52 25 Mr.
145 608 99 25 Forbes
261 610 87 23 wants
364 610 28 23 to
413 607 64 26 hear
490 616 16 17 a
518 607 80 35 ghost
611 610 74 32 story
694 618 6 22 ;
721 616 74 17 come
809 608 54 26 and
877 608 47 26 tell

71 660 33 17 us

109 696 97 25 Anson
227 703 81 17 came.
349 694 65 26 And
429 703 28 17 as
475 695 67 34 they
555 698 73 23 went
646 695 117 25 towards
777 694 47 26 the
843 694 84 31 hotel,

71 739 93 35 gladly
175 739 87 34 began
272 738 48 26 her
330 738 122 31 relation,
466 738 90 26 which
571 739 47 25 she
632 747 55 17 was
701 739 65 25 fond
780 738 30 26 of
821 738 104 35 telling.

73 783 53 26 She
149 782 54 26 had
224 782 135 26 somehow
375 782 98 35 picked
491 792 37 25 up
545 792 16 16 a
578 783 51 25 fair
646 783 143 25 education
800 792 6 23 ;
828 785 27 23 at
876 791 52 17 one

72 827 67 26 time
150 826 48 26 she
208 826 55 26 had
273 826 89 26 learnt
375 826 188 35 dressmaking
573 827 29 25 in
617 826 82 32 Paris,
711 826 89 26 where
814 826 48 26 she
873 826 53 26 had

73 871 128 34 acquired
220 870 49 26 her
282 870 112 26 French.
435 870 53 26 She
506 870 54 26 had
573 870 132 26 travelled
719 870 67 26 with
800 879 16 17 a
828 870 100 26 former

73 915 129 31 mistress,
219 914 59 27 who
295 914 54 27 had
363 915 104 26 treated
480 914 49 27 her
529 931 33 3 —
567 914 160 34 deservedly
727 930 35 3 —
765 923 29 17 as
814 923 15 17 a
846 914 82 26 confi-

74 959 105 26 dential
192 962 117 28 servant,
324 967 28 18 as
366 958 47 27 did
433 958 69 27 Miss
523 958 159 32 Lewisham,
695 958 67 26 with
776 958 89 26 whom
880 958 48 27 she

74 1003 55 26 had
147 1012 62 17 now
222 1002 69 27 been
312 1011 73 18 some
399 1011 85 25 years.
523 1002 118 27 Anson's
655 1011 127 17 manners
796 1001 53 27 and
869 1001 58 27 lan-

75 1056 85 27 guage
175 1056 69 17 were
268 1046 122 34 superior
410 1049 29 24 to
462 1049 71 24 most
556 1046 29 26 of
602 1046 49 27 her
669 1046 69 26 class
749 1056 5 22 ;
774 1046 48 26 she
845 1055 85 17 never

75 1091 115 35 stepped
211 1093 47 24 out
281 1090 31 27 of
335 1090 48 27 her
402 1090 127 34 position,
546 1099 29 17 or
598 1090 165 26 encroached
784 1098 74 25 upon
881 1090 49 26 her

75 1134 144 26 mistress's
233 1135 102 25 favour.

137 1179 53 34 My
209 1182 82 30 story,
312 1178 44 32 sir,
376 1178 24 27 is
420 1187 15 17 a
454 1187 68 26 very
542 1178 97 34 simple
659 1180 81 31 story,
755 1186 28 17 as
797 1186 55 25 you
865 1186 65 25 may

76 1233 55 25 say.
177 1222 180 35 Apparitions
383 1222 69 27 have
476 1222 155 26 sometimes
653 1221 133 34 appeared
811 1224 29 23 to
866 1222 65 34 give

76 1268 85 26 direct
175 1266 137 35 warnings
326 1275 30 17 or
369 1266 181 26 information.
590 1266 160 26 Sometimes
770 1265 68 35 they
857 1274 74 17 seem

75 1315 28 23 to
124 1311 70 27 have
212 1311 69 26 been
300 1313 61 24 sent
379 1313 28 23 to
424 1310 92 26 reveal
536 1318 73 17 some
626 1312 86 23 secret
730 1309 60 26 that
804 1310 48 25 has
865 1309 66 35 long-

76 1355 70 27 been
165 1355 111 31 hidden,
291 1363 29 18 or
333 1357 29 23 to
375 1354 105 34 predict
494 1353 154 35 something
661 1353 61 25 that
734 1353 23 26 is
772 1355 27 23 to
813 1352 118 35 happen.

76 1399 16 26 I
106 1399 33 27 do
153 1403 49 23 not
214 1399 83 26 think
310 1398 67 34 they
388 1406 63 18 ever
464 1405 75 18 come
552 1398 41 25 for
606 1397 121 34 nothing.
767 1397 14 25 I
795 1396 77 35 hope,
887 1396 44 31 sir,

77 1443 71 26 Miss
167 1443 63 26 Ada
248 1442 49 27 has
318 1445 48 23 not
386 1441 79 26 made
483 1449 54 27 you
556 1441 82 26 think
651 1441 61 25 that
726 1449 47 26 my
787 1440 79 35 ghost
879 1440 24 25 is
916 1449 16 16 a

76 1496 70 23 very
159 1487 152 26 wonderful
324 1486 80 33 ghost

138 1531 43 26 No
191 1541 6 21 ;
210 1531 70 26 Miss
294 1530 62 26 Ada
369 1530 49 26 has
431 1530 30 25 in
472 1538 35 17 no
518 1537 57 25 way
584 1529 87 26 raised
681 1537 47 25 my
739 1527 194 35 expectations.

755 1573 73 25 6—2
