1059 1673
115 110 51 26 178

422 115 116 17 WALTER
557 112 109 20 FORBES.

177 185 52 24 Yet
242 182 106 26 Walter
360 181 24 25 is
397 183 28 23 to
439 188 90 25 marry
542 178 43 27 his
603 177 104 27 cousin.
745 175 89 27 What
847 183 16 16 a
876 173 62 35 pity
950 172 22 27 it

177 270 77 30 True,
267 269 70 25 from
351 276 73 17 some
436 267 92 34 points
541 265 30 27 of
588 265 70 26 view
668 265 23 25 it
705 264 63 26 does
783 271 73 17 seem
869 271 16 17 a
898 261 61 35 pity
968 271 7 23 ;

117 314 51 24 but
182 313 47 25 her
247 312 61 33 fifty
321 310 136 27 thousand
470 310 59 25 will
547 310 34 25 be
594 318 17 16 a
629 311 76 32 great
718 308 44 25 lift
783 310 28 22 to
824 306 65 26 him.
929 306 45 26 He

118 357 25 25 is
155 359 49 22 not
214 359 46 22 cut
270 358 47 23 out
327 355 41 26 for
381 363 16 17 a
404 362 66 25 poor
480 362 65 17 man
556 363 6 22 ;
581 352 23 25 if
613 352 33 26 he
661 351 80 26 could
751 350 81 26 make
845 359 38 25 up
897 349 76 27 three

117 398 137 28 thousand
269 408 15 16 a
303 407 65 25 year
379 398 53 26 and
451 399 46 33 get
515 397 59 25 into
592 396 175 31 Parliament,
786 395 35 25 he
834 393 92 27 would
939 394 35 26 do

119 443 160 34 something,
293 442 104 34 though
411 442 34 26 he
458 442 50 25 has
521 443 48 24 not
590 439 221 28 self-confidence
824 438 108 36 enough
944 442 29 22 to

119 487 80 26 make
221 496 16 17 a
255 489 76 31 great
352 495 72 17 man.
463 486 44 26 He
526 486 24 25 is
570 487 50 24 not
640 484 107 35 enough
770 483 30 26 of
817 492 16 17 a
851 482 124 36 humbug-

119 531 102 33 either;
240 531 51 26 but
314 530 14 26 I
349 530 93 26 would
462 530 91 26 rather
572 537 45 19 see
639 529 58 25 him
717 537 36 17 on
776 536 49 18 our
846 527 58 27 side
927 527 46 26 the

117 575 95 26 House
226 575 67 26 than

276 627 42 18 we
337 619 71 25 have
427 618 54 26 had
502 626 15 17 a
534 617 64 35 long
617 616 91 35 gossip
729 624 63 18 over
812 624 49 18 our
879 614 93 36 neigh-

118 663 91 26 bours'
223 663 90 25 affairs
323 673 7 22 ;
349 662 38 26 let
400 670 33 18 us
443 662 60 33 join
517 662 47 25 the

411 856 178 27 CHAPTER
608 856 79 27 XIX.

378 945 19 19 A
429 945 165 19 COACHING
624 945 88 19 TOUR.

212 1006 51 24 The
274 1009 67 21 soote
352 1014 91 21 season,
454 1005 54 24 that
519 1005 51 24 bud
581 1005 50 24 and
641 1005 82 24 blome
733 1005 67 25 forth
810 1005 90 30 brings,

214 1037 68 24 With
294 1044 76 21 grene
381 1036 60 24 hath
453 1036 54 24 clad
517 1036 42 24 the
570 1036 45 23 hill
626 1036 49 24 and
686 1036 45 24 eke
742 1038 42 22 the

121 1099 61 26 The
207 1098 130 34 coaching
363 1098 156 34 expedition
541 1106 74 18 came
638 1099 42 25 off.
720 1098 52 27 Mr.
796 1099 181 26 Skidtwaithe

120 1143 135 34 promised
279 1144 28 24 to
333 1142 64 26 dine
418 1142 68 25 with
507 1142 46 26 the
576 1143 91 33 squire
688 1151 82 26 every
791 1143 60 34 day,
873 1143 54 26 and
950 1146 27 23 to

119 1187 64 25 look
196 1187 29 24 in
238 1194 76 27 upon
328 1186 59 25 him
401 1186 157 34 frequently
572 1186 81 26 while
673 1187 43 26 his
729 1187 160 35 belongings
907 1196 70 18 were

120 1238 82 26 away.

157 1273 44 32 So,
221 1282 34 17 on
279 1282 16 17 a
315 1273 55 26 fine
392 1274 134 34 morning,
549 1273 66 27 Mrs.
638 1274 140 35 Seymour,
792 1275 113 32 Walter,
925 1275 54 26 and

121 1317 83 26 Sarah
219 1317 81 26 drove
316 1320 28 22 to
360 1317 98 26 Scarth
472 1316 75 33 Hall,
560 1318 76 26 there
659 1319 134 26 ascended
805 1319 42 26 Sir
864 1320 115 26 James's

121 1361 71 33 drag,
215 1360 94 26 drawn
333 1360 38 34 by
387 1360 304 35 beautifully-matched
709 1363 75 34 bays,
802 1363 29 25 of
850 1363 91 26 whom
964 1371 15 18 a

121 1404 117 27 wheeler
264 1404 54 27 and
344 1413 15 17 a
388 1403 92 28 leader
505 1414 70 17 were
602 1414 55 17 raw
681 1405 96 32 hands,
803 1414 93 28 young
922 1406 55 26 and

119 1448 113 34 playful.

159 1492 65 27 Mrs.
235 1492 168 34 Selwynson,
412 1491 68 27 from
491 1492 45 27 the
546 1492 53 27 box
608 1496 65 29 seat,
683 1493 105 26 viewed
801 1494 47 26 the
856 1494 122 35 gambols

117 1535 30 27 of
160 1536 77 27 these
251 1539 141 24 creatures
405 1535 69 27 with
489 1545 73 17 some
575 1536 180 34 trepidation;
774 1537 50 26 but
834 1538 42 26 Sir
886 1538 94 27 James
