1059 1673
872 40 54 28 207

315 47 54 19 THE
390 47 121 19 SHADOW
531 47 34 19 OF
584 47 100 19 DEATH.

124 112 62 31 Yes,
207 113 23 26 it
251 113 22 26 is
293 122 69 26 very
380 114 70 26 well.
491 114 74 27 Dear
586 114 74 27 Kate
680 114 23 27 is
724 115 112 35 reading
856 115 23 26 it
897 118 30 23 to

63 163 50 19 me.
144 156 15 26 I
174 160 100 23 cannot
289 158 64 26 read
368 158 42 26 for
422 158 104 35 myself
533 169 6 22 ;
554 168 47 25 my
615 168 63 26 eyes
690 158 58 27 will
763 162 48 23 not
825 158 101 35 permit

125 244 70 35 May
208 245 15 25 I
237 254 76 18 come
328 246 54 26 and
395 246 65 27 read
473 249 28 24 to
516 255 55 25 you

124 289 63 26 You
199 290 4 24 !
243 290 14 25 I
272 290 100 26 should
392 294 50 22 not
461 290 56 27 like
537 294 29 23 to
586 291 108 27 trouble
715 301 61 25 you.
816 291 15 26 I
845 290 81 27 could

63 335 49 23 not
124 333 72 26 have
210 342 55 26 you
279 334 98 35 sitting
390 343 38 25 up
442 334 70 27 here.
554 335 120 32 Besides,
687 345 49 25 my
749 344 109 17 woman
873 343 52 18 can

63 376 64 26 read
140 379 28 23 to
182 385 52 18 me.
273 378 15 25 I
302 378 71 26 have
384 378 49 27 her
447 379 164 26 sometimes.
652 379 53 27 She
717 379 133 27 stumbles
861 387 65 18 over

62 420 46 27 the
122 421 66 26 hard
204 422 89 26 words
307 430 16 18 a
336 422 81 33 little,
431 423 51 26 but
495 423 50 26 she
558 423 78 26 reads
650 425 94 31 pretty

125 466 14 25 I
153 474 44 17 am
207 475 69 25 very
284 467 66 26 fond
365 467 30 26 of
405 467 119 35 reading.
559 467 50 27 Let
619 476 43 18 me
674 476 76 18 come
759 467 82 27 while
852 467 70 26 Miss

59 510 131 26 Gresford
204 511 24 26 is
241 514 49 23 out
305 511 121 34 walking
434 511 56 27 this
500 511 149 27 afternoon.
680 511 14 26 I
707 511 71 26 shall
787 514 102 24 esteem
902 511 21 26 it

59 563 19 17 a
90 557 76 30 great

121 598 81 33 Well,
223 599 23 26 it
270 599 24 26 is
316 607 68 26 very
407 599 70 26 kind
495 600 31 25 of
546 608 55 25 you
612 608 6 24 ;
638 600 52 25 but
707 608 56 25 yrou
783 602 75 23 must
875 601 48 24 not

62 643 76 26 mind
152 643 27 32 if,
194 643 80 26 when
285 652 56 25 you
352 652 83 24 come,
446 644 15 25 I
472 652 44 17 am
526 646 48 23 not
584 643 61 26 able
658 646 29 24 to
702 652 45 18 see
759 652 62 25 you.
848 643 75 26 Most

60 687 88 33 likely
162 687 14 26 I
191 687 71 26 shall
276 688 34 25 be
323 690 46 23 too
384 687 32 26 ill

122 731 73 26 How
214 731 36 26 do
268 740 57 25 you
344 731 89 34 really
452 731 81 26 think
556 731 49 26 her
660 731 108 26 Walter
790 730 85 26 asked
897 730 29 26 of

64 775 81 31 Kate,
154 784 29 17 as
196 775 35 26 he
242 778 58 23 met
313 775 49 27 her
375 784 36 17 on
424 775 48 27 the
486 775 135 31 staircase,
636 775 70 26 after
723 775 35 26 he
771 775 54 25 had
839 775 85 26 taken

62 819 78 25 leave
153 820 31 24 of
196 820 70 24 Miss
280 819 162 25 Lewisham.

126 863 53 27 She
189 864 23 26 is
222 872 68 26 very
301 864 86 26 weak.
421 864 28 26 A
455 863 75 27 little
544 863 80 35 thing
633 863 93 26 would
738 863 82 26 make
830 862 49 27 her
891 863 31 25 ill

61 908 88 34 again.
190 908 48 26 Dr.
253 908 120 34 Spencer
387 916 63 26 says
464 908 48 26 she
525 908 24 25 is
563 907 134 34 certainly
711 907 96 31 better,
820 907 55 26 and
888 907 34 26 he

64 952 95 26 thinks
174 952 48 26 she
235 952 60 25 wdl
307 960 33 26 go
355 960 35 18 on
404 952 70 26 well.
514 952 46 25 He
573 951 59 26 told
647 951 50 26 Mr.
714 950 161 35 Selwynson
888 951 34 27 he

61 996 89 34 might
162 1005 33 25 go
209 996 70 26 back
293 998 30 24 to
337 996 122 32 London,
473 996 54 26 and
540 995 36 26 he
589 995 24 26 is
627 1003 70 27 gone

124 1041 14 25 I
152 1041 90 25 know.
282 1040 14 26 I
310 1040 70 26 wish
400 1040 34 26 he
452 1040 55 26 had
527 1039 98 35 stayed
638 1048 16 17 a
666 1038 74 26 little
754 1038 100 36 longer.
894 1038 27 26 It

62 1085 91 26 would
167 1085 70 26 have
251 1084 121 26 relieved
385 1092 61 27 you.
486 1084 71 25 Miss
577 1083 154 26 Lewisham
752 1091 62 26 says
829 1083 14 25 I
857 1091 64 27 may

59 1137 77 18 come
150 1129 55 26 and
218 1129 66 26 read
297 1131 28 23 to
336 1128 48 26 her
398 1128 55 26 this
462 1128 124 35 evening.
626 1127 72 26 How
712 1126 82 26 much
809 1127 112 35 reading

60 1182 52 16 can
127 1173 47 25 she
189 1173 64 25 bear

123 1217 53 26 She
190 1217 58 25 will
268 1216 133 35 probably
415 1224 33 27 go
462 1218 28 28 to
506 1216 74 34 sleep
600 1215 30 26 in
654 1218 47 23 ten
724 1214 128 33 minutes,
867 1215 53 26 and

57 1270 56 26 you
126 1263 77 24 must
217 1261 35 26 sit
267 1260 58 27 still
338 1260 45 27 tdl
396 1260 48 27 she
459 1260 116 26 awakes.
609 1259 97 26 Anson
720 1259 58 25 will
787 1259 33 26 be
833 1259 29 25 in
873 1259 46 26 the

59 1308 67 25 next
139 1314 83 18 room.
261 1305 63 26 You
338 1313 51 18 can
403 1304 53 27 call
469 1304 49 27 her
530 1304 25 26 if
566 1312 55 24 you
635 1306 74 23 want

121 1350 62 26 You
205 1349 72 26 have
298 1351 50 24 not
368 1349 71 26 been
463 1351 49 23 out
530 1348 84 26 much
634 1347 95 34 lately,
748 1348 15 25 I
784 1356 44 17 am
851 1356 68 18 sure.

59 1394 71 26 Wdl
138 1402 56 26 you
207 1402 34 26 go
253 1393 54 26 and
322 1401 44 18 see
378 1393 111 31 Maude,
501 1392 82 26 while
594 1392 15 25 I
619 1400 44 18 am
676 1392 72 31 here,
759 1391 53 26 and
823 1391 38 27 let
872 1391 48 26 her

58 1438 77 27 drive
149 1447 56 24 you
219 1437 70 27 back

123 1482 122 34 Perhaps
260 1482 14 26 I
