1011 1701
83 65 32 23 82

239 66 163 27 ECHOES
431 67 51 26 OF
509 67 86 26 THE
624 68 100 25 WAR.

83 249 324 29 REMINISCENCE
420 254 86 25 AND
521 254 353 28 REMONSTRANCE.

84 359 128 27 Friend
234 361 146 34 Wilson,
403 363 66 26 who
491 369 46 21 art
593 364 97 27 friend
712 364 32 28 of
764 365 41 27 all
827 365 47 27 the

168 407 95 25 world
294 424 34 1 —

298 454 165 27 Therefore
480 455 32 26 of
527 464 61 17 me:

81 497 68 27 And
163 498 113 35 doubly
290 499 106 34 friend,
413 500 79 28 since
506 510 43 18 we
563 510 78 19 were
653 503 104 33 nearly
771 503 104 27 hurled

298 546 44 27 To
360 546 90 28 death
467 552 31 22 at
517 547 90 32 sea;*

82 590 11 25 I
110 590 85 27 knew
210 590 76 34 thee,
301 591 31 27 in
347 601 56 17 our
417 601 142 19 converse
574 602 38 18 on
629 595 48 26 the
692 595 83 32 deck,

296 638 27 25 A
339 646 70 18 man
426 638 34 27 of
476 647 92 26 peace
569 656 32 2 —

79 683 69 26 And
174 691 71 19 man
271 684 34 27 of
332 693 138 26 courage,
499 686 75 33 who,
604 687 69 26 'mid
701 687 171 27 threatened

166 729 106 33 wreck,

297 776 105 27 Found
421 778 206 26 soul-release.

77 891 67 34 Thy
161 892 150 34 prudence
331 894 58 26 and
409 902 117 19 reserve
545 903 77 19 were
640 895 166 27 wonderful
808 912 32 2 —

295 939 67 32 Yes,
375 948 74 18 even
464 940 71 26 then
543 950 4 16 :

78 983 55 27 Yet
152 984 168 35 something
338 985 64 26 told
420 994 46 18 me
485 987 71 26 thou
574 993 73 21 wast
664 988 175 33 purposeful
839 1004 32 3 —

293 1030 73 27 Like
384 1040 181 25 super-men.

77 1075 11 26 I
108 1076 89 26 could
213 1076 77 27 have
308 1086 105 24 sworn,
431 1077 24 27 if
470 1078 117 27 honour
603 1087 77 19 were
697 1080 150 34 betrayed,

292 1123 86 26 Thou
396 1124 137 27 would'st
552 1126 93 33 speak
662 1132 51 21 out
715 1142 33 2 —

74 1168 27 24 A
116 1167 110 27 brazen
241 1168 46 33 lie,
303 1177 37 18 or
355 1169 204 35 baby-killing
576 1170 71 34 raid,

292 1214 81 28 Most
390 1216 113 33 sternly
519 1216 81 27 flout.

99 1335 11 10 *
120 1336 38 20 Dr.
171 1336 116 21 Woodrow
298 1337 83 21 Wilson
395 1339 42 19 and
453 1339 36 20 the
500 1340 70 20 writer
582 1347 54 14 were
646 1341 117 21 embarked
779 1342 93 26 together

71 1377 28 14 on
113 1371 42 20 The
168 1372 48 25 City
226 1372 24 25 of
256 1373 64 19 Rome
331 1373 61 20 when
404 1374 38 20 she
453 1374 72 21 struck
536 1382 27 13 an
574 1375 86 27 iceberg
670 1376 21 21 in
702 1383 12 14 a
725 1377 42 26 fog,
784 1377 21 20 in
821 1377 51 20 mid-

72 1406 100 24 Atlantic,
186 1407 21 19 in
219 1407 88 26 August,
324 1407 59 26 1899.
