1011 1701
218 61 160 27 ECHOES
407 61 52 27 OF
485 60 86 26 THE
598 59 101 25 WAR.

69 82 24 11 90

350 182 212 27 MISSING!*

61 253 92 26 Your
174 253 88 26 chum
282 257 93 21 wrote
397 259 57 26 you
476 259 76 17 were
783 255 61 25 son,

104 293 86 27 After
206 293 146 26 Somme's
368 292 113 27 furious
498 292 80 31 fray:

93 336 64 27 The
173 336 94 26 battle
283 336 61 26 had
360 335 75 26 been
452 334 124 33 bravely

106 380 57 24 But
212 379 77 32 John
305 386 61 17 was
384 377 60 26 still

63 422 85 33 Long
166 430 99 24 weary
284 420 98 26 weeks
403 419 32 27 of
454 419 76 27 dark
551 427 141 25 suspense

106 464 102 26 We've
227 468 92 28 spent,
341 463 89 25 'twixt
448 463 93 33 hopes
561 461 60 26 and
640 460 86 33 fears,

63 506 152 34 Yearning
232 505 48 26 for
295 513 80 18 news
391 510 31 20 to
440 512 190 26 recompense

108 547 197 34 Suppression
324 546 32 27 of
374 546 91 27 love's
485 551 88 21 tears.

63 623 69 26 And
148 631 66 18 now
231 623 87 25 we're
335 621 63 26 told
416 622 101 33 you're
690 619 91 35 John!

108 665 81 25 Your
205 664 116 32 gallant
338 663 75 33 fight
430 662 23 27 is
471 664 76 31 o'er;

65 708 82 25 Your
165 706 71 27 dear
254 706 74 32 face,
348 706 115 33 though
481 706 49 25 the
548 705 139 34 victory's
704 713 73 23 won,

109 749 90 27 We'll
214 749 71 26 look
300 757 80 24 upon
397 756 38 18 no
450 756 93 18 more.

67 792 49 26 No
133 800 84 17 more
235 791 77 26 we'll
329 791 73 26 hear
420 799 75 25 your
512 789 157 35 gladsome
687 789 80 26 voice

110 834 41 26 Or
169 834 83 33 clasp
270 843 73 24 your
362 833 102 33 kindly
482 833 81 26 hand
565 848 34 2 —

66 877 112 26 You've
198 885 85 25 gone,
304 877 39 33 by
364 876 49 26 the
432 880 86 30 great
539 874 153 35 Captain's
711 873 109 33 choice,

110 920 44 25 To
170 919 63 33 join
251 919 49 25 the
318 917 157 34 Heavenly
491 917 91 26 band.

67 993 144 34 Missing?
254 993 48 27 Ah
321 1002 59 24 yes,
400 993 101 33 you're
518 992 121 33 missed,
659 1000 61 24 son,

110 1037 68 23 And
197 1035 126 25 kindred
341 1036 101 24 hearts
460 1043 51 17 are
531 1043 66 17 sore
607 1035 5 25 !

68 1078 90 27 We'll
173 1080 80 24 ne'er
270 1077 100 35 forget
386 1086 55 17 our
458 1077 106 26 absent
579 1085 65 24 one,

112 1121 79 27 Who
206 1120 54 27 has
276 1120 108 34 passed
401 1128 37 18 on
454 1119 114 27 before.

69 1164 66 32 But,
152 1171 90 18 never
258 1162 111 26 missed
386 1166 29 22 at
433 1161 107 34 Duty's
557 1160 66 33 call,

114 1205 105 26 Found
235 1204 92 33 you'll
343 1205 37 25 be
398 1209 30 21 at
446 1213 73 24 your
536 1208 76 29 post,

69 1248 97 27 When
183 1247 92 27 God's
294 1247 133 26 roll-call
443 1246 141 34 ingather
602 1246 77 26 shall

112 1290 50 26 All
179 1289 57 27 His
253 1289 182 33 triumphant
452 1289 78 25 host.

99 1385 11 9 *
123 1385 24 19 In
165 1391 94 18 memory
274 1383 23 19 of
308 1384 19 25 J.
341 1383 27 19 K.
383 1383 33 24 C.,
431 1390 41 12 one
487 1383 23 19 of
524 1383 35 19 the
574 1389 64 19 many
655 1383 125 25 Edinburgh
796 1383 75 25 youths

71 1417 23 18 of
108 1415 70 26 bright
190 1414 99 27 promise,
303 1414 47 20 who
359 1414 74 26 joined
444 1414 35 20 the
489 1414 90 22 colours,
595 1421 23 12 as
633 1414 99 26 privates,
750 1418 21 15 at
786 1414 36 20 the
838 1413 33 20 be-

73 1447 89 25 ginning
173 1446 24 20 of
205 1446 36 20 the
253 1446 57 22 War,
324 1446 40 19 and
377 1446 53 19 have
441 1445 56 20 since
508 1446 62 19 made
581 1446 36 19 the
628 1451 96 20 supreme
735 1445 101 20 sacrifice.
