1011 1701
237 79 160 25 ECHOES
426 79 51 25 OF
504 80 85 24 THE
619 79 99 25 WAR.

78 86 35 24 44

265 246 212 25 NATIONAL
507 245 184 26 SERVICE.

156 327 65 19 know
232 327 54 19 their
301 333 81 18 names,
399 327 43 18 and
457 327 36 19 the
509 326 88 19 number
613 333 27 12 on
658 326 54 19 their
726 326 69 24 doors,
808 326 43 19 and
866 325 16 20 if

78 362 50 24 they
139 362 27 19 do
178 365 36 17 not
225 368 60 14 come
298 362 9 19 I
320 362 41 19 will
372 362 57 19 fetch
523 373 26 2 —
552 361 67 20 Lord
636 361 153 20 Kitchener.

82 453 69 25 But
166 451 56 27 few
236 452 34 26 of
282 461 44 23 us,
343 451 30 27 in
388 452 88 32 troth,
492 451 100 27 would
606 450 73 28 wish
694 450 184 35 compulsion

127 499 34 25 In
177 498 122 32 Britain,
316 499 89 25 home
420 498 148 32 age-long
583 497 34 26 of
632 497 141 26 freeborn
789 505 84 24 men;

83 544 66 33 But,
166 544 101 27 rather
282 544 72 26 than
371 553 38 24 go
426 544 87 26 down
528 544 30 26 in
573 544 85 26 war's
675 542 182 34 convulsion,

126 590 56 26 We
194 590 99 26 would
304 590 77 26 have
393 599 74 17 even
481 589 72 33 that,
566 589 72 33 long
651 597 90 25 peace
754 594 31 21 to
797 588 78 34 gain.

83 715 35 26 In
133 715 74 33 days
221 715 87 26 when
325 714 132 27 sacrifice
471 718 80 22 must
566 713 91 27 needs
672 713 36 26 be
725 712 152 33 rendered,

126 761 78 26 That
221 769 44 18 we
282 769 69 24 may
368 760 74 33 keep
460 759 79 27 what
555 768 90 18 never
662 764 79 21 must
758 759 37 26 be
813 758 64 33 lost,

82 807 63 26 Ask
163 815 71 17 even
254 806 63 26 that
336 805 142 33 freedom,
498 804 112 35 briefly,
628 805 36 26 be
683 804 195 27 surrendered

127 852 46 27 On
191 852 139 32 victory's
349 851 99 27 shrine
449 867 34 3 —
485 851 59 26 and
562 851 66 26 who
647 850 99 26 would
764 850 114 34 grudge

214 898 49 26 the
281 897 78 27 cost?

84 1021 99 27 While
197 1030 90 24 many
301 1029 18 18 a
335 1019 85 34 thing
434 1028 43 18 we
493 1018 60 27 still
567 1018 96 34 might
677 1018 57 26 live
748 1017 130 33 without,

128 1067 63 26 One
205 1067 84 31 thing*
301 1074 43 18 we
357 1070 108 22 cannot
479 1064 96 27 brook
586 1069 31 22 to
629 1063 62 28 lose
693 1080 33 1 —
728 1063 57 27 this
797 1072 61 18 war
868 1073 6 23 ;

85 1113 59 27 For
161 1113 64 26 that
242 1112 98 26 would
358 1116 62 22 cost
437 1119 35 18 us
489 1110 116 34 liberty,
621 1118 39 18 no
677 1110 102 32 doubt,

127 1159 67 26 And
210 1158 41 27 all
266 1158 63 26 that
345 1157 114 26 Britain
476 1157 102 26 stands
592 1156 55 31 for,
662 1164 73 18 near
749 1156 58 26 and
823 1155 54 27 far.

84 1276 64 26 One
163 1284 65 25 way
244 1275 82 26 there
341 1273 25 28 is
382 1279 30 22 to
426 1273 120 28 obviate
561 1272 201 35 conscription
763 1288 34 2 —

128 1323 54 25 Let
199 1322 83 25 hosts
302 1320 31 27 of
350 1320 99 31 brave,
469 1318 33 27 fit
518 1328 68 17 men
604 1318 61 27 still
682 1317 156 28 volunteer
848 1317 3 27 I

85 1369 87 26 Have
192 1376 42 18 we
254 1373 51 21 not
326 1366 173 27 multitudes
521 1364 32 27 of
573 1365 64 26 that
658 1363 182 36 description

128 1415 78 26 Who
228 1422 72 17 soon
319 1412 96 32 might
435 1411 87 33 bring
542 1419 17 18 a
580 1410 153 34 righteous
752 1409 130 35 triumph

213 1458 88 27 near?
