1011 1701
110 83 17 17 48

253 72 161 27 ECHOES
443 74 52 25 OF
521 75 86 24 THE
635 76 100 23 WAR.

95 157 90 33 Thus,
202 158 24 26 if
241 168 73 25 your
330 160 60 27 lass
406 160 107 28 indeed
530 162 35 26 be
582 167 73 28 true,
672 163 59 26 and
748 171 57 24 you
806 178 33 4 —

311 206 44 25 To
374 207 88 24 Arms
473 208 2 23 !

98 249 84 33 Poor,
200 259 107 18 craven
324 251 134 35 shirking
474 261 56 18 one
546 253 59 33 day
620 262 58 24 you
692 254 99 27 would
808 263 49 18 rue

310 297 45 25 To
373 298 89 24 Arms
472 298 3 24 !

95 376 81 26 Your
192 376 103 27 tender
310 377 118 35 folding
441 379 34 26 of
490 379 53 27 her
558 380 100 33 surely
673 380 64 27 said
739 397 32 2 —

310 424 44 25 To
373 425 101 24 Arms!

126 467 127 34 Against
265 468 42 26 all
318 469 77 26 odds
409 470 47 26 I'll
469 470 95 27 shield
578 471 74 31 thee,
666 476 51 21 not
729 471 99 27 afraid

310 515 44 25 To
372 516 89 24 Arms
471 516 3 24 !

94 593 66 33 But,
178 593 24 27 if
218 603 74 26 your
309 596 188 27 Home-land
514 597 59 27 call
590 602 30 22 to
636 607 58 23 you
710 597 30 28 in
756 598 69 28 vain
826 615 32 3 —

309 641 44 26 To
372 642 88 25 Arms
471 643 3 24 !

94 685 81 26 Your
192 685 75 28 elect
284 688 80 25 ne'er
381 696 70 26 may
469 689 140 26 welcome
627 698 57 25 you
701 691 90 32 again
793 707 32 2 —

309 733 44 25 To
371 734 88 24 Arms
470 734 3 24 !

93 812 111 33 Hence,
220 812 48 28 for
282 813 49 27 the
347 814 72 26 sake
432 815 33 26 of
479 821 133 28 country,
626 818 125 31 mother,
767 818 100 27 wise-

308 860 45 26 To
370 861 89 26 Arms
469 861 6 26 I

91 903 94 34 Arise,
204 906 58 25 and
280 906 35 26 be
331 915 18 17 a
366 906 73 27 hero
456 906 30 28 in
502 908 50 26 the
569 907 83 28 strife
654 924 32 3 —

308 953 44 25 To
370 954 88 24 Arms
469 954 5 24 !

464 1104 187 28 EXPECTS

121 1174 166 27 England
305 1182 120 28 expects
550 1177 48 27 the
618 1178 121 27 teacher
758 1179 75 26 said:

165 1221 90 26 What
273 1221 58 32 boy
348 1231 55 18 can
421 1221 44 28 fill
482 1222 49 27 the
549 1228 139 22 sentence

90 1265 48 35 Up
154 1275 66 18 rose
236 1275 38 18 an
290 1276 91 24 eager
396 1268 84 32 curly
493 1269 77 26 head

132 1311 39 27 Of
185 1321 58 18 one
259 1312 47 27 for
321 1314 98 26 whom
436 1320 29 21 to
481 1315 93 27 doubt
591 1325 76 18 were
684 1316 45 27 sin
738 1327 5 23 ;

88 1357 58 27 Out
162 1364 78 21 went
256 1367 18 18 a
291 1359 119 32 chubby
426 1359 76 28 little
520 1360 48 27 fist

87 1404 40 27 Of
144 1414 57 17 one
220 1405 67 26 who
306 1414 61 18 was
386 1415 39 18 no
445 1407 160 33 pessimist:

163 1451 142 34 England
323 1457 128 28 expects,
470 1453 34 26 of
522 1462 114 23 course,
657 1455 31 26 to
