1011 1701
305 97 54 26 TO
388 97 87 26 OUR
504 96 130 25 FLEET

848 101 4 15 1
866 100 7 16 1

302 204 52 26 TO
384 204 88 26 OUR
503 202 143 27 FLEET.

73 291 198 31 Britannia,
292 295 109 28 august
421 296 133 27 empress
573 287 32 26 of
625 287 48 26 the
692 295 60 23 sea,

117 337 99 32 Reign
234 345 49 23 on,
303 335 36 27 sit
359 335 109 33 stately
487 343 94 26 queen
601 333 31 27 of
650 332 41 27 all
708 332 50 26 the
775 329 80 28 main
866 330 3 26 !

73 384 67 33 Thy
156 383 85 34 spirit
259 391 33 18 as
309 382 50 26 the
375 390 71 26 very
462 380 44 27 air
521 380 25 26 is
562 379 70 33 free,

117 430 66 26 The
210 428 97 27 whole
336 428 96 26 round
459 427 94 26 world
581 426 23 26 is
631 425 97 26 better
756 423 46 27 for
829 423 51 33 thy

208 475 85 33 reign
302 485 4 15 :

164 522 82 27 With
268 521 101 33 equity
390 521 72 25 thou
482 519 119 26 holdest
622 527 80 24 sway
722 516 46 27 for
788 515 48 33 all,

165 568 34 27 In
233 566 198 35 high-souled
466 573 131 26 courage
631 563 48 27 foe
713 572 56 17 can
802 562 79 26 ne'er

253 613 100 34 appal.

78 705 35 27 In
130 712 101 27 peace,
250 704 73 26 thou
341 702 106 27 smil'st
465 699 143 35 benignly
625 708 39 18 on
680 698 50 26 the
748 704 92 27 range

123 750 40 27 Of
192 748 175 34 friendship,
399 747 60 28 and
486 746 34 27 of
549 753 167 19 commerce
745 744 60 26 o'er
835 742 48 26 the

211 795 95 27 world
316 805 5 21 ;

80 845 34 26 In
130 853 70 23 war,
217 843 73 27 thou
306 842 97 34 givest
420 840 97 34 fairly,
533 838 31 27 in
579 838 162 33 exchange.

123 891 57 25 Yet
197 888 152 28 shrewder
365 886 114 28 knocks
495 886 73 26 than
583 885 86 25 those
684 882 118 34 against
818 881 66 26 thee

211 935 118 25 hurled.

167 981 79 27 Rule
262 990 48 20 on,
330 978 157 28 Britannia
497 979 5 24 !
548 977 64 26 The
629 975 74 27 wide
720 973 94 27 world
831 980 54 19 can

258 1027 51 26 tell

168 1075 87 27 Thou
277 1074 93 26 rulest
391 1080 68 19 ever
480 1069 186 35 righteously
686 1067 59 27 and
763 1065 76 27 well.

80 1164 70 27 And
167 1163 31 27 in
216 1162 58 27 this
292 1160 159 28 hurricane
470 1158 33 27 of
520 1157 83 28 strife
621 1165 84 18 come
722 1157 62 25 o'er
802 1163 40 23 us,

126 1209 108 27 Which
254 1218 44 16 we
316 1207 30 27 in
365 1206 194 27 trustfulness
578 1203 50 27 did
647 1207 52 22 not
717 1201 125 31 foresee,

81 1257 123 28 Thou'lt
222 1256 83 28 show
323 1253 120 36 thyself,
462 1253 151 25 whatever
631 1251 54 26 lies
702 1249 103 27 before
824 1256 42 23 us,

126 1304 92 26 What
240 1303 86 25 those
346 1301 67 26 who
433 1300 87 26 know
540 1298 67 26 thee
627 1297 86 26 know
734 1295 63 26 that
818 1294 71 26 thou

215 1349 61 25 wilt
295 1349 37 25 be
334 1363 33 3 —

171 1395 41 27 Of
231 1396 84 30 keen,
338 1391 194 32 resourceful,
553 1395 114 28 strong,
687 1385 202 37 impassioned

260 1441 60 31 life,

172 1490 56 26 Yet
248 1488 82 26 ne'er
350 1484 169 34 forgetting
537 1483 118 27 honour
675 1481 28 26 in
724 1481 49 25 the
794 1478 92 28 strife.
