1011 1701
149 82 13 23 8

435 82 223 26 CONTENTS.

893 133 61 15 PAGE

310 171 114 30 Expects
612 190 27 3 ...
717 188 26 4 ...
821 185 27 4 •••
921 165 32 28 4°

147 212 56 23 The
224 212 128 28 Bantams,
402 232 27 3 ...
506 232 26 4 ...
609 232 25 3 ...
713 229 26 3 ■•■
819 226 27 5 •■•
921 213 33 23 49

149 254 150 31 Forgotten,
405 274 27 3 ...
508 273 26 4 ...
611 274 26 3 ...
716 271 26 5 ...
821 269 26 4 •••
925 255 26 23 51

148 295 38 24 To
204 296 69 23 Auld
294 295 105 28 Reekie,
821 310 15 5 ■•
925 297 28 23 52

149 337 75 22 Blind
245 337 75 30 Alley
340 337 165 27 Discontent,
613 356 26 4 ...
717 355 27 4 ...
821 353 28 4 .-•
925 339 29 24 53

148 378 55 24 The
224 378 111 30 Writing
353 386 69 22 upon
441 377 46 24 the
508 378 76 29 Wall,
612 398 26 3 ...
717 396 26 4 ...
821 394 27 4 ...
925 381 29 23 55

148 420 55 23 The
224 419 111 23 Kaiser's
510 438 26 4 ...
614 439 25 3 ...
717 438 27 4 ...
821 436 28 4 ...
925 422 11 24 5
942 416 13 23 6

148 461 93 23 Which
261 460 69 24 Shall
352 460 25 23 It
396 459 54 24 Be?
926 464 27 22 57

150 502 91 31 Surge,
259 502 121 23 Carnifex
392 502 4 22 !
409 521 26 4 ...
512 522 26 3 ...
617 521 25 4 ...
719 521 26 4 ...
822 519 27 4 ...
925 499 30 31 58

149 543 56 24 The
225 542 110 24 Modern
356 542 99 28 Herod,
513 563 26 2 ...
616 563 26 3 ...
719 562 26 4 ...
823 561 26 3 ...
925 541 31 22 60

149 585 56 23 The
225 584 112 23 Kaiser's
358 584 112 30 Malady,
514 604 25 3 ...
617 603 25 4 ...
720 603 26 4 ...
824 602 26 4 ...
926 583 29 22 62

151 626 136 31 Changing
306 625 101 29 Colour,
513 645 27 3 ...
617 645 26 3 ...
720 645 27 3 ...
824 644 26 3 ...
926 624 31 28 64

152 667 111 23 Insane?
306 686 26 4 ...
409 685 27 4 ...
512 685 28 4 ...
617 685 27 5 ...
722 685 25 4 ...
825 685 26 3 ...
927 665 28 29 65

151 709 23 22 A
195 707 154 25 Poetaster's
369 707 180 31 Perplexities,
617 727 26 3 ...
722 726 24 3 ...
827 725 26 4 ...
928 707 29 28 67

151 750 79 23 What
248 749 93 31 Ought
358 752 28 20 to
404 749 33 23 be
457 748 77 24 Done
554 748 63 24 with
637 749 46 23 the
705 748 107 23 Kaiser?
827 767 27 4 ...
928 747 31 23 68

151 791 37 24 To
208 791 175 30 Wittenberg,
412 810 26 3 ...
515 809 27 4 ...
618 810 27 3 ...
723 809 27 4 ...
827 808 27 4 ...
930 796 30 22 70

151 834 57 23 The
227 834 47 22 Air
293 832 104 28 Fiends,
413 851 26 4 ...
517 852 26 4 ...
621 851 26 5 ...
725 851 26 4 ...
829 851 26 4 ...
932 838 26 22 72

153 875 120 25 Paternal
293 874 159 31 Neutrality,
517 894 26 3 •■•
622 894 25 3 ■•■
726 894 2 2 •
737 894 14 3 ■•
829 893 26 3 •••
932 881 28 23 73

932 922 29 23 74

153 960 22 23 A
196 960 62 23 Man
276 959 30 23 of
321 957 115 32 Note(s),
932 963 28 25 75

220 1001 133 23 Causeless
517 1019 26 4 ...
621 1019 26 4 ...
726 1019 25 4 ...
831 1019 24 4 ...
932 1000 28 28 76

250 1043 84 23 Proud
354 1045 27 21 to
830 1061 26 4 ...
932 1042 29 29 78

153 1086 56 23 The
229 1084 95 24 Friend
343 1083 29 24 of
389 1083 41 23 All
451 1083 46 24 the
518 1083 96 28 World,
931 1084 30 23 80

154 1127 196 24 Reminiscence
369 1125 50 24 and
442 1125 210 27 Remonstrance,
725 1144 25 4 ...
828 1144 27 4 ...
931 1126 29 23 82

153 1169 78 23 What
251 1167 88 31 Might
358 1167 75 23 Have
454 1166 80 28 Been,
619 1185 27 4 ...
931 1168 30 28 84

154 1209 72 24 Land
246 1209 29 23 of
291 1209 45 23 the
358 1208 87 30 Maple
466 1207 72 29 Leaf,
619 1226 26 4 ...
723 1226 27 4 ...
827 1227 27 4 ...
931 1209 29 23 86

153 1251 56 23 The
228 1250 165 31 Conquering
414 1248 79 32 Right
512 1248 89 28 Hand,
929 1252 31 23 88

154 1292 124 29 Missing!
308 1310 26 4 ...
412 1309 27 5 ...
515 1309 26 4 ...
618 1309 26 3 ...
722 1309 27 3 ...
827 1310 26 4 ...
930 1301 30 20 90

153 1332 97 23 Faith's
269 1331 84 23 Three
374 1331 109 28 Pillows,
517 1349 27 4 ...
620 1350 27 3 ...
722 1350 26 3 ...
827 1352 26 3 ...
929 1342 28 22 gi

152 1374 56 23 The
227 1373 94 23 Course
341 1372 28 23 of
385 1371 155 29 Conflict,...
618 1391 27 4 ...
722 1391 26 4 ...
826 1393 27 4 ...
929 1385 30 22 g2

153 1414 81 23 Peace
237 1429 31 1 —
272 1414 62 22 with
355 1414 118 27 Honour,
514 1432 26 4 ...
617 1432 27 4 ...
722 1433 26 3 ...
826 1435 27 4 ...
929 1427 29 21 g.

154 1455 80 24 Peace
245 1456 4 22 !
280 1455 23 23 A
323 1454 88 23 Vision
430 1454 29 23 of
475 1454 46 24 the
541 1454 106 29 Futures
722 1474 25 4 ...
826 1476 3 4 .
837 1476 4 4 .
928 1469 30 12 or
