1012 1701
290 79 161 25 ECHOES
479 80 52 24 OF
558 79 86 25 THE
672 78 101 25 WAR.

138 85 28 23 14

311 200 84 26 THE
423 201 92 25 MAN
544 200 51 26 OF
622 200 125 25 DUTY.

282 264 71 24 Xoc&
374 264 159 24 Mtcbenex:
553 264 37 25 3n
611 262 167 25 dfcemoriam.

133 341 69 26 Can
220 342 21 25 it
259 342 107 27 indeed
383 343 36 26 be
438 349 64 20 true
520 344 63 25 that
600 343 38 25 he
654 343 55 25 has
726 341 85 26 died?

176 388 56 33 He,
256 388 133 34 princely
412 394 68 28 type
502 388 34 27 of
558 388 141 26 Britain's
722 387 102 27 choice
846 395 83 18 man-

262 434 79 26 hood
352 444 5 21 ;

133 478 56 32 He,
207 480 66 25 who
293 488 32 17 so
343 480 107 34 keenly
467 479 47 27 far
532 485 101 21 events
651 479 136 26 descried

175 525 69 26 And
259 525 47 26 for
323 525 147 33 enduring
487 525 78 33 right
583 534 32 17 so
631 525 156 33 staunchly
804 525 97 26 stood:

132 570 73 26 This
219 580 70 17 man
304 571 33 26 of
352 580 69 18 men
422 587 34 2 —
457 571 58 26 this
530 571 74 27 hero
617 571 31 26 in
664 571 49 27 the
729 571 91 33 strife,

177 616 87 32 Who,
280 616 31 26 in
327 616 57 26 this
401 616 83 27 crisis
500 616 33 27 of
547 617 50 26 the
612 617 103 32 world,
732 626 33 18 us
782 617 49 26 led
840 627 5 22 ;

134 662 79 27 Who
232 662 118 35 largely
369 663 131 35 planned
520 664 59 26 and
599 664 60 25 had
679 664 100 34 things
798 664 78 26 done
877 680 34 2 —

177 708 61 26 Oh!
266 709 52 26 tell
336 717 48 18 me
401 714 53 21 not
473 709 64 26 that
589 709 163 26 Kitchener
769 709 24 26 is

132 807 74 27 Alas
216 808 5 25 !
255 808 48 26 the
329 808 85 26 brain
439 808 63 27 that
526 808 140 35 planned,
691 809 49 27 the
763 809 80 27 hand
868 809 61 27 that

263 855 145 32 wrought,

176 899 53 27 Lie
257 900 75 26 sunk
360 899 129 28 beneath
517 901 49 26 the
595 901 124 34 shifting
749 902 97 26 North
874 902 55 26 Sea

262 955 82 18 wave
354 957 6 20 ;

133 992 58 26 But
204 992 75 26 tides
293 1001 55 18 can
362 1001 89 18 never
463 993 117 34 change
591 1002 56 17 our
659 993 132 35 grateful
804 994 125 34 thought

176 1037 40 26 Of
228 1038 62 26 him
305 1047 44 18 we
361 1047 94 26 yearn
468 1040 63 25 o'er
544 1039 31 26 in
589 1040 64 26 that
668 1045 111 28 watery
793 1049 102 24 grave.

131 1084 96 32 Dead,
246 1084 50 27 did
314 1093 59 24 you
390 1084 68 34 say?
501 1084 62 27 Our
579 1085 73 27 hero
668 1095 70 17 ever
755 1085 71 27 lives
837 1087 5 25 !

175 1131 48 25 He
241 1130 74 27 lives
334 1130 29 27 in
382 1131 151 27 countless
552 1131 113 27 British
683 1132 101 26 hearts
804 1133 112 32 to-day,

130 1178 68 26 And
215 1186 87 25 every
318 1186 78 24 man,
413 1186 40 18 on
471 1186 49 18 sea
537 1186 34 18 or
587 1178 80 33 land,
684 1178 67 27 who
767 1178 82 34 gives

174 1223 60 27 For
249 1223 83 34 Duty
348 1222 137 35 patriotic
501 1223 60 33 life,
579 1223 60 27 will
656 1234 52 23 say
710 1240 33 2 —

161 1319 42 25 As
220 1317 161 27 Kitchener
396 1318 54 26 has
467 1317 77 33 died,
561 1327 33 17 so
610 1319 100 26 would
725 1328 43 18 we
784 1320 57 33 die,

174 1363 124 34 Serving
316 1372 32 17 as
366 1363 65 26 best
447 1372 43 18 we
507 1372 69 26 may
593 1365 49 25 the
659 1365 51 26 old
727 1371 138 27 country:

129 1409 62 27 Our
206 1418 56 17 one
279 1409 104 32 desire,
399 1410 86 26 when
501 1409 78 27 from
596 1410 57 26 this
668 1410 92 34 globe
775 1421 44 17 we
836 1411 46 34 fly,

171 1456 44 26 To
233 1455 75 27 have
328 1455 150 27 sustained
497 1455 49 27 the
565 1464 88 18 cause
672 1456 32 26 of
