1011 1701
185 77 127 26 BLIND
342 78 138 26 ALLEY
509 78 272 26 DISCONTENT.

855 84 30 26 53

183 243 131 26 BLIND
342 243 134 26 ALLEY
502 243 277 26 DISCONTENT.

82 343 111 27 When
211 343 150 27 armchair
379 344 169 34 politicians
567 354 58 24 say,

113 389 155 35 Asquith's
285 399 39 17 no
342 391 90 34 good,
450 399 35 18 or
503 391 132 27 Edward

82 436 10 25 I
111 436 68 34 give
197 436 81 26 them
295 436 77 27 back
390 437 49 26 the
456 437 194 33 compliment
651 453 34 2 —

114 481 90 27 Blind
220 481 89 33 Alley
327 481 180 28 Discontent
518 482 5 26 !

81 587 98 26 When
198 587 171 34 grumblers
389 588 100 26 blame
509 588 49 26 the
579 587 156 33 Coalition,

79 633 70 26 And
161 642 109 18 mourn
284 642 56 18 our
355 634 128 26 nation's
500 634 53 26 sad
568 633 161 34 condition,

82 679 10 26 I
111 679 120 33 quickly
248 685 50 27 get
314 688 82 24 upon
413 680 50 26 the
480 685 82 22 scent
563 696 34 2 —

114 724 89 27 Blind
220 725 89 32 Alley
326 725 195 26 Discontent!

80 827 99 26 When
195 826 119 27 fireside
332 826 126 27 soldiers
476 827 54 26 tell
546 826 76 27 their
639 827 84 35 plans

78 873 45 26 To
139 878 53 29 put
209 878 30 21 to
257 873 85 34 flight
359 873 50 26 the
425 873 135 27 Deutsch
577 873 126 33 Uhlans,

80 919 10 26 I
107 919 69 30 nod,
193 919 59 26 and
269 918 62 27 find
346 918 21 27 it
381 919 66 26 dull
460 928 34 17 as
509 919 76 26 Lent
586 934 34 3 —

111 965 90 27 Blind
218 966 90 32 Alley
325 966 194 26 Discontent!

78 1072 98 27 When
190 1072 157 27 landsmen
362 1072 151 35 whimper,
562 1072 135 27 Where's
709 1081 56 18 our
778 1072 99 27 Fleet?

77 1119 127 33 They're
224 1118 99 35 surely
342 1118 32 26 fit
392 1127 56 18 our
467 1118 64 27 foes
551 1123 29 21 to
598 1123 79 22 meet
687 1119 5 25 !

77 1166 64 26 The
158 1165 123 26 lubbers
300 1165 88 26 make
405 1166 83 25 one's
506 1165 92 26 blood
617 1164 128 27 ferment
747 1181 34 1 —

110 1211 89 28 Blind
216 1211 88 33 Alley

77 1318 97 27 When
192 1317 135 34 shirking
345 1318 89 25 knuts
452 1317 124 34 blandly
593 1316 128 33 declare,

109 1364 91 27 What
217 1364 70 34 they
303 1364 100 26 would
419 1364 48 32 do,
485 1363 24 27 if
524 1364 71 34 they
609 1372 78 18 were

77 1411 9 25 I
104 1410 66 26 hint
187 1409 77 27 their
281 1418 116 26 powers
414 1410 77 26 have
508 1409 76 27 been
600 1409 145 35 misspent
745 1425 35 2 —

108 1456 90 27 Blind
214 1456 89 32 Alley
