1011 1701
283 74 24 25 A
337 74 199 25 VETERAN
569 74 120 25 HERO.

883 92 2 11 13

282 169 27 26 A
334 168 198 27 VETERAN
560 167 125 27 HERO.

248 227 72 24 Xor<5
342 227 134 23 TRobects:
497 226 36 26 Jn
554 225 166 25 dftemotfam.

82 287 115 27 Great
210 296 78 18 were
304 288 51 33 thy
369 287 100 32 deeds,
484 286 95 26 which
592 285 30 27 in
635 285 76 26 their
724 284 88 35 glory
825 289 61 22 cast

126 334 27 26 A
171 333 94 27 lustre
284 342 39 18 on
342 333 52 32 thy
413 337 125 28 country
557 332 59 26 and
634 331 80 26 thine
732 339 57 26 age
800 340 5 22 ;

84 380 58 25 But
161 385 121 29 greater
301 379 73 26 than
392 378 52 34 thy
463 378 78 27 toil's
560 378 114 26 reward
693 378 71 25 thou
782 382 73 20 wast
856 391 33 3 —

127 426 66 26 The
214 426 81 31 doer,
316 433 84 18 more
423 425 72 26 than
515 424 137 34 exploits,
673 423 100 26 deck's
794 422 95 27 time's

216 477 87 25 page.

84 537 45 26 To
148 536 75 26 faith
241 544 61 18 was
320 535 99 26 added
436 534 94 26 virtue
547 533 29 27 in
592 533 52 34 thy
662 532 72 33 soul,

131 582 83 27 With
234 582 137 32 strength
390 590 61 17 was
468 580 102 27 mated
588 580 153 32 clemency
759 578 29 26 in
806 577 50 27 life
867 587 5 22 ;

85 629 67 33 Thy
174 628 114 32 record,
310 636 38 18 on
369 626 192 33 Humanity's
580 631 86 28 great
686 624 79 32 Roll,

132 675 102 25 Limns
251 674 81 26 forth
350 679 31 20 to
397 673 41 26 all
453 681 17 17 a
486 672 72 26 hero
574 671 30 27 in
620 671 49 26 the
686 670 91 27 strife.

87 743 64 24 The
171 742 104 25 Orient
295 741 60 26 and
375 741 49 25 the
444 738 146 27 Occident
607 737 78 27 alike

134 788 152 27 Proclaim
302 788 68 26 thee
387 795 56 18 one
459 786 34 27 of
508 785 141 27 Britain's
666 784 118 26 noblest
802 791 68 17 sons
882 792 4 20 ;

88 836 77 30 And,
201 843 74 18 even
309 833 77 26 until
420 832 49 26 the
503 830 178 33 Doomsday
715 829 68 26 Bell
817 827 76 26 shall

222 877 99 31 strike,

132 925 67 33 Thy
212 932 90 18 name
317 928 79 21 must
411 922 58 25 live
483 924 141 30 amongst
638 919 111 27 earth's
763 921 130 31 greatest

220 975 84 17 ones.

92 1036 77 32 Nay,
200 1035 120 33 longer:
359 1032 47 27 for
436 1031 79 27 from
545 1030 67 27 thee
641 1029 93 26 shone
763 1027 75 26 faith
867 1026 27 26 in

223 1077 108 31 Christ,

111 1125 70 27 And
199 1124 75 32 love,
294 1123 60 27 and
374 1121 175 27 tenderness
569 1118 47 27 for
633 1117 42 28 all
692 1117 116 26 forlorn
819 1126 3 21 ;

92 1173 101 25 Never
211 1170 29 26 in
259 1169 52 26 life
329 1168 80 27 didst
427 1167 73 26 thou
518 1165 106 33 forego
642 1164 52 33 thy
711 1167 83 29 tryst,

137 1217 66 27 Nor
219 1222 46 21 art
282 1216 73 26 thou
372 1212 157 35 quenched
544 1211 30 27 in
591 1211 49 26 the
656 1208 116 28 eternal
786 1216 94 17 morn.

92 1283 156 32 Farewell,
271 1281 128 28 beloved
420 1279 33 27 of
474 1278 112 27 Nation
607 1277 60 27 and
685 1276 34 27 of
740 1275 93 34 King!

136 1332 59 25 But
210 1335 52 21 not
279 1328 47 27 for
342 1337 69 18 ever
425 1325 100 28 would
540 1333 43 18 we
599 1333 53 25 say
666 1321 135 28 farewell
809 1331 4 16 :

92 1379 57 26 We
162 1377 74 27 both
250 1375 32 27 of
295 1382 92 28 peace
399 1372 60 27 and
474 1371 224 35 righteousness
711 1367 99 27 would
823 1366 75 34 sing,

137 1423 84 28 With
255 1422 76 31 thee,
366 1421 100 25 where
501 1416 101 28 Christ
635 1416 60 27 and
728 1413 56 27 His
818 1412 80 35 good

226 1464 127 27 soldiers
374 1461 97 28 dwell.
