1011 1701
241 66 161 26 ECHOES
431 66 51 26 OF
509 67 85 25 THE
623 68 100 24 WAR.

85 71 30 23 32

352 251 53 26 TO
429 252 176 25 GREECE.

97 348 4 9 '
117 348 61 27 'Tis
196 358 114 25 grease,
331 350 51 27 but
400 351 92 35 living
509 361 108 25 grease
634 362 38 18 no
689 354 98 27 more!

124 394 27 25 A
168 394 95 36 ruddy
281 396 124 28 butcher
420 397 137 28 chortled
573 398 156 35 jestingly:

96 439 4 9 1
116 440 59 27 'Tis
201 441 122 34 Greece,
353 442 51 27 but
431 448 54 21 not
513 444 49 26 the
590 445 89 27 noble
708 446 112 27 Greece
847 447 31 26 of

211 496 71 23 yore
293 488 4 25 !

126 531 89 35 Sighs
232 541 90 27 many
339 543 17 18 a
375 534 98 28 friend
489 535 34 27 of
540 536 80 27 truth
638 537 59 26 and
715 537 106 34 liberty

82 653 79 27 Slow
177 663 51 18 are
245 665 43 17 we
305 661 31 22 to
353 657 113 27 believe
482 658 170 33 vulgarians

124 700 78 26 Who
219 701 73 27 dare
309 707 29 22 to
355 703 109 26 smirch
481 704 49 26 the
544 704 53 27 old
613 705 138 27 Hellenic
768 706 87 33 fame,

114 745 49 26 No
347 749 113 33 saying,
523 751 72 26 than
623 751 49 27 the
700 751 76 28 false
804 751 70 27 Bul-

210 801 127 23 garians,

122 838 65 26 The
210 838 115 28 Greeks
350 848 52 19 are
426 840 122 36 playing
572 842 75 35 deep
671 843 50 27 the
746 844 130 27 German

78 1000 47 27 Ah
136 1001 4 26 !
164 1000 113 28 Greece
293 1001 25 28 is
333 1008 53 21 not
403 1003 48 27 the
469 1004 112 27 Greece
596 1005 34 27 of
644 1014 72 25 ages
732 1011 66 30 past
800 1022 32 3 —

122 1047 79 26 Hers
221 1056 39 18 no
280 1049 210 34 Thermopylæ
510 1059 35 18 or
565 1050 145 33 Salamis;

78 1093 58 26 But
154 1093 67 27 God
239 1093 120 28 forfend
377 1096 82 26 she'd
478 1096 65 27 sink
561 1102 29 21 to
608 1098 57 26 this
682 1103 30 21 at
729 1098 66 33 last,

120 1139 64 26 The
199 1139 68 27 dust
283 1140 128 27 beneath
426 1141 72 27 base
513 1143 117 26 Teuton
643 1143 68 27 heel
725 1149 31 21 to
770 1144 60 26 kiss
840 1145 4 25 !

77 1255 45 26 Oh
137 1256 113 27 Greece
260 1257 5 26 !
287 1257 24 26 if
325 1258 72 26 thou
410 1259 99 26 had'st
521 1259 71 34 only
606 1259 108 28 known
729 1260 122 27 betimes

119 1302 66 34 Thy
199 1303 59 33 day
271 1303 35 27 of
319 1303 158 33 visitation,
495 1305 80 26 thine
591 1306 59 26 had
665 1307 76 26 been

78 1348 105 26 Pæans
198 1348 34 27 of
247 1348 139 27 thankful
400 1349 86 35 hope,
501 1351 61 26 and
575 1351 131 35 joy-bell
719 1353 112 27 chimes

119 1393 69 27 O'er
213 1393 110 27 visions
351 1394 135 35 brighter
513 1397 72 26 than
612 1398 72 26 thou
710 1398 72 33 long
807 1399 65 27 hast

207 1449 76 16 seen.
