1012 1701
120 69 11 13 18

256 60 161 25 ECHOES
445 60 52 25 OF
524 60 87 25 THE
639 60 100 25 WAR.

358 224 53 25 TO
435 225 200 24 BELGIUM.

143 304 163 33 Belgium,
323 305 29 26 in
368 305 147 27 vicarious
533 314 118 24 sorrow,

187 350 68 26 Still
273 356 75 21 trust
366 351 30 26 in
412 352 70 32 help
500 351 107 27 Divine
617 352 5 25 !

142 397 66 33 Thy
225 397 87 26 fields
329 397 60 26 will
407 406 47 18 see
472 406 18 18 a
506 397 135 34 brighter
657 406 126 18 morrow
784 413 33 1 —

186 443 99 26 Those
302 444 112 25 wasted
432 443 85 26 fields
534 444 33 25 of
583 444 89 25 thine.

141 489 66 33 Thy
225 488 163 28 innocence
406 490 54 26 has
479 491 131 26 suffered
628 499 103 25 wrong

187 535 90 26 From
296 544 17 18 a
332 535 72 27 base
422 536 60 27 and
501 536 139 33 perjured
659 536 48 27 foe
708 552 33 2 —

141 581 47 26 An
206 589 105 26 enemy
327 590 83 17 more
427 581 88 27 fierce
531 582 59 26 and
608 587 102 29 strong

186 627 86 26 Than
291 627 88 26 Huns
396 627 34 26 of
448 627 73 33 long
539 636 67 24 ago.

141 712 66 33 Thy
226 721 69 18 sons
313 712 76 27 have
407 712 138 35 perished
562 712 30 27 in
610 713 49 26 the
677 713 86 34 fight:

185 758 66 33 Thy
269 758 173 33 daughters'
461 759 109 26 darker
589 759 60 27 fate

142 803 84 27 Cries
241 804 72 26 loud
329 810 30 21 to
374 805 125 26 Heaven
514 806 39 33 by
567 806 58 33 day
639 806 60 26 and
714 805 96 34 night:

185 850 66 33 Thy
269 850 121 27 hearths
409 860 52 17 are
479 851 150 27 desolate!

142 896 57 26 But
220 897 144 34 thoughts
383 897 34 26 of
435 897 66 26 love
522 906 175 27 encompass
716 898 73 32 thee,

185 943 154 25 Where'er
354 943 69 25 beat
440 944 101 24 hearts
556 943 33 25 of
605 952 81 16 men:

140 988 63 26 The
221 997 64 18 vow
302 988 34 27 of
352 988 60 35 just
430 989 154 34 humanity

184 1033 73 27 Will
272 1034 83 26 build
372 1035 67 26 thee
453 1043 40 25 up
509 1034 97 34 again.

141 1119 59 26 For
215 1119 98 34 might
329 1119 24 27 is
370 1120 104 34 might,
493 1121 58 26 and
569 1120 79 34 right
664 1120 24 27 is
706 1121 85 33 right,

185 1165 65 26 Nor
266 1174 51 17 are
334 1165 83 27 these
434 1165 87 27 twain
538 1166 49 26 the
604 1175 90 22 same,

140 1211 57 26 But
218 1210 78 34 right
314 1211 55 26 has
388 1211 68 26 clad
473 1211 83 26 itself
572 1211 70 27 with
659 1212 94 35 might

182 1257 44 25 To
243 1256 87 33 bring
347 1257 52 32 thy
416 1256 63 27 foes
496 1263 31 20 to
544 1258 101 26 shame
647 1274 34 1 —

137 1302 45 26 To
201 1302 76 27 raise
295 1303 67 26 thee
379 1302 77 27 from
475 1303 51 33 thy
543 1303 82 27 cruel
641 1303 104 35 plight,

182 1348 34 26 In
232 1357 83 17 more
333 1348 72 26 than
421 1348 118 26 ancient
556 1348 80 26 fame
638 1365 34 2 —

137 1394 44 26 To
200 1394 96 26 brand
313 1394 105 26 before
436 1395 49 26 the
503 1395 75 26 wide
595 1396 121 26 world's
734 1396 78 34 sight

181 1439 46 26 On
245 1439 145 27 falseness
409 1440 36 26 its
464 1447 64 19 true
546 1450 97 16 name.
