1011 1701
130 85 86 25 THE
244 84 179 26 GERMAN
453 82 278 28 BUCCANEERS.

823 87 29 25 37

49 174 161 26 Whene'er
236 182 43 17 we
306 181 51 18 are
383 171 208 32 commanded,
620 178 82 18 some
727 169 52 26 old
802 168 51 26 de-

138 215 148 28 fenceless
305 221 88 26 town,

50 262 48 27 On
112 261 106 33 which,
234 260 72 27 with
323 260 131 34 stealthy
471 260 194 32 suddenness,
682 258 53 27 fell
750 257 105 27 bombs

138 304 78 27 have
233 304 76 27 been
327 303 104 27 rained
448 303 96 31 down,

52 352 57 25 We
127 350 72 32 loot,
219 350 60 26 and
296 349 124 27 murder
437 348 91 34 gaily,
547 346 154 36 despising
718 347 139 25 women's

141 398 90 27 tears,

54 439 83 27 With
155 448 16 17 a
189 439 98 31 Hoch,
304 443 57 22 etc.

56 508 89 34 Ships
157 507 61 26 like
230 507 52 26 the
295 506 153 26 Lusitania
459 514 44 16 we
516 504 71 26 look
597 512 41 18 on
650 511 32 19 as
695 502 56 27 fair
763 509 97 27 game,

55 553 69 27 And
137 553 112 32 others,
266 561 33 18 as
313 551 198 32 defenceless,
526 558 44 18 we
584 550 78 34 hope
676 553 31 22 to
721 552 76 23 treat
813 547 47 26 the

146 604 96 23 same;

59 643 135 25 Protests
216 641 78 26 from
313 639 121 28 neutral
453 638 120 27 nations
593 638 78 26 can't
691 641 67 28 stop
778 644 43 24 us,
841 634 21 26 it

146 692 135 26 appears,

58 730 85 28 With
160 740 17 17 a
193 729 99 32 Hoch,
307 733 57 22 etc.

61 801 60 28 'Tis
139 807 67 21 true
224 801 65 26 that
307 800 88 26 other
414 797 123 36 peoples
555 806 69 24 may
642 796 60 27 call
719 804 34 17 us
805 793 58 35 big,

148 843 112 26 blonde
275 843 104 25 brutes
420 851 6 18 ;

61 891 58 26 But
176 889 111 27 Kultur
339 888 25 26 is
385 895 56 18 our
463 889 139 32 passport
624 884 48 27 for
693 883 92 34 doing
807 882 58 35 just

148 933 81 25 what
249 931 87 26 suits:

61 980 58 26 We
133 987 99 24 mean,
249 978 31 26 in
298 976 75 35 spite
390 975 34 28 of
440 974 185 35 everything,
643 978 31 21 to
691 972 88 27 crush
796 970 71 27 both

149 1020 216 34 hemispheres,

63 1067 83 28 With
164 1076 18 18 a
199 1066 98 32 Hoch,
313 1070 56 22 etc.

63 1141 27 25 A
111 1138 165 33 reckoning
296 1145 69 26 may
386 1136 36 26 be
442 1133 134 35 nearing,
597 1133 101 27 whose
718 1130 151 36 approach

151 1190 45 18 we
215 1184 110 23 cannot
344 1183 80 28 stay:

66 1228 90 27 Some
175 1236 53 25 say
246 1226 50 27 the
314 1225 97 34 might
431 1223 31 27 of
479 1221 211 28 Deutschland
705 1219 25 28 is
748 1218 124 35 already

154 1269 133 34 brought
306 1273 31 21 to
356 1267 70 34 bay.

66 1318 60 26 But
138 1317 94 25 now's
279 1314 65 27 The
359 1313 70 34 Day
473 1311 47 27 for
536 1309 138 36 rapine—
675 1318 40 25 go
728 1308 82 34 hang
824 1307 48 27 the

155 1359 101 27 future
273 1365 96 26 years,

67 1406 84 27 With
171 1414 17 17 a
208 1404 98 32 Hoch,
326 1403 88 32 hoch,
434 1401 94 27 hoch!
555 1399 60 27 and
634 1408 17 17 a
670 1398 98 33 Hoch,
789 1397 83 33 hoch,

155 1447 94 27 hoch!

67 1497 45 25 To
131 1496 49 26 the
198 1494 133 26 German
348 1492 199 26 Buccaneers.
