1011 1701
207 72 226 27 PATERNAL
462 73 279 27 NEUTRALITY.

845 82 32 26 73

209 187 222 28 PATERNAL
461 189 278 27 NEUTRALITY.

76 261 78 26 Pity
170 261 49 27 the
235 271 79 17 woes
331 262 32 27 of
378 272 17 17 a
411 272 75 26 poor
501 265 152 33 Benedict,

118 308 78 26 Who
212 307 24 27 is
253 308 65 27 said
334 314 31 22 to
382 309 37 27 be
435 310 89 34 good,
540 310 25 27 if
578 316 53 22 not
648 316 105 29 strong
762 322 5 22 ;

74 354 77 26 Folk
167 354 90 34 fancy
272 355 65 27 that
352 355 38 27 he
407 355 32 27 of
455 356 41 26 all
511 365 69 18 men
596 357 108 27 should
720 358 37 26 be
774 358 90 34 strict,

117 400 98 27 When
232 400 46 27 his
296 401 136 28 children
450 403 38 26 do
507 403 114 34 plainly
638 404 104 27 what's
759 413 112 25 wrong.

73 475 64 32 Yet,
152 475 88 27 while
255 476 36 26 he
306 476 25 26 is
346 481 76 28 vext,
438 477 37 27 he
489 477 73 27 does
576 482 52 22 not
643 478 93 35 speak
749 484 59 28 out,

118 521 57 27 But
190 527 30 21 at
235 521 143 28 baseness
393 523 59 26 and
467 524 91 26 crime
571 524 55 26 has
641 529 30 22 to
685 524 95 33 wink;

74 567 56 27 His
156 568 112 27 rebuke
294 569 49 26 the
369 568 70 27 wild
465 570 106 33 rebels,
597 570 29 27 in
651 579 103 25 anger,
779 570 95 36 might

161 609 107 26 flout-

117 656 39 27 So
172 657 38 26 he
227 666 76 24 says,
356 658 47 26 I'll
420 658 35 27 be
472 658 127 32 neutral,
617 659 11 26 I
646 659 99 27 think!

72 731 164 35 Mourning
262 732 165 35 Belgium's
453 733 145 35 betrayal,
625 735 37 26 he
688 734 62 27 fain
776 735 97 27 would

158 780 115 28 protest

117 819 114 27 'Gainst
249 820 50 27 the
316 821 105 26 march
437 821 35 26 of
489 821 64 27 foul
571 822 103 35 rapine
691 823 61 26 and
770 823 58 27 lust
838 834 6 22 ;

72 866 58 26 But
162 866 67 35 pale
262 867 149 34 prudence
445 868 71 26 such
549 868 99 27 action
680 874 68 29 puts
777 869 95 27 under

158 913 97 21 arrest
256 925 32 2 —

114 958 45 26 To
176 957 37 27 be
261 959 120 26 neutral
429 967 95 19 seems
542 959 80 27 safer
639 960 72 27 than

69 1029 65 27 The
151 1030 119 35 sinking
285 1031 33 26 of
334 1032 111 26 vessels
463 1032 187 27 defenceless
666 1033 38 26 he
720 1034 92 33 hates,

113 1076 68 27 And
199 1077 50 27 the
266 1083 128 28 outrage
411 1078 33 27 of
462 1087 104 18 nurses
584 1079 59 26 and
661 1088 85 23 nuns,

70 1122 58 27 But
142 1123 72 27 such
228 1123 116 27 victims
358 1124 115 35 resigns
488 1129 31 22 to
533 1125 76 26 their
622 1125 159 27 sorrowful
794 1126 76 27 fates

114 1169 59 27 For
188 1169 64 27 fear
268 1170 32 27 of
314 1171 156 33 offending
485 1172 49 26 the
549 1172 98 27 Huns.

68 1283 49 27 Do
132 1293 58 25 you
206 1293 53 26 say
273 1285 38 26 he
326 1284 24 27 is
366 1284 129 36 lacking,
512 1285 58 27 this
585 1285 108 34 father,
709 1286 29 27 in
754 1286 90 28 fibre?

111 1331 54 26 Let
179 1339 48 18 me
241 1331 129 34 whisper
384 1331 45 27 his
444 1340 89 19 name
547 1332 60 27 and
622 1332 125 27 address
749 1349 33 2 —

68 1376 64 27 You
155 1376 59 27 will
237 1376 61 28 find
319 1377 38 27 he
381 1376 112 28 resides
516 1387 38 17 on
576 1378 50 26 the
648 1378 96 27 banks
765 1379 34 27 of
820 1380 47 26 the

153 1419 99 30 Tiber,

108 1465 69 27 And
194 1464 24 28 is
236 1465 99 27 called
387 1465 56 27 His
462 1465 111 27 Serene

132 1506 14 21 6
