1012 1701
106 88 35 29 46

263 88 161 26 ECHOES
453 89 52 25 OF
532 89 85 25 THE
645 88 100 26 WAR.

297 253 120 25 HOME
449 253 259 25 PATRIOTISM.

151 355 85 26 Now
250 355 25 27 is
290 355 49 27 the
356 355 77 33 time,
450 364 35 25 ye
500 364 69 18 men
584 360 29 22 at
628 354 96 33 home,

193 401 149 26 Detained
355 409 39 18 on
408 401 80 33 duty,
505 406 30 21 to
549 400 67 34 give
630 400 90 34 proof

149 448 78 25 That
242 447 30 26 in
289 448 82 25 these
388 452 112 29 stormy
516 446 110 35 testing
640 447 75 34 days

194 493 64 27 You
273 493 76 27 have
364 498 52 22 not
432 493 111 33 tamely
557 493 71 27 held
643 492 92 27 aloof.

150 593 81 26 Your
248 593 138 26 brothers
405 593 74 35 fight
498 593 59 27 and
575 593 55 26 fall
647 593 47 26 for
711 602 66 25 you,

192 639 69 26 And
276 639 46 26 for
339 648 72 24 your
426 639 73 27 dear
514 648 81 24 ones,
610 644 31 21 at
656 640 49 25 the
721 639 81 26 front
812 649 5 23 ;

149 685 84 34 They
250 685 82 26 shirk
347 694 56 18 nor
420 685 76 27 shell
513 694 54 18 nor
584 685 137 34 bayonet,

192 731 69 25 And
279 730 84 26 smile
383 736 29 20 at
432 731 118 25 battle's
570 736 126 20 sternest
715 731 98 25 brunt.

150 833 73 26 Will
237 842 58 24 you
310 834 75 32 drag
400 833 61 33 idly
476 842 39 18 on
529 833 118 33 behind,

226 879 52 27 Ca'
433 879 88 27 while
537 880 68 33 they
621 879 47 27 die
685 879 46 27 for
747 889 57 25 you
806 895 33 3 —

149 925 99 26 Those
262 934 69 17 men
345 925 33 26 of
392 925 113 33 mettle,
521 930 65 22 true
602 926 59 26 and
676 926 80 32 bold,

192 972 44 26 To
251 971 81 33 King
346 972 59 26 and
420 972 71 26 land
506 981 32 17 so
553 972 110 32 wholly
676 972 80 26 true?

151 1074 81 33 Nay:
257 1083 57 24 you
332 1073 61 27 will
410 1083 39 25 up
466 1074 61 26 and
544 1079 30 21 at
592 1074 50 26 the
660 1073 56 33 foe,

193 1119 81 26 With
289 1119 83 35 spirit
386 1119 59 35 just
461 1128 33 17 as
508 1125 65 21 true
586 1120 61 26 and
660 1120 98 33 brave,

148 1165 78 26 That
243 1165 175 26 thraldom's
436 1174 115 25 powers
568 1174 58 25 you
643 1174 69 25 may
729 1165 151 27 confound

190 1210 69 27 And
276 1210 95 34 rights
387 1210 34 27 of
437 1210 134 27 freedom
590 1210 102 34 timely
709 1220 79 18 save.

147 1314 64 25 The
225 1313 152 35 guerdon?
417 1314 26 25 It
458 1313 60 26 will
532 1322 39 26 go
587 1319 29 21 to
631 1314 93 32 those,

190 1360 45 26 To
251 1360 85 26 those
353 1359 87 27 alone
458 1360 45 26 'tis
520 1368 67 18 sure
604 1365 29 21 to
650 1368 91 23 come,

149 1405 85 32 Who,
250 1405 133 26 whether
400 1410 28 21 at
445 1405 49 26 the
511 1404 71 27 field
598 1414 34 17 or
648 1405 94 35 forge,

191 1451 88 26 Were
298 1457 73 20 MEN
389 1456 29 21 at
436 1450 121 35 beating
574 1451 33 26 of
624 1452 49 26 the
690 1452 95 26 drum.
