1011 1701
266 126 87 26 THE
382 127 177 27 MODERN
591 131 149 25 HEROD.

876 137 29 22 61

137 210 200 37 All-Highest
348 214 5 26 !
363 214 64 28 —in
445 216 52 34 thy
514 225 109 27 person
641 220 139 33 glorious,

105 256 34 27 In
155 258 94 27 shock
266 259 32 27 of
312 269 81 18 arms
409 262 111 35 always
536 264 169 34 victorious,

105 303 34 26 In
159 308 135 31 strategy
313 306 157 28 all-wisest
490 309 171 27 schemer—

104 349 56 26 We
180 351 66 26 thee
268 352 96 27 salute
383 363 33 17 as
439 354 5 9 '
458 355 64 26 The
541 356 167 28 Redeemer
719 359 5 26 !
736 360 5 8 '

102 396 45 27 To
161 405 56 18 our
234 402 49 22 too
299 397 74 36 long
389 399 164 29 distracted
569 402 111 34 nation,

102 442 86 26 Thou
208 443 135 36 bringest
360 445 30 27 in
409 446 52 34 thy
479 447 81 27 hand
580 449 161 28 salvation!

101 489 69 25 And
188 489 152 35 Wilhelm,
359 491 45 27 his
422 494 98 33 proud
537 495 86 27 heart
641 496 116 34 aflame,

100 535 65 26 The
182 536 193 32 compliment
392 538 50 26 did
459 545 52 21 not
528 540 146 28 disclaim.

101 623 91 27 What
210 624 116 27 Britain
344 627 60 26 and
421 628 54 26 her
492 629 94 27 Allies
604 631 135 35 thought,

100 668 207 35 Disdainfully
323 672 38 27 he
378 673 118 27 heeded
514 681 61 20 not.

101 715 95 27 'Twas
339 718 124 27 There's
478 729 57 18 one
551 721 93 35 thing,
660 723 22 27 it
697 724 99 26 would
811 734 87 25 seem,

100 761 101 28 Proud
217 762 116 35 Kaiser,
351 765 73 26 thou
440 768 94 26 can'st
550 769 80 25 ne'er
647 769 128 27 redeem.

99 807 91 27 What
209 809 64 27 that
291 810 33 31 is,
343 811 73 27 thou
436 812 78 27 shalt
533 813 84 27 learn
634 820 31 21 at
683 816 93 25 last-

96 854 87 27 Thou
199 864 91 18 never
308 859 94 24 can'st
421 859 120 26 redeem
558 861 52 33 thy
627 866 66 29 past
704 863 4 25 !

96 900 66 34 Thy
178 901 111 27 hordes
307 902 30 27 in
354 904 95 27 battle
467 915 43 17 we
527 905 61 27 will
604 913 104 21 worst:

98 946 5 9 '
116 946 169 28 Redeemer
300 950 4 8 '
315 949 6 25 !
347 949 72 28 thou
437 951 79 27 shalt
534 958 48 26 yet
600 953 36 26 be
655 955 114 27 cursed.

107 1035 5 8 '
127 1036 44 26 To
190 1037 139 34 Bulgars,
349 1039 107 33 Turks,
474 1040 61 26 and
554 1041 82 27 thine
654 1050 65 19 own
736 1043 104 27 nation
841 1060 34 2 —
878 1033 5 11 '

93 1082 66 33 Thy
176 1091 89 18 name
282 1093 18 17 a
320 1085 118 31 symbol
458 1086 46 27 for
523 1087 190 28 damnation!

93 1128 73 26 Vain
185 1129 122 28 boaster
308 1147 35 1 —
343 1131 39 34 by
402 1131 75 28 false
496 1133 97 35 praise
613 1135 106 33 elated,

92 1175 46 34 By
155 1175 76 27 false
249 1176 144 28 ambition
412 1187 33 18 so
462 1178 124 29 inflated
587 1197 34 1 —

92 1220 122 28 Instead
229 1222 35 27 of
279 1223 89 35 glory
385 1233 39 18 on
442 1225 95 28 time's
554 1236 86 25 page,

89 1267 96 27 Thine
203 1269 79 26 shall
299 1269 35 27 be
353 1270 111 34 shame,
483 1271 78 27 from
578 1281 58 27 age
652 1279 31 21 to
699 1283 57 26 age
766 1286 6 22 ;

90 1314 60 27 For
167 1315 80 32 thou,
266 1316 71 26 with
354 1317 87 26 other
459 1317 116 35 wights,
592 1325 80 22 must
687 1329 99 26 prove,

88 1361 26 25 A
132 1360 155 36 righteous
304 1363 67 27 God
388 1363 74 28 doth
481 1364 83 34 reign
