1011 1701
248 77 162 27 ECHOES
438 75 52 27 OF
517 72 86 26 THE
631 69 103 26 WAR.

111 97 13 16 58

288 219 145 28 SURGE,
459 212 230 32 CARNIFEX!

269 303 168 28 Butcher,
457 297 91 28 arise!

184 349 40 27 So
242 351 143 32 prompts,
404 345 29 26 in
449 344 127 26 hideous
595 339 128 32 fashion,

97 397 66 31 Thy
180 395 58 26 lust
255 394 33 26 of
305 395 143 32 conquest
465 395 31 21 to
513 388 76 27 dark
605 385 92 27 deeds
714 384 32 27 of
763 382 103 28 blood:

273 438 139 30 Butcher,
432 436 75 26 arise
518 435 4 26 !

186 485 69 27 And
270 484 65 35 glut
350 483 53 33 thy
415 481 111 27 hellish
542 478 122 36 passion

101 534 35 26 In
155 532 109 32 setting
282 531 84 26 loose
382 529 86 26 war's
487 524 189 34 devastating
695 522 88 27 flood.

277 610 138 30 Butcher,
435 608 76 27 arise
522 608 3 25 !

189 660 48 25 An
252 667 70 25 easy
338 665 72 27 prey
424 654 104 28 awaits
544 653 67 26 thee
622 661 5 23 ;

103 707 113 32 Tramp
234 704 76 27 little
330 701 140 35 Belgium
489 699 98 27 'neath
606 698 52 33 thy
676 695 128 27 ruthless
822 693 74 27 heel.

280 748 138 30 Butcher,
437 746 91 27 arise!

193 796 89 26 Hack
297 804 40 17 on
355 793 46 27 till
418 790 169 29 bloodshed
605 793 78 22 sates
701 787 66 27 thee

108 843 109 34 Justice
235 841 59 28 and
311 839 134 28 freedom
464 836 128 28 crushed
609 834 104 27 before
730 832 51 34 thy
798 830 101 28 wheel.

283 920 138 31 Butcher,
440 918 76 28 arise
527 918 4 25 !

196 970 58 25 But
272 968 80 26 what
371 966 24 27 if
412 965 87 36 plans
518 961 160 34 miscarry?

110 1017 90 26 What
218 1015 24 26 if
258 1022 84 19 more
361 1012 154 33 righteous
532 1008 119 28 nations
670 1006 56 27 rise
743 1005 31 26 in
791 1003 109 35 might?

284 1059 139 30 Butcher,
443 1057 90 27 arise!

198 1108 56 26 Yet
269 1107 86 25 know
371 1105 72 26 thou
457 1104 68 26 hast
541 1107 30 21 to
587 1109 88 25 parry

112 1156 88 26 Stern
217 1153 98 26 forces
332 1149 163 35 grappling
511 1157 40 17 on
569 1146 104 28 behalf
689 1144 32 28 of
739 1144 87 34 right.

287 1231 139 30 Butcher,
445 1229 90 27 arise!

199 1279 67 32 Thy
283 1276 127 28 boasted
427 1283 115 27 powers
560 1281 51 19 are
631 1271 96 27 tested
738 1280 4 22 ;

116 1328 48 25 No
183 1326 105 32 longer
307 1332 50 18 are
377 1323 50 33 thy
447 1320 116 35 legions
581 1316 220 35 cock-a-hoop!

288 1368 139 32 Butcher,
447 1366 91 27 arise!

203 1417 58 25 But
277 1415 121 27 Verdun
414 1413 55 26 has
486 1410 142 32 arrested,

117 1464 81 26 With
216 1461 111 28 fearful
343 1465 72 25 cost,
432 1459 53 31 thy
502 1456 183 34 sanguinary
702 1463 109 26 swoop.
