1011 1701
253 81 161 25 ECHOES
443 81 52 25 OF
522 80 84 25 THE
636 79 100 24 WAR.

98 89 32 22 24

388 243 52 25 TO
469 243 128 25 ITALY.

142 339 25 26 O
185 340 107 31 Italy,
309 339 33 27 of
357 339 50 26 old
424 347 128 24 renown,

186 387 26 24 A
228 386 58 32 day
302 386 54 25 has
373 394 84 17 come
474 389 30 22 to
520 384 65 27 thee

142 432 66 33 Thy
225 439 77 24 sons,
320 430 47 27 for
383 429 190 35 generations
590 429 95 32 down,

187 478 87 26 Have
294 477 111 32 longed
425 477 60 26 and
505 476 112 33 prayed
639 481 29 20 to
689 483 56 17 see.

143 583 65 26 The
228 582 77 27 skies
324 582 33 26 of
374 582 122 32 Europe
515 580 107 34 darkly
640 580 89 26 lower

188 628 69 26 O'er
275 627 86 27 fields
378 627 33 27 of
428 627 111 32 bloody
557 626 98 32 strife;

146 675 66 32 But,
230 674 47 27 for
293 679 65 21 true
373 672 128 33 nations,
519 672 71 27 such
606 680 38 18 an
658 671 75 26 hour

189 721 106 24 Means
317 718 162 27 renovated
499 717 61 27 life.

145 829 89 26 Amid
249 829 50 25 the
315 836 129 25 carnage
460 826 58 27 and
534 826 49 27 the
598 825 81 27 noise

190 874 40 27 Of
247 874 102 31 battle,
369 874 71 25 thou
457 874 107 31 may'st
581 872 73 25 hear

145 922 27 25 A
189 920 62 27 still
268 920 58 27 and
345 920 87 26 small
448 919 53 26 but
518 923 102 30 potent
636 917 81 26 voice

191 967 99 33 Speak
305 966 73 26 both
395 970 30 21 to
440 965 84 26 heart
540 964 61 27 and
614 972 61 18 ear.

148 1077 25 25 It
190 1075 24 27 is
232 1085 17 17 a
265 1074 83 28 voice
365 1074 95 27 which
477 1072 137 28 erewhile
632 1072 91 35 spoke

191 1123 59 25 For
265 1122 50 25 the
331 1120 163 34 oppressed
509 1119 59 27 and
584 1127 82 26 poor,

147 1168 107 27 Which
276 1166 127 36 proudly
426 1165 128 35 spurned
576 1165 48 26 the
646 1165 124 33 tyrant's
791 1162 110 35 yoke-

191 1215 25 25 It
236 1213 92 35 spoke
344 1212 30 26 in
391 1216 85 30 great
495 1210 131 27 Cavour:

148 1325 26 26 It
192 1324 92 35 spoke
301 1323 29 26 in
347 1322 69 27 wise
434 1321 132 33 Mazzini,
584 1326 59 27 too,

192 1370 67 26 Full
275 1378 89 24 many
381 1378 17 17 a
415 1367 82 27 word
515 1367 47 27 for
578 1367 74 32 thee,

146 1416 76 32 And,
238 1416 86 25 when
340 1414 51 34 thy
407 1413 127 27 nation's
551 1412 112 27 friends
678 1421 77 17 were
771 1411 64 33 few,

192 1461 134 33 Inspired
344 1460 52 34 thy
413 1458 92 35 unity.
