1011 1701
274 79 160 25 ECHOES
462 79 52 25 OF
541 77 86 26 THE
654 76 103 26 WAR.

116 81 32 22 62

256 243 85 25 THE
373 241 184 27 KAISER'S
588 241 183 27 MALADY.

174 320 93 20 Rumour
282 320 22 20 in
320 319 72 21 Berlin
407 319 88 20 insisted
510 319 47 19 that
571 324 26 13 an
613 317 110 27 operation
740 317 32 19 for
787 323 75 13 cancer
878 322 40 13 was

118 362 116 18 necessary.
254 370 4 4 .
276 370 4 4 .
301 370 3 4 .
323 354 47 20 The
379 354 78 23 illness,
466 354 106 23 however,
585 353 17 20 is
610 352 111 20 described
732 357 22 14 as
764 350 154 21 inflammation

117 390 23 18 of
149 391 35 17 the

119 457 138 26 Deeper
275 457 51 33 thy
345 456 117 27 trouble
481 455 47 27 far
546 456 72 26 than
635 454 30 27 in
683 455 49 25 the
751 454 98 26 throat
860 454 3 25 !

164 503 58 26 But
240 512 55 17 can
312 502 22 27 it
352 502 105 27 waken
475 501 63 27 real
557 501 173 33 sympathy?

121 549 89 27 Some
237 557 68 26 may
331 548 111 27 accord
469 548 66 26 thee
564 546 170 34 smoothing
762 546 97 27 words
885 545 31 28 of

251 596 80 26 rote;

165 638 56 26 Yet
238 645 79 19 none
337 636 99 33 forget
456 636 52 33 thy
527 635 91 27 deeds
636 635 33 26 of
688 634 121 35 infamy.

122 718 154 33 Inflamed,
293 717 25 27 is
333 717 38 27 it?
413 717 78 27 That
508 716 116 33 brazen,
643 724 124 18 raucous
784 716 99 26 throat
884 730 32 3 —

165 765 78 26 That
262 765 99 26 throat
380 763 103 32 which,
503 762 47 28 for
570 772 32 17 so
620 762 81 33 long,
719 762 54 26 has
793 761 123 34 spouted

252 807 62 32 lies,

122 854 145 32 Vaunted,
287 853 138 33 invoked,
446 851 157 37 preached,
624 850 151 36 promised
776 866 33 2 —
812 855 29 21 to
861 858 55 18 one

252 901 69 20 note

166 942 40 26 Of
223 942 76 26 false
317 940 152 33 ambition,
489 940 112 33 greedy
619 939 47 26 for
683 939 37 26 its
738 938 91 35 prize!

123 1023 116 32 Kaiser,
259 1022 51 34 thy
330 1022 98 26 throat
447 1030 55 18 one
522 1021 58 34 day
598 1020 60 27 will
678 1029 82 18 sorer
778 1020 51 26 be!

166 1069 85 26 Even
265 1068 25 26 if
305 1076 38 18 no
360 1076 107 18 cancer
484 1067 74 27 taint
574 1067 37 26 be
626 1066 31 27 in
673 1067 51 32 thy
740 1066 99 32 blood,

122 1115 68 27 God
206 1119 48 29 yet
270 1114 60 26 will
346 1114 68 27 take
431 1114 67 26 thee
514 1114 38 33 by
568 1114 49 26 the
633 1114 100 25 throat
743 1123 6 22 ;
773 1113 57 26 and
845 1120 52 24 we,

165 1160 153 32 Avenged,
336 1159 61 27 will
413 1160 73 26 hear
503 1159 67 27 thee
588 1158 108 34 gurgle
713 1158 30 27 in
760 1158 50 27 the
828 1158 87 26 flood.

122 1242 87 27 More
232 1241 71 27 than
325 1241 51 33 thy
399 1241 108 33 throat,
529 1240 260 32 arch-miscreant,
813 1239 106 27 should

252 1284 37 24 be
309 1291 79 17 sore:

166 1330 65 33 Thy
244 1329 182 32 conscience,
440 1328 24 26 if
474 1328 24 27 it
512 1328 82 33 lives,
609 1337 56 18 can
679 1329 87 25 know
779 1336 39 18 no
832 1336 68 18 ease
908 1337 4 16 :

121 1376 67 32 Thy
204 1375 94 32 heart,
315 1374 24 27 if
354 1373 86 28 heart
458 1374 72 26 thou
547 1374 76 33 hast,
640 1383 56 18 can
713 1383 176 18 nevermore

166 1421 95 26 Know
287 1429 73 17 even
386 1420 50 25 the
463 1419 171 27 semblance
661 1419 31 26 of
718 1425 65 21 true
809 1419 112 27 inward

252 1470 100 26 peace.
