1011 1701
250 70 163 27 ECHOES
441 69 52 27 OF
520 67 86 27 THE
634 66 102 26 WAR.

95 78 32 25 74

274 182 144 26 STRICT

140 256 59 26 We
216 255 42 27 all
275 260 123 29 respect,
415 254 72 26 dear
504 251 88 27 uncle
608 250 79 32 Sam,

183 302 83 25 Your
283 300 121 33 soaring
422 297 186 35 nationality,

139 347 69 26 And
224 346 72 34 duly
313 351 70 21 note
400 354 74 25 your
492 344 146 33 telegram

184 391 177 34 Regarding
414 389 82 27 strict

142 466 66 26 You
227 464 62 28 fain
307 463 100 28 would
426 468 77 22 treat
522 462 70 27 with
612 461 117 27 nations
749 460 58 27 still

186 512 41 25 As
245 510 115 34 though
376 519 40 17 on
434 519 38 17 an
490 509 131 35 equality
623 524 34 2 —

144 558 80 33 King
241 557 119 34 George
377 556 49 26 the
444 564 82 18 same
542 564 33 17 as
592 553 106 28 Kaiser
715 553 66 33 Bill,

189 604 33 26 In
238 603 73 27 view
329 602 33 28 of
412 602 81 27 strict

144 678 58 26 But
224 677 164 34 Belgium's
410 675 60 27 fate
492 674 94 35 might
608 674 66 34 give
695 682 57 25 you
773 680 96 27 pause,

188 723 67 26 And
269 723 88 26 make
371 730 59 25 you
445 721 65 26 face
526 720 106 34 reality
640 729 7 23 ;

145 769 99 34 Might
259 768 63 27 hint
338 774 30 21 to
385 777 57 24 you
456 767 34 27 of
504 767 105 34 higher
625 766 72 26 laws

187 815 87 27 Than
293 814 84 27 those
396 813 33 27 of
480 812 82 28 strict

145 890 63 27 The
228 890 176 26 Lusitania's
422 888 60 26 fate
501 886 107 27 should
626 894 89 27 prove

189 937 25 25 A
230 935 91 34 depth
338 934 33 27 of
387 932 185 35 criminality,

145 982 143 27 Ruthless
303 980 120 34 enough
441 985 29 21 at
487 978 104 35 length
608 983 30 22 to
653 986 87 18 move

189 1028 75 26 Ev'n
283 1036 74 24 your
376 1026 72 27 chill
500 1024 82 27 strict

145 1103 67 30 But,
232 1100 97 27 Uncle
348 1100 79 33 Sam,
446 1099 24 26 if
487 1099 105 34 you've
609 1098 77 26 been
702 1096 129 34 brought

188 1149 45 25 To
250 1147 78 26 wink
348 1151 30 21 at
398 1146 85 25 sheer
502 1144 151 33 brutality,

145 1195 82 26 Your
248 1192 123 35 Pilgrim
390 1192 126 27 Fathers
534 1191 108 34 hardly
660 1190 126 34 thought

188 1239 91 27 Their
296 1238 88 27 creed
402 1237 76 35 spelt
529 1236 82 27 strict

145 1314 67 26 And
230 1313 61 26 still
308 1312 108 26 there's
434 1309 170 34 something
621 1314 31 22 to
669 1309 50 27 the
736 1308 98 27 fore-

188 1357 243 31 Old-fashioned,
449 1356 98 27 called
564 1354 141 34 morality
706 1370 34 2 —

145 1405 40 26 Of
201 1404 96 27 which
315 1412 73 25 your
406 1401 195 27 Motherland
619 1400 101 27 thinks
737 1409 82 17 more

188 1451 86 27 Than
290 1449 33 27 of
339 1458 74 25 your
463 1448 82 27 strict
