1011 1701
104 72 31 31 56

260 69 160 26 ECHOES
449 69 52 26 OF
528 69 85 26 THE
641 68 100 25 WAR.

268 235 84 26 THE
385 234 184 27 KAISER'S

154 315 59 20 With
222 318 58 23 great
289 316 36 25 joy
336 316 9 18 I
357 315 76 19 inform
442 322 41 18 you
495 315 46 19 that
551 314 28 20 all
591 314 10 20 I
613 314 66 20 heard
690 313 43 20 and
742 320 42 13 saw
796 313 38 20 has
843 312 60 21 made

102 351 35 20 the
150 351 45 19 best
210 350 125 25 impression
346 356 28 13 on
444 361 26 3 —
476 349 41 19 The
528 349 79 19 Kaiser
617 351 20 16 to
648 348 33 19 the
694 348 61 25 King
763 348 25 23 of
795 348 92 25 Saxony.

192 442 70 26 But
277 442 67 26 who
362 447 45 21 art
424 442 72 25 thou
514 446 30 21 to
561 445 85 30 prate
661 440 34 27 of
711 440 65 35 joy?

235 488 104 32 Thine,
360 496 74 24 sure,
455 487 24 26 is
498 487 112 34 joyless
629 486 89 26 mirth

192 533 118 27 Amidst
329 533 52 34 thy
400 533 89 27 bitter
508 538 81 21 curst
606 533 128 34 employ,

235 579 231 33 Arch-blighter
482 578 34 27 of
534 579 49 26 the
602 579 84 26 earth
697 579 4 26 !

195 682 28 26 If
240 691 100 25 spawn
357 681 32 27 of
404 682 62 26 hell
482 690 68 25 may
567 680 96 35 joyful
679 680 45 32 be,

238 728 79 26 Who
338 727 47 27 for
406 727 103 27 fiends'
530 726 82 27 work
633 726 143 31 combine,

193 775 93 32 Then,
302 774 53 26 but
370 774 70 26 then
454 773 80 34 only,
550 774 106 33 may'st
672 773 71 26 thou
759 781 46 17 see

239 820 90 26 Some
347 828 53 24 ray
417 818 34 27 of
467 818 51 34 joy
536 818 30 27 in
584 818 91 26 thine.

228 923 11 25 I
258 931 91 17 never
367 921 61 26 will
594 922 89 32 say'st
703 920 86 33 thou;

240 968 76 32 Nay,
334 976 56 17 nor
408 967 99 33 forget
526 975 55 18 can
599 975 42 17 we
652 967 4 25 !

193 1014 67 32 Thy
279 1014 100 32 deeds,
401 1012 214 33 remembered,
635 1012 69 32 will,
726 1012 11 25 I
759 1017 80 27 trow,

238 1058 104 27 Haunt
359 1058 67 27 thee
444 1058 153 32 eternally.

194 1162 64 25 The
276 1161 51 33 joy
346 1161 94 26 which
461 1161 78 32 thou,
561 1159 135 35 insanely
715 1159 102 35 proud,

238 1207 78 26 Dost
334 1206 47 26 for
400 1206 112 34 thyself
528 1214 135 26 prepare,

196 1251 28 27 Is
241 1251 50 27 kin
308 1257 30 21 to
355 1251 53 33 his,
426 1251 75 33 who,
518 1251 146 33 vaunting
680 1251 79 33 loud,

238 1297 73 26 Was
328 1296 109 27 racked
453 1296 69 27 with
539 1296 75 34 deep
631 1296 128 34 despair.
