1011 1701
112 73 32 17 20

268 70 161 26 ECHOES
458 71 52 25 OF
537 72 86 24 THE
652 71 100 25 WAR.

381 225 52 26 TO
459 226 177 25 FRANCE.

110 309 112 28 Brave
240 311 123 33 France,
383 313 140 26 chivalric
540 322 35 18 or
594 318 29 22 to
641 313 98 27 friend
756 323 33 17 or
807 313 62 28 foe!

154 355 55 26 We
226 355 121 27 Britons
363 357 63 25 hail
442 357 68 26 thee
527 366 32 18 as
575 366 55 18 our
646 367 68 18 sure
729 358 84 33 Ally:

109 400 80 26 True
203 400 31 27 in
251 401 49 27 the
315 401 77 27 hour
408 402 96 27 which
522 403 94 26 tested
632 403 119 27 nations
768 413 40 24 so,

152 446 87 26 Thou
255 446 118 27 holdest
392 448 146 26 steadfast
555 457 31 19 as
603 450 49 26 the
668 451 119 26 months
803 460 39 24 go
859 451 36 33 by

108 534 146 27 Lustrous
270 534 30 27 in
317 535 50 27 old
385 535 70 27 time
472 545 60 18 was
548 537 52 35 thy
617 538 137 28 Nation's
772 545 81 28 story
854 556 34 2 —

154 579 160 35 Napoleon
330 589 76 19 once
423 582 104 27 bowed
545 583 121 35 Europe
683 589 31 22 at
729 584 46 27 his
792 585 73 27 feet!
875 602 32 3 —

109 625 58 26 But
187 625 81 27 thine
286 626 25 27 is
330 636 66 17 now
416 637 17 17 a
451 633 82 22 truer
549 630 98 26 moral
665 630 95 35 glory,

151 672 26 25 A
194 680 100 19 crown
311 672 46 27 for
375 675 91 31 esprit
483 675 59 26 and
559 675 63 27 elan
638 684 83 19 more
738 683 85 20 meet.

108 760 60 27 For
185 761 72 27 thou
272 762 68 27 hast
356 763 108 27 known
480 765 49 26 the
545 764 153 36 discipline
714 766 33 26 of
761 766 76 35 pain,

152 807 134 27 Beneath
304 817 17 18 a
341 816 145 28 rampant,
507 810 128 28 ruthless
654 814 123 30 tyrant's
794 813 81 31 heel;

107 853 58 26 But
183 854 147 27 Freedom
345 854 55 28 has
416 865 17 17 a
451 856 65 26 soul
532 861 29 21 to
578 857 56 26 rise
650 857 97 35 again,

150 899 215 34 Transmuting
384 910 73 17 even
476 911 62 17 woe
557 902 82 27 itself
657 908 31 22 to
705 904 82 27 weal.

105 988 94 32 Thou,
217 994 51 21 not
287 990 163 26 consumed
467 990 52 27 but
536 991 162 27 chastened
714 992 29 27 in
760 992 49 27 the
826 992 75 34 fires,

149 1034 79 27 Hast
244 1040 48 29 yet
309 1036 128 33 uprisen,
453 1036 61 27 like
533 1037 132 32 Phœnix,
683 1047 64 17 new
762 1038 30 26 in
808 1038 51 27 life
860 1055 34 2 —

106 1080 62 26 Not
181 1080 48 27 for
273 1081 30 27 la
315 1081 102 27 Gloire
459 1091 67 17 now
539 1082 132 36 striving,
685 1083 58 27 like
756 1084 52 34 thy
820 1084 80 34 sires,

148 1127 58 26 But
225 1127 119 33 waging
362 1128 48 26 for
460 1129 29 26 la
507 1129 120 27 Liberte
676 1136 81 21 stern
776 1130 91 28 strife.

102 1214 66 35 Thy
185 1216 117 26 Teuton
320 1216 56 32 foe,
395 1217 190 34 degenerate,
604 1219 54 26 has
675 1219 105 27 waned

147 1261 33 25 In
204 1261 98 27 moral
328 1263 144 32 strength,
498 1272 34 18 as
558 1263 71 28 thou
653 1264 68 27 hast
745 1266 103 26 waxed
872 1266 28 27 in

232 1316 99 24 power
340 1318 3 15 :

102 1352 102 33 Truth,
224 1362 110 25 mercy,
354 1353 124 31 honour,
500 1356 152 34 wantonly
671 1357 148 34 profaned

145 1397 84 34 Seek,
255 1398 30 27 in
344 1399 49 27 the
417 1399 70 35 Day
540 1401 37 27 he
604 1403 117 33 sought,
748 1403 152 33 requital's

229 1445 84 24 hour.
