1011 1701
270 67 160 26 ECHOES
459 67 52 26 OF
538 68 85 25 THE
651 67 101 26 WAR.

115 73 31 24 34

172 232 84 26 THE
286 233 171 25 TEUTON
488 233 88 25 AND
608 232 86 26 THE
723 232 124 26 TURK.

157 331 99 26 Birds
274 331 34 26 of
325 340 17 17 a
362 331 116 26 feather
497 331 77 26 flock
592 331 138 34 together
732 346 32 2 —

198 377 64 26 The
279 377 117 26 Teuton
414 377 60 26 and
491 377 49 25 the
557 377 99 31 Turk;

156 422 58 26 But
232 422 104 34 they'll
354 427 48 29 yet
419 427 79 22 meet
517 422 70 27 with
607 427 111 29 stormy
736 422 130 26 weather

199 468 34 25 In
252 467 75 27 their
345 467 162 34 perfidious
524 468 92 26 work.

157 572 58 27 'Tis
234 572 64 27 said
316 574 72 32 that,
407 574 85 26 when
510 579 57 20 two
585 582 109 26 rogues
711 573 56 27 fall
783 578 58 29 out,

198 619 63 26 The
275 619 105 26 honest
396 624 50 28 get
459 619 76 26 their
550 620 57 25 due
615 630 5 15 :

153 664 69 27 And
241 664 70 27 time
330 664 60 28 will
408 674 99 26 prove,
526 664 123 28 without
668 675 17 17 a
703 665 100 33 doubt,

198 710 72 26 This
287 710 98 34 adage
403 715 31 22 to
452 711 37 26 be
507 715 74 22 true.

153 817 98 26 These
268 817 84 26 twins
368 817 34 27 of
417 817 106 27 malice
540 818 59 26 and
614 817 127 35 intrigue

198 863 72 26 Will
289 872 73 17 soon
379 863 151 26 misdoubt
547 863 75 26 each
639 863 99 26 other:

153 908 64 27 The
235 909 92 35 hopes
346 908 32 27 of
394 909 76 26 their
486 909 154 26 nefarious
656 909 106 35 league

198 955 111 26 Events
325 954 61 27 will
402 963 49 18 ere
467 955 72 33 long
557 956 139 26 smother.

153 1059 63 26 The
235 1059 94 33 Huns,
349 1060 65 26 who
432 1061 76 25 have
525 1060 131 27 misused
674 1061 49 26 the
742 1061 97 33 Cross,

197 1105 84 27 Shall
300 1111 47 27 yet
367 1106 36 26 be
422 1106 149 32 crucified,

151 1151 64 26 The
233 1151 141 27 Crescent
390 1151 34 27 of
441 1151 49 27 the
508 1152 172 34 Bosphorus

195 1196 89 27 Grow
299 1197 60 26 dim
375 1196 46 27 till
434 1197 22 26 it
471 1198 54 25 has
540 1197 79 26 died.

153 1306 66 33 For,
240 1306 85 27 when
345 1307 71 26 such
435 1307 97 26 hands
551 1307 62 35 join
633 1307 126 28 kindred
778 1309 94 26 hands

193 1353 44 25 To
257 1351 83 28 force
358 1361 18 18 a
395 1361 88 18 cause
502 1354 109 33 unjust,

149 1399 27 25 A
195 1398 153 34 righteous
367 1399 67 26 God
452 1399 60 26 will
531 1399 92 28 break
642 1400 75 27 their
735 1401 103 34 bands,

192 1444 68 27 And
280 1444 84 27 smite
383 1445 80 26 them
482 1450 31 21 to
530 1446 49 26 the
598 1447 77 25 dust.
