1011 1701
96 98 34 29 64

254 98 162 24 ECHOES
444 98 52 24 OF
523 98 86 24 THE
636 97 101 25 WAR.

279 269 223 25 CHANGING
533 269 176 25 COLOUR.

101 363 98 27 White
211 373 61 18 was
287 365 48 26 the
351 364 132 27 Kaiser's
498 365 110 32 colour,
623 365 29 26 in
666 365 156 26 character
836 364 57 27 and

184 418 97 23 cause,

98 456 34 25 In
147 456 116 34 plumes
278 457 59 25 and
352 457 82 26 steed
448 457 61 26 and
523 457 185 33 everything.
746 457 26 26 A
787 466 106 26 proper

183 510 69 17 man
269 501 38 26 he
323 511 61 16 was
395 503 5 24 !

97 547 92 26 What
202 547 96 34 might
312 548 37 26 be
362 556 104 27 wrong
478 548 30 26 in
521 549 101 26 others
634 549 30 26 in
677 548 61 27 him
751 558 60 17 was
824 549 69 35 only

185 593 79 33 right
274 604 6 22 ;

98 639 49 27 He
163 639 61 27 had
242 639 49 27 the
310 639 90 33 force,
419 640 37 27 he
473 640 60 27 had
551 640 49 27 the
618 640 68 33 will,
705 641 60 26 and
782 650 60 17 was
860 650 32 17 so

184 694 71 24 very
272 685 98 27 white.

98 788 58 26 But
177 788 70 27 time
268 788 104 35 brings
393 794 121 29 strange
535 799 131 17 reverses
677 800 6 23 ;
711 790 60 26 and
789 799 66 17 now
875 799 16 18 a

184 834 95 26 world
296 834 29 26 in
344 844 79 16 arms

98 879 71 28 Sees
184 889 106 18 reason
303 889 18 18 a
336 881 81 26 fresh
431 882 136 26 estimate
582 887 29 21 to
626 888 42 20 set
681 891 40 18 on
735 882 155 27 William's

184 927 134 32 charms;

97 973 57 26 His
171 973 95 33 heart,
284 974 60 26 and
362 982 88 26 ways,
468 974 60 26 and
546 983 129 26 purpose
692 976 89 25 we've
799 975 91 27 found

185 1019 67 26 coal
272 1020 86 25 black
377 1020 29 25 in
426 1020 57 25 hue
484 1036 35 2 —

97 1065 56 26 His
168 1065 116 34 plumes
299 1066 77 26 we'll
391 1066 97 34 pluck,
505 1066 58 26 and
578 1071 68 21 turn
660 1066 45 27 his
720 1067 65 26 face
799 1067 61 27 into
875 1076 17 18 a

183 1112 141 25 Prussian
347 1112 77 25 blue.
