1011 1701
253 73 161 25 ECHOES
442 73 53 25 OF
522 73 85 25 THE
636 72 100 25 WAR.

99 78 29 25 52

302 210 52 25 TO
378 210 113 25 AULD
517 210 169 25 REEKIE.

182 291 94 26 Auld
292 291 130 27 Reekie
432 292 4 25 !
462 299 68 18 ever
546 291 81 32 dear,

184 337 97 26 When
298 337 65 27 foes
380 346 83 17 come
480 337 135 32 hurtling
632 345 71 18 near

314 383 116 25 Dearer
448 382 72 26 still:

184 426 62 28 Our
262 427 52 27 life
331 427 93 27 blood
440 437 43 17 we
500 428 99 26 would
616 427 65 35 give

182 474 45 25 To
245 482 69 17 save
331 474 66 25 thee
399 489 34 3 —
434 482 33 17 as
484 482 42 17 we
543 473 58 26 live
611 474 4 25 !
625 490 34 2 —

314 520 91 25 From
422 520 41 25 all
480 519 40 26 ill.

182 599 81 26 Auld
281 600 111 26 Reekie
403 601 4 25 !
435 601 72 26 thou
524 601 67 26 hast
612 609 76 24 seen,

184 645 34 26 In
234 645 53 27 old
303 645 134 27 conflicts
456 647 63 25 that
537 647 75 26 have
629 647 82 31 been,

314 691 128 33 Strange
460 692 181 27 commotion
651 703 5 21 ;

182 736 79 27 That
281 737 105 26 thou'lt
406 737 81 26 thole
508 738 48 26 the
576 743 119 30 present
715 738 52 32 tilt,

182 783 68 26 And
266 783 60 26 add
342 784 116 26 honour
475 789 29 21 to
523 784 48 26 the
587 784 62 32 kilt,

314 829 29 27 Is
361 838 50 24 my
429 830 111 26 notion.

182 909 117 27 Blonde
316 910 109 32 brutes,
443 910 66 26 who
526 910 66 26 love
610 916 30 20 to
657 919 90 25 scare,

182 956 72 32 May
270 956 77 32 seek,
362 965 40 17 on
418 964 49 19 sea
481 956 60 27 and
555 956 52 32 air,

311 1001 82 27 Thee
409 1007 29 21 to
456 1002 91 27 shock
557 1012 5 21 ;

182 1048 66 32 But,
265 1048 156 34 expecting
436 1048 66 26 thee
518 1053 29 21 to
564 1047 120 36 squirm,

181 1094 84 32 They
279 1093 60 26 will
354 1093 61 26 find
430 1094 51 32 thy
496 1094 90 26 mood
602 1102 32 18 as
650 1094 65 26 firm

311 1139 42 26 As
372 1139 52 32 thy
443 1139 92 26 Rock.

181 1219 82 27 With
280 1219 160 27 defenders
458 1220 106 26 skilled
583 1221 59 25 and
660 1226 70 24 true,

181 1266 124 26 Heaven
325 1266 61 26 will
406 1266 87 33 bring
514 1266 67 27 thee
603 1266 96 35 safely
719 1267 129 35 through

310 1310 99 34 Every
429 1310 81 34 fray;

180 1356 46 26 On
245 1356 49 26 the
313 1355 56 28 soil
387 1357 49 26 the
455 1356 113 27 fathers
587 1358 75 32 trod,

180 1402 82 26 With
281 1402 150 27 ancestral
451 1402 74 27 faith
544 1402 30 27 in
594 1403 68 27 God

309 1448 46 27 Go
372 1448 52 33 thy
441 1457 64 24 way
515 1449 4 25 !
