1011 1701
82 76 32 30 84

238 74 161 26 ECHOES
427 74 53 26 OF
507 73 86 26 THE
621 72 102 26 WAR.

183 239 125 26 WHAT
337 239 137 26 MIGHT
504 237 112 27 HAVE
647 236 125 27 BEEN.

364 317 72 24 Hail,
454 317 131 20 Columbia
595 316 16 20 !'

82 396 106 26 Clasp
203 396 96 26 hands
309 397 5 24 !
347 396 39 25 At
402 395 105 34 length
524 395 49 26 the
588 393 289 35 English-speaking

213 450 68 17 race

124 487 199 35 Throughout
338 487 50 27 the
403 487 95 27 world
513 487 24 26 is
553 486 146 34 gathered
713 485 62 27 into
789 494 64 24 one,

81 534 64 26 The
161 533 251 27 blood-and-iron
427 532 48 27 foe
489 532 33 27 of
537 532 108 33 liberty
660 537 30 22 to
705 531 73 34 face,

125 580 67 26 And
209 580 70 26 beat
295 580 62 26 him
373 580 88 26 down
478 578 46 27 till
539 579 114 33 victory
668 578 25 26 is
710 587 73 17 won.

82 668 75 27 Vain
174 667 127 35 parleys,
319 668 102 35 hopes,
441 667 88 33 fears,
546 666 177 27 hesitations
740 666 104 31 ended,

125 714 86 26 Thou
237 714 69 26 with
332 714 49 26 the
407 713 210 27 Mother-land
641 713 67 26 dost
734 712 67 27 take
827 712 50 33 thy

214 760 86 26 stand
310 770 4 21 ;

82 806 76 32 And,
173 807 85 25 when
272 814 43 18 we
329 806 75 26 have
419 805 50 27 the
484 805 95 35 rights
591 804 33 28 of
637 813 69 18 men
719 803 156 33 defended,

125 852 87 27 Thou
225 852 52 33 thy
288 852 60 33 just
361 852 87 26 meed
461 851 33 26 of
505 852 116 25 honour
633 850 61 27 wilt
707 849 167 28 command.

82 941 66 34 Thy
181 950 76 23 sons,
291 940 167 33 Columbia,
493 940 97 27 'neath
623 940 49 27 the
705 940 83 27 Stars
819 939 57 27 and

214 988 121 33 Stripes,

126 1034 73 26 Will
214 1033 45 27 vie
274 1033 30 27 in
319 1033 105 27 valour
441 1033 68 26 with
526 1033 48 26 the
590 1032 102 27 Union
707 1032 80 35 Jack,

82 1080 66 33 Thy
165 1079 107 34 bugles
290 1089 114 17 answer
423 1084 29 22 to
472 1079 48 27 the
539 1079 107 34 slogan
662 1078 93 35 pipes,

125 1127 51 32 As,
195 1125 63 27 side
275 1125 40 34 by
333 1125 70 32 side,
424 1134 42 17 we
484 1125 103 26 march
606 1130 30 21 to
655 1125 49 26 the
723 1124 107 27 attack.

82 1214 67 26 And
166 1222 89 18 never
271 1213 31 27 in
319 1213 57 27 this
394 1213 66 35 fray
476 1213 78 27 we'll
570 1213 59 27 call
645 1222 17 18 a
678 1213 64 27 halt

125 1259 60 26 Till
210 1260 49 26 the
284 1259 79 33 grim
386 1260 83 26 work
494 1259 47 27 for
566 1259 136 28 freedom
725 1259 54 27 has
805 1259 72 26 been

211 1305 78 25 done
291 1321 32 2 —

82 1351 60 26 Till
159 1350 145 27 falseness
322 1360 43 17 we
383 1350 50 34 lay
450 1360 101 26 prone,
571 1351 60 26 and
649 1351 80 26 truth
748 1351 87 32 exalt,

125 1397 67 26 And
205 1397 57 26 win
275 1396 47 27 for
335 1404 91 26 peace
439 1396 57 27 due
510 1396 85 34 place
608 1397 129 27 beneath
750 1397 50 26 the
813 1405 61 18 sun.
