1011 1701
231 82 162 26 ECHOES
421 83 52 25 OF
500 83 85 25 THE
615 83 100 24 WAR.

75 87 30 17 22

352 246 54 26 TO
432 247 157 25 RUSSIA.

73 324 86 25 Vast
174 324 117 32 Russia,
306 333 75 18 once
396 334 18 17 a
430 325 57 32 foe,
504 334 66 17 now
585 330 96 29 trusty
696 325 98 26 friend
804 326 3 25 !

117 370 56 26 We
190 370 63 26 hail
272 370 75 33 thee,
367 370 140 27 comrade
525 370 30 27 in
573 370 58 27 this
650 380 108 24 agony,

73 415 116 32 Which,
205 416 148 34 mutually
370 416 103 33 borne,
488 416 56 26 has
560 416 131 35 brought
707 425 38 18 an
761 418 56 25 end

115 462 45 25 To
184 461 168 35 time-long,
375 462 154 34 grudging
551 462 168 34 animosity.

71 549 65 26 The
153 550 116 26 Teuton
287 549 32 27 of
335 550 255 36 world-conquest
607 552 60 26 had
684 551 44 27 his
745 552 103 26 dream
857 562 4 23 ;

116 596 59 26 But
191 604 56 18 our
263 596 84 27 hosts
365 605 51 18 are
432 596 131 34 inspired
580 597 39 33 by
635 606 38 18 an
690 597 76 27 idea.

71 641 77 32 And,
168 641 63 27 side
249 641 38 34 by
306 641 71 33 side,
396 651 43 17 we
457 641 102 27 follow
576 652 66 17 now
660 643 50 26 the
727 643 98 34 gleam

115 685 41 28 Of
172 686 101 27 loftier
291 686 59 27 aim
367 688 71 25 than
457 688 83 26 lured
557 687 29 27 in
604 688 48 26 the
670 688 127 26 Crimea.

71 775 78 26 Both
179 776 71 26 thou
279 776 58 26 and
366 785 42 18 we
435 785 52 18 are
515 785 97 18 sworn
639 782 29 22 to
698 778 168 27 Freedom's

201 830 97 23 cause,

113 867 127 34 Against
268 877 17 17 a
315 867 48 28 foe
391 868 66 27 who
485 869 127 34 thought
640 869 49 27 the
717 870 93 26 world
838 875 27 22 to

201 913 100 26 thrall.

70 1001 91 35 Clasp
178 1002 96 26 hands
285 1003 5 25 !
316 1002 47 27 for
380 1011 43 18 we
441 1002 60 27 will
518 1002 66 35 give
602 1003 71 27 such
691 1003 172 27 miscreants

198 1056 100 26 pause,

110 1094 68 26 And
212 1094 68 26 blur
313 1094 50 27 the
396 1104 192 25 programme
590 1111 34 2 —
657 1095 206 27 Deutschland

196 1149 71 16 over
283 1139 41 26 all
335 1141 4 24 !

65 1229 64 25 Too
145 1228 71 35 long
232 1229 71 25 thou
319 1229 67 26 hast
402 1229 75 26 been
493 1229 119 27 fronted
628 1230 28 26 in
672 1231 49 25 the
737 1231 83 26 West

109 1275 44 33 By
175 1275 141 26 Prussian
337 1275 122 33 beagles
479 1275 169 33 hankering
669 1281 30 21 to
718 1276 57 27 win
785 1287 6 21 ;

65 1320 80 27 With
166 1320 114 26 France
298 1320 60 27 and
377 1329 42 24 us,
441 1320 106 27 thou'lt
565 1320 89 35 bring
672 1322 50 26 old
743 1322 118 35 Europe

194 1370 68 27 rest,

107 1412 96 26 When
221 1420 43 17 we
281 1412 77 26 have
377 1412 127 26 reached
522 1420 55 18 our
595 1413 129 34 trysting
742 1414 85 34 place
829 1430 32 2 —

192 1457 111 26 Berlin.
