1011 1701
246 68 162 26 ECHOES
436 68 52 26 OF
514 68 86 26 THE
628 67 101 25 WAR.

89 70 33 29 78

354 249 141 26 PROUD
523 248 52 26 TO

172 336 73 20 nation
261 343 48 19 may
324 337 26 19 be
364 337 121 19 sometimes
501 338 36 17 too
552 335 67 26 proud
637 338 22 17 to
752 346 26 3 —
781 334 107 21 President

93 372 107 19 Woodrow
215 371 86 20 Wilson.

122 453 71 25 Too
237 454 96 33 proud
377 460 30 20 to
452 454 74 34 fight
536 454 5 27 !
623 454 166 34 Humanity
832 454 51 28 lies

220 499 149 34 bleeding,

134 545 147 26 Freedom
313 546 59 26 and
402 546 117 26 honour
551 546 148 35 trampled
730 547 38 34 by
800 548 83 26 brute

219 591 96 33 might
324 602 5 15 :

91 637 99 27 Crime
208 637 153 27 followeth
378 637 98 33 crime,
494 647 94 17 worse
604 638 123 27 horrors
744 638 59 27 bad
819 648 62 17 suc-

220 683 133 34 ceeding,

134 730 58 26 But
211 738 58 18 one
289 735 86 29 great
398 730 103 27 Power
522 730 128 27 remains
651 747 34 1 —
719 736 49 22 too
789 731 94 35 proud

220 780 30 22 to

91 877 28 27 If
135 886 68 18 ever
221 879 110 34 People
349 879 81 32 bore,
447 879 30 26 in
493 878 170 34 innocence,
681 879 64 26 foul
761 888 111 25 wrong,

132 924 64 27 The
226 924 127 34 Belgian
382 924 64 27 folk
474 934 77 17 were
579 925 153 33 martyred
761 925 46 26 for
835 925 47 26 the

220 970 78 33 right
309 980 5 22 ;

89 1016 56 26 Yet
165 1016 76 26 hark
251 1017 4 25 !
285 1017 82 25 there
387 1025 100 18 comes
508 1016 78 27 from
607 1017 200 34 Washington
828 1016 55 28 this

220 1070 74 25 song
296 1078 34 2 —

165 1107 40 27 So
221 1107 79 35 right
318 1116 42 18 we
375 1117 60 24 are,
451 1117 43 17 we
509 1108 40 27 do
563 1114 51 21 not
630 1109 76 26 need
723 1114 29 21 to
767 1108 74 35 fight
851 1110 5 26 !

88 1214 63 26 The
169 1214 95 35 pirate
284 1214 113 27 Nation
417 1224 69 17 runs
504 1216 91 26 amok
613 1221 30 21 at
662 1216 145 34 pleasure,

134 1261 156 26 Presumes
309 1265 29 22 to
358 1260 65 27 sink
440 1260 188 29 defenceless
647 1261 80 34 ships
746 1266 30 22 at
795 1261 86 34 sight,

87 1305 84 27 Even
207 1305 113 27 wrecks
357 1306 55 26 her
447 1315 67 18 own
552 1307 81 34 good
670 1307 119 27 citizens
826 1307 57 27 and

217 1356 133 21 treasure
352 1367 34 4 —

130 1398 58 26 But
208 1397 61 27 still
286 1397 164 28 America's
502 1404 50 22 too
571 1399 95 34 proud
685 1404 30 22 to
