1011 1701
369 93 271 26 FORGOTTEN?

902 118 2 8 51

368 260 270 26 FORGOTTEN?

102 358 52 27 He
172 359 61 26 had
251 359 94 27 borne
362 368 91 25 every
471 359 144 35 hardship
632 359 61 35 just
711 358 128 35 smiling,

145 404 68 27 And
231 414 39 17 no
287 405 118 33 danger
422 405 61 26 had
499 405 89 26 made
605 405 61 26 him
683 404 98 27 afraid
792 415 6 22 ;

103 450 62 27 Not
184 459 17 17 a
219 451 129 34 thought
364 451 34 26 of
415 451 162 35 complaint
594 460 36 18 or
647 450 126 36 reviling

146 497 72 27 Had
235 507 33 17 so
285 498 90 26 much
392 507 34 17 as
442 507 75 17 once
533 497 125 27 entered
674 497 46 27 his
736 497 87 27 head.

103 600 33 25 In
156 600 49 26 the
222 600 139 26 trenches
378 600 37 26 he
433 608 90 18 never
539 608 61 18 was
616 599 142 34 wanting,

147 646 34 25 In
199 645 50 27 the
265 646 113 33 charge
394 646 38 25 he
448 654 56 25 aye
521 645 80 26 liked
618 650 30 21 to
665 645 37 26 be
719 644 64 26 first
793 654 5 22 ;

103 690 28 28 If
146 700 18 18 a
179 691 149 27 wounded
344 690 51 36 pal
411 691 49 33 lay
476 691 84 26 weak
575 690 59 27 and
650 690 134 35 panting,

147 738 65 26 You
229 737 100 27 would
348 745 49 19 see
414 737 62 26 him
494 736 88 27 kneel
599 735 120 34 slaking
735 736 45 26 his
798 735 95 27 thirst.

102 840 98 27 There
216 840 120 27 seemed
350 839 95 27 music
461 839 48 27 for
523 839 61 26 him
599 839 30 26 in
643 839 50 26 the
709 838 89 27 rattle

146 886 41 26 Of
201 886 139 26 machine
356 894 87 25 guns,
460 886 61 25 and
538 884 138 35 bursting
691 884 33 27 of
740 884 76 27 shell
826 894 5 22 ;

102 932 63 27 Our
182 932 66 27 foes
264 933 37 25 he
319 932 100 26 would
437 931 59 27 call
544 931 104 26 driven

145 978 69 27 And
233 978 93 34 spoke
344 977 111 34 grimly
471 977 34 27 of
522 977 103 33 giving
643 977 81 26 them
725 992 34 2 —

102 1081 56 27 Yet
173 1089 57 18 one
245 1080 61 33 day
321 1088 43 18 we
381 1088 60 18 saw
455 1079 46 26 his
517 1078 41 35 lip
574 1078 110 35 quiver,

146 1126 131 35 Though
290 1126 38 27 he
345 1125 77 27 tried
437 1125 46 26 his
499 1125 91 26 brave
604 1124 67 27 best
686 1129 30 21 to
731 1123 72 27 look
818 1123 68 26 cool
894 1133 6 23 ;

102 1174 64 26 The
183 1172 80 34 sight
279 1181 77 25 gave
371 1181 48 17 me
435 1181 18 17 a
470 1176 62 22 sort
547 1170 33 28 of
594 1187 18 11 <*
629 1170 97 27 shiver
727 1186 35 2 —

146 1220 11 26 I
174 1218 113 35 myself
302 1226 86 19 came
402 1226 74 18 near
492 1216 124 36 playing
633 1216 49 26 the
699 1215 71 27 fool.

102 1323 92 27 What
209 1322 62 26 had
285 1320 169 36 happened,
468 1329 42 18 on
526 1319 72 27 land
614 1328 33 17 or
660 1327 40 18 on
714 1327 104 24 ocean,

146 1368 44 25 To
209 1366 90 27 cloud
317 1366 65 26 that
401 1364 102 34 bright
522 1364 66 27 face
606 1363 70 27 with
695 1363 72 26 such
785 1362 119 35 gloom?

103 1414 99 34 Slight
223 1421 99 24 cause,
345 1419 82 19 some
447 1410 100 26 would
568 1419 62 25 say,
650 1408 48 28 for
717 1408 132 28 emotion
851 1424 33 2 —

181 1460 71 25 Post
270 1458 119 27 arrived
391 1474 33 1 —
427 1458 52 26 but
496 1465 39 18 no
554 1456 87 26 letter
659 1455 78 26 from
753 1455 105 26 home!
