1011 1701
159 79 107 25 HIGH
297 78 186 26 PURPOSE
513 76 303 28 UNFULFILLED.

862 81 28 25 17

90 166 85 27 None
190 176 61 17 was
265 175 84 18 more
365 165 149 36 prescient
528 165 33 27 of
575 165 57 26 this
647 164 91 26 awful
752 162 92 33 strife,

135 213 85 25 None
237 213 98 25 better
352 212 153 26 exercised
520 211 31 26 in
569 211 65 26 soul
652 211 72 26 than
740 210 72 26 thou

88 259 45 26 To
149 259 88 33 guide
253 268 54 18 our
323 259 109 27 armies
448 258 93 34 nobly
556 257 130 34 through
702 257 49 26 the
767 261 101 27 storm,

135 305 86 25 None
236 305 141 25 worthier
392 304 32 26 of
438 305 49 25 the
502 303 120 27 victor's
636 302 148 28 laurelled
797 302 90 26 brow.

90 408 59 25 But
165 408 73 25 thou
253 408 67 26 hast
337 407 116 34 passed,
473 406 69 26 'mid
558 404 96 27 sound
668 403 33 27 of
716 403 93 27 battle
826 402 65 32 call,

137 453 160 33 Prepared,
311 453 54 27 but
377 458 53 21 not
442 451 156 33 ordained,
614 456 30 21 to
658 450 70 35 play
740 450 50 25 the
803 458 70 16 man

89 501 43 25 As
155 500 81 32 thou,
260 499 92 27 brave
374 498 158 27 Grierson!
564 496 145 32 would'st,
733 504 42 18 we
797 496 94 30 know,

222 546 77 24 have
315 546 92 24 done:

134 591 67 32 Thy
216 590 53 28 life
284 596 48 22 cut
349 590 119 27 short—
470 590 60 26 and
545 589 81 26 thine
641 597 17 17 a
673 587 114 26 broken
802 586 71 35 plan
883 586 3 26 !

91 695 57 27 Yet
161 695 84 26 there
257 694 25 26 is
295 694 64 26 One
373 694 66 25 who
452 691 196 36 high-souled
661 698 128 27 purpose
802 694 92 26 notes,

136 741 80 26 Who
233 750 60 17 saw
310 740 68 26 thee
396 739 57 27 rise
471 744 31 21 to
517 738 39 26 do
571 746 18 17 a
605 738 98 25 hero's
721 741 74 27 part,

91 788 77 32 And,
183 789 64 25 o'er
262 787 53 34 thy
329 785 74 36 gifts
419 794 81 26 upon
514 784 50 26 the
579 783 78 27 altar
672 782 68 32 laid,

137 834 48 27 He
210 833 72 31 said,
342 833 95 25 'Twas
459 830 70 27 well
552 830 63 26 that
638 829 21 26 it
681 837 61 18 was
765 827 29 27 in
817 827 79 26 thine

223 879 103 26 heart!

92 982 69 28 And
177 991 53 24 we,
249 990 33 18 as
298 980 69 27 well
382 989 35 17 as
435 980 57 32 He,
508 977 61 27 will
586 978 75 26 have
678 986 17 17 a
712 977 84 33 place

139 1029 60 26 For
216 1028 67 26 thee
301 1035 112 24 among
431 1026 50 26 the
497 1026 108 25 heroes
621 1023 31 26 in
669 1023 49 26 the
735 1021 82 35 fight,

94 1076 107 33 When,
213 1075 31 27 in
254 1074 97 27 God's
363 1073 71 26 time
445 1071 62 27 and
518 1071 71 27 with
602 1069 93 28 God's
707 1068 78 35 help,
799 1068 23 25 is
834 1076 64 17 won

138 1123 138 26 Right's
299 1120 131 33 triumph
452 1127 71 19 over
545 1117 83 35 lying
650 1115 101 28 brutal
772 1115 125 26 Might.
