1011 1701
138 79 86 27 THE
247 81 278 35 CONQUERING
548 87 130 27 RIGHT
701 90 125 26 HAND.

863 93 34 31 89

90 166 27 26 A
133 167 85 27 smile
234 168 33 27 lit
283 178 39 26 up
340 170 49 27 the
405 181 160 20 war-worn
581 174 65 28 face

134 212 40 27 Of
189 214 91 27 noble
299 216 188 35 Wellington
496 229 7 22 ;

90 258 49 27 He
158 260 123 35 clasped
300 262 50 27 the
371 264 117 33 youth's
509 267 147 27 extended
675 268 88 34 hand,

132 306 68 27 And
222 306 108 36 simply
352 309 99 27 said—
487 312 79 27 Well

90 407 92 28 Forth
200 410 73 34 sped
291 411 49 27 the
357 411 92 28 brave
468 422 100 27 young
585 415 108 34 officer,

131 455 82 27 With
231 465 17 18 a
266 455 56 28 few
340 456 197 30 like-minded
555 469 69 19 men
634 472 6 20 ;

87 500 84 35 They
186 503 133 26 stormed
334 504 50 27 the
399 505 114 34 height,
531 506 69 35 they
616 507 104 36 spiked
737 510 49 26 the
802 518 83 26 guns,

129 548 67 26 And
213 556 83 19 some
311 558 85 19 came
412 551 78 27 back
505 553 101 32 again.

87 593 25 27 It
129 603 60 18 was
207 604 38 17 no
263 597 86 25 meed
366 597 35 26 of
416 599 99 33 praise
533 599 70 35 they
621 601 116 35 sought,

129 641 57 26 But
201 641 72 35 only
289 643 73 33 duty
377 643 79 28 done
465 654 7 22 ;

86 687 54 26 Yet
158 687 99 34 surely
275 688 69 35 they
361 690 50 26 the
429 690 114 36 victory
561 693 116 33 shared,

128 733 96 27 When
241 734 114 34 victory
371 745 61 18 was
449 745 76 19 won.

84 831 105 35 Christ,
215 834 128 36 Captain
364 836 35 28 of
421 837 170 28 Salvation!
623 841 85 26 Thou

126 880 126 34 Fight'st
270 881 57 27 evil
344 882 122 28 without
483 893 109 25 pause;

81 925 53 27 Let
148 935 47 17 me
211 926 48 27 for
274 936 69 19 ever
358 929 37 26 be
410 930 91 25 allied

123 973 82 27 With
225 974 52 34 thy
294 980 79 22 most
394 975 154 36 righteous
568 987 88 19 cause
667 980 3 26 !

81 1018 10 26 I
110 1019 60 26 will
187 1019 49 27 the
253 1020 123 28 hardest
394 1023 82 27 tasks
493 1030 113 28 accept,

120 1067 149 34 Assigned
285 1074 30 21 at
331 1069 67 34 Thy
414 1071 160 26 command
584 1081 5 24 ;

79 1112 55 26 But
149 1118 89 28 grant
251 1123 56 24 me,
324 1115 64 26 that
405 1116 11 25 I
432 1116 94 27 victor
541 1117 45 31 be,

118 1159 64 26 The
198 1159 83 36 clasp
297 1160 34 27 of
346 1162 66 34 Thy
431 1162 79 34 right
526 1163 81 27 hand
617 1165 5 25 !

135 1515 10 23 7
