1011 1701
87 98 31 30 36

243 96 161 26 ECHOES
432 95 52 27 OF
512 94 85 27 THE
625 93 100 26 WAR.

173 212 26 25 A
223 210 269 27 DEVOTIONAL
518 207 276 29 BOOMERANG.

120 278 94 26 GOTT
233 278 92 26 strafe
346 277 156 35 England!
549 276 25 27 is
594 285 39 17 an
651 274 196 35 imprecation

131 324 52 26 Oft
206 324 101 26 hissed
330 323 78 26 from
431 323 132 26 German
587 321 64 34 lips,
708 320 52 27 mit
785 319 100 27 Sturm

218 366 61 26 und
298 366 108 33 Drang
446 375 5 23 ;

90 413 58 25 But
166 420 124 27 prayers
307 411 34 27 of
357 411 107 26 malice
484 410 78 26 from
580 419 19 17 a
616 409 96 35 guilty
729 408 104 27 nation

133 458 105 27 Recoil
255 466 40 18 on
313 456 210 27 Deutschland
540 464 67 18 now
625 464 34 17 as
678 455 194 31 boomerang.

178 504 88 26 Stern
286 503 99 27 kilties
407 511 94 18 swear
501 518 34 2 —
539 502 133 26 "That's

178 550 86 32 Fritz,
283 552 86 24 'ware
385 549 50 26 the
452 549 165 33 Kangaroo
627 548 5 26 !

182 721 87 26 THE
297 721 177 26 GERMAN
506 718 289 28 BUCCANEERS.

335 773 61 25 (Con
412 773 82 25 Spirito
513 772 132 25 Teutonics).)

94 839 95 27 Some
203 839 62 26 talk
275 838 35 27 of
322 838 113 26 furious
449 836 102 33 Attila,
564 836 59 27 and
636 845 81 17 some
728 834 34 27 of
773 834 116 28 Timur-

181 881 75 32 lane,

94 927 40 26 Of
149 926 179 32 Diocletian,
346 926 91 32 Nero,
453 925 62 26 and
529 925 103 26 others
646 923 33 27 of
694 924 63 26 that
775 922 90 28 strain
876 933 5 22 ;

95 975 58 26 But
166 973 35 27 of
216 974 42 26 all
274 974 84 25 those
374 972 116 35 gallant
505 972 171 34 gentlemen
692 972 107 26 there's
815 979 77 18 none

182 1016 63 27 that
262 1024 75 19 once
355 1023 163 26 compares,

95 1063 82 26 With
197 1071 17 17 a
233 1061 97 33 Hoch,
348 1060 87 33 hoch,
457 1060 76 27 hoch
544 1061 4 25 !
574 1060 60 26 and
652 1068 18 18 a
690 1059 96 32 Hoch,
806 1058 84 33 hoch,

181 1104 93 26 hoch!

95 1152 44 24 To
157 1151 49 25 the
223 1150 130 26 German
371 1149 196 27 Buccaneers.

98 1233 87 26 None
197 1231 33 28 of
243 1232 85 26 those
341 1231 118 27 ancient
472 1231 106 26 heroes
590 1231 60 25 e'er
664 1229 60 27 laid
738 1238 17 17 a
769 1228 122 34 floating

181 1275 88 31 mine,

96 1321 41 26 Or
151 1320 68 27 with
236 1320 66 27 slim
314 1319 166 34 white-flag
495 1319 155 34 treachery
663 1323 67 21 cute
744 1317 87 35 firing
844 1317 49 26 did

183 1360 144 31 combine,

97 1408 41 26 Or
155 1407 132 35 squirted
303 1406 130 34 choking
449 1414 88 26 gases
554 1410 30 21 to
600 1405 50 34 lay
665 1405 90 26 brave
772 1414 68 16 men
856 1413 38 17 on

184 1449 86 32 biers,

98 1496 81 26 With
197 1505 17 17 a
230 1495 97 27 Hoch,
344 1500 54 21 etc.
