1011 1701
281 75 162 26 ECHOES
472 75 52 26 OF
551 75 86 26 THE
665 74 101 26 WAR.

151 93 7 4 10

269 189 85 26 OUR
383 190 147 25 YOUNG
558 186 219 29 RECRUITS.

127 268 11 25 I
156 274 70 20 SAW
243 268 80 28 them
339 269 30 27 in
386 269 75 27 their
478 268 87 28 mufti
581 268 104 27 march
701 267 103 33 along,

170 314 99 26 While
289 315 87 26 home
398 316 10 24 I
431 315 124 26 wended
577 313 105 33 slowly
701 312 176 34 yesterday;

126 359 63 26 The
207 360 144 34 regiment
370 360 141 34 beguiled
528 360 76 26 their
622 358 74 27 road
712 357 71 27 with
800 366 84 25 song,

169 406 41 25 As
222 414 70 18 men
305 406 148 33 prepared
467 411 30 21 to
510 405 64 27 foot
620 413 17 17 a
651 404 82 34 long,
747 403 73 34 long

127 486 138 26 Recruits
281 487 70 33 they
367 495 86 23 were,
471 486 61 26 still
547 484 70 27 void
633 484 32 27 of
680 484 140 33 uniform,

171 532 56 26 Yet
243 540 88 23 wore,
348 537 31 21 to
393 540 58 23 me,
468 532 50 25 the
534 531 148 32 brightest
699 530 130 33 panoply

128 577 40 25 Of
183 577 138 33 patriotic
337 577 96 26 virtue
443 587 6 22 ;
473 577 59 26 and
549 584 38 18 no
605 581 101 27 storm,

173 623 10 26 I
203 632 90 23 ween,
312 632 56 17 can
384 632 70 17 ever
472 622 81 35 quell
570 622 76 27 their
663 622 161 35 gallantry.

129 704 100 26 Shone
243 704 78 26 from
337 704 75 27 their
426 713 69 25 eyes
509 704 50 27 the
574 713 84 18 sense
670 704 34 27 of
716 704 106 27 sacred
835 704 72 33 duty
916 714 5 22 ;

174 749 141 27 Sounded
332 754 43 22 set
392 759 129 25 purpose
535 749 31 27 in
582 749 77 27 their
673 759 89 25 every
777 755 106 29 tramp.

128 795 119 35 They'll
270 795 74 35 fight
368 795 46 27 for
437 796 143 33 freedom,
603 797 125 32 honour,
751 797 96 32 home,
871 796 57 27 and

259 838 112 34 beauty
371 854 35 3 —

175 885 49 26 No
243 885 118 26 fireside
381 885 125 26 soldiers
524 886 83 26 these
624 885 112 27 who've
755 886 108 34 sought
882 885 47 26 the

260 936 87 25 camp
358 928 5 26 !

129 1010 39 26 At
184 1009 81 35 sight
281 1008 32 28 of
327 1009 81 27 them
424 1019 49 24 my
488 1009 51 27 old
554 1018 69 25 eyes
638 1008 83 28 filled
736 1008 70 28 with
822 1014 85 27 tears,

176 1056 70 26 Part
266 1055 32 27 of
317 1055 189 33 compassion
526 1055 52 26 but
598 1055 48 27 far
663 1063 84 19 more
766 1055 33 26 of
817 1055 90 33 pride,

132 1102 67 32 For,
218 1101 37 26 be
274 1101 49 26 the
342 1101 83 26 strife
443 1110 18 17 a
480 1101 83 26 strife
581 1101 48 27 for
646 1102 120 26 months
784 1110 33 18 or
835 1110 93 25 years,

173 1146 118 34 They'll
337 1147 39 26 do
393 1146 76 27 their
485 1146 41 27 bit
572 1147 151 27 whatever
737 1156 69 24 may
821 1146 107 28 betide.

129 1228 68 26 And
215 1227 77 26 from
311 1236 17 17 a
345 1227 86 26 heart
450 1227 63 26 that
530 1227 122 26 thrilled
670 1228 70 26 with
757 1229 153 33 gratitude

172 1273 98 27 There
293 1281 66 18 rose
381 1281 17 18 a
419 1281 116 25 prayer,
558 1273 96 26 which
676 1273 82 33 daily
780 1274 79 27 shall
879 1279 51 22 not

260 1323 92 22 cease,

129 1361 78 27 That
226 1361 69 34 they
313 1369 68 25 may
400 1361 86 25 know
505 1360 125 26 Christ's
650 1369 65 18 own
735 1361 153 28 beatitude

173 1407 46 26 On
250 1407 70 26 such
353 1416 32 17 as
417 1406 89 26 strive
537 1406 47 27 for
615 1406 225 34 righteousness
872 1410 58 26 and

259 1457 99 26 peace.
