1011 1701
354 100 53 27 TO
437 101 196 26 AMERICA.

895 131 2 4 27

91 184 83 27 Your
196 185 206 35 Motherland,
428 188 47 27 for
498 189 142 28 honour's
665 190 78 33 sake,
767 191 54 26 has
844 196 50 30 put

177 231 55 26 her
249 232 51 27 life
317 233 29 26 in
363 233 55 32 fee,

89 277 45 26 To
157 278 94 34 shape
273 278 47 27 for
340 281 146 26 menaced
508 281 212 28 Christendom
741 292 18 18 a
780 284 114 34 worthy

178 323 128 35 destiny.

91 368 59 27 She
169 370 95 27 asked
281 377 53 21 not
354 371 46 28 for
419 382 75 24 your
510 374 70 35 help
598 374 29 27 in
646 384 88 23 arms,
752 384 40 18 on
810 376 84 27 fields

176 416 35 27 of
227 426 108 25 agony,

91 462 57 26 But
167 463 128 27 listened
313 464 48 27 for
378 473 82 18 some
477 465 83 28 voice
577 466 78 27 from
671 476 58 25 you
745 467 33 27 of
794 468 101 35 timely

179 510 170 33 sympathy.

91 603 50 28 No
153 609 71 22 note
237 604 34 27 of
285 605 154 35 righteous
453 615 94 27 anger
560 613 48 29 yet
621 608 53 26 has
687 609 122 27 crossed
822 618 72 25 your

179 650 105 27 rulers'
302 651 55 34 lips
360 668 34 2 —

88 696 86 34 They
191 697 74 33 only
284 697 76 27 have
412 699 154 34 protested
616 700 92 26 about
729 709 80 18 some
829 701 63 26 hin-

177 742 93 27 dered
289 743 80 35 ships
380 745 4 24 !
407 744 15 15 *

89 789 56 26 We
164 789 85 26 think
268 798 75 26 your
361 790 176 34 Mayflower
556 791 135 33 Fathers,
710 792 49 27 the
776 802 70 17 men
863 792 31 27 of

179 835 160 33 Plymouth
358 836 94 32 Rock,

89 881 35 26 In
141 880 109 35 higher
270 881 101 35 things
390 882 73 26 than
483 891 126 26 cargoes
627 884 60 26 and
705 885 186 33 greenbacks

176 928 73 26 took
265 936 82 18 some
365 929 94 25 stock.

85 1028 66 26 The
168 1028 105 34 proud,
295 1028 207 27 bald-headed
521 1029 86 34 eagle
625 1029 95 34 might
738 1034 79 22 utter
833 1029 58 36 just

172 1083 59 17 one
249 1084 116 16 scream

86 1121 60 25 For
179 1120 145 33 freedom,
360 1121 59 26 and
452 1121 165 34 humanity,
651 1122 60 26 and
744 1122 48 26 the
825 1122 64 26 old-

174 1167 159 25 fashioned
350 1167 105 25 dream

85 1212 40 27 Of
136 1214 119 25 honour
268 1222 114 25 among
395 1214 127 32 nations,
536 1214 60 26 and
610 1213 133 34 chivalry
754 1214 30 26 in
798 1214 91 33 strife,

83 1260 69 26 And
171 1260 63 34 pity
255 1259 47 27 for
321 1260 189 27 defenceless
530 1260 93 27 babes
643 1260 60 27 and
721 1260 48 27 for
788 1260 101 28 chaste

171 1307 144 24 woman's
334 1305 52 26 life
397 1307 4 24 !

109 1463 11 10 *
130 1464 41 19 But
182 1464 36 19 the
227 1463 87 26 sinking
323 1464 24 19 of
356 1464 115 19 American
482 1464 86 19 citizens
579 1464 20 19 in
612 1464 36 20 the
656 1465 118 19 Lusitania
785 1465 37 19 has
833 1465 56 20 since

80 1498 93 27 brought
185 1498 64 20 home
260 1502 22 16 to
294 1498 111 20 President
417 1498 82 20 Wilson
511 1499 36 19 the
558 1498 74 21 claims
643 1499 22 20 of
