1011 1701
277 84 26 25 A
333 84 89 26 MAN
452 85 53 26 OF
532 85 165 32 NOTE(S).

858 92 32 25 75

272 201 28 27 A
322 201 94 27 MAN
443 201 51 27 OF
520 202 182 35 NOTE(S).

130 281 61 26 We
206 281 73 27 took
295 290 58 26 you
368 282 48 27 for
464 291 18 18 a
495 291 70 19 man
579 283 34 27 of

176 327 81 27 Firm
272 328 31 27 in
318 337 75 25 your
409 328 200 35 composition
617 339 8 23 ;

130 373 60 27 But
205 376 95 24 men's
316 375 145 35 thoughts
477 384 71 18 over
563 377 80 32 here,
661 377 11 25 I
689 381 66 29 wot,

174 421 88 27 Have
278 422 89 26 made
384 431 18 17 a
420 427 122 28 strange
560 422 167 27 transition.

131 502 81 26 Your
228 503 123 26 Yankee
367 502 121 27 citizens
502 504 60 26 and
581 504 86 26 Press

173 549 196 27 Themselves
384 549 91 34 begin
491 555 30 22 to
537 550 96 27 holler

130 594 79 27 That
223 595 110 26 there's
346 604 18 17 a
378 595 86 35 thing
478 595 98 27 called

173 642 43 25 As
234 641 94 27 well's
347 642 49 26 the
447 642 158 33 Almighty

130 723 86 26 Mere
269 729 86 21 notes
408 724 92 26 about

173 770 85 33 They
273 769 93 33 think,
382 770 86 26 when
484 769 60 27 soft
560 770 60 26 and
635 770 96 33 lowly,

131 814 103 28 Sound
248 824 72 25 very
333 815 60 27 like
407 814 114 35 inanity

173 862 112 26 Where
304 861 99 27 action
422 862 93 32 drags
534 870 33 18 so
586 862 113 32 slowly.

129 942 64 27 The
213 942 106 27 broom
338 942 34 27 of
390 943 75 26 Mrs.
490 943 178 35 Partington

174 988 98 27 Could
289 994 52 21 not
362 994 76 21 stem
455 991 120 25 ocean's
595 995 127 26 current,

129 1035 68 26 And
379 1035 31 27 in
427 1035 123 35 dealing
568 1035 71 28 with
657 1036 49 27 the
725 1036 79 33 Hun,

173 1080 65 28 Can
256 1090 39 18 no
313 1081 92 34 ship's
422 1081 99 34 safety
538 1087 140 22 warrant.

128 1223 78 28 That
223 1223 134 35 singular
372 1223 25 28 is
413 1224 101 34 plural
529 1234 65 17 now

172 1270 101 26 Won't
289 1270 71 36 help
378 1279 75 26 your
471 1271 99 27 future
586 1276 93 29 votes,
698 1272 49 34 sir,

129 1316 86 27 Since
229 1325 72 18 man
315 1317 35 26 of
396 1322 70 22 note
511 1317 56 27 has
583 1318 84 32 sunk,
684 1318 11 26 I
714 1323 81 28 trow,

172 1363 67 26 Into
254 1372 18 17 a
287 1372 71 17 man
373 1362 34 28 of
587 1364 48 27 sir.
