1012 1701
352 104 55 27 TO
434 105 214 26 GERMANY.

870 114 31 24 29

351 248 54 27 TO
429 249 217 26 GERMANY.

184 320 19 20 A
228 320 190 22 CHRISTMAS
441 322 101 20 WORD
566 323 34 20 IN
622 323 75 20 WAR
719 324 92 19 TIME.

141 387 25 27 O
185 388 185 28 Germany!
396 397 88 28 great
502 391 167 35 Germany!

186 435 55 26 We
259 444 76 18 once
351 437 155 26 esteemed
523 438 68 25 thee
610 438 79 25 well:

140 481 67 33 Thy
226 481 124 33 science,
371 482 85 34 faith,
474 483 188 36 philosophy,

140 527 67 33 Thy
223 527 104 33 music,
346 534 55 27 art,
419 530 59 25 and
495 538 93 25 poesy

186 574 55 25 We
259 574 86 26 often
364 574 89 27 loved
473 580 29 22 to
522 575 68 32 tell;

141 619 56 27 We
214 620 93 34 spoke
322 620 35 26 of
371 621 69 26 thee
454 630 34 18 as
501 622 138 27 Luther's
654 622 71 27 land
726 639 33 2 —

184 666 67 32 Thy
268 666 122 27 bravest
408 675 54 18 son
479 668 60 26 and
556 668 82 27 best!

141 712 35 26 In
196 712 151 34 Goethe's,
370 713 162 33 Schiller's,
553 713 123 27 Heine's
696 714 80 27 band

185 759 56 26 We
258 758 119 33 gloried
395 759 70 26 with
483 760 50 26 the
550 765 70 22 rest.

139 845 26 26 O
182 845 156 35 Germany
346 846 5 27 !
379 846 91 27 brave
489 847 153 35 Germany
652 848 3 25 !

182 893 68 32 Thy
269 892 65 27 first
354 893 144 27 Wilhelm
518 894 132 31 revered,

138 938 68 34 Thy
223 938 167 34 Bismarck,
408 939 71 27 with
496 939 46 28 his
560 939 99 35 Royal
675 940 86 32 head,

138 985 57 26 We
210 985 158 26 honoured
384 985 30 26 in
429 994 56 17 our
500 986 110 30 hearts,
627 986 60 26 and
702 986 64 27 said
768 1002 32 3 —

332 1032 134 26 Teutons
489 1032 76 26 have

138 1077 99 27 When
254 1077 107 32 genius
379 1077 116 27 welded
513 1078 67 27 thee
596 1077 31 28 in
643 1087 65 22 one,

182 1123 140 33 Brought
339 1123 94 27 lustre
451 1129 31 21 to
499 1124 52 32 thy
567 1132 95 24 name,

139 1169 63 27 Not
219 1169 153 35 jealously
390 1179 43 17 we
453 1170 64 27 said
569 1170 81 27 Well
666 1171 94 26 done!

180 1215 70 28 And
268 1215 114 28 wished
401 1216 67 27 thee
489 1215 93 34 rising
601 1216 90 27 fame.

136 1305 26 26 O
180 1305 155 34 Germany
345 1305 5 26 !
378 1304 98 27 friend
495 1304 154 35 Germany
659 1305 3 26 !

181 1352 56 26 We
252 1351 131 27 counted
400 1351 67 26 thee
483 1359 33 18 as
532 1350 58 31 kin,

135 1398 78 33 And,
232 1397 131 27 mindful
381 1397 34 27 of
432 1406 56 18 our
507 1406 140 18 common
665 1402 76 29 past,

136 1444 56 26 We
211 1444 129 32 thought
357 1444 50 25 the
424 1443 55 26 ties
495 1443 101 26 would
611 1452 69 17 ever
697 1443 56 26 last

180 1491 110 24 Which
305 1490 102 25 bound
422 1499 34 16 us
472 1489 78 26 from
565 1489 110 26 within.
