1011 1701
91 62 30 25 88

246 62 162 26 ECHOES
437 62 52 26 OF
516 62 86 26 THE
630 61 101 25 WAR.

123 233 85 27 THE
237 233 282 34 CONQUERING
548 232 132 28 RIGHT
709 230 151 28 HAND.*

92 335 49 26 On
161 336 204 26 Salamanca's
383 334 262 27 blood-drenched
665 333 77 33 field,

134 382 65 26 The
216 382 69 26 Iron
302 382 97 31 Duke,
416 381 76 27 hard
509 380 132 34 pressed,

92 427 57 27 His
163 427 117 34 gallant
297 426 69 28 staff
380 426 81 27 drew
478 426 96 27 round
588 426 71 33 him,
675 425 59 27 and

135 473 82 25 Thus
237 472 124 34 gravely
382 472 80 26 them
482 471 165 27 addressed
649 487 33 2 —

124 519 64 25 The
207 518 173 35 Spaniards'
399 526 77 26 guns
495 517 79 27 from
592 517 114 34 yonder
724 516 102 35 height

139 564 73 33 Play
226 564 96 27 havoc
336 564 70 26 with
421 573 50 24 my
487 564 70 33 plan
567 564 5 26 !

95 611 90 25 From
201 619 58 25 yon
276 610 135 32 redoubt,
428 609 102 27 who'll
546 609 81 27 clear
644 609 81 27 them
740 608 67 28 out?

138 656 67 34 Say,
221 657 66 25 who
302 656 61 26 will
378 656 70 34 play
464 656 49 26 the

94 762 85 34 Deep
197 762 109 26 silence
323 761 54 26 fell
393 770 80 26 upon
492 761 80 26 them
589 761 57 32 all;

139 807 25 26 It
182 807 176 26 threatened
375 807 113 26 instant
505 807 91 26 death

95 854 59 25 For
168 853 61 26 him
243 853 67 26 who
324 852 94 27 dared
434 858 30 21 to
478 852 69 27 lead
560 861 69 18 men
643 852 83 27 there
728 868 33 2 —

137 900 64 25 The
218 899 69 26 staff
301 899 44 26 all
359 899 71 26 held
447 899 75 26 their
538 899 116 26 breath.

95 945 57 27 But
171 945 81 27 forth
270 945 83 27 there
372 945 125 34 stepped
515 953 38 18 an
571 944 232 34 aide-de-camp,

138 991 79 26 Who
234 991 108 33 sought
357 990 46 27 his
419 990 127 27 leader's
561 999 63 25 eye,

93 1037 69 26 And
175 1037 150 34 modestly
339 1037 52 26 but
407 1036 98 35 firmly
522 1036 63 27 said

137 1084 79 26 That
232 1083 37 27 he
285 1083 50 27 the
352 1083 68 27 task
436 1083 100 27 would
552 1088 55 28 try.

127 1185 53 34 My
320 1185 37 25 he
375 1183 72 33 said,
499 1183 55 27 full
570 1183 144 35 willingly

139 1231 11 25 I
168 1239 40 25 go
225 1236 30 20 at
273 1230 51 34 thy
341 1230 175 32 command;

96 1277 57 25 But
171 1276 72 33 first,
262 1276 11 25 I
292 1284 74 26 pray
383 1276 77 32 thee,
477 1275 41 27 let
533 1284 49 18 me
599 1284 91 26 grasp

138 1322 78 26 That
233 1321 184 34 conquering
435 1321 79 34 right
530 1321 82 27 hand
622 1322 4 26 !

230 1442 10 10 *
249 1444 34 18 An
294 1442 70 20 actual
375 1442 95 20 incident
481 1442 21 20 in
513 1442 36 20 the
561 1443 125 19 Peninsular
698 1443 57 19 War.
