<?xml version="1.0" encoding="UTF-8"?>
<alto xmlns:xsi="http://www.w3.org/2001/XMLSchema-instance" xsi:noNamespaceSchemaLocation="http://www.bl.uk/schemas/alto/alto-1-4.xsd" xmlns:xlink="http://www.w3.org/1999/xlink">
	<Description>
		<MeasurementUnit>mm10</MeasurementUnit>
		<sourceImageInformation>
			<fileName>//head1/IN/2007-36/A0010674793/003224.jp2</fileName>
		</sourceImageInformation>
		<OCRProcessing ID="OCRPROCESSING_1">
			<preProcessingStep>
				<processingSoftware>
					<softwareCreator>CCS Content Conversion Specialists GmbH, Germany</softwareCreator>
					<softwareName>CCS docWORKS</softwareName>
					<softwareVersion>6.1-0.52</softwareVersion>
				</processingSoftware>
			</preProcessingStep>
			<ocrProcessingStep>
				<processingSoftware>
					<softwareCreator>ABBYY (BIT Software), Russia</softwareCreator>
					<softwareName>Finereader</softwareName>
				</processingSoftware>
			</ocrProcessingStep>
		</OCRProcessing>
	</Description>
	<Styles>
		<TextStyle ID="TXT_0" FONTSIZE="10" FONTFAMILY="Courier New"/>
		<TextStyle ID="TXT_1" FONTSIZE="9" FONTFAMILY="Courier New"/>
		<ParagraphStyle ID="PAR_CENTER" ALIGN="Center"/>
		<ParagraphStyle ID="PAR_LEFT" ALIGN="Left"/>
	</Styles>
	<Layout>
		<Page ID="P74" PHYSICAL_IMG_NR="74" HEIGHT="1701" WIDTH="1011" PRINTED_IMG_NR="72" POSITION="Left" ACCURACY="83.22">
			<TopMargin ID="P74_TM00001" HPOS="0" VPOS="0" WIDTH="1011" HEIGHT="123">
				<TextBlock ID="P74_TB00001" HPOS="241" VPOS="80" WIDTH="485" HEIGHT="33" STYLEREFS="TXT_0 PAR_CENTER">
					<TextLine ID="P74_TL00001" HPOS="241" VPOS="82" WIDTH="485" HEIGHT="31">
						<String ID="P74_ST00001" HPOS="241" VPOS="87" WIDTH="162" HEIGHT="26" CONTENT="ECHOES" WC="0.83" CC="036000"/>
						<SP ID="P74_SP00001" HPOS="403" VPOS="113" WIDTH="28"/>
						<String ID="P74_ST00002" HPOS="431" VPOS="87" WIDTH="52" HEIGHT="26" CONTENT="OF" WC="0.84" CC="30"/>
						<SP ID="P74_SP00002" HPOS="483" VPOS="113" WIDTH="27"/>
						<String ID="P74_ST00003" HPOS="510" VPOS="84" WIDTH="87" HEIGHT="25" CONTENT="THE" WC="0.79" CC="060"/>
						<SP ID="P74_SP00003" HPOS="597" VPOS="113" WIDTH="27"/>
						<String ID="P74_ST00004" HPOS="624" VPOS="82" WIDTH="102" HEIGHT="26" CONTENT="WAR." WC="0.93" CC="0020"/>
					</TextLine>
				</TextBlock>
				<TextBlock ID="P74_TB00002" HPOS="83" VPOS="96" WIDTH="32" HEIGHT="25" STYLEREFS="TXT_0 PAR_LEFT">
					<TextLine ID="P74_TL00002" HPOS="85" VPOS="98" WIDTH="30" HEIGHT="23">
						<String ID="P74_ST00005" HPOS="85" VPOS="98" WIDTH="30" HEIGHT="23" CONTENT="72" WC="1.00" CC="00"/>
					</TextLine>
				</TextBlock>
			</TopMargin>
			<LeftMargin ID="P74_LM00001" HPOS="0" VPOS="123" WIDTH="132" HEIGHT="1362"/>
			<RightMargin ID="P74_RM00001" HPOS="866" VPOS="123" WIDTH="145" HEIGHT="1362"/>
			<BottomMargin ID="P74_BM00001" HPOS="0" VPOS="1485" WIDTH="1011" HEIGHT="216"/>
			<PrintSpace ID="P74_PS00001" HPOS="132" VPOS="123" WIDTH="746" HEIGHT="1362">
				<TextBlock ID="P74_TB00003" HPOS="296" VPOS="259" WIDTH="377" HEIGHT="31" STYLEREFS="TXT_0 PAR_CENTER">
					<TextLine ID="P74_TL00003" HPOS="296" VPOS="260" WIDTH="377" HEIGHT="30">
						<String ID="P74_ST00006" HPOS="296" VPOS="264" WIDTH="87" HEIGHT="26" CONTENT="THE" WC="0.83" CC="040"/>
						<SP ID="P74_SP00004" HPOS="383" VPOS="290" WIDTH="26"/>
						<String ID="P74_ST00007" HPOS="409" VPOS="264" WIDTH="71" HEIGHT="26" CONTENT="AIR" WC="0.82" CC="022"/>
						<SP ID="P74_SP00005" HPOS="480" VPOS="290" WIDTH="27"/>
						<String ID="P74_ST00008" HPOS="507" VPOS="260" WIDTH="166" HEIGHT="28" CONTENT="FIENDS." WC="0.87" CC="3400000"/>
					</TextLine>
				</TextBlock>
				<TextBlock ID="P74_TB00004" HPOS="132" VPOS="357" WIDTH="638" HEIGHT="128" STYLEREFS="TXT_0 PAR_LEFT">
					<TextLine ID="P74_TL00004" HPOS="133" VPOS="358" WIDTH="540" HEIGHT="39">
						<String ID="P74_ST00009" HPOS="133" VPOS="366" WIDTH="95" HEIGHT="28" CONTENT="Base," WC="0.82" CC="60020"/>
						<SP ID="P74_SP00006" HPOS="228" VPOS="394" WIDTH="17"/>
						<String ID="P74_ST00010" HPOS="245" VPOS="364" WIDTH="116" HEIGHT="33" CONTENT="loathly" WC="0.69" CC="0605440"/>
						<SP ID="P74_SP00007" HPOS="361" VPOS="397" WIDTH="17"/>
						<String ID="P74_ST00011" HPOS="378" VPOS="362" WIDTH="111" HEIGHT="35" CONTENT="pirates" WC="0.97" CC="0100000"/>
						<SP ID="P74_SP00008" HPOS="489" VPOS="397" WIDTH="17"/>
						<String ID="P74_ST00012" HPOS="506" VPOS="360" WIDTH="32" HEIGHT="26" CONTENT="of" WC="0.79" CC="04"/>
						<SP ID="P74_SP00009" HPOS="538" VPOS="397" WIDTH="16"/>
						<String ID="P74_ST00013" HPOS="554" VPOS="360" WIDTH="50" HEIGHT="26" CONTENT="the" WC="0.65" CC="054"/>
						<SP ID="P74_SP00010" HPOS="604" VPOS="397" WIDTH="17"/>
						<String ID="P74_ST00014" HPOS="621" VPOS="358" WIDTH="52" HEIGHT="33" CONTENT="air," WC="0.81" CC="0123"/>
					</TextLine>
					<TextLine ID="P74_TL00005" HPOS="133" VPOS="403" WIDTH="637" HEIGHT="41">
						<String ID="P74_ST00015" HPOS="133" VPOS="411" WIDTH="100" HEIGHT="27" CONTENT="Think" WC="0.88" CC="05000"/>
						<SP ID="P74_SP00011" HPOS="233" VPOS="438" WIDTH="13"/>
						<String ID="P74_ST00016" HPOS="246" VPOS="419" WIDTH="37" HEIGHT="25" CONTENT="ye" WC="1.00" CC="00"/>
						<SP ID="P74_SP00012" HPOS="283" VPOS="444" WIDTH="14"/>
						<String ID="P74_ST00017" HPOS="297" VPOS="418" WIDTH="55" HEIGHT="18" CONTENT="our" WC="0.84" CC="210"/>
						<SP ID="P74_SP00013" HPOS="352" VPOS="444" WIDTH="18"/>
						<String ID="P74_ST00018" HPOS="370" VPOS="407" WIDTH="139" HEIGHT="28" CONTENT="Nation's" WC="0.98" CC="00000000"/>
						<SP ID="P74_SP00014" HPOS="509" VPOS="444" WIDTH="15"/>
						<String ID="P74_ST00019" HPOS="524" VPOS="407" WIDTH="86" HEIGHT="25" CONTENT="heart" WC="0.66" CC="40650"/>
						<SP ID="P74_SP00015" HPOS="610" VPOS="444" WIDTH="15"/>
						<String ID="P74_ST00020" HPOS="625" VPOS="410" WIDTH="30" HEIGHT="21" CONTENT="to" WC="0.70" CC="06"/>
						<SP ID="P74_SP00016" HPOS="655" VPOS="444" WIDTH="17"/>
						<String ID="P74_ST00021" HPOS="672" VPOS="403" WIDTH="98" HEIGHT="27" CONTENT="scare?" WC="0.90" CC="000103"/>
					</TextLine>
					<TextLine ID="P74_TL00006" HPOS="134" VPOS="452" WIDTH="531" HEIGHT="33">
						<String ID="P74_ST00022" HPOS="134" VPOS="458" WIDTH="46" HEIGHT="26" CONTENT="Ah" WC="1.00" CC="00"/>
						<SP ID="P74_SP00017" HPOS="180" VPOS="484" WIDTH="11"/>
						<String ID="P74_ST00023" HPOS="191" VPOS="458" WIDTH="4" HEIGHT="25" CONTENT="!" WC="1.00" CC="0"/>
						<SP ID="P74_SP00018" HPOS="195" VPOS="484" WIDTH="24"/>
						<String ID="P74_ST00024" HPOS="219" VPOS="456" WIDTH="33" HEIGHT="27" CONTENT="of" WC="0.83" CC="11"/>
						<SP ID="P74_SP00019" HPOS="252" VPOS="484" WIDTH="15"/>
						<String ID="P74_ST00025" HPOS="267" VPOS="456" WIDTH="50" HEIGHT="26" CONTENT="the" WC="0.81" CC="050"/>
						<SP ID="P74_SP00020" HPOS="317" VPOS="484" WIDTH="16"/>
						<String ID="P74_ST00026" HPOS="333" VPOS="453" WIDTH="164" HEIGHT="32" CONTENT="reckoning" WC="0.83" CC="370000400"/>
						<SP ID="P74_SP00021" HPOS="497" VPOS="485" WIDTH="16"/>
						<String ID="P74_ST00027" HPOS="513" VPOS="452" WIDTH="118" HEIGHT="27" CONTENT="beware" WC="0.92" CC="000040"/>
						<String ID="P74_ST00028" HPOS="632" VPOS="467" WIDTH="33" HEIGHT="2" CONTENT="—" WC="0.20" CC="8"/>
					</TextLine>
				</TextBlock>
				<TextBlock ID="P74_TB00005" HPOS="352" VPOS="501" WIDTH="199" HEIGHT="24" STYLEREFS="TXT_0 PAR_LEFT">
					<TextLine ID="P74_TL00007" HPOS="352" VPOS="502" WIDTH="199" HEIGHT="23">
						<String ID="P74_ST00029" HPOS="352" VPOS="502" WIDTH="199" HEIGHT="23" CONTENT="To-morrow." WC="0.86" CC="0000060070"/>
					</TextLine>
				</TextBlock>
				<TextBlock ID="P74_TB00006" HPOS="136" VPOS="599" WIDTH="451" HEIGHT="36" STYLEREFS="TXT_1 PAR_LEFT">
					<TextLine ID="P74_TL00008" HPOS="136" VPOS="600" WIDTH="451" HEIGHT="35">
						<String ID="P74_ST00030" HPOS="136" VPOS="604" WIDTH="65" HEIGHT="27" CONTENT="Vile" WC="1.00" CC="0000"/>
						<SP ID="P74_SP00022" HPOS="201" VPOS="631" WIDTH="17"/>
						<String ID="P74_ST00031" HPOS="218" VPOS="601" WIDTH="209" HEIGHT="34" CONTENT="baby-killers," WC="0.90" CC="0000300003003"/>
						<SP ID="P74_SP00023" HPOS="427" VPOS="635" WIDTH="19"/>
						<String ID="P74_ST00032" HPOS="446" VPOS="609" WIDTH="32" HEIGHT="18" CONTENT="so" WC="0.71" CC="05"/>
						<SP ID="P74_SP00024" HPOS="478" VPOS="635" WIDTH="16"/>
						<String ID="P74_ST00033" HPOS="494" VPOS="601" WIDTH="79" HEIGHT="25" CONTENT="elate" WC="0.87" CC="33000"/>
						<String ID="P74_ST00034" HPOS="583" VPOS="600" WIDTH="4" HEIGHT="25" CONTENT="!" WC="0.69" CC="3"/>
					</TextLine>
				</TextBlock>
				<TextBlock ID="P74_TB00007" HPOS="138" VPOS="644" WIDTH="568" HEIGHT="83" STYLEREFS="TXT_1 PAR_LEFT">
					<TextLine ID="P74_TL00009" HPOS="138" VPOS="645" WIDTH="568" HEIGHT="32">
						<String ID="P74_ST00035" HPOS="138" VPOS="651" WIDTH="81" HEIGHT="26" CONTENT="Your" WC="0.65" CC="2065"/>
						<SP ID="P74_SP00025" HPOS="219" VPOS="677" WIDTH="18"/>
						<String ID="P74_ST00036" HPOS="237" VPOS="649" WIDTH="107" HEIGHT="27" CONTENT="crimes" WC="0.79" CC="326000"/>
						<SP ID="P74_SP00026" HPOS="344" VPOS="677" WIDTH="17"/>
						<String ID="P74_ST00037" HPOS="361" VPOS="656" WIDTH="44" HEIGHT="18" CONTENT="we" WC="0.76" CC="04"/>
						<SP ID="P74_SP00027" HPOS="405" VPOS="677" WIDTH="17"/>
						<String ID="P74_ST00038" HPOS="422" VPOS="646" WIDTH="61" HEIGHT="27" CONTENT="will" WC="0.89" CC="0103"/>
						<SP ID="P74_SP00028" HPOS="483" VPOS="677" WIDTH="16"/>
						<String ID="P74_ST00039" HPOS="499" VPOS="651" WIDTH="52" HEIGHT="22" CONTENT="not" WC="0.84" CC="004"/>
						<SP ID="P74_SP00029" HPOS="551" VPOS="677" WIDTH="19"/>
						<String ID="P74_ST00040" HPOS="570" VPOS="645" WIDTH="136" HEIGHT="32" CONTENT="emulate," WC="0.96" CC="00030000"/>
					</TextLine>
					<TextLine ID="P74_TL00010" HPOS="139" VPOS="690" WIDTH="567" HEIGHT="37">
						<String ID="P74_ST00041" HPOS="139" VPOS="697" WIDTH="57" HEIGHT="26" CONTENT="But" WC="1.00" CC="000"/>
						<SP ID="P74_SP00030" HPOS="196" VPOS="723" WIDTH="20"/>
						<String ID="P74_ST00042" HPOS="216" VPOS="695" WIDTH="90" HEIGHT="27" CONTENT="doom" WC="0.85" CC="0600"/>
						<SP ID="P74_SP00031" HPOS="306" VPOS="723" WIDTH="18"/>
						<String ID="P74_ST00043" HPOS="324" VPOS="703" WIDTH="58" HEIGHT="24" CONTENT="you" WC="0.78" CC="015"/>
						<SP ID="P74_SP00032" HPOS="382" VPOS="727" WIDTH="18"/>
						<String ID="P74_ST00044" HPOS="400" VPOS="698" WIDTH="31" HEIGHT="22" CONTENT="to" WC="0.64" CC="07"/>
						<SP ID="P74_SP00033" HPOS="431" VPOS="727" WIDTH="19"/>
						<String ID="P74_ST00045" HPOS="450" VPOS="701" WIDTH="17" HEIGHT="18" CONTENT="a" WC="1.00" CC="0"/>
						<SP ID="P74_SP00034" HPOS="467" VPOS="727" WIDTH="19"/>
						<String ID="P74_ST00046" HPOS="486" VPOS="701" WIDTH="107" HEIGHT="26" CONTENT="proper" WC="0.95" CC="010000"/>
						<SP ID="P74_SP00035" HPOS="593" VPOS="727" WIDTH="19"/>
						<String ID="P74_ST00047" HPOS="612" VPOS="690" WIDTH="61" HEIGHT="27" CONTENT="fate" WC="1.00" CC="0000"/>
						<String ID="P74_ST00048" HPOS="674" VPOS="706" WIDTH="32" HEIGHT="2" CONTENT="—" WC="0.20" CC="8"/>
					</TextLine>
				</TextBlock>
				<TextBlock ID="P74_TB00008" HPOS="355" VPOS="737" WIDTH="245" HEIGHT="33" STYLEREFS="TXT_1 PAR_CENTER">
					<TextLine ID="P74_TL00011" HPOS="356" VPOS="738" WIDTH="244" HEIGHT="32">
						<String ID="P74_ST00049" HPOS="356" VPOS="739" WIDTH="67" HEIGHT="28" CONTENT="And" WC="0.82" CC="050"/>
						<SP ID="P74_SP00036" HPOS="423" VPOS="767" WIDTH="19"/>
						<String ID="P74_ST00050" HPOS="442" VPOS="738" WIDTH="158" HEIGHT="32" CONTENT="thorough." WC="0.75" CC="050002741"/>
					</TextLine>
				</TextBlock>
				<TextBlock ID="P74_TB00009" HPOS="140" VPOS="839" WIDTH="467" HEIGHT="83" STYLEREFS="TXT_1 PAR_LEFT">
					<TextLine ID="P74_TL00012" HPOS="140" VPOS="841" WIDTH="467" HEIGHT="37">
						<String ID="P74_ST00051" HPOS="140" VPOS="846" WIDTH="44" HEIGHT="26" CONTENT="Ye" WC="0.88" CC="20"/>
						<SP ID="P74_SP00037" HPOS="184" VPOS="872" WIDTH="17"/>
						<String ID="P74_ST00052" HPOS="201" VPOS="844" WIDTH="39" HEIGHT="28" CONTENT="do" WC="0.67" CC="06"/>
						<SP ID="P74_SP00038" HPOS="240" VPOS="872" WIDTH="18"/>
						<String ID="P74_ST00053" HPOS="258" VPOS="844" WIDTH="114" HEIGHT="34" CONTENT="despite" WC="1.00" CC="0000000"/>
						<SP ID="P74_SP00039" HPOS="372" VPOS="878" WIDTH="18"/>
						<String ID="P74_ST00054" HPOS="390" VPOS="848" WIDTH="31" HEIGHT="21" CONTENT="to" WC="1.00" CC="00"/>
						<SP ID="P74_SP00040" HPOS="421" VPOS="878" WIDTH="18"/>
						<String ID="P74_ST00055" HPOS="439" VPOS="850" WIDTH="88" HEIGHT="25" CONTENT="every" WC="1.00" CC="00000"/>
						<SP ID="P74_SP00041" HPOS="527" VPOS="878" WIDTH="18"/>
						<String ID="P74_ST00056" HPOS="545" VPOS="841" WIDTH="62" HEIGHT="26" CONTENT="rule" WC="0.80" CC="3400"/>
					</TextLine>
					<TextLine ID="P74_TL00013" HPOS="141" VPOS="888" WIDTH="426" HEIGHT="34">
						<String ID="P74_ST00057" HPOS="141" VPOS="892" WIDTH="40" HEIGHT="26" CONTENT="Of" WC="0.76" CC="40"/>
						<SP ID="P74_SP00042" HPOS="181" VPOS="918" WIDTH="15"/>
						<String ID="P74_ST00058" HPOS="196" VPOS="890" WIDTH="141" HEIGHT="32" CONTENT="chivalry," WC="0.89" CC="050000003"/>
						<SP ID="P74_SP00043" HPOS="337" VPOS="922" WIDTH="17"/>
						<String ID="P74_ST00059" HPOS="354" VPOS="889" WIDTH="60" HEIGHT="27" CONTENT="and" WC="0.96" CC="001"/>
						<SP ID="P74_SP00044" HPOS="414" VPOS="922" WIDTH="15"/>
						<String ID="P74_ST00060" HPOS="429" VPOS="898" WIDTH="59" HEIGHT="24" CONTENT="any" WC="1.00" CC="000"/>
						<SP ID="P74_SP00045" HPOS="488" VPOS="922" WIDTH="17"/>
						<String ID="P74_ST00061" HPOS="505" VPOS="888" WIDTH="62" HEIGHT="27" CONTENT="tool" WC="0.97" CC="0000"/>
					</TextLine>
				</TextBlock>
				<TextBlock ID="P74_TB00010" HPOS="141" VPOS="930" WIDTH="630" HEIGHT="76" STYLEREFS="TXT_1 PAR_LEFT">
					<TextLine ID="P74_TL00014" HPOS="141" VPOS="931" WIDTH="630" HEIGHT="34">
						<String ID="P74_ST00062" HPOS="141" VPOS="938" WIDTH="82" HEIGHT="27" CONTENT="With" WC="0.92" CC="0003"/>
						<SP ID="P74_SP00046" HPOS="223" VPOS="965" WIDTH="16"/>
						<String ID="P74_ST00063" HPOS="239" VPOS="936" WIDTH="95" HEIGHT="28" CONTENT="which" WC="0.89" CC="00005"/>
						<SP ID="P74_SP00047" HPOS="334" VPOS="965" WIDTH="16"/>
						<String ID="P74_ST00064" HPOS="350" VPOS="941" WIDTH="31" HEIGHT="21" CONTENT="to" WC="0.70" CC="05"/>
						<SP ID="P74_SP00048" HPOS="381" VPOS="965" WIDTH="17"/>
						<String ID="P74_ST00065" HPOS="398" VPOS="940" WIDTH="109" HEIGHT="21" CONTENT="scatter" WC="0.90" CC="0003003"/>
						<SP ID="P74_SP00049" HPOS="507" VPOS="965" WIDTH="16"/>
						<String ID="P74_ST00066" HPOS="523" VPOS="933" WIDTH="89" HEIGHT="27" CONTENT="death" WC="0.88" CC="00006"/>
						<SP ID="P74_SP00050" HPOS="612" VPOS="965" WIDTH="16"/>
						<String ID="P74_ST00067" HPOS="628" VPOS="932" WIDTH="59" HEIGHT="27" CONTENT="and" WC="0.83" CC="040"/>
						<SP ID="P74_SP00051" HPOS="687" VPOS="965" WIDTH="15"/>
						<String ID="P74_ST00068" HPOS="702" VPOS="931" WIDTH="69" HEIGHT="27" CONTENT="dool" WC="0.73" CC="0370"/>
					</TextLine>
					<TextLine ID="P74_TL00015" HPOS="359" VPOS="981" WIDTH="188" HEIGHT="25">
						<String ID="P74_ST00069" HPOS="359" VPOS="982" WIDTH="43" HEIGHT="24" CONTENT="Ye" WC="1.00" CC="00"/>
						<SP ID="P74_SP00052" HPOS="402" VPOS="1006" WIDTH="17"/>
						<String ID="P74_ST00070" HPOS="419" VPOS="981" WIDTH="128" HEIGHT="25" CONTENT="borrow." WC="0.85" CC="0540000"/>
					</TextLine>
				</TextBlock>
				<TextBlock ID="P74_TB00011" HPOS="141" VPOS="1080" WIDTH="587" HEIGHT="130" STYLEREFS="TXT_1 PAR_LEFT">
					<TextLine ID="P74_TL00016" HPOS="141" VPOS="1081" WIDTH="539" HEIGHT="39">
						<String ID="P74_ST00071" HPOS="141" VPOS="1086" WIDTH="115" HEIGHT="34" CONTENT="Vainly," WC="0.79" CC="0630310"/>
						<SP ID="P74_SP00053" HPOS="256" VPOS="1120" WIDTH="18"/>
						<String ID="P74_ST00072" HPOS="274" VPOS="1084" WIDTH="176" HEIGHT="27" CONTENT="marauders" WC="0.93" CC="000030030"/>
						<SP ID="P74_SP00054" HPOS="450" VPOS="1120" WIDTH="17"/>
						<String ID="P74_ST00073" HPOS="467" VPOS="1082" WIDTH="34" HEIGHT="27" CONTENT="of" WC="0.76" CC="40"/>
						<SP ID="P74_SP00055" HPOS="501" VPOS="1120" WIDTH="17"/>
						<String ID="P74_ST00074" HPOS="518" VPOS="1082" WIDTH="50" HEIGHT="27" CONTENT="the" WC="0.53" CC="454"/>
						<SP ID="P74_SP00056" HPOS="568" VPOS="1120" WIDTH="19"/>
						<String ID="P74_ST00075" HPOS="587" VPOS="1081" WIDTH="93" HEIGHT="34" CONTENT="night," WC="0.94" CC="000002"/>
					</TextLine>
					<TextLine ID="P74_TL00017" HPOS="142" VPOS="1127" WIDTH="553" HEIGHT="38">
						<String ID="P74_ST00076" HPOS="142" VPOS="1133" WIDTH="43" HEIGHT="26" CONTENT="Ye" WC="0.89" CC="20"/>
						<SP ID="P74_SP00057" HPOS="185" VPOS="1159" WIDTH="18"/>
						<String ID="P74_ST00077" HPOS="203" VPOS="1132" WIDTH="77" HEIGHT="33" CONTENT="seek," WC="0.93" CC="00003"/>
						<SP ID="P74_SP00058" HPOS="280" VPOS="1165" WIDTH="19"/>
						<String ID="P74_ST00078" HPOS="299" VPOS="1132" WIDTH="76" HEIGHT="32" CONTENT="thus," WC="0.78" CC="24004"/>
						<SP ID="P74_SP00059" HPOS="375" VPOS="1165" WIDTH="18"/>
						<String ID="P74_ST00079" HPOS="393" VPOS="1129" WIDTH="115" HEIGHT="27" CONTENT="Britain" WC="0.86" CC="6030000"/>
						<SP ID="P74_SP00060" HPOS="508" VPOS="1165" WIDTH="18"/>
						<String ID="P74_ST00080" HPOS="526" VPOS="1134" WIDTH="29" HEIGHT="21" CONTENT="to" WC="0.47" CC="36"/>
						<SP ID="P74_SP00061" HPOS="555" VPOS="1165" WIDTH="16"/>
						<String ID="P74_ST00081" HPOS="571" VPOS="1127" WIDTH="124" HEIGHT="34" CONTENT="affright" WC="0.73" CC="00013960"/>
					</TextLine>
					<TextLine ID="P74_TL00018" HPOS="143" VPOS="1173" WIDTH="585" HEIGHT="37">
						<String ID="P74_ST00082" HPOS="143" VPOS="1179" WIDTH="44" HEIGHT="31" CONTENT="By" WC="1.00" CC="00"/>
						<SP ID="P74_SP00062" HPOS="187" VPOS="1210" WIDTH="18"/>
						<String ID="P74_ST00083" HPOS="205" VPOS="1177" WIDTH="63" HEIGHT="27" CONTENT="foul" WC="0.73" CC="0603"/>
						<SP ID="P74_SP00063" HPOS="268" VPOS="1210" WIDTH="16"/>
						<String ID="P74_ST00084" HPOS="284" VPOS="1176" WIDTH="133" HEIGHT="34" CONTENT="displays" WC="0.76" CC="62000900"/>
						<SP ID="P74_SP00064" HPOS="417" VPOS="1210" WIDTH="17"/>
						<String ID="P74_ST00085" HPOS="434" VPOS="1176" WIDTH="32" HEIGHT="26" CONTENT="of" WC="1.00" CC="00"/>
						<SP ID="P74_SP00065" HPOS="466" VPOS="1210" WIDTH="17"/>
						<String ID="P74_ST00086" HPOS="483" VPOS="1174" WIDTH="99" HEIGHT="27" CONTENT="brutal" WC="0.80" CC="053200"/>
						<SP ID="P74_SP00066" HPOS="582" VPOS="1210" WIDTH="16"/>
						<String ID="P74_ST00087" HPOS="598" VPOS="1173" WIDTH="95" HEIGHT="35" CONTENT="might" WC="0.90" CC="00040"/>
						<String ID="P74_ST00088" HPOS="695" VPOS="1188" WIDTH="33" HEIGHT="3" CONTENT="—" WC="0.20" CC="8"/>
					</TextLine>
				</TextBlock>
				<TextBlock ID="P74_TB00012" HPOS="360" VPOS="1221" WIDTH="222" HEIGHT="26" STYLEREFS="TXT_1 PAR_LEFT">
					<TextLine ID="P74_TL00019" HPOS="361" VPOS="1222" WIDTH="221" HEIGHT="25">
						<String ID="P74_ST00089" HPOS="361" VPOS="1222" WIDTH="81" HEIGHT="25" CONTENT="With" WC="0.84" CC="0060"/>
						<SP ID="P74_SP00067" HPOS="442" VPOS="1247" WIDTH="19"/>
						<String ID="P74_ST00090" HPOS="461" VPOS="1230" WIDTH="121" HEIGHT="17" CONTENT="sorrow." WC="0.88" CC="2005000"/>
					</TextLine>
				</TextBlock>
				<TextBlock ID="P74_TB00013" HPOS="144" VPOS="1320" WIDTH="521" HEIGHT="37" STYLEREFS="TXT_1 PAR_LEFT">
					<TextLine ID="P74_TL00020" HPOS="145" VPOS="1321" WIDTH="520" HEIGHT="36">
						<String ID="P74_ST00091" HPOS="145" VPOS="1325" WIDTH="78" HEIGHT="27" CONTENT="Such" WC="0.84" CC="0006"/>
						<SP ID="P74_SP00068" HPOS="223" VPOS="1352" WIDTH="17"/>
						<String ID="P74_ST00092" HPOS="240" VPOS="1324" WIDTH="102" HEIGHT="33" CONTENT="rapine" WC="0.90" CC="100310"/>
						<SP ID="P74_SP00069" HPOS="342" VPOS="1357" WIDTH="15"/>
						<String ID="P74_ST00093" HPOS="357" VPOS="1323" WIDTH="26" HEIGHT="27" CONTENT="is" WC="1.00" CC="00"/>
						<SP ID="P74_SP00070" HPOS="383" VPOS="1357" WIDTH="14"/>
						<String ID="P74_ST00094" HPOS="397" VPOS="1323" WIDTH="34" HEIGHT="27" CONTENT="of" WC="0.40" CC="56"/>
						<SP ID="P74_SP00071" HPOS="431" VPOS="1357" WIDTH="14"/>
						<String ID="P74_ST00095" HPOS="445" VPOS="1321" WIDTH="109" HEIGHT="27" CONTENT="hellish" WC="0.72" CC="4400405"/>
						<SP ID="P74_SP00072" HPOS="554" VPOS="1357" WIDTH="17"/>
						<String ID="P74_ST00096" HPOS="571" VPOS="1321" WIDTH="78" HEIGHT="26" CONTENT="birth" WC="0.83" CC="01032"/>
						<String ID="P74_ST00097" HPOS="659" VPOS="1331" WIDTH="6" HEIGHT="22" CONTENT=";" WC="0.57" CC="4"/>
					</TextLine>
				</TextBlock>
				<TextBlock ID="P74_TB00014" HPOS="138" VPOS="1360" WIDTH="740" HEIGHT="92" STYLEREFS="TXT_1 PAR_LEFT">
					<TextLine ID="P74_TL00021" HPOS="145" VPOS="1365" WIDTH="730" HEIGHT="38">
						<String ID="P74_ST00098" HPOS="145" VPOS="1372" WIDTH="56" HEIGHT="24" CONTENT="But" WC="1.00" CC="000"/>
						<SP ID="P74_SP00073" HPOS="201" VPOS="1396" WIDTH="20"/>
						<String ID="P74_ST00099" HPOS="221" VPOS="1369" WIDTH="78" HEIGHT="27" CONTENT="we'll" WC="1.00" CC="00000"/>
						<SP ID="P74_SP00074" HPOS="299" VPOS="1396" WIDTH="18"/>
						<String ID="P74_ST00100" HPOS="317" VPOS="1373" WIDTH="49" HEIGHT="30" CONTENT="yet" WC="0.77" CC="060"/>
						<SP ID="P74_SP00075" HPOS="366" VPOS="1403" WIDTH="18"/>
						<String ID="P74_ST00101" HPOS="384" VPOS="1368" WIDTH="116" HEIGHT="35" CONTENT="quench" WC="0.97" CC="000001"/>
						<SP ID="P74_SP00076" HPOS="500" VPOS="1403" WIDTH="20"/>
						<String ID="P74_ST00102" HPOS="520" VPOS="1376" WIDTH="74" HEIGHT="25" CONTENT="your" WC="0.70" CC="0704"/>
						<SP ID="P74_SP00077" HPOS="594" VPOS="1403" WIDTH="18"/>
						<String ID="P74_ST00103" HPOS="612" VPOS="1366" WIDTH="147" HEIGHT="27" CONTENT="heartless" WC="0.91" CC="600001000"/>
						<SP ID="P74_SP00078" HPOS="759" VPOS="1403" WIDTH="18"/>
						<String ID="P74_ST00104" HPOS="777" VPOS="1365" WIDTH="98" HEIGHT="32" CONTENT="mirth," WC="0.85" CC="000017"/>
					</TextLine>
					<TextLine ID="P74_TL00022" HPOS="143" VPOS="1412" WIDTH="644" HEIGHT="37">
						<String ID="P74_ST00105" HPOS="143" VPOS="1417" WIDTH="68" HEIGHT="26" CONTENT="And" WC="0.84" CC="103"/>
						<SP ID="P74_SP00079" HPOS="211" VPOS="1443" WIDTH="16"/>
						<String ID="P74_ST00106" HPOS="227" VPOS="1415" WIDTH="88" HEIGHT="34" CONTENT="bring" WC="1.00" CC="00000"/>
						<SP ID="P74_SP00080" HPOS="315" VPOS="1449" WIDTH="16"/>
						<String ID="P74_ST00107" HPOS="331" VPOS="1423" WIDTH="57" HEIGHT="25" CONTENT="you" WC="0.74" CC="070"/>
						<SP ID="P74_SP00081" HPOS="388" VPOS="1449" WIDTH="16"/>
						<String ID="P74_ST00108" HPOS="404" VPOS="1414" WIDTH="87" HEIGHT="26" CONTENT="down" WC="0.94" CC="0002"/>
						<SP ID="P74_SP00082" HPOS="491" VPOS="1449" WIDTH="17"/>
						<String ID="P74_ST00109" HPOS="508" VPOS="1419" WIDTH="30" HEIGHT="20" CONTENT="to" WC="1.00" CC="00"/>
						<SP ID="P74_SP00083" HPOS="538" VPOS="1449" WIDTH="15"/>
						<String ID="P74_ST00110" HPOS="553" VPOS="1412" WIDTH="61" HEIGHT="27" CONTENT="bite" WC="0.84" CC="0140"/>
						<SP ID="P74_SP00084" HPOS="614" VPOS="1449" WIDTH="15"/>
						<String ID="P74_ST00111" HPOS="629" VPOS="1413" WIDTH="50" HEIGHT="26" CONTENT="the" WC="0.93" CC="010"/>
						<SP ID="P74_SP00085" HPOS="679" VPOS="1449" WIDTH="15"/>
						<String ID="P74_ST00112" HPOS="694" VPOS="1412" WIDTH="93" HEIGHT="33" CONTENT="earth," WC="0.97" CC="000100"/>
					</TextLine>
				</TextBlock>
				<TextBlock ID="P74_TB00015" HPOS="359" VPOS="1460" WIDTH="200" HEIGHT="25" STYLEREFS="TXT_1 PAR_LEFT">
					<TextLine ID="P74_TL00023" HPOS="360" VPOS="1461" WIDTH="199" HEIGHT="24">
						<String ID="P74_ST00113" HPOS="360" VPOS="1461" WIDTH="199" HEIGHT="24" CONTENT="To-morrow." WC="0.89" CC="0030000601"/>
					</TextLine>
				</TextBlock>
			</PrintSpace>
		</Page>
	</Layout>
</alto>
