1011 1701
234 82 161 26 ECHOES
423 82 53 26 OF
501 80 86 27 THE
616 79 101 26 WAR.

79 91 31 23 30

121 170 57 26 But
194 179 74 23 now,
286 169 64 27 alas
360 170 4 26 !
388 179 18 17 a
422 174 65 22 rent
502 168 54 27 has
572 175 92 24 come,

164 216 108 26 Which
291 215 124 27 stounds
432 223 56 18 our
505 214 102 26 hearts
626 212 71 26 with
715 210 77 34 pain,

120 262 64 26 The
201 261 82 26 voice
300 261 33 26 of
351 260 91 34 amity
458 259 25 26 is
501 258 92 27 dumb
594 273 34 3 —

163 308 45 26 To
227 306 91 35 speak
334 306 33 27 of
383 306 66 26 love
466 313 77 19 were
560 303 75 27 vain.

122 388 25 26 O
165 388 166 33 Germany!
358 387 75 26 false
453 385 167 33 Germany!

166 433 82 27 With
264 440 130 26 purpose
410 431 63 27 dire
489 431 59 26 and
564 429 88 36 plain,

124 478 121 27 Instead
261 478 33 27 of
311 478 105 30 friend,
435 476 138 27 revealed
589 484 33 18 as
639 474 48 27 foe
698 475 3 25 !

123 526 56 25 We
196 524 85 26 think
298 533 38 17 no
353 533 82 16 more
451 522 34 27 of
500 522 155 27 Waterloo
657 537 34 1 —

167 570 40 26 Of
224 571 89 25 Mons
331 577 74 23 now,
423 569 116 31 Marne,
557 567 61 27 and
634 566 100 27 Aisne.

124 616 56 27 We
196 616 85 26 think
295 615 34 27 of
344 614 139 35 Belgium
498 613 30 27 in
543 613 53 26 her
611 612 79 32 dool,

168 661 142 33 Leagued
327 660 69 27 with
413 660 53 26 her
482 659 30 27 in
528 660 54 25 her
600 666 110 19 sorrow
720 668 6 22 ;

125 709 56 25 We
198 707 84 26 think
296 706 34 27 of
344 714 171 26 vengeance
531 705 60 35 just
606 704 59 27 and
681 704 63 32 full,

169 753 40 25 Of
226 752 138 26 Nemesis
381 757 185 21 to-morrow.

127 835 24 26 O
169 834 166 34 Germany!
362 832 87 27 fierce
469 831 165 34 Germany!

170 881 56 26 We
244 888 86 18 scorn
348 879 51 32 thy
416 877 99 27 brutal
532 886 81 25 rage,

127 926 100 27 While
246 925 183 33 shuddering
449 929 29 21 at
498 924 52 34 thy
569 922 110 27 breach
697 921 33 27 of
747 921 87 33 troth.

126 972 69 26 And
210 970 183 33 confidently
409 969 118 34 leaving
543 969 72 26 both

170 1019 44 25 To
232 1017 139 32 history's
388 1015 109 27 candid
515 1024 86 25 page.

128 1063 90 27 We'll
232 1062 74 34 fight
322 1062 67 27 thee
404 1067 31 20 to
449 1061 50 26 the
514 1060 89 26 bitter
616 1059 57 26 end

171 1107 82 28 With
267 1116 55 18 our
337 1107 56 26 full
406 1106 148 33 Empire's
569 1104 104 35 might,

127 1154 143 34 Trusting
286 1152 30 27 in
336 1152 182 27 Providence
536 1157 30 21 to
584 1151 73 26 send

173 1200 73 26 Sure
263 1198 130 34 triumph
411 1197 48 27 for
476 1197 49 26 the
543 1196 89 35 right.

128 1277 25 26 O
173 1276 165 34 Germany!
366 1274 130 27 baulked
517 1274 165 33 Germany!

171 1323 95 26 Thine
283 1322 85 32 eagle
387 1329 73 18 soon
476 1325 78 21 must
572 1320 65 26 fold

130 1369 55 26 His
204 1367 128 37 plucked
351 1367 60 27 and
430 1366 93 28 soiled
542 1365 185 28 dishevelled
745 1364 109 35 wings:

128 1415 66 34 Thy
210 1422 69 18 men
296 1417 78 22 must
393 1412 85 26 think
494 1411 34 27 of
545 1411 95 27 better
659 1411 100 34 things

171 1461 85 26 Than
270 1459 92 33 greed
376 1458 34 27 of
421 1458 72 27 land
506 1458 60 26 and
580 1457 82 35 gold.
