1011 1701
133 82 34 22 66

292 80 161 24 ECHOES
482 79 52 25 OF
560 78 87 26 THE
675 78 103 25 WAR.

266 166 52 34 Sly
335 166 333 33 Bethman-Hollweg's
686 172 85 23 crew,

266 213 78 25 Who
360 218 63 20 tore
438 212 49 26 the
537 220 86 23 scrap
667 210 30 26 in
712 215 65 26 two,

134 259 61 25 Are
210 258 135 26 destined
361 263 31 21 to
407 257 63 36 join
485 257 110 35 Tirpitz
612 256 59 26 and
686 256 50 26 the
753 260 72 21 rest:

265 304 26 26 A
306 304 69 26 cold
390 304 32 25 fit
439 303 118 27 follows
571 303 62 32 hot,

265 350 42 26 As
323 358 74 23 your
413 349 86 32 plans
516 357 40 24 go
571 347 43 27 all
630 352 30 22 to
677 352 54 28 rot,

135 395 69 26 And
219 404 58 23 you
294 395 61 26 find
371 404 74 23 your
461 394 104 26 insane
581 393 118 27 leaders
714 393 61 34 just
791 402 17 17 a
824 398 72 29 pest.

266 487 82 26 Your
365 487 107 26 Crown
489 487 105 26 Prince
596 503 34 1 —
631 486 167 33 blustering
814 486 75 26 fool!

267 532 75 26 Fills
360 541 73 23 your
450 532 154 26 darkened
622 532 104 26 homes
744 531 70 27 with
832 531 77 33 dool,

137 578 35 26 In
193 578 153 34 clutching
368 578 78 26 after
467 579 99 25 War's
587 577 112 27 elusive
720 578 143 34 guerdon.

267 624 56 27 His
340 633 60 18 was
416 634 18 17 a
451 624 96 34 costly
563 624 86 26 whim
661 625 5 25 !

266 670 93 27 What
376 670 84 27 think
476 680 59 23 you
552 680 65 17 now
634 670 34 27 of
682 669 70 34 him,

136 717 80 27 Who
248 717 118 26 hounds
400 723 30 20 to
465 717 90 26 death
589 725 73 26 your
695 716 174 27 hecatombs
901 721 29 22 at

222 763 138 25 Verdun?

266 849 68 26 And
350 850 79 31 then,
446 849 82 26 there
544 848 24 27 is
585 849 49 26 the
650 849 114 32 Kaiser,

267 895 82 27 With
368 895 158 27 memories
546 895 33 26 of
598 895 83 31 Yser,

136 940 40 27 Of
195 940 169 27 bafflement
382 945 31 22 at
432 941 103 34 Ypres,
555 941 116 32 Marne,
691 940 60 27 and
768 940 101 27 Aisne:

266 987 49 26 He
333 986 60 27 still
409 987 90 35 keeps
516 995 39 26 up
573 995 17 18 a
608 987 100 26 racket
710 1002 33 3 —

266 1034 59 25 But
343 1033 99 32 surely
459 1042 17 17 a
494 1033 84 26 strait
595 1033 99 32 jacket

136 1078 63 27 Fits
217 1088 81 17 some
315 1078 32 27 of
363 1078 49 27 the
428 1078 214 32 outrageously
659 1078 103 27 insane
773 1079 3 26 !
