1011 1701
112 67 86 24 THE
222 67 186 26 WRITING
433 67 112 26 UPON
570 67 86 26 THE
679 67 126 25 WALL.

849 72 29 27 55

117 209 87 26 THE
232 210 189 26 WRITING
450 210 114 26 UPON
593 210 86 26 THE
707 210 126 26 WALL.

459 288 26 3 —
487 277 56 19 Dan.
557 283 19 13 v.
591 281 30 19 27.

76 352 71 26 You
168 351 130 27 clanked
319 352 50 26 the
391 352 76 27 keen
489 352 96 32 sabre,
607 352 60 27 and
689 352 122 26 snorted
832 351 45 27 for

163 406 78 24 war;

121 445 66 26 You
204 445 135 26 sounded
356 445 50 26 the
424 445 71 26 loud
512 445 90 33 bugle
619 445 73 32 call;

77 492 66 26 You
159 497 43 21 set
217 492 30 26 in
261 492 54 26 fell
330 492 164 33 onslaught
508 500 73 25 your
595 492 187 33 Juggernaut
797 499 51 18 car
849 506 33 3 —

121 538 59 26 But
195 538 50 26 the
259 537 120 34 writing
392 538 25 26 is
432 538 83 26 there
530 547 39 17 on
583 538 50 26 the
646 537 70 27 wall
726 538 4 26 !

77 627 83 26 Your
177 627 132 26 vaunted
327 627 164 26 battalions
494 643 34 2 —
529 636 63 24 aye,
612 626 84 26 these
713 634 77 18 were
808 634 73 25 your

165 673 69 33 god,

122 719 110 27 Before
249 719 99 27 whom
365 719 43 27 all
425 719 121 33 Europe
563 724 79 21 must
660 718 68 33 fall;

78 766 59 25 But
158 766 50 25 the
229 765 101 27 flower
350 765 33 26 of
402 774 74 25 your
496 765 67 26 host
583 774 67 17 now
670 764 142 27 bestrews
833 764 47 26 the

165 811 153 26 drenched
338 811 54 26 sod
394 827 34 2 —

121 858 68 26 And
207 858 49 26 the
272 857 120 33 writing
407 857 25 26 is
448 857 83 26 there
547 865 39 18 on
602 857 49 26 the
668 856 69 26 wall
746 857 4 25 !

78 947 66 26 You
169 945 127 28 boasted
321 946 49 26 the
397 945 136 34 strength
556 945 34 26 of
613 953 74 25 your
710 944 171 34 bottled-up

166 992 85 25 Fleet

122 1039 47 26 On
185 1039 50 26 the
253 1046 66 18 seas
336 1042 29 21 to
383 1042 43 21 set
475 1035 210 28 Deutschland
701 1037 61 25 o'er

79 1085 59 26 But
152 1084 50 27 the
217 1089 62 22 tars
292 1083 34 27 of
339 1082 157 27 Britannia
510 1091 58 24 you
582 1082 130 26 shudder
727 1086 30 22 to
771 1086 78 21 meet
850 1097 33 2 —

121 1130 69 27 And
206 1130 50 26 the
272 1129 120 33 writing
407 1128 25 27 is
449 1128 83 27 there
546 1137 41 18 on
602 1128 50 26 the
668 1128 69 26 wall
747 1128 3 26 !

81 1220 100 27 Proud
198 1220 163 34 braggart!
432 1218 64 26 The
515 1217 69 34 Day
632 1216 55 27 has
704 1225 68 18 now
790 1215 92 34 verily

166 1276 93 22 come,

123 1312 109 28 Which
248 1321 59 25 you
325 1310 118 28 toasted
445 1326 34 2 —
480 1310 52 27 but
551 1309 62 27 fain
629 1309 100 26 would
746 1308 109 32 recall;

79 1360 60 26 For
154 1359 50 26 the
220 1358 67 27 God
303 1366 57 25 you
375 1357 77 26 have
467 1355 131 35 slighted
613 1355 54 27 has
682 1354 114 35 spoken
811 1363 72 25 your

166 1405 91 25 doom
259 1420 32 2 —

123 1452 71 27 See!
220 1452 50 25 the
288 1449 120 34 writing
425 1455 96 21 stares
539 1454 51 21 out
608 1448 78 26 from
704 1447 48 26 the
770 1446 82 27 wall!
