1011 1701
330 77 85 24 THE
444 77 198 24 BANTAMS

856 83 35 24 49

327 257 87 25 THE
439 256 210 26 BANTAMS.

121 369 164 26 Bantams
344 369 71 35 they
442 369 61 27 call
531 378 44 18 us.
629 370 55 26 We
711 374 104 30 accept
844 369 49 26 the

218 424 98 23 name,

133 460 113 35 £Kindly
266 461 160 26 conferred
427 477 34 2 —
463 466 60 28 not,
544 461 108 34 surely,
672 460 30 27 in
720 460 144 27 derision:

89 507 70 26 Full
174 516 91 24 many
282 516 17 18 a
317 508 149 26 bantam's
482 516 41 18 on
540 508 49 26 the
606 507 91 27 scroll
712 507 34 27 of
762 507 88 33 fame,

133 553 79 27 Who
236 562 68 18 now
326 553 56 27 has
407 553 110 35 passed
542 553 79 27 from
643 553 87 27 earth
754 558 30 22 to
809 553 85 27 fields

221 599 136 33 Elysian.

89 717 99 27 Brave
206 717 102 27 David
326 726 61 18 was
406 726 18 17 a
477 717 123 26 bantam
649 721 31 22 to
697 715 132 34 Goliath,

133 763 57 27 Yet
217 763 93 27 felled
337 763 66 27 that
429 763 127 32 hulking
584 763 145 32 braggart
755 762 70 26 with
851 761 44 27 his

222 809 94 33 sling;

89 856 69 27 And
173 856 38 26 he
227 856 67 26 who
313 855 62 27 still
392 863 38 18 on
446 863 81 18 mere
544 854 86 27 brute
647 854 82 27 force
747 854 105 26 relieth

133 902 74 32 May
222 901 85 27 learn
325 901 79 27 from
420 910 33 18 us
470 901 127 27 another
614 909 76 25 song
707 906 29 21 to
753 900 76 34 sing.

89 1021 164 32 Zaccheus,
275 1019 113 27 nimble
410 1018 134 33 climber,
567 1028 60 16 was
649 1028 18 16 a

133 1067 57 25 Yet
218 1066 80 26 from
325 1066 45 26 his
399 1071 62 21 tree
488 1065 37 27 he
553 1065 94 26 heard
672 1064 61 27 and
761 1072 59 18 saw
847 1063 49 26 the

222 1113 114 25 Christ:

89 1160 69 28 And
172 1161 71 27 then
256 1160 49 27 the
320 1160 77 35 spell
408 1159 34 27 of
453 1160 86 26 earth
552 1159 123 26 became
688 1167 17 17 a
718 1158 145 35 phantom
864 1172 34 4 —

134 1207 83 27 With
233 1206 97 27 holier
348 1204 169 35 fellowship
533 1204 46 28 his
596 1204 66 28 soul
678 1204 94 27 found
788 1209 85 29 tryst.

92 1325 75 27 Paul
185 1325 50 26 the
253 1324 127 35 Apostle
398 1331 70 25 was,
486 1322 31 27 in
534 1330 152 28 presence,
706 1320 88 35 lowly

134 1372 35 26 In
188 1376 114 22 stature
304 1386 34 2 —
339 1370 33 27 of
390 1370 50 26 the
459 1369 89 33 body,
568 1373 51 22 not
639 1368 49 26 the
707 1367 79 27 soul:

89 1420 57 26 Yet
161 1418 34 28 of
209 1418 46 27 his
271 1425 133 26 courage
419 1416 60 26 and
493 1415 47 27 his
555 1414 112 28 service
682 1414 72 34 holy

133 1466 65 26 The
213 1464 116 34 praises
345 1463 62 27 still
424 1462 129 27 resound
570 1461 79 27 from
664 1461 69 35 pole
748 1466 31 21 to
795 1460 77 36 pole.
