1011 1701
249 77 85 26 THE
364 78 186 26 KAISER'S
580 78 184 26 MALADY.

879 79 32 31 63

109 165 28 26 If
151 171 53 21 not
220 174 81 26 upon
318 166 52 34 thy
387 167 108 33 throat,
514 167 70 27 then
598 177 40 17 on
655 168 52 33 thy
724 167 65 27 soul

152 211 116 27 Cancer
289 212 56 27 has
367 212 138 28 fastened
506 229 34 3 —
541 214 65 26 also
629 222 39 18 on
690 214 51 34 thy
763 214 97 26 State:

109 258 25 26 It
153 258 93 35 drags
265 258 73 27 both
356 259 172 27 downward
548 265 30 21 to
596 269 18 17 a
631 260 111 27 darker
759 260 71 34 goal

151 304 87 27 Than
252 314 85 23 once,
352 304 31 28 in
398 305 93 34 pride,
508 315 61 17 was
583 306 125 33 visaged
722 315 32 17 as
770 306 52 33 thy
837 305 70 27 fate.

108 401 68 33 For,
193 402 70 26 with
279 403 52 33 thy
346 402 129 35 guileful
491 404 74 25 War
580 403 105 33 Lords,
701 408 46 21 art
762 408 52 21 not
830 403 79 32 thou,

151 448 134 33 Thyself,
305 458 17 17 a
340 458 107 17 cancer
465 449 30 26 in
514 449 49 26 the
580 449 95 26 world
692 449 33 26 of
742 449 84 26 men?

108 495 134 26 Whence
261 495 119 26 nations
399 495 60 35 just
477 495 76 26 have
573 495 165 34 registered
757 495 50 26 the
825 503 64 18 vow

151 542 44 26 To
229 542 92 34 pluck
355 542 52 33 thy
442 547 80 21 roots
525 558 32 1 —
560 542 60 26 and
653 542 106 26 hinder
793 542 116 33 growth

239 597 98 24 again.

107 685 96 32 Hark,
219 684 96 26 Attila
325 685 5 24 !
355 684 72 26 thou
443 689 78 21 most
538 683 127 34 unroyal
682 688 93 21 rotter
786 683 5 25 !

151 730 66 33 Thy
231 740 72 23 very
319 731 88 26 Huns
422 730 62 27 will
500 730 85 27 learn
601 730 52 33 thy
668 729 88 27 tinsel
771 729 95 27 worth
876 739 3 16 :

107 778 66 33 Thy
190 777 107 26 throne
314 776 175 35 magnifical
506 776 25 26 is
549 776 129 26 doomed
697 781 30 20 to
745 780 98 28 totter,

151 823 98 26 When
267 831 173 24 vengeance
460 822 82 33 grips
562 823 75 31 thee,
659 822 132 33 blighter
808 821 34 27 of
860 822 48 25 the

238 869 85 25 earth
334 869 3 25 !

107 1024 67 26 Full
188 1024 89 26 fierce
290 1024 60 26 and
360 1022 76 36 long
450 1023 58 27 this
521 1023 115 27 baleful
648 1032 61 18 war
720 1023 55 28 has
789 1023 117 34 surged,

149 1071 83 25 Dear
248 1070 24 26 is
289 1071 50 25 the
355 1069 81 35 price
451 1069 145 27 mankind
612 1070 54 26 has
681 1069 61 27 had
758 1074 31 22 to
805 1077 74 27 pay;

106 1116 66 33 But,
197 1116 86 26 when
307 1116 50 27 the
380 1116 97 27 world
499 1116 34 26 of
556 1116 59 26 this
638 1116 92 26 breed
753 1116 55 26 has
832 1116 76 26 been

236 1162 125 34 purged,

148 1209 65 33 Just
231 1208 126 27 Heaven
374 1207 61 27 will
452 1208 90 26 usher
560 1207 29 27 in
606 1216 17 18 a
641 1207 135 35 brighter
793 1208 78 34 Day.
