1012 1701
232 84 161 26 ECHOES
422 85 52 25 OF
501 86 85 24 THE
615 86 100 24 WAR.

77 88 32 25 54

76 169 97 27 When
190 170 135 27 business
342 180 68 18 men
427 181 61 25 say,
539 172 101 27 Times
656 181 52 17 are
724 172 72 26 bad:

76 215 86 27 Since
178 225 61 18 war
256 217 98 34 began
371 227 43 17 we
430 218 77 27 have
524 218 75 27 been

76 262 11 25 I
105 262 54 26 ask
174 262 78 27 what
268 263 69 34 they
353 264 75 26 have
443 265 110 33 gained
568 264 60 26 and
644 269 85 30 spent
732 280 33 2 —

108 307 89 27 Blind
213 308 88 34 Alley
318 309 194 27 Discontent!

75 389 97 27 When
190 389 217 27 householders
426 391 112 26 lament
558 391 76 26 their
653 395 56 27 tax,

73 435 69 26 And
158 436 103 33 growl,
313 437 98 25 We're
429 437 125 34 nothing
573 437 51 26 but
643 437 82 26 State

76 481 11 25 I
105 481 83 34 chirp
203 486 53 21 out
258 497 34 2 —
325 482 117 33 Cheery
458 481 34 33 O,
510 481 52 27 old
579 483 85 32 gent!
694 499 34 1 —

108 526 89 27 Blind
213 527 88 33 Alley
318 527 193 27 Discontent!

75 611 97 26 When
192 611 106 27 labour
316 621 70 17 men
405 621 53 26 say
477 613 113 34 they're
607 614 171 34 oppressed,

107 656 52 27 Ca'
322 658 60 26 and
401 659 70 26 then
491 668 84 25 yawn
595 659 47 27 for

75 703 11 25 I
105 702 60 27 find
183 703 47 27 for
247 704 85 26 sheer
348 704 116 33 disgust
481 704 57 27 this
554 710 69 21 vent
624 721 34 2 —

107 748 89 27 Blind
212 749 88 33 Alley
318 749 193 27 Discontent!

74 831 98 27 When
201 833 121 25 soakers
351 833 104 32 whine,
516 834 129 33 They've
665 834 125 33 stopped
817 843 54 18 our

160 877 84 26 beer!

74 923 97 26 Could
190 923 100 35 things
309 924 37 26 be
364 933 94 17 worse
477 933 77 18 were
573 925 146 27 Germans

74 970 10 24 I
103 977 53 26 say
157 985 34 2 —
225 969 76 27 Save
317 978 46 26 up,
381 970 59 26 and
457 979 58 25 pay
530 979 74 25 your
621 976 64 21 rent
716 987 34 2 —

106 1014 88 27 Blind
211 1014 88 34 Alley
315 1014 194 28 Discontent!

72 1098 98 25 When
185 1098 140 34 anybody
339 1098 79 26 hints
433 1107 17 17 a
465 1098 94 27 doubt

71 1144 78 25 That
166 1152 43 17 we
226 1144 49 25 the
291 1152 106 26 enemy
413 1144 61 26 will
491 1150 74 26 rout,

72 1189 11 25 I
103 1196 86 19 scorn
205 1194 31 21 to
251 1189 68 34 give
335 1189 60 27 him
411 1199 49 24 my
476 1195 124 22 consent
601 1206 33 3 —

104 1234 88 27 Blind
209 1234 88 34 Alley
314 1235 193 27 Discontent!

71 1319 97 25 When
184 1318 91 26 brave
291 1328 69 16 men
376 1319 75 34 keep
467 1328 18 17 a
502 1324 88 28 stout,
607 1320 72 34 glad
696 1321 92 34 heart,

70 1365 67 26 And
153 1374 64 17 vow
235 1365 62 26 that
314 1365 71 34 they
401 1365 60 26 will
476 1366 39 26 do
531 1366 76 26 their
623 1372 75 28 part,

71 1411 10 26 I
101 1411 86 26 know
203 1411 60 26 and
279 1411 87 26 value
382 1411 79 26 what
477 1411 24 26 is
516 1417 101 20 meant
620 1428 33 3 —

102 1456 111 26 Hence,
232 1456 121 26 blinded
371 1456 193 26 Discontent!
