1011 1701
241 63 161 26 ECHOES
430 63 52 26 OF
509 63 86 25 THE
624 62 100 26 WAR.

82 71 35 23 40

84 151 27 25 A
127 151 74 26 road
217 151 32 26 of
265 151 139 33 perjured
421 151 114 33 cruelty
551 150 60 26 and
627 150 66 31 lust,

86 195 81 27 With
183 195 134 28 freedom
332 195 57 27 fair
403 195 233 27 down-trodden
651 194 30 26 in
696 193 49 26 the
760 193 68 26 dust
829 208 34 2 —

86 241 55 26 Yet
171 241 93 26 dar'st
294 241 73 26 thou
398 250 38 17 on
467 241 63 26 that
562 240 82 31 road,
675 239 70 27 with
776 239 107 26 brazen

172 286 87 32 front,

87 333 111 26 Invoke
215 333 50 25 the
282 341 90 26 grace
390 332 32 26 of
439 332 64 26 One
520 332 66 26 who
604 331 91 32 loves,
712 330 34 27 of
762 335 87 28 wont,

216 378 58 26 But
295 378 186 26 honourable
503 386 91 24 peace
604 378 5 25 !

215 479 48 26 An
279 477 188 28 honourable
485 486 90 26 peace
585 478 4 26 !

86 524 63 26 The
166 524 127 26 thunder
308 524 30 25 in
355 524 48 26 the
420 523 83 33 East,
519 523 101 26 whose
635 523 107 26 echoes
758 522 82 27 woke

88 571 78 26 Such
185 570 131 34 plaudits
335 570 29 26 in
384 570 110 33 Berlin,
515 578 38 18 no
573 569 149 35 lightning
741 570 99 26 stroke

88 615 135 27 Inflicted
240 624 40 18 on
298 624 55 18 our
370 615 166 27 Muscovite
555 615 70 32 Ally
626 631 34 1 —

88 661 59 26 For
195 660 89 27 Plans
298 660 32 27 of
340 660 77 28 mice
429 660 60 27 and
502 669 67 18 men
582 669 81 25 gang
676 659 44 28 aft
733 660 88 34 agley
852 676 31 2 —

87 706 68 26 And
171 706 116 32 Russia,
306 705 36 27 be
358 706 133 32 assured,
509 705 60 26 will
585 714 83 18 come
685 705 98 35 again,

88 752 64 26 One
169 752 58 26 end
244 752 71 26 with
332 761 34 17 us
385 758 30 21 to
432 752 65 33 win,
515 752 39 33 by
570 751 96 34 might
685 752 58 26 and
760 751 79 27 main
841 767 33 3 —

217 798 47 26 An
281 797 188 27 honourable
486 806 91 25 peace
587 798 3 26 !

217 902 48 26 An
282 902 187 26 honourable
486 910 91 26 peace
587 902 3 26 !

89 948 65 27 Can
169 957 18 18 a
204 949 86 33 thing
308 949 84 26 clean
410 949 128 33 proceed
557 948 77 27 from
650 949 79 26 what
745 948 25 27 is
787 948 71 26 vile?

90 995 83 34 Nay!
234 995 59 26 But
323 994 78 27 from
431 995 67 26 God
527 995 60 26 and
618 1003 34 18 us
681 995 92 34 you'll
802 995 82 26 learn

174 1040 139 25 erewhile

89 1087 91 25 What
202 1095 91 26 peace
315 1086 69 26 with
406 1086 117 26 honour
544 1095 112 23 means,
679 1085 70 27 with
771 1086 114 26 honour

175 1140 100 25 peace,

90 1178 90 25 From
200 1178 85 25 those
305 1177 99 26 whose
425 1185 107 26 prayer
552 1177 22 26 it
594 1177 24 27 is
639 1178 62 26 that
722 1186 76 18 wars
819 1186 66 25 may

175 1231 95 22 cease,

90 1269 90 25 What
197 1268 71 34 only
286 1268 117 26 nations
421 1268 70 26 with
508 1269 86 26 clean
611 1269 96 26 hands
725 1278 55 17 can
797 1269 82 34 give;

89 1315 91 25 What
207 1313 60 26 will
292 1314 89 26 make
407 1313 114 36 justice,
550 1315 90 32 truth,
667 1315 59 26 and
753 1314 134 28 freedom

176 1360 56 25 live
232 1374 36 3 —

218 1406 47 26 An
282 1405 187 27 honourable
487 1414 91 25 peace
588 1406 3 26 !
