1011 1701
88 98 22 8 60

233 81 162 25 ECHOES
423 80 52 26 OF
501 78 86 27 THE
615 77 102 26 WAR.

234 247 85 24 THE
347 245 181 26 MODERN
557 242 157 27 HEROD.

214 327 110 26 Emperor,
345 326 84 23 Kaiser,
448 325 43 20 and
512 324 73 26 King!
621 323 63 20 Thou
702 326 31 16 art
751 321 68 21 victor
838 321 42 20 and

78 363 103 25 glorious.
210 362 26 20 In
247 361 84 20 ancient
343 360 64 24 Nish,
418 360 29 19 all
457 359 36 20 the
504 359 87 26 peoples
601 358 24 20 of
637 358 35 19 the
684 358 52 19 East
747 357 67 19 salute
825 356 53 22 thee,

79 397 35 19 the
127 397 126 22 Redeemer,
264 395 100 26 bringing
375 398 22 16 to
407 394 36 20 the
451 393 116 27 oppressed
578 392 118 27 prosperity
704 392 42 19 and

79 442 26 3 —
109 431 60 23 King
181 431 126 19 Ferdinand
315 429 25 25 of
345 429 108 25 Bulgaria
462 431 20 17 to
492 428 33 20 the
536 428 80 19 Kaiser
630 426 105 20 Wilhelm.

134 473 48 19 And
194 479 59 19 upon
264 479 11 13 a
286 475 31 17 set
328 472 40 25 day
380 470 83 24 Herod,
475 470 89 26 arrayed
575 470 21 19 in
607 470 58 25 royal
677 469 94 26 apparel,
783 469 62 19 made
855 475 26 12 an

81 508 83 19 oration
176 510 22 17 to
209 507 67 24 them,
289 507 41 18 and
346 506 36 19 the
397 505 76 26 people
484 511 54 20 gave
552 512 12 12 a
579 504 70 23 shout,
661 503 74 26 saying
736 514 26 3 —
767 503 33 19 'It
815 503 17 19 is
848 503 34 20 the

82 542 60 20 voice
154 542 24 20 of
186 549 11 12 a
209 542 55 23 God,
278 542 41 18 and
330 543 38 17 not
379 541 23 19 of
414 547 12 12 a
441 547 49 12 man
501 541 4 17 !
513 540 4 7 '
547 539 50 19 And
612 538 36 20 the
663 538 62 26 angel
740 537 24 21 of
776 537 35 20 the
827 537 55 20 Lord

82 581 68 16 smote
162 577 52 24 him,
226 576 43 20 and
280 576 26 20 he
317 582 43 14 was
371 579 61 16 eaten
444 575 23 20 of
475 581 83 17 worms,
571 574 42 19 and
623 580 53 20 gave
687 580 27 19 up
725 573 36 20 the
858 583 24 3 —

86 613 43 19 The
139 612 56 20 Book
205 611 26 24 of
236 611 33 20 the
280 612 56 18 Acts.

87 683 114 26 Proud
219 681 105 27 Herod
344 686 63 22 sate
424 680 30 27 in
473 680 83 34 royal
576 685 83 27 state,

87 729 73 26 'Mid
178 737 91 26 pomp
286 728 60 26 and
364 727 215 27 circumstance
596 726 79 26 elate
685 735 5 23 ;

87 775 48 26 He
153 784 75 23 rose,
247 774 60 27 and
323 774 117 27 uttered
459 782 38 18 an
516 772 124 34 oration,

88 821 73 27 'Mid
181 820 132 33 fawning
334 819 152 27 courtiers'
507 818 164 27 adulation.

217 867 91 31 voice,
343 872 51 20 not
428 867 95 24 man's
559 864 52 26 but
645 863 134 27 God's!"
814 862 67 33 they

175 913 80 25 cried
256 929 33 2 —

88 961 55 25 Yet
164 968 80 24 soon,
263 958 150 27 devoured
429 957 34 27 of
480 966 116 23 worms,
615 956 37 27 he
669 956 76 26 died.

87 1007 83 26 Thus
189 1005 104 34 basely
312 1005 95 27 ended
426 1004 45 26 his
490 1003 160 34 life-story,

89 1054 79 25 Who
187 1057 43 21 set
249 1051 46 26 his
313 1060 67 17 own
399 1050 94 27 above
512 1050 92 27 God's
622 1049 97 33 glory.

92 1137 99 26 Proud
211 1135 151 32 Wilhelm,
384 1134 145 35 yearning
550 1139 30 21 to
600 1132 160 28 command

88 1183 65 27 The
173 1182 96 26 whole
291 1182 94 26 round
406 1181 102 32 world,
529 1180 71 26 with
622 1178 170 28 Ferdinand

90 1229 80 26 Held
188 1228 138 35 banquet,
343 1226 103 28 within
463 1226 102 27 Nish's
582 1232 79 28 gate,

91 1276 33 25 In
139 1283 84 18 more
238 1274 73 26 than
327 1273 130 26 Herod's
474 1273 84 32 regal
574 1277 87 21 state.

90 1321 75 31 And,
182 1329 33 18 as
231 1320 70 32 they
318 1325 62 21 sate
396 1319 29 26 in
441 1320 99 25 War's
555 1327 95 25 array,

90 1364 154 34 Toasting,
264 1364 70 26 with
353 1364 154 33 gleaming
526 1371 62 26 eye,
641 1363 50 25 the

90 1412 64 25 The
171 1409 209 36 sycophantish
398 1409 115 33 Bulgar
529 1417 66 18 rose

90 1458 63 27 The
172 1457 132 26 Kaiser's
322 1456 102 26 health
442 1455 68 26 thus
529 1461 29 20 to
578 1464 139 24 propose:
