1011 1701
237 65 161 26 ECHOES
426 65 53 26 OF
505 64 85 27 THE
618 63 100 26 WAR.

94 80 19 11 80

102 216 84 25 THE
214 216 160 25 FRIEND
401 215 50 26 OF
478 215 76 26 ALL
580 213 86 27 THE
692 213 160 27 WORLD.

241 296 17 20 is
269 300 20 16 at
300 303 65 20 peace
376 296 50 20 with
437 296 28 19 all
480 296 37 19 the
528 295 73 23 world,
614 294 42 20 and
671 294 75 19 wishes
760 296 22 17 to
798 293 78 19 remain

80 336 20 15 at
114 338 72 20 peace.
218 331 43 20 She
271 331 18 20 is
299 335 21 16 at
331 337 65 20 peace
407 330 51 20 with
473 330 29 20 all
517 330 35 19 the
568 329 74 24 world,
655 329 89 20 because
760 328 36 20 she
810 328 17 20 is
843 328 33 20 the

80 367 68 18 friend
159 367 23 18 of
191 367 28 18 all
230 367 35 18 the
368 378 26 1 —
396 365 110 20 President
522 365 86 19 Wilson.

128 440 68 27 She
212 440 24 26 is
285 440 50 26 the
352 439 97 27 friend
464 438 33 27 of
513 438 42 27 all
570 438 49 26 the

170 485 41 26 Of
225 485 64 26 foul
304 495 68 16 men
389 485 59 26 and
464 484 31 27 of
511 484 57 27 fair
569 500 34 2 —

127 531 41 27 Of
185 532 98 26 Turks
302 531 60 26 and
380 532 142 31 Teutons,
542 530 66 26 who
628 530 74 26 have
721 529 112 33 hurled,

129 578 111 26 'Neath
258 577 129 26 banners
407 576 142 32 savagely
567 575 149 33 unfurled,

171 623 101 26 Death
292 622 133 33 hurtling
446 622 130 33 through
596 622 49 26 the
666 621 51 27 air.

162 711 82 27 With
259 711 43 27 all
315 711 49 27 the
379 710 94 28 world
490 710 51 27 she
555 710 24 27 is
594 716 29 21 at
639 719 97 26 peace,

172 757 68 25 And
254 757 106 25 wishes
375 756 60 26 still
451 762 29 20 to
495 757 37 25 be
563 772 34 2 —

128 804 130 33 Though
275 809 127 28 tyranny
421 803 107 27 should
546 811 88 18 never
653 811 92 24 cease,

129 849 42 27 Or
189 849 212 27 Christendom
417 848 104 28 obtain
539 848 122 31 release,

172 897 27 24 A
213 895 98 26 friend
324 900 30 21 to
369 895 42 26 all
425 894 84 27 bides
524 895 51 26 she
586 896 3 25 !

131 985 99 26 Shade
249 984 33 28 of
300 985 119 32 George
439 984 208 33 Washington,
667 983 124 26 behold!

175 1031 66 33 Say,
259 1036 47 22 art
324 1031 72 26 thou
412 1030 148 27 satisfied?

131 1077 73 27 Was
219 1076 22 27 it
258 1076 48 27 for
323 1076 57 27 this
398 1077 71 32 that,
488 1081 64 21 true
568 1076 60 26 and
644 1075 70 27 bold

130 1124 86 25 Thou
233 1123 138 26 struck'st
388 1122 46 27 for
451 1122 107 33 liberty
574 1122 32 26 of
621 1122 51 26 old
674 1137 33 3 —

175 1169 60 27 For
252 1169 66 32 this,
337 1169 51 32 thy
406 1168 132 27 freemen
556 1168 83 27 died?

131 1257 138 28 America
279 1258 4 26 !
310 1266 39 18 on
368 1257 138 34 history's
527 1257 90 26 scroll

174 1304 124 26 Thou'rt
317 1303 117 33 writing
454 1312 66 17 now
539 1303 52 33 thy
611 1312 87 17 name
708 1313 4 23 ;

130 1350 73 26 Alas
213 1351 5 25 !
241 1349 24 26 if
280 1350 72 26 thou
368 1358 138 25 suppress
523 1350 51 33 thy
590 1350 72 32 soul,

131 1395 75 33 And,
228 1395 162 33 smirching
441 1401 104 21 neuter
594 1404 39 18 on
653 1395 64 27 that
738 1395 63 33 roll,

175 1442 88 25 Incur
280 1450 16 17 a
313 1440 111 34 lasting
442 1440 102 27 shame
555 1441 4 26 !
