1011 1701
225 106 162 26 FAITH'S
415 107 142 25 THREE
587 107 180 25 PILLOWS

899 136 2 2 91

224 264 159 26 FAITH'S
413 265 143 26 THREE
591 265 176 26 PILLOWS

350 346 20 19 in
387 346 36 20 the
524 359 22 2 —
546 347 75 19 -Psalm
634 347 78 19 xxxvii.
726 351 19 20 7.

191 426 111 25 When
319 425 147 27 darkness
484 426 126 26 shrouds
629 426 49 26 the
697 426 60 34 sky,

234 471 67 26 And
318 471 116 33 danger
452 471 153 28 threatens
622 481 55 23 me,

191 518 44 25 To
252 518 89 31 Thee,
361 517 25 26 O
404 518 89 33 Lord,
513 518 10 25 I
544 517 47 35 fly,

235 564 66 25 And
318 564 111 26 shelter
445 564 62 26 find
522 564 29 26 in
567 565 90 25 Thee.

193 657 54 25 I'm
265 656 91 33 weak,
378 656 51 26 but
448 657 87 26 Thou
553 662 46 21 art
621 662 118 29 strong;

235 703 67 26 And
320 703 182 32 everlasting
519 711 80 18 arms

193 748 68 27 Still
276 749 72 26 bear
363 758 47 17 me
427 749 63 26 safe
506 749 100 34 along,

237 795 72 26 'Mid
328 804 72 17 even
418 797 85 24 war's
521 796 119 25 alarms.

193 888 11 25 I
211 889 34 24 'm
264 887 117 32 foolish,
400 888 86 25 Thou
503 892 46 22 art
566 887 69 27 wise
646 898 5 21 ;

235 934 51 26 Me
301 934 104 32 gently
420 934 124 26 onward
559 934 89 32 guide
658 935 4 25 !

193 980 53 26 I'm
264 979 63 28 safe
344 979 79 28 from
439 979 74 28 foe's
532 980 136 34 surprise,

236 1026 28 26 If
277 1027 85 25 Thou
378 1032 45 20 art
439 1026 39 34 by
491 1035 50 25 my
556 1026 71 27 side.

193 1119 53 26 I'm
265 1118 169 27 sometimes
454 1118 74 27 faint
545 1118 61 27 and
625 1118 53 27 sad

235 1166 45 26 On
300 1166 111 26 earth's
430 1166 176 33 depressing
626 1175 64 24 way
702 1177 2 18 ;

191 1212 59 27 But
265 1212 66 34 Thy
347 1212 67 27 love
430 1212 104 27 makes
550 1221 48 18 me
614 1212 79 34 glad,

234 1258 68 27 And
319 1264 83 21 turns
419 1258 86 34 night
520 1257 63 28 into
599 1259 69 33 day.

190 1351 67 33 Thy
275 1351 111 32 Power,
406 1350 145 34 Wisdom,
569 1351 89 32 Love,

234 1397 89 26 Amid
343 1397 77 27 life's
440 1397 151 27 stormiest
610 1397 124 31 billows,

192 1443 10 27 I
222 1444 67 26 thus
305 1443 76 28 have
398 1443 94 27 found
509 1449 30 21 to
555 1452 91 25 prove

235 1490 81 26 Most
336 1489 131 35 tranquil
487 1489 32 26 of
537 1490 85 25 heart
643 1488 123 35 pillows.
