1011 1701
91 63 30 22 16

244 63 162 29 ECHOES
435 67 52 25 OF
515 68 84 24 THE
629 68 99 25 WAR.

145 239 105 27 HIGH
283 242 184 27 PURPOSE
496 244 330 26 UNFULFILLED.*

134 317 114 25 ©eneral
268 319 44 24 Sir
332 320 95 26 3-ames
448 322 141 23 ©rierson:
609 322 37 26 Jn
667 323 166 25 dfcemoriam.

86 403 114 27 Great
217 405 118 34 soldier,
355 407 58 26 and
429 413 79 21 most
526 409 116 33 gallant
659 411 180 33 gentleman,

131 449 88 27 Scion
233 450 34 27 of
283 456 65 22 true
364 453 59 26 and
439 453 112 27 valiant
568 455 130 27 Scottish
715 466 67 16 race
793 458 4 24 !

86 494 56 27 We
157 504 109 18 mourn
281 497 31 26 in
330 498 66 26 thee
414 508 17 17 a
447 499 73 27 hero
538 500 130 27 stricken
685 502 85 27 down

129 540 60 28 Ere
205 548 49 27 yet
271 543 72 27 thou
357 546 99 25 met'st
474 545 49 26 the
540 545 120 29 foeman
676 548 65 27 face
759 555 29 20 to
805 549 73 26 face.

84 642 99 34 Large
197 652 60 18 was
271 644 80 27 thine
363 646 134 34 outlook,
511 648 61 26 and
585 648 52 34 thy
648 649 86 27 heart
748 659 110 26 serene,

128 689 144 35 Trusting
286 690 30 27 in
332 691 67 27 God
415 693 60 26 and
491 693 101 35 loving
608 695 115 27 Britain
738 698 75 30 well,

84 734 83 27 With
183 744 40 18 no
241 737 128 34 thought
388 737 47 27 for
453 739 119 34 thyself,
592 741 51 26 but
661 742 42 26 all
719 742 107 28 aflame

128 781 82 27 With
224 782 110 34 patriot
349 792 129 27 purpose
492 787 115 32 nought
622 787 53 27 but
688 787 90 28 death
792 789 87 27 could

214 829 89 32 quell.

83 930 57 26 But
157 930 98 33 death,
272 931 65 27 alas
347 933 5 25 !
376 934 54 26 has
448 934 57 27 reft
521 936 67 27 thee
603 936 79 27 from
698 938 49 26 the
763 939 94 26 world

125 976 64 34 Just
206 978 85 26 when
308 979 52 34 thy
375 988 115 25 powers
506 990 78 18 were
601 982 70 34 ripe,
688 984 60 27 and
763 985 114 27 needed

210 1029 78 20 most

79 1068 66 33 Thy
162 1069 122 27 counsel
301 1070 77 33 wise,
398 1072 59 26 and
475 1073 90 27 brave
583 1075 136 35 capacity

123 1114 39 26 So
190 1116 148 33 shrewdly
366 1118 102 27 armed
496 1124 30 22 to
553 1120 106 27 thwart
686 1123 49 25 the
761 1124 115 25 Teuton

207 1162 77 25 host.

102 1310 11 9 *
123 1311 92 19 General
227 1311 101 20 Grierson
339 1313 104 26 suddenly
452 1314 49 20 died
510 1314 21 20 in
540 1322 12 12 a
559 1316 86 26 railway
653 1317 95 27 carriage
756 1318 21 20 in
787 1319 87 24 France,

73 1349 22 16 at
108 1345 35 20 the
154 1346 102 20 outbreak
268 1346 24 20 of
304 1347 35 20 the
351 1348 57 24 War,
422 1348 63 20 while
496 1356 27 13 on
534 1350 32 20 his
578 1357 46 20 way
634 1355 22 16 to
668 1352 49 20 take
727 1355 114 18 command
853 1354 23 20 of

73 1380 35 20 the
127 1380 84 20 Second
228 1382 67 24 Army
313 1385 21 16 at
353 1382 35 20 the
406 1383 65 20 front.
510 1384 41 20 His
566 1385 57 26 body
638 1393 43 13 was
698 1387 44 20 laid
758 1392 22 16 to
795 1393 41 16 rest
852 1389 22 20 in

73 1415 99 26 Glasgow
184 1416 133 26 Necropolis,
332 1416 50 20 with
393 1417 94 27 military
497 1419 92 20 honours
600 1421 42 19 and
653 1422 57 19 amid
723 1429 63 21 many
797 1424 78 20 tokens

72 1450 23 19 of
104 1450 72 24 public
186 1456 85 14 sorrow.
