1011 1701
93 77 33 24 68

252 78 162 26 ECHOES
442 78 52 26 OF
521 78 86 25 THE
635 78 96 24 WAR

129 242 125 26 WHAT
277 242 145 26 OUGHT
446 243 53 25 TO
526 243 52 25 BE
604 243 119 25 DONE
751 243 108 25 WITH

352 292 85 25 THE
466 292 168 25 KAISER?

211 361 32 35 [A
265 368 82 21 FULL
367 369 140 21 PRIVATE
526 369 44 20 TO
591 369 53 21 HIS
664 364 115 34 MATE.]

131 445 108 26 What
254 445 26 27 is
297 446 65 26 best
381 451 29 22 to
427 447 37 26 be
480 447 78 27 done
574 447 69 27 with
662 448 48 26 the

97 491 104 26 That's
220 497 51 21 not
292 501 70 25 easy
381 497 30 22 to
430 502 116 18 answer
547 509 33 2 —
581 493 60 27 and
660 494 74 33 why,
754 494 56 26 sir?

186 537 47 27 He
251 537 25 27 is
293 543 51 21 not
361 538 73 34 only
453 539 72 33 slim,

186 584 66 32 But,
271 583 29 27 in
320 584 122 34 dealing
460 585 69 26 with
548 585 68 33 him,

99 629 102 27 We've
217 634 31 22 to
264 630 69 26 deal
348 630 70 27 with
435 640 17 17 a
469 636 61 22 sort
545 631 34 27 of
593 632 81 26 Most
691 632 92 34 High,
801 632 45 27 sir.

99 720 185 35 Something,
300 730 75 25 sure,
392 728 78 21 must
484 723 37 26 be
537 723 78 27 done
629 723 69 27 with
713 724 49 26 the
777 724 114 32 Kaiser,

99 766 86 27 Since
204 767 37 26 he
262 768 97 26 shows
378 768 122 27 himself
520 778 33 17 so
572 778 70 25 very
663 769 52 34 sly,
737 769 39 27 sir
786 780 6 22 ;

186 812 82 28 With
285 813 46 27 his
348 819 154 22 concretes
520 815 60 26 and
596 815 93 27 mines

184 860 69 25 And
269 859 46 27 his
331 860 94 26 dread
442 861 168 33 Zeppelins,

98 905 49 26 He
166 914 109 25 ranges
294 906 130 34 through
444 907 92 32 earth,
558 916 59 24 sea,
637 908 59 26 and
716 908 61 33 sky,
798 908 46 26 sir.

97 994 26 26 A
140 994 81 34 good
238 994 85 34 thing
340 994 20 27 it
378 994 96 35 might
491 995 37 27 be
546 995 46 27 for
609 996 49 26 the
676 996 113 33 Kaiser,

98 1039 29 27 If
140 1040 37 26 he
193 1049 77 18 were
286 1046 29 21 to
331 1047 51 27 get
398 1042 141 26 drowned
554 1042 30 26 in
600 1043 49 26 the
665 1043 87 27 Yser:

183 1087 85 26 Then
285 1087 45 26 his
348 1088 106 34 people
473 1088 98 27 would
589 1088 35 27 be

185 1132 90 27 From
294 1133 88 27 much
403 1133 116 34 devilry
539 1134 70 33 free,

95 1178 69 26 And
180 1178 96 34 might
293 1188 83 24 grow
394 1188 18 18 a
429 1179 42 27 bit
488 1180 139 27 humbler
644 1181 59 26 and
721 1181 92 27 wiser.

96 1267 58 26 But
173 1267 73 26 we'd
265 1268 87 25 make
371 1268 97 26 better
486 1277 52 18 use
555 1269 34 26 of
607 1270 48 26 the
676 1270 107 27 Kaiser
784 1286 33 2 —

96 1313 119 26 Believe
232 1322 56 24 me,
309 1314 54 26 I'm
382 1314 105 33 telling
506 1324 38 17 no
563 1315 46 32 lie,
629 1315 39 27 sir
670 1331 33 3 —

183 1358 28 27 If
227 1359 38 26 he
283 1359 95 34 caged
397 1369 76 17 were
493 1366 30 20 to
541 1360 36 27 be

182 1404 46 27 On
244 1405 49 26 the
311 1405 96 26 banks
422 1405 34 27 of
472 1406 49 26 the
539 1407 92 34 Spree
633 1423 32 2 —

96 1449 59 27 For
174 1451 48 25 the
241 1451 116 26 Bodies
376 1457 30 20 at
425 1452 57 26 last
501 1461 18 18 a
536 1452 58 27 fine
747 1454 48 26 sir.
