<?xml version="1.0" encoding="UTF-8"?>
<alto xmlns:xsi="http://www.w3.org/2001/XMLSchema-instance" xsi:noNamespaceSchemaLocation="http://www.bl.uk/schemas/alto/alto-1-4.xsd" xmlns:xlink="http://www.w3.org/1999/xlink">
	<Description>
		<MeasurementUnit>mm10</MeasurementUnit>
		<sourceImageInformation>
			<fileName>//head1/IN/2007-36/A0010674793/003246.jp2</fileName>
		</sourceImageInformation>
		<OCRProcessing ID="OCRPROCESSING_1">
			<preProcessingStep>
				<processingSoftware>
					<softwareCreator>CCS Content Conversion Specialists GmbH, Germany</softwareCreator>
					<softwareName>CCS docWORKS</softwareName>
					<softwareVersion>6.1-0.52</softwareVersion>
				</processingSoftware>
			</preProcessingStep>
			<ocrProcessingStep>
				<processingSoftware>
					<softwareCreator>ABBYY (BIT Software), Russia</softwareCreator>
					<softwareName>Finereader</softwareName>
				</processingSoftware>
			</ocrProcessingStep>
		</OCRProcessing>
	</Description>
	<Styles>
		<TextStyle ID="TXT_0" FONTSIZE="10" FONTFAMILY="Courier New"/>
		<ParagraphStyle ID="PAR_CENTER" ALIGN="Center"/>
		<ParagraphStyle ID="PAR_LEFT" ALIGN="Left"/>
	</Styles>
	<Layout>
		<Page ID="P96" PHYSICAL_IMG_NR="96" HEIGHT="1702" WIDTH="1011" PRINTED_IMG_NR="94" POSITION="Left" ACCURACY="85.36">
			<TopMargin ID="P96_TM00001" HPOS="0" VPOS="0" WIDTH="1011" HEIGHT="122">
				<TextBlock ID="P96_TB00001" HPOS="262" VPOS="83" WIDTH="485" HEIGHT="31" STYLEREFS="TXT_0 PAR_CENTER">
					<TextLine ID="P96_TL00001" HPOS="262" VPOS="84" WIDTH="485" HEIGHT="30">
						<String ID="P96_ST00001" HPOS="262" VPOS="88" WIDTH="162" HEIGHT="26" CONTENT="ECHOES" WC="0.88" CC="006000"/>
						<SP ID="P96_SP00001" HPOS="424" VPOS="114" WIDTH="29"/>
						<String ID="P96_ST00002" HPOS="453" VPOS="87" WIDTH="51" HEIGHT="26" CONTENT="OF" WC="1.00" CC="00"/>
						<SP ID="P96_SP00002" HPOS="504" VPOS="114" WIDTH="27"/>
						<String ID="P96_ST00003" HPOS="531" VPOS="86" WIDTH="87" HEIGHT="26" CONTENT="THE" WC="0.83" CC="040"/>
						<SP ID="P96_SP00003" HPOS="618" VPOS="114" WIDTH="28"/>
						<String ID="P96_ST00004" HPOS="646" VPOS="84" WIDTH="101" HEIGHT="26" CONTENT="WAR." WC="1.00" CC="0000"/>
					</TextLine>
				</TextBlock>
				<TextBlock ID="P96_TB00002" HPOS="104" VPOS="96" WIDTH="35" HEIGHT="25" STYLEREFS="TXT_0 PAR_LEFT">
					<TextLine ID="P96_TL00002" HPOS="104" VPOS="96" WIDTH="35" HEIGHT="25">
						<String ID="P96_ST00005" HPOS="104" VPOS="96" WIDTH="35" HEIGHT="25" CONTENT="94" WC="0.60" CC="07"/>
					</TextLine>
				</TextBlock>
			</TopMargin>
			<LeftMargin ID="P96_LM00001" HPOS="0" VPOS="122" WIDTH="156" HEIGHT="1367"/>
			<RightMargin ID="P96_RM00001" HPOS="882" VPOS="122" WIDTH="129" HEIGHT="1367"/>
			<BottomMargin ID="P96_BM00001" HPOS="0" VPOS="1489" WIDTH="1011" HEIGHT="213"/>
			<PrintSpace ID="P96_PS00001" HPOS="156" VPOS="122" WIDTH="726" HEIGHT="1367">
				<TextBlock ID="P96_TB00003" HPOS="254" VPOS="253" WIDTH="503" HEIGHT="31" STYLEREFS="TXT_0 PAR_CENTER">
					<TextLine ID="P96_TL00003" HPOS="254" VPOS="253" WIDTH="503" HEIGHT="31">
						<String ID="P96_ST00006" HPOS="254" VPOS="258" WIDTH="169" HEIGHT="26" CONTENT="PEACE—" WC="0.96" CC="200000"/>
						<String ID="P96_ST00007" HPOS="425" VPOS="256" WIDTH="111" HEIGHT="28" CONTENT="WITH" WC="0.80" CC="0106"/>
						<SP ID="P96_SP00004" HPOS="536" VPOS="284" WIDTH="31"/>
						<String ID="P96_ST00008" HPOS="567" VPOS="253" WIDTH="190" HEIGHT="28" CONTENT="HONOUR." WC="0.91" CC="0203000"/>
					</TextLine>
				</TextBlock>
				<TextBlock ID="P96_TB00004" HPOS="393" VPOS="332" WIDTH="222" HEIGHT="37" STYLEREFS="TXT_0 PAR_CENTER">
					<TextLine ID="P96_TL00004" HPOS="393" VPOS="333" WIDTH="222" HEIGHT="36">
						<String ID="P96_ST00009" HPOS="393" VPOS="333" WIDTH="222" HEIGHT="36" CONTENT="[PROLEPTIC.]" WC="0.67" CC="562082360003"/>
					</TextLine>
				</TextBlock>
				<TextBlock ID="P96_TB00005" HPOS="156" VPOS="425" WIDTH="666" HEIGHT="81" STYLEREFS="TXT_0 PAR_LEFT">
					<TextLine ID="P96_TL00005" HPOS="156" VPOS="425" WIDTH="666" HEIGHT="36">
						<String ID="P96_ST00010" HPOS="156" VPOS="433" WIDTH="16" HEIGHT="10" CONTENT='"' WC="0.49" CC="5"/>
						<SP ID="P96_SP00005" HPOS="172" VPOS="443" WIDTH="17"/>
						<String ID="P96_ST00011" HPOS="189" VPOS="433" WIDTH="142" HEIGHT="26" CONTENT="Peace—" WC="0.73" CC="608100"/>
						<String ID="P96_ST00012" HPOS="333" VPOS="431" WIDTH="70" HEIGHT="26" CONTENT="with" WC="1.00" CC="0000"/>
						<SP ID="P96_SP00006" HPOS="403" VPOS="459" WIDTH="19"/>
						<String ID="P96_ST00013" HPOS="422" VPOS="431" WIDTH="127" HEIGHT="25" CONTENT="Honour" WC="0.94" CC="000021"/>
						<SP ID="P96_SP00007" HPOS="549" VPOS="459" WIDTH="14"/>
						<String ID="P96_ST00014" HPOS="563" VPOS="430" WIDTH="14" HEIGHT="8" CONTENT='"' WC="0.50" CC="4"/>
						<SP ID="P96_SP00008" HPOS="577" VPOS="459" WIDTH="20"/>
						<String ID="P96_ST00015" HPOS="597" VPOS="437" WIDTH="60" HEIGHT="17" CONTENT="was" WC="0.71" CC="503"/>
						<SP ID="P96_SP00009" HPOS="657" VPOS="459" WIDTH="19"/>
						<String ID="P96_ST00016" HPOS="676" VPOS="427" WIDTH="50" HEIGHT="26" CONTENT="the" WC="0.86" CC="040"/>
						<SP ID="P96_SP00010" HPOS="726" VPOS="459" WIDTH="19"/>
						<String ID="P96_ST00017" HPOS="745" VPOS="425" WIDTH="77" HEIGHT="36" CONTENT="prize" WC="0.97" CC="01000"/>
					</TextLine>
					<TextLine ID="P96_TL00006" HPOS="199" VPOS="473" WIDTH="518" HEIGHT="33">
						<String ID="P96_ST00018" HPOS="199" VPOS="480" WIDTH="60" HEIGHT="25" CONTENT="For" WC="0.96" CC="001"/>
						<SP ID="P96_SP00011" HPOS="259" VPOS="505" WIDTH="17"/>
						<String ID="P96_ST00019" HPOS="276" VPOS="477" WIDTH="97" HEIGHT="28" CONTENT="which" WC="0.67" CC="05406"/>
						<SP ID="P96_SP00012" HPOS="373" VPOS="505" WIDTH="19"/>
						<String ID="P96_ST00020" HPOS="392" VPOS="486" WIDTH="55" HEIGHT="17" CONTENT="our" WC="0.75" CC="043"/>
						<SP ID="P96_SP00013" HPOS="447" VPOS="505" WIDTH="21"/>
						<String ID="P96_ST00021" HPOS="468" VPOS="475" WIDTH="112" HEIGHT="27" CONTENT="Nation" WC="0.93" CC="000003"/>
						<SP ID="P96_SP00014" HPOS="580" VPOS="505" WIDTH="22"/>
						<String ID="P96_ST00022" HPOS="602" VPOS="473" WIDTH="115" HEIGHT="33" CONTENT="fought," WC="0.85" CC="0200600"/>
					</TextLine>
				</TextBlock>
				<TextBlock ID="P96_TB00006" HPOS="157" VPOS="518" WIDTH="605" HEIGHT="83" STYLEREFS="TXT_0 PAR_LEFT">
					<TextLine ID="P96_TL00007" HPOS="158" VPOS="518" WIDTH="604" HEIGHT="37">
						<String ID="P96_ST00023" HPOS="158" VPOS="526" WIDTH="65" HEIGHT="25" CONTENT="Nor" WC="0.81" CC="050"/>
						<SP ID="P96_SP00015" HPOS="223" VPOS="551" WIDTH="16"/>
						<String ID="P96_ST00024" HPOS="239" VPOS="522" WIDTH="180" HEIGHT="33" CONTENT="harboured," WC="0.84" CC="5020003003"/>
						<SP ID="P96_SP00016" HPOS="419" VPOS="555" WIDTH="21"/>
						<String ID="P96_ST00025" HPOS="440" VPOS="521" WIDTH="69" HEIGHT="27" CONTENT="'mid" WC="1.00" CC="0000"/>
						<SP ID="P96_SP00017" HPOS="509" VPOS="555" WIDTH="17"/>
						<String ID="P96_ST00026" HPOS="526" VPOS="521" WIDTH="87" HEIGHT="26" CONTENT="war's" WC="0.83" CC="50200"/>
						<SP ID="P96_SP00018" HPOS="613" VPOS="555" WIDTH="18"/>
						<String ID="P96_ST00027" HPOS="631" VPOS="518" WIDTH="131" HEIGHT="36" CONTENT="agonies," WC="0.84" CC="00434000"/>
					</TextLine>
					<TextLine ID="P96_TL00008" HPOS="157" VPOS="565" WIDTH="571" HEIGHT="36">
						<String ID="P96_ST00028" HPOS="157" VPOS="571" WIDTH="64" HEIGHT="26" CONTENT="One" WC="0.99" CC="000"/>
						<SP ID="P96_SP00019" HPOS="221" VPOS="597" WIDTH="17"/>
						<String ID="P96_ST00029" HPOS="238" VPOS="569" WIDTH="128" HEIGHT="32" CONTENT="thought" WC="0.59" CC="9043910"/>
						<SP ID="P96_SP00020" HPOS="366" VPOS="601" WIDTH="18"/>
						<String ID="P96_ST00030" HPOS="384" VPOS="567" WIDTH="33" HEIGHT="27" CONTENT="of" WC="0.70" CC="50"/>
						<SP ID="P96_SP00021" HPOS="417" VPOS="601" WIDTH="18"/>
						<String ID="P96_ST00031" HPOS="435" VPOS="572" WIDTH="82" HEIGHT="22" CONTENT="truce" WC="0.92" CC="02010"/>
						<SP ID="P96_SP00022" HPOS="517" VPOS="601" WIDTH="18"/>
						<String ID="P96_ST00032" HPOS="535" VPOS="566" WIDTH="30" HEIGHT="27" CONTENT="in" WC="0.99" CC="00"/>
						<SP ID="P96_SP00023" HPOS="565" VPOS="601" WIDTH="18"/>
						<String ID="P96_ST00033" HPOS="583" VPOS="575" WIDTH="58" HEIGHT="24" CONTENT="any" WC="1.00" CC="000"/>
						<SP ID="P96_SP00024" HPOS="641" VPOS="601" WIDTH="17"/>
						<String ID="P96_ST00034" HPOS="658" VPOS="565" WIDTH="70" HEIGHT="26" CONTENT="wise" WC="0.94" CC="0200"/>
					</TextLine>
				</TextBlock>
				<TextBlock ID="P96_TB00007" HPOS="200" VPOS="612" WIDTH="386" HEIGHT="34" STYLEREFS="TXT_0 PAR_LEFT">
					<TextLine ID="P96_TL00009" HPOS="200" VPOS="613" WIDTH="386" HEIGHT="33">
						<String ID="P96_ST00035" HPOS="200" VPOS="614" WIDTH="247" HEIGHT="32" CONTENT="Dishonourably" WC="0.95" CC="0002400000000"/>
						<SP ID="P96_SP00025" HPOS="447" VPOS="646" WIDTH="16"/>
						<String ID="P96_ST00036" HPOS="463" VPOS="613" WIDTH="123" HEIGHT="33" CONTENT="bought." WC="1.00" CC="0000000"/>
					</TextLine>
				</TextBlock>
				<TextBlock ID="P96_TB00008" HPOS="161" VPOS="707" WIDTH="721" HEIGHT="80" STYLEREFS="TXT_0 PAR_LEFT">
					<TextLine ID="P96_TL00010" HPOS="161" VPOS="708" WIDTH="721" HEIGHT="36">
						<String ID="P96_ST00037" HPOS="161" VPOS="715" WIDTH="16" HEIGHT="10" CONTENT='"' WC="0.33" CC="6"/>
						<SP ID="P96_SP00026" HPOS="177" VPOS="725" WIDTH="17"/>
						<String ID="P96_ST00038" HPOS="194" VPOS="716" WIDTH="131" HEIGHT="26" CONTENT="Peace—" WC="0.88" CC="600000"/>
						<String ID="P96_ST00039" HPOS="326" VPOS="714" WIDTH="69" HEIGHT="26" CONTENT="with" WC="0.88" CC="0004"/>
						<SP ID="P96_SP00027" HPOS="395" VPOS="742" WIDTH="22"/>
						<String ID="P96_ST00040" HPOS="417" VPOS="713" WIDTH="127" HEIGHT="26" CONTENT="Honour" WC="0.89" CC="300020"/>
						<SP ID="P96_SP00028" HPOS="544" VPOS="742" WIDTH="14"/>
						<String ID="P96_ST00041" HPOS="558" VPOS="709" WIDTH="209" HEIGHT="35" CONTENT='"—gladsome' WC="0.93" CC="4001000000"/>
						<SP ID="P96_SP00029" HPOS="767" VPOS="744" WIDTH="23"/>
						<String ID="P96_ST00042" HPOS="790" VPOS="708" WIDTH="92" HEIGHT="34" CONTENT="sight!" WC="0.90" CC="010400"/>
					</TextLine>
					<TextLine ID="P96_TL00011" HPOS="204" VPOS="757" WIDTH="459" HEIGHT="30">
						<String ID="P96_ST00043" HPOS="204" VPOS="760" WIDTH="154" HEIGHT="27" CONTENT="Welcome" WC="0.75" CC="0060505"/>
						<SP ID="P96_SP00030" HPOS="358" VPOS="787" WIDTH="16"/>
						<String ID="P96_ST00044" HPOS="374" VPOS="768" WIDTH="54" HEIGHT="17" CONTENT="our" WC="0.81" CC="050"/>
						<SP ID="P96_SP00031" HPOS="428" VPOS="787" WIDTH="16"/>
						<String ID="P96_ST00045" HPOS="444" VPOS="759" WIDTH="107" HEIGHT="26" CONTENT="heroes" WC="0.79" CC="121600"/>
						<SP ID="P96_SP00032" HPOS="551" VPOS="787" WIDTH="15"/>
						<String ID="P96_ST00046" HPOS="566" VPOS="757" WIDTH="97" HEIGHT="30" CONTENT="home," WC="0.71" CC="64003"/>
					</TextLine>
				</TextBlock>
				<TextBlock ID="P96_TB00009" HPOS="160" VPOS="800" WIDTH="720" HEIGHT="83" STYLEREFS="TXT_0 PAR_LEFT">
					<TextLine ID="P96_TL00012" HPOS="160" VPOS="800" WIDTH="720" HEIGHT="39">
						<String ID="P96_ST00047" HPOS="160" VPOS="808" WIDTH="79" HEIGHT="26" CONTENT="Who" WC="0.66" CC="036"/>
						<SP ID="P96_SP00033" HPOS="239" VPOS="834" WIDTH="17"/>
						<String ID="P96_ST00048" HPOS="256" VPOS="805" WIDTH="125" HEIGHT="34" CONTENT="bravely" WC="0.91" CC="0150000"/>
						<SP ID="P96_SP00034" HPOS="381" VPOS="839" WIDTH="17"/>
						<String ID="P96_ST00049" HPOS="398" VPOS="803" WIDTH="161" HEIGHT="28" CONTENT="countered" WC="0.92" CC="000000340"/>
						<SP ID="P96_SP00035" HPOS="559" VPOS="839" WIDTH="17"/>
						<String ID="P96_ST00050" HPOS="576" VPOS="802" WIDTH="96" HEIGHT="34" CONTENT="might" WC="0.78" CC="05040"/>
						<SP ID="P96_SP00036" HPOS="672" VPOS="839" WIDTH="18"/>
						<String ID="P96_ST00051" HPOS="690" VPOS="801" WIDTH="70" HEIGHT="26" CONTENT="with" WC="0.83" CC="0024"/>
						<SP ID="P96_SP00037" HPOS="760" VPOS="839" WIDTH="18"/>
						<String ID="P96_ST00052" HPOS="778" VPOS="800" WIDTH="102" HEIGHT="34" CONTENT="might," WC="0.86" CC="030103"/>
					</TextLine>
					<TextLine ID="P96_TL00013" HPOS="160" VPOS="847" WIDTH="564" HEIGHT="36">
						<String ID="P96_ST00053" HPOS="160" VPOS="853" WIDTH="69" HEIGHT="27" CONTENT="And" WC="1.00" CC="000"/>
						<SP ID="P96_SP00038" HPOS="229" VPOS="880" WIDTH="14"/>
						<String ID="P96_ST00054" HPOS="243" VPOS="861" WIDTH="68" HEIGHT="18" CONTENT="won" WC="0.73" CC="610"/>
						<SP ID="P96_SP00039" HPOS="311" VPOS="880" WIDTH="15"/>
						<String ID="P96_ST00055" HPOS="326" VPOS="860" WIDTH="18" HEIGHT="18" CONTENT="a" WC="1.00" CC="0"/>
						<SP ID="P96_SP00040" HPOS="344" VPOS="880" WIDTH="16"/>
						<String ID="P96_ST00056" HPOS="360" VPOS="850" WIDTH="131" HEIGHT="33" CONTENT="triumph" WC="0.83" CC="0332002"/>
						<SP ID="P96_SP00041" HPOS="491" VPOS="883" WIDTH="17"/>
						<String ID="P96_ST00057" HPOS="508" VPOS="848" WIDTH="46" HEIGHT="27" CONTENT="for" WC="0.86" CC="004"/>
						<SP ID="P96_SP00042" HPOS="554" VPOS="883" WIDTH="16"/>
						<String ID="P96_ST00058" HPOS="570" VPOS="848" WIDTH="49" HEIGHT="27" CONTENT="the" WC="1.00" CC="000"/>
						<SP ID="P96_SP00043" HPOS="619" VPOS="883" WIDTH="17"/>
						<String ID="P96_ST00059" HPOS="636" VPOS="847" WIDTH="88" HEIGHT="34" CONTENT="right," WC="0.81" CC="330004"/>
					</TextLine>
				</TextBlock>
				<TextBlock ID="P96_TB00010" HPOS="206" VPOS="897" WIDTH="429" HEIGHT="32" STYLEREFS="TXT_0 PAR_LEFT">
					<TextLine ID="P96_TL00014" HPOS="206" VPOS="897" WIDTH="429" HEIGHT="32">
						<String ID="P96_ST00060" HPOS="206" VPOS="899" WIDTH="109" HEIGHT="26" CONTENT="Secure" WC="0.76" CC="000337"/>
						<SP ID="P96_SP00044" HPOS="315" VPOS="925" WIDTH="16"/>
						<String ID="P96_ST00061" HPOS="331" VPOS="897" WIDTH="47" HEIGHT="27" CONTENT="for" WC="0.70" CC="035"/>
						<SP ID="P96_SP00045" HPOS="378" VPOS="925" WIDTH="15"/>
						<String ID="P96_ST00062" HPOS="393" VPOS="905" WIDTH="87" HEIGHT="24" CONTENT="years" WC="0.90" CC="01030"/>
						<SP ID="P96_SP00046" HPOS="480" VPOS="929" WIDTH="16"/>
						<String ID="P96_ST00063" HPOS="496" VPOS="901" WIDTH="29" HEIGHT="20" CONTENT="to" WC="1.00" CC="00"/>
						<SP ID="P96_SP00047" HPOS="525" VPOS="929" WIDTH="16"/>
						<String ID="P96_ST00064" HPOS="541" VPOS="903" WIDTH="94" HEIGHT="18" CONTENT="come." WC="0.95" CC="20000"/>
					</TextLine>
				</TextBlock>
				<TextBlock ID="P96_TB00011" HPOS="165" VPOS="993" WIDTH="538" HEIGHT="75" STYLEREFS="TXT_0 PAR_LEFT">
					<TextLine ID="P96_TL00015" HPOS="165" VPOS="993" WIDTH="516" HEIGHT="31">
						<String ID="P96_ST00065" HPOS="165" VPOS="998" WIDTH="95" HEIGHT="26" CONTENT="Peace" WC="0.86" CC="60000"/>
						<String ID="P96_ST00066" HPOS="261" VPOS="1013" WIDTH="34" HEIGHT="1" CONTENT="—" WC="0.20" CC="8"/>
						<String ID="P96_ST00067" HPOS="297" VPOS="996" WIDTH="69" HEIGHT="27" CONTENT="with" WC="0.88" CC="0003"/>
						<SP ID="P96_SP00048" HPOS="366" VPOS="1024" WIDTH="19"/>
						<String ID="P96_ST00068" HPOS="385" VPOS="996" WIDTH="127" HEIGHT="26" CONTENT="Honour" WC="0.95" CC="000003"/>
						<SP ID="P96_SP00049" HPOS="512" VPOS="1024" WIDTH="19"/>
						<String ID="P96_ST00069" HPOS="531" VPOS="994" WIDTH="40" HEIGHT="26" CONTENT="let" WC="0.81" CC="004"/>
						<SP ID="P96_SP00050" HPOS="571" VPOS="1024" WIDTH="19"/>
						<String ID="P96_ST00070" HPOS="590" VPOS="993" WIDTH="21" HEIGHT="26" CONTENT="it" WC="1.00" CC="00"/>
						<SP ID="P96_SP00051" HPOS="611" VPOS="1024" WIDTH="19"/>
						<String ID="P96_ST00071" HPOS="630" VPOS="993" WIDTH="51" HEIGHT="26" CONTENT="be:" WC="1.00" CC="000"/>
					</TextLine>
					<TextLine ID="P96_TL00016" HPOS="208" VPOS="1039" WIDTH="495" HEIGHT="29">
						<String ID="P96_ST00072" HPOS="208" VPOS="1043" WIDTH="81" HEIGHT="25" CONTENT="With" WC="0.97" CC="0001"/>
						<SP ID="P96_SP00052" HPOS="289" VPOS="1068" WIDTH="20"/>
						<String ID="P96_ST00073" HPOS="309" VPOS="1041" WIDTH="127" HEIGHT="27" CONTENT="Honour" WC="0.92" CC="100021"/>
						<SP ID="P96_SP00053" HPOS="436" VPOS="1068" WIDTH="20"/>
						<String ID="P96_ST00074" HPOS="456" VPOS="1041" WIDTH="95" HEIGHT="26" CONTENT="Peace" WC="0.87" CC="60000"/>
						<SP ID="P96_SP00054" HPOS="551" VPOS="1068" WIDTH="18"/>
						<String ID="P96_ST00075" HPOS="569" VPOS="1040" WIDTH="37" HEIGHT="26" CONTENT="be" WC="1.00" CC="00"/>
						<SP ID="P96_SP00055" HPOS="606" VPOS="1068" WIDTH="19"/>
						<String ID="P96_ST00076" HPOS="625" VPOS="1039" WIDTH="78" HEIGHT="26" CONTENT="wed!" WC="0.90" CC="0003"/>
					</TextLine>
				</TextBlock>
				<TextBlock ID="P96_TB00012" HPOS="165" VPOS="1085" WIDTH="431" HEIGHT="82" STYLEREFS="TXT_0 PAR_LEFT">
					<TextLine ID="P96_TL00017" HPOS="166" VPOS="1085" WIDTH="408" HEIGHT="35">
						<String ID="P96_ST00077" HPOS="166" VPOS="1090" WIDTH="33" HEIGHT="26" CONTENT="In" WC="1.00" CC="00"/>
						<SP ID="P96_SP00056" HPOS="199" VPOS="1116" WIDTH="18"/>
						<String ID="P96_ST00078" HPOS="217" VPOS="1097" WIDTH="87" HEIGHT="18" CONTENT="name" WC="1.00" CC="0000"/>
						<SP ID="P96_SP00057" HPOS="304" VPOS="1116" WIDTH="16"/>
						<String ID="P96_ST00079" HPOS="320" VPOS="1087" WIDTH="34" HEIGHT="27" CONTENT="of" WC="1.00" CC="00"/>
						<SP ID="P96_SP00058" HPOS="354" VPOS="1116" WIDTH="17"/>
						<String ID="P96_ST00080" HPOS="371" VPOS="1085" WIDTH="203" HEIGHT="35" CONTENT="Christianity," WC="0.77" CC="0064041900004"/>
					</TextLine>
					<TextLine ID="P96_TL00018" HPOS="165" VPOS="1131" WIDTH="431" HEIGHT="36">
						<String ID="P96_ST00081" HPOS="165" VPOS="1136" WIDTH="72" HEIGHT="31" CONTENT="May" WC="0.68" CC="053"/>
						<SP ID="P96_SP00059" HPOS="237" VPOS="1167" WIDTH="14"/>
						<String ID="P96_ST00082" HPOS="251" VPOS="1134" WIDTH="119" HEIGHT="27" CONTENT="nations" WC="0.87" CC="0000305"/>
						<SP ID="P96_SP00060" HPOS="370" VPOS="1167" WIDTH="17"/>
						<String ID="P96_ST00083" HPOS="387" VPOS="1133" WIDTH="56" HEIGHT="26" CONTENT="live" WC="1.00" CC="0000"/>
						<SP ID="P96_SP00061" HPOS="443" VPOS="1167" WIDTH="14"/>
						<String ID="P96_ST00084" HPOS="457" VPOS="1132" WIDTH="31" HEIGHT="26" CONTENT="in" WC="0.98" CC="00"/>
						<SP ID="P96_SP00062" HPOS="488" VPOS="1167" WIDTH="15"/>
						<String ID="P96_ST00085" HPOS="503" VPOS="1131" WIDTH="93" HEIGHT="34" CONTENT="fealty" WC="0.89" CC="050000"/>
					</TextLine>
				</TextBlock>
				<TextBlock ID="P96_TB00013" HPOS="208" VPOS="1176" WIDTH="548" HEIGHT="34" STYLEREFS="TXT_0 PAR_LEFT">
					<TextLine ID="P96_TL00019" HPOS="208" VPOS="1176" WIDTH="548" HEIGHT="34">
						<String ID="P96_ST00086" HPOS="208" VPOS="1182" WIDTH="45" HEIGHT="25" CONTENT="To" WC="0.70" CC="06"/>
						<SP ID="P96_SP00063" HPOS="253" VPOS="1207" WIDTH="17"/>
						<String ID="P96_ST00087" HPOS="270" VPOS="1189" WIDTH="79" HEIGHT="17" CONTENT="vows" WC="0.98" CC="0000"/>
						<SP ID="P96_SP00064" HPOS="349" VPOS="1207" WIDTH="17"/>
						<String ID="P96_ST00088" HPOS="366" VPOS="1179" WIDTH="96" HEIGHT="27" CONTENT="which" WC="0.89" CC="00004"/>
						<SP ID="P96_SP00065" HPOS="462" VPOS="1207" WIDTH="19"/>
						<String ID="P96_ST00089" HPOS="481" VPOS="1179" WIDTH="69" HEIGHT="31" CONTENT="they" WC="0.94" CC="2000"/>
						<SP ID="P96_SP00066" HPOS="550" VPOS="1210" WIDTH="17"/>
						<String ID="P96_ST00090" HPOS="567" VPOS="1178" WIDTH="75" HEIGHT="25" CONTENT="have" WC="0.89" CC="0004"/>
						<SP ID="P96_SP00067" HPOS="642" VPOS="1210" WIDTH="17"/>
						<String ID="P96_ST00091" HPOS="659" VPOS="1176" WIDTH="97" HEIGHT="26" CONTENT="made." WC="0.95" CC="00020"/>
					</TextLine>
				</TextBlock>
				<TextBlock ID="P96_TB00014" HPOS="169" VPOS="1276" WIDTH="573" HEIGHT="82" STYLEREFS="TXT_0 PAR_LEFT">
					<TextLine ID="P96_TL00020" HPOS="169" VPOS="1277" WIDTH="551" HEIGHT="35">
						<String ID="P96_ST00092" HPOS="169" VPOS="1282" WIDTH="94" HEIGHT="25" CONTENT="Peace" WC="0.89" CC="50000"/>
						<SP ID="P96_SP00068" HPOS="263" VPOS="1307" WIDTH="16"/>
						<String ID="P96_ST00093" HPOS="279" VPOS="1289" WIDTH="39" HEIGHT="17" CONTENT="on" WC="1.00" CC="00"/>
						<SP ID="P96_SP00069" HPOS="318" VPOS="1307" WIDTH="16"/>
						<String ID="P96_ST00094" HPOS="334" VPOS="1279" WIDTH="93" HEIGHT="32" CONTENT="earth," WC="0.85" CC="003022"/>
						<SP ID="P96_SP00070" HPOS="427" VPOS="1311" WIDTH="18"/>
						<String ID="P96_ST00095" HPOS="445" VPOS="1277" WIDTH="142" HEIGHT="35" CONTENT="goodwill" WC="0.74" CC="00605340"/>
						<SP ID="P96_SP00071" HPOS="587" VPOS="1312" WIDTH="18"/>
						<String ID="P96_ST00096" HPOS="605" VPOS="1282" WIDTH="30" HEIGHT="21" CONTENT="to" WC="0.65" CC="07"/>
						<SP ID="P96_SP00072" HPOS="635" VPOS="1312" WIDTH="16"/>
						<String ID="P96_ST00097" HPOS="651" VPOS="1284" WIDTH="69" HEIGHT="18" CONTENT="men" WC="0.95" CC="001"/>
					</TextLine>
					<TextLine ID="P96_TL00021" HPOS="211" VPOS="1321" WIDTH="531" HEIGHT="37">
						<String ID="P96_ST00098" HPOS="211" VPOS="1327" WIDTH="45" HEIGHT="31" CONTENT="By" WC="1.00" CC="00"/>
						<SP ID="P96_SP00073" HPOS="256" VPOS="1358" WIDTH="15"/>
						<String ID="P96_ST00099" HPOS="271" VPOS="1326" WIDTH="99" HEIGHT="25" CONTENT="whom" WC="0.84" CC="0600"/>
						<SP ID="P96_SP00074" HPOS="370" VPOS="1358" WIDTH="17"/>
						<String ID="P96_ST00100" HPOS="387" VPOS="1324" WIDTH="105" HEIGHT="26" CONTENT="truth's" WC="0.84" CC="0305010"/>
						<SP ID="P96_SP00075" HPOS="492" VPOS="1358" WIDTH="17"/>
						<String ID="P96_ST00101" HPOS="509" VPOS="1322" WIDTH="72" HEIGHT="35" CONTENT="path" WC="0.97" CC="0001"/>
						<SP ID="P96_SP00076" HPOS="581" VPOS="1358" WIDTH="17"/>
						<String ID="P96_ST00102" HPOS="598" VPOS="1322" WIDTH="25" HEIGHT="26" CONTENT="is" WC="1.00" CC="00"/>
						<SP ID="P96_SP00077" HPOS="623" VPOS="1358" WIDTH="17"/>
						<String ID="P96_ST00103" HPOS="640" VPOS="1321" WIDTH="67" HEIGHT="27" CONTENT="trod" WC="1.00" CC="0000"/>
						<String ID="P96_ST00104" HPOS="709" VPOS="1337" WIDTH="33" HEIGHT="2" CONTENT="—" WC="0.20" CC="8"/>
					</TextLine>
				</TextBlock>
				<TextBlock ID="P96_TB00015" HPOS="167" VPOS="1367" WIDTH="578" HEIGHT="35" STYLEREFS="TXT_0 PAR_LEFT">
					<TextLine ID="P96_TL00022" HPOS="167" VPOS="1367" WIDTH="578" HEIGHT="35">
						<String ID="P96_ST00105" HPOS="167" VPOS="1373" WIDTH="47" HEIGHT="26" CONTENT="Ah" WC="0.83" CC="03"/>
						<String ID="P96_ST00106" HPOS="225" VPOS="1373" WIDTH="4" HEIGHT="25" CONTENT="!" WC="1.00" CC="0"/>
						<SP ID="P96_SP00078" HPOS="229" VPOS="1399" WIDTH="24"/>
						<String ID="P96_ST00107" HPOS="253" VPOS="1372" WIDTH="57" HEIGHT="26" CONTENT="this" WC="0.97" CC="1000"/>
						<SP ID="P96_SP00079" HPOS="310" VPOS="1399" WIDTH="16"/>
						<String ID="P96_ST00108" HPOS="326" VPOS="1371" WIDTH="59" HEIGHT="26" CONTENT="will" WC="0.76" CC="0324"/>
						<SP ID="P96_SP00080" HPOS="385" VPOS="1399" WIDTH="14"/>
						<String ID="P96_ST00109" HPOS="399" VPOS="1370" WIDTH="88" HEIGHT="32" CONTENT="bring" WC="1.00" CC="00000"/>
						<SP ID="P96_SP00081" HPOS="487" VPOS="1402" WIDTH="16"/>
						<String ID="P96_ST00110" HPOS="503" VPOS="1368" WIDTH="101" HEIGHT="26" CONTENT="within" WC="0.87" CC="000204"/>
						<SP ID="P96_SP00082" HPOS="604" VPOS="1402" WIDTH="14"/>
						<String ID="P96_ST00111" HPOS="618" VPOS="1377" WIDTH="56" HEIGHT="17" CONTENT="our" WC="0.69" CC="323"/>
						<SP ID="P96_SP00083" HPOS="674" VPOS="1402" WIDTH="14"/>
						<String ID="P96_ST00112" HPOS="688" VPOS="1367" WIDTH="57" HEIGHT="27" CONTENT="ken" WC="0.85" CC="004"/>
					</TextLine>
				</TextBlock>
				<TextBlock ID="P96_TB00016" HPOS="170" VPOS="1413" WIDTH="593" HEIGHT="76" STYLEREFS="TXT_0 PAR_LEFT">
					<TextLine ID="P96_TL00023" HPOS="170" VPOS="1414" WIDTH="593" HEIGHT="33">
						<String ID="P96_ST00113" HPOS="170" VPOS="1419" WIDTH="74" HEIGHT="26" CONTENT="New" WC="0.95" CC="001"/>
						<SP ID="P96_SP00084" HPOS="244" VPOS="1445" WIDTH="16"/>
						<String ID="P96_ST00114" HPOS="260" VPOS="1417" WIDTH="110" HEIGHT="27" CONTENT="visions" WC="0.89" CC="0000700"/>
						<SP ID="P96_SP00085" HPOS="370" VPOS="1445" WIDTH="18"/>
						<String ID="P96_ST00115" HPOS="388" VPOS="1416" WIDTH="47" HEIGHT="27" CONTENT="for" WC="1.00" CC="000"/>
						<SP ID="P96_SP00086" HPOS="435" VPOS="1445" WIDTH="15"/>
						<String ID="P96_ST00116" HPOS="450" VPOS="1424" WIDTH="55" HEIGHT="18" CONTENT="our" WC="0.69" CC="530"/>
						<SP ID="P96_SP00087" HPOS="505" VPOS="1445" WIDTH="19"/>
						<String ID="P96_ST00117" HPOS="524" VPOS="1423" WIDTH="75" HEIGHT="24" CONTENT="race," WC="0.76" CC="20044"/>
						<SP ID="P96_SP00088" HPOS="599" VPOS="1447" WIDTH="18"/>
						<String ID="P96_ST00118" HPOS="617" VPOS="1414" WIDTH="60" HEIGHT="27" CONTENT="and" WC="1.00" CC="000"/>
						<SP ID="P96_SP00089" HPOS="677" VPOS="1447" WIDTH="17"/>
						<String ID="P96_ST00119" HPOS="694" VPOS="1414" WIDTH="69" HEIGHT="26" CONTENT="then" WC="0.70" CC="0730"/>
					</TextLine>
					<TextLine ID="P96_TL00024" HPOS="212" VPOS="1461" WIDTH="407" HEIGHT="28">
						<String ID="P96_ST00120" HPOS="212" VPOS="1465" WIDTH="68" HEIGHT="24" CONTENT="Due" WC="0.83" CC="031"/>
						<SP ID="P96_SP00090" HPOS="280" VPOS="1489" WIDTH="14"/>
						<String ID="P96_ST00121" HPOS="294" VPOS="1463" WIDTH="116" HEIGHT="26" CONTENT="honour" WC="0.79" CC="405200"/>
						<SP ID="P96_SP00091" HPOS="410" VPOS="1489" WIDTH="16"/>
						<String ID="P96_ST00122" HPOS="426" VPOS="1467" WIDTH="30" HEIGHT="21" CONTENT="to" WC="1.00" CC="00"/>
						<SP ID="P96_SP00092" HPOS="456" VPOS="1489" WIDTH="14"/>
						<String ID="P96_ST00123" HPOS="470" VPOS="1470" WIDTH="56" HEIGHT="18" CONTENT="our" WC="0.87" CC="030"/>
						<SP ID="P96_SP00093" HPOS="526" VPOS="1489" WIDTH="16"/>
						<String ID="P96_ST00124" HPOS="542" VPOS="1461" WIDTH="77" HEIGHT="26" CONTENT="God." WC="0.82" CC="0501"/>
					</TextLine>
				</TextBlock>
			</PrintSpace>
		</Page>
	</Layout>
</alto>
