1011 1701
250 77 162 26 ECHOES
440 77 52 26 OF
519 76 86 26 THE
633 75 100 26 WAR.

93 79 33 22 26

352 240 52 25 TO
431 239 198 26 AMERICA.

93 338 155 25 America
277 337 48 26 the
354 336 119 34 golden,
502 335 71 28 with
601 335 151 27 countless
780 334 110 26 dollars

170 383 128 31 blessed,

94 429 113 26 Whose
227 428 74 27 total
321 428 203 34 computation
544 435 73 27 poor
638 426 156 27 Scotsmen
813 427 77 24 ne'er

180 474 76 26 have

94 519 126 27 Receive
238 528 55 18 our
311 518 199 35 gratulations
527 527 40 17 on
585 518 49 26 the
652 517 135 26 hundred
805 525 86 26 years

179 565 33 26 of
229 574 91 25 peace
331 565 4 26 !

94 612 81 26 Your
196 611 58 26 Old
274 611 107 26 World
400 610 127 26 kindred
547 614 83 30 greet
650 618 65 25 you,
736 608 68 27 with
825 608 65 27 love

181 657 64 26 that
262 657 72 26 doth
351 661 52 22 not
421 664 95 18 cease.

95 760 62 26 Not
173 758 47 28 for
235 768 75 25 your
324 758 108 28 wealth
448 767 43 18 we
505 758 77 34 prize
598 766 65 25 you,
680 757 51 27 but
747 756 46 27 for
809 765 80 18 some

180 806 86 26 other
283 805 113 34 things:

94 852 97 26 Yours
203 851 25 26 is
275 851 49 26 the
338 850 67 27 bird
418 850 31 27 of
462 850 135 26 freedom
639 849 63 26 that
714 858 74 17 once
802 847 88 27 could

181 896 58 36 flap
254 896 46 28 his
315 896 102 34 wings,

93 944 97 26 Yours
235 952 76 17 were
357 943 48 26 the
453 941 123 35 Pilgrim
622 941 134 32 Fathers,
802 948 87 26 yours

180 989 209 34 Washington,
408 989 76 34 John
503 989 107 25 Brown
613 1003 33 2 —

94 1037 112 26 Whose
221 1036 73 33 soul,
310 1036 69 26 with
394 1035 134 34 glorious
542 1033 158 32 Lincoln's,
715 1032 60 27 will
788 1032 101 27 march

180 1081 50 27 the
246 1090 72 24 ages
335 1081 96 27 down.

92 1184 197 35 Longfellow,
318 1183 121 33 Lowell,
469 1182 140 27 Whittier
638 1191 74 25 sang
742 1190 90 25 songs
858 1180 32 28 of

180 1230 116 32 liberty,

92 1276 44 26 To
153 1275 60 27 find
230 1284 37 18 an
284 1274 73 27 echo
373 1274 28 27 in
416 1275 93 26 men's
524 1274 100 27 hearts
641 1280 30 21 to
687 1274 41 27 all
743 1273 138 33 eternity:

94 1322 88 25 Their
197 1329 67 18 sons
279 1325 78 21 must
372 1320 90 26 needs
477 1320 68 26 hate
560 1320 163 34 treachery,
738 1319 150 34 brutality,

178 1368 59 26 and
252 1367 66 30 lust,

91 1413 67 27 And
182 1422 108 18 mourn
316 1418 30 21 to
372 1421 47 18 see
445 1412 49 26 the
520 1412 94 33 rights
638 1412 34 27 of
694 1421 69 17 men
788 1412 100 26 down-

179 1458 148 34 trampled
345 1458 28 26 in
392 1458 48 26 the
459 1458 77 26 dust.
