1011 1701
251 69 163 26 ECHOES
442 69 52 26 OF
520 68 87 27 THE
634 67 101 26 WAR.

94 70 32 23 86

175 181 113 26 LAND
320 181 51 26 OF
401 181 85 26 THE
519 179 140 27 MAPLE
690 178 116 27 LEAF.

182 256 94 26 Land
293 255 33 27 of
343 256 49 26 the
409 255 100 34 maple
528 254 75 27 leaf!

182 300 129 27 Radiant
331 310 111 24 among
461 301 49 26 the
530 300 77 27 chief

94 346 119 27 Glories
230 346 34 27 of
282 346 140 27 Britain's
442 345 226 36 far-spreading
687 344 124 28 domain
811 360 31 2 —

182 393 92 26 What
292 398 111 29 tongue
419 401 34 17 or
471 400 58 27 pen
547 400 55 18 can
620 390 54 27 tell

182 438 64 25 One
262 438 98 25 whom
376 447 44 16 we
437 438 66 25 love
522 446 32 17 so
571 437 68 26 well

94 484 159 33 Thoughts
271 484 64 26 that
353 493 67 17 now
438 483 53 27 stir
508 493 35 17 us
562 488 29 22 to
610 482 140 28 thankful
768 482 117 27 refrain.

182 560 95 27 Thine
293 560 25 27 is
335 560 30 27 in
381 559 164 28 boundless
563 565 87 27 store,

182 606 162 34 Exploited
359 614 83 18 more
459 606 60 26 and
536 614 91 23 more,

96 652 121 27 Wealth
243 652 34 27 of
304 660 138 19 resource
469 651 28 27 in
525 651 95 27 which
648 651 121 27 Crœsus
795 650 93 35 might

226 697 88 34 glory
324 708 6 22 ;

183 745 58 25 But
256 750 52 21 not
321 753 82 18 mere
419 745 116 34 growth
550 744 33 26 of
597 743 63 36 pelf

183 791 150 26 Would'st
351 791 71 26 thou
442 796 117 27 esteem,
579 790 116 33 thyself,

95 837 140 26 Greatest
252 836 60 27 and
330 836 65 27 best
413 836 30 27 in
461 836 52 33 thy
531 845 100 24 young
649 835 129 27 lustrous
797 841 87 28 story.

184 914 77 34 Nay,
277 919 52 21 not
344 915 63 25 o'er
422 913 103 27 woods
541 913 60 27 and
618 913 83 27 lakes
701 929 33 2 —

184 960 65 26 Nor
266 961 64 25 o'er
348 964 65 22 vast
432 958 108 35 prairie
560 959 108 32 stakes,

96 1006 129 34 Waving
243 1006 69 26 with
331 1014 72 18 corn
420 1014 16 18 a
457 1005 61 27 rich
535 1006 121 26 harvest
674 1010 29 21 to
721 1005 88 34 bring
810 1020 31 3 —

182 1052 58 26 But
259 1061 72 17 over
350 1052 53 33 thy
420 1051 116 34 gallant
557 1060 78 24 sons,

183 1097 147 34 Fronting
348 1098 50 26 the
417 1097 146 27 foeman's
581 1106 76 25 guns

96 1145 59 26 Far
171 1145 63 26 o'er
252 1145 49 25 the
319 1153 102 23 ocean,
442 1144 51 32 thy
510 1144 86 26 heart
613 1149 78 21 most
710 1144 72 26 doth
802 1143 73 33 sing.

180 1220 91 27 Their
290 1226 80 21 stem
391 1220 136 35 Niagara
547 1221 77 32 rush,

182 1267 77 26 Base
278 1272 98 27 tyrant
395 1266 88 27 Huns
502 1272 30 21 to
551 1267 95 32 crush,

95 1312 105 27 Shines
218 1317 53 22 out
292 1312 191 35 resplendent
502 1321 39 17 on
560 1312 140 35 history's
720 1321 86 26 page.

180 1359 79 26 That
276 1367 66 25 way
360 1363 65 21 true
442 1358 88 34 glory
550 1358 53 27 lies
613 1359 5 25 !

181 1404 101 26 Deeds
298 1404 34 26 of
350 1404 208 26 self-sacrifice

94 1450 82 27 Halo
193 1450 49 26 the
260 1449 124 27 Canuck
400 1450 83 26 brow
500 1459 58 25 age
574 1449 81 27 after
670 1459 65 25 age.
