1011 1701
339 163 309 32 PREFACE.

92 295 116 30 These
235 307 111 19 verses
373 296 83 30 have
484 296 48 30 for
559 296 53 30 the
640 303 83 22 most
749 302 72 33 part
843 305 54 29 ap-

91 354 127 39 peared,
245 354 115 40 during
390 353 53 31 the
471 364 111 20 course
610 353 35 30 of
672 353 53 30 the
753 352 87 34 War,
866 352 31 29 in

92 412 127 29 various
238 412 152 39 journals.
440 412 99 29 Some
561 412 35 29 of
616 411 86 29 them
727 410 83 30 have
834 417 64 23 met

92 468 74 31 with
191 468 55 31 the
269 480 95 18 warm
388 469 154 40 approval
567 468 35 30 of
622 468 128 40 leading
777 468 121 30 States-

92 537 73 19 men
187 526 64 30 and
274 526 236 30 distinguished
533 525 232 31 Commanders
788 524 35 30 of
843 534 55 20 our

92 584 130 28 Armies
248 583 63 29 and
338 583 118 29 Fleets.

137 641 101 30 Their
254 641 107 40 object
384 640 58 30 has
467 640 81 30 been
573 647 32 22 to
630 639 117 39 inspire
763 649 136 28 courage

92 699 64 29 and
180 699 248 29 determination
454 699 30 28 in
509 698 129 40 waging
663 704 32 22 to
719 707 18 18 a
760 695 139 30 decisive

92 755 94 30 finish
205 755 53 29 the
276 754 126 29 conflict
419 764 41 19 on
478 752 111 30 behalf
601 753 36 29 of
650 751 248 41 righteousness,

92 812 123 40 liberty,
242 812 63 29 and
331 811 118 40 lasting
473 821 106 29 peace,
606 809 103 29 which
737 808 162 39 Germany

92 882 37 18 so
146 869 206 41 perfidiously
370 869 103 29 thrust
494 878 84 30 upon
597 878 43 24 us,
659 866 64 30 and
747 865 57 30 has
827 876 72 18 con-

93 927 118 31 ducted
229 926 74 31 with
326 937 19 19 a
367 926 150 39 brutality
534 924 215 40 unexampled
770 931 32 21 at
822 922 77 30 least

92 996 118 22 among,
237 983 144 31 civilized
406 983 134 29 nations.

141 1043 28 29 It
197 1042 26 29 is
248 1042 30 28 in
304 1041 53 29 the
384 1041 83 39 hope
491 1039 69 30 that
589 1038 54 30 the
672 1037 61 30 end
762 1037 29 29 in
821 1036 79 29 view

94 1111 73 29 may
187 1099 41 31 be
245 1098 73 31 thus
335 1097 121 31 further
476 1096 123 34 served,
619 1095 69 30 that
711 1093 54 32 the
788 1093 113 30 author

92 1158 59 30 has
175 1156 158 40 complied
358 1155 75 30 with
459 1155 53 30 the
537 1152 188 42 suggestion
753 1152 68 28 that
848 1150 53 30 the

93 1216 106 40 pieces
231 1213 115 31 should
378 1213 40 29 be
448 1211 157 41 gathered
636 1209 62 30 and
732 1207 169 41 presented

92 1272 151 41 together
267 1272 30 29 in
323 1271 63 30 this
411 1269 78 31 little
515 1268 135 30 volume.

141 1330 28 30 It
190 1329 57 30 has
264 1329 82 30 been
362 1326 161 42 arranged
546 1325 68 31 that
634 1323 110 42 profits
761 1322 80 31 shall
863 1322 37 30 be

92 1387 142 31 devoted
251 1395 33 22 to
304 1386 70 30 Red
393 1385 97 30 Cross
508 1384 95 29 work.

709 1445 36 29 C.
764 1445 40 29 A.
825 1445 19 29 S
