1011 1701
389 83 174 25 INSANE?

846 85 32 27 65

389 256 174 25 INSANE?

277 346 21 19 in
314 345 37 20 the
367 345 79 20 Italian
463 351 58 19 press
536 344 66 20 about
618 343 36 20 the
665 342 130 28 resignation
806 342 24 20 of
839 342 42 19 Ad-

75 381 62 19 miral
152 387 41 13 von
209 380 83 27 Tirpitz
308 380 47 20 hint
370 383 22 16 at
408 387 12 12 a
435 380 94 26 peculiar
546 386 75 12 reason
637 378 32 20 for
685 378 23 24 it,
728 377 48 21 that
794 377 35 20 the
846 377 35 19 old

74 416 99 20 Admiral
193 415 42 21 had
259 415 90 21 become
448 426 27 3 —
477 414 69 26 Daily
570 414 114 26 Telegraph
705 413 73 19 Milan
800 413 81 19 Corres-

71 453 99 23 pondent.

209 529 72 26 Can
298 528 111 35 Tirpitz
430 528 37 26 be

209 575 79 27 Who
308 584 94 18 swore
421 580 31 21 to
471 583 97 24 sweep
587 574 50 26 the
655 573 95 26 main?

79 622 39 26 So
134 621 94 27 filters
244 621 96 26 round
355 621 49 26 the
420 620 95 26 world
530 620 49 26 the
594 619 167 34 whispered
777 623 80 29 story
867 618 4 25 I

207 668 40 26 At
261 668 86 32 least,
363 668 38 26 he
415 676 61 17 was
491 671 32 22 to
537 666 108 32 blame,

209 714 61 27 For
285 714 38 26 he
341 713 100 27 would
457 718 52 22 not
527 713 70 32 play
614 713 49 25 the
680 720 97 25 game,

76 761 69 26 And
163 769 67 18 now
246 760 25 26 is
290 759 100 27 furled
407 758 45 27 his
471 763 131 29 pennant
605 773 33 3 —
640 757 122 27 without
781 757 96 33 glory.

209 860 90 25 Were
316 859 69 33 they
401 863 52 21 not
470 858 43 26 all
529 857 111 30 insane,

209 906 79 26 Who
306 905 100 32 vainly
424 905 128 32 thought
572 909 29 21 to
619 903 71 34 gain

78 952 69 26 O'er
165 952 43 26 all
226 952 50 26 the
294 951 86 27 earth
400 950 203 36 indisputable
623 950 95 33 sway?

208 999 39 25 At
297 996 211 27 Deutschland
525 996 74 26 fiber
617 995 84 27 Alles

208 1044 64 26 The
291 1043 95 27 world
405 1051 99 25 grows
523 1042 110 34 grimly
652 1041 121 32 callous,

77 1091 69 26 And
162 1090 105 27 mocks
286 1090 50 26 the
356 1089 147 32 flaunting
521 1088 167 28 iron-cross
706 1087 126 34 display.

210 1190 79 26 Poor
306 1189 168 34 Germany!
500 1194 51 21 too
569 1188 60 27 late
631 1204 32 2 —

208 1236 68 27 And
296 1235 45 27 'tis
359 1244 18 18 a
396 1235 95 33 tragic
511 1235 62 27 fate
583 1236 4 25 !
597 1250 35 3 —

78 1283 81 26 Your
172 1287 87 30 great
271 1291 77 24 men,
364 1291 56 18 one
434 1282 40 34 by
484 1290 67 25 one,
565 1282 102 33 you're
680 1280 115 35 finding
807 1285 52 22 out
869 1290 3 16 :

208 1330 65 26 Von
288 1328 118 27 Moltke
422 1328 60 27 and
497 1329 66 25 Von
580 1327 100 27 Kluck

209 1376 87 26 Have
315 1375 65 27 said
399 1375 135 27 farewell
552 1380 31 21 to
602 1374 85 30 luck;

76 1422 69 26 And
170 1422 102 26 others
299 1431 82 23 soon,
408 1421 71 26 with
506 1421 90 32 them,
623 1420 93 34 you'll
740 1420 84 26 learn
850 1424 28 21 to

165 1469 82 24 flout.
