1012 1701
252 83 138 26 SHALL
417 83 173 26 BRITAIN
620 83 102 26 WIN?

885 108 2 7 41

255 230 132 27 SHALL
414 232 173 26 BRITAIN
616 232 101 26 WIN?

205 298 115 25 Loqunlur
320 309 26 3 —
346 298 64 25 Jack
425 298 52 20 Tar
493 304 51 14 and
559 298 93 21 Tommy
667 299 100 20 Atkins.

86 375 46 26 Of
149 384 107 19 course
272 377 87 26 we're
376 381 31 22 to
423 376 58 27 win
497 376 31 27 in
544 376 50 27 the
610 376 73 35 long
699 376 67 33 last,

129 422 131 34 Though
287 422 58 26 this
372 431 61 18 war
460 424 78 25 can't
564 423 37 26 be
627 423 61 34 just
744 422 144 26 muddled

218 468 133 33 through
390 478 6 23 ;

86 514 103 27 We've
205 514 102 26 nailed
324 523 55 18 our
395 514 54 27 old
500 514 73 34 Jack
621 519 30 22 to
668 514 50 27 the
736 519 51 30 top
804 519 85 28 mast,

130 560 68 26 And
214 569 44 17 we
274 569 88 17 mean
379 569 55 25 aye
451 566 31 20 to
499 560 74 34 keep
589 560 22 26 it
627 561 84 25 there
727 565 60 21 too.

86 649 64 25 The
165 648 148 27 Germans
328 657 51 18 are
393 654 52 21 out
461 654 30 21 to
506 649 121 26 enslave
640 658 42 24 us,

131 695 59 26 But
208 700 31 21 to
257 696 65 25 that
340 704 44 17 we
401 696 77 26 have
497 695 169 33 something
685 701 30 20 to
734 704 66 24 say;

87 741 56 27 We
162 740 73 35 long
252 741 77 27 have
347 741 101 34 prized
467 740 135 28 freedom
604 757 34 2 —
639 741 67 27 God
727 750 68 18 save
812 750 35 18 us
857 741 4 26 !

130 788 69 26 jAnd
216 789 87 25 we're
320 796 40 25 up
378 793 30 21 to
426 787 146 27 maintain
588 786 22 27 it
627 788 116 33 to-day.

87 876 56 26 We
161 884 87 18 scorn
264 876 77 26 their
356 884 89 18 mean
463 875 146 35 sneaking
625 875 59 27 and
699 875 91 34 lying,

130 922 69 26 And
218 922 77 26 their
312 922 89 33 plans
420 930 33 18 so
472 922 73 33 long
564 921 60 27 laid
643 922 60 26 and
721 930 33 17 so
772 926 73 28 cute,

86 967 92 27 Their
196 967 216 35 contemptible
432 967 121 35 lurking
572 967 60 27 and
652 967 113 35 spying,

129 1013 69 26 And
215 1012 59 27 vile
292 1013 130 26 conduct
423 1028 33 2 —
459 1012 47 27 far
523 1021 95 18 worse
637 1012 72 27 than
727 1021 17 18 a
761 1012 86 27 brute
858 1012 3 27 !

86 1103 85 34 They
190 1102 52 35 dig
262 1102 180 26 themselves
462 1102 75 34 deep
556 1101 31 26 in
605 1101 77 26 their
701 1101 146 32 trenches,

130 1149 60 26 But
207 1149 79 26 we'll
303 1154 51 27 get
373 1153 30 22 at
423 1148 81 26 them
522 1148 92 32 there,
633 1148 70 33 they
721 1147 61 26 will
799 1147 69 33 find,

85 1195 77 33 And,
180 1194 31 27 in
229 1194 75 35 spite
320 1193 34 28 of
371 1193 76 28 their
464 1193 162 35 poisonous
644 1193 145 33 stenches,

130 1241 74 26 Give
224 1242 82 25 them
324 1240 70 27 cold
414 1240 75 26 steel
508 1239 104 26 before
614 1255 35 4 —
649 1249 34 16 or
701 1238 120 27 behind.

85 1331 45 27 To
147 1330 172 27 submarine
336 1329 77 27 craft
428 1329 31 26 in
477 1330 49 25 the
543 1337 93 18 ocean

129 1377 84 33 They
230 1376 60 27 add
307 1376 134 33 hurtling
460 1375 80 34 ships
556 1375 31 26 in
604 1375 49 26 the
669 1374 59 33 air;

86 1425 58 25 But
162 1423 65 26 that
244 1423 83 25 don't
345 1421 44 26 fill
405 1430 34 17 us
456 1420 71 27 with
544 1420 190 33 commotion,

130 1470 60 26 For
203 1470 88 26 we're
306 1477 83 18 more
404 1469 73 25 than
490 1476 18 18 a
522 1467 101 27 match
638 1466 47 27 for
700 1467 82 26 them
796 1467 92 25 there.

152 1523 14 20 4
