1011 1701
263 63 162 26 ECHOES
453 62 52 27 OF
532 60 86 26 THE
646 59 102 26 WAR.

123 85 15 11 70

319 230 53 24 TO
398 224 294 30 WITTENBERG.

303 314 92 25 (After

111 401 25 26 O
153 401 236 30 Wittenberg,
408 399 24 25 O
451 397 199 34 Wittenberg,

112 447 77 26 How
205 451 122 27 strange
342 445 55 27 has
413 445 76 26 been
504 444 52 33 thy
572 448 81 28 story
663 442 4 25 !

113 493 35 26 In
165 492 67 26 thee
249 491 77 27 false
344 491 92 26 Faust
453 498 75 19 once
546 488 94 27 found
656 496 17 18 a
690 488 94 31 home,

114 539 35 26 In
167 539 67 26 thee
254 543 65 20 true
337 536 113 26 Luther
469 535 94 26 broke
581 534 70 27 with
669 534 109 26 Rome:

113 584 25 27 O
158 583 198 32 Wittenberg,
377 582 26 26 O
424 581 197 33 Wittenberg,

114 631 78 25 How
210 635 121 27 strange
348 628 54 27 has
419 628 76 26 been
512 627 51 34 thy
580 626 95 34 story!

116 732 25 27 O
160 732 198 34 Wittenberg,
379 730 25 27 O
425 729 197 34 Wittenberg,

116 779 82 25 With
215 787 111 17 sorrow
341 786 44 18 we
400 776 111 27 behold
526 776 81 26 thee:

116 826 64 25 The
199 825 195 25 Faust-curse
413 821 60 27 still
490 831 40 17 on
548 821 67 26 thee
633 825 78 21 must
730 824 58 21 rest

116 871 145 32 Through
282 867 265 36 Mephistopheles'
567 866 114 27 behest.

117 917 26 26 O
162 915 197 34 Wittenberg,
381 914 25 26 O
427 913 196 34 Wittenberg,

118 963 81 25 With
218 970 111 18 sorrow
345 970 43 17 we
406 959 110 27 behold
534 959 66 26 thee
611 959 4 25 !

118 1064 25 27 O
163 1064 197 33 Wittenberg,
381 1062 26 27 O
428 1061 197 34 Wittenberg,

119 1111 77 26 How
214 1109 137 34 changed
370 1109 51 33 thy
440 1107 183 35 reputation!

119 1157 81 26 Once
219 1155 98 27 shrine
335 1154 33 27 of
384 1155 77 33 hope
480 1153 47 27 for
545 1153 41 26 all
602 1151 152 33 mankind,

120 1203 59 26 For
196 1202 49 26 the
262 1200 173 36 oppressed,
452 1199 139 33 maimed,
610 1199 72 29 halt,
701 1198 60 26 and
778 1197 83 26 blind
863 1212 33 3 —

119 1248 25 27 O
163 1248 198 33 Wittenberg,
382 1246 26 26 O
429 1245 198 34 Wittenberg,

119 1295 77 26 How
214 1292 138 33 changed
370 1292 50 33 thy
440 1290 183 35 reputation!

120 1395 25 27 O
165 1394 197 34 Wittenberg,
382 1392 27 26 O
429 1392 197 34 Wittenberg,

120 1440 40 26 Of
175 1440 59 26 late
249 1449 18 17 a
283 1439 57 26 vile
355 1438 146 27 Gehenna
511 1438 4 25 !
