1011 1701
423 73 54 26 TO
505 72 130 26 ARMS!

891 76 32 23 47

418 282 53 26 TO
495 282 128 26 ARMS!

175 374 63 19 More
249 373 42 19 and
302 376 36 22 yet
349 379 57 13 more
418 378 49 14 men
478 378 34 13 are
524 370 85 20 wanted
620 373 23 16 to
654 370 54 25 keep
720 376 34 18 my
765 368 85 19 Armies
860 368 21 19 in
893 367 34 20 the

125 407 56 23 field,
194 407 42 19 and
251 406 91 24 through
354 405 58 20 them
423 409 22 16 to
456 411 72 14 secure
540 404 86 25 Victory
636 403 41 19 and
689 402 104 25 enduring

727 441 83 17 —The
826 439 70 19 King.

124 532 94 26 YOUR
229 531 119 27 mother
360 530 59 27 and
432 538 74 24 your
518 536 89 19 nurse
619 536 77 17 were
707 530 80 22 wont
799 530 31 22 to
843 534 85 24 say-

343 577 45 24 To
406 576 90 25 Arms
506 575 4 26 !

125 625 66 26 You
224 623 146 27 hastened
403 622 107 26 then—
511 621 72 34 lang
617 629 80 25 syne,
730 628 63 24 aye,
826 618 101 26 well-a

213 669 58 32 day
282 669 5 26 !
296 685 34 1 —

345 714 45 25 To
407 714 90 25 Arms
508 713 3 26 !

126 826 75 31 You,
219 830 30 21 to
265 833 75 24 your
355 823 78 27 elect
450 823 78 33 lady,
546 822 76 26 later
638 820 93 35 spoke
732 834 33 3 —

346 870 44 24 To
409 869 89 25 Arms
509 868 4 26 !

126 918 65 26 The
204 917 110 33 pledge
328 916 134 26 between
476 923 58 25 you
549 913 115 26 neither
677 911 99 27 would
789 911 109 26 revoke
899 925 33 3 —

346 962 45 25 To
409 962 90 25 Arms
510 961 3 25 !

129 1077 85 30 Now,
231 1074 23 26 if
270 1082 75 25 your
360 1077 135 29 country,
511 1071 30 26 in
556 1071 54 26 her
625 1075 77 27 turn,
718 1068 74 27 doth
807 1066 93 27 call—

346 1120 46 24 To
410 1119 90 25 Arms
511 1118 2 25 !

129 1169 84 30 Sure,
230 1167 99 32 duty's
346 1171 115 21 sterner
477 1169 70 21 note
564 1162 61 27 will
641 1166 51 22 not
708 1160 125 36 appal-

346 1212 46 24 To
411 1209 103 27 Arms!

130 1326 59 27 For
206 1324 124 31 Britain,
347 1323 31 27 in
395 1322 58 27 this
470 1322 86 31 hour,
572 1319 92 28 needs
679 1317 113 28 valiant
810 1325 103 17 sons—

348 1370 45 25 To
411 1369 90 26 Arms
511 1368 4 25 !

128 1419 46 27 To
188 1417 97 35 guard
299 1417 54 26 her
368 1415 51 26 life
434 1414 79 27 from
527 1414 50 26 the
590 1410 166 29 embattled
770 1409 122 27 Huns—

348 1463 46 25 To
412 1463 90 25 Arms
512 1461 4 25 !
