1011 1701
283 78 220 26 NATIONAL
535 79 181 25 SERVICE.

868 84 32 26 45

132 165 212 35 Conscription
393 166 24 26 is
437 175 17 18 a
473 171 79 22 most
571 166 184 27 unwelcome
775 166 94 27 sound

141 212 46 27 To
201 221 92 24 many
308 217 31 22 to
354 212 99 27 whom
469 211 140 28 Britain's
625 211 76 28 weal
713 211 25 27 is
753 211 88 34 dear;

100 258 58 25 But
175 257 30 33 if,
225 258 131 34 through
373 257 31 33 it,
423 257 147 27 salvation
586 263 79 21 must
681 257 37 27 be
735 257 102 32 found,

144 304 100 32 What,
261 313 74 17 even
349 304 32 27 in
394 304 32 32 it,
442 303 24 27 is
482 304 83 27 there
580 309 30 21 to
626 304 76 26 shun
718 312 33 18 or
765 303 79 27 fear?

134 429 213 36 Conscription
378 445 34 2 —
415 429 63 26 that
505 429 52 26 but
584 438 103 17 means
714 433 30 22 to
771 428 36 27 be
835 437 67 18 con-

234 475 126 32 scribed,

146 521 131 27 Written
293 521 147 34 together,
459 530 32 17 as
507 521 119 34 helpers
643 520 32 27 of
690 529 56 18 one
763 528 88 19 cause
860 530 5 22 ;

102 568 76 31 And,
197 567 47 27 for
261 567 50 26 the
326 567 72 33 holy
415 576 90 17 cause
520 576 55 17 our
591 566 64 27 foes
671 566 75 27 have
763 565 99 35 gibed,

147 615 57 24 We
221 613 100 26 would
337 619 52 20 not
407 613 92 26 wince
518 612 104 27 before
640 612 133 27 coercive
790 612 80 26 laws.

105 737 70 27 Full
191 747 91 24 many
299 747 17 17 a
335 737 92 34 youth
445 737 55 27 has
519 736 127 28 scorned
663 736 50 26 the
731 735 126 34 thought
876 735 32 26 of

148 830 69 27 And
230 830 56 27 has
302 835 44 22 set
360 830 89 26 down
465 829 80 34 right
560 828 145 35 willingly
719 827 44 27 his
778 836 85 17 name

105 876 46 26 On
171 875 161 27 freedom's
352 874 71 28 roll:
449 874 68 33 and,
536 874 32 26 in
584 882 56 19 our
658 873 121 34 quarrel
796 873 67 34 just,

150 923 56 26 We
226 930 92 26 yearn
339 922 64 25 that
424 920 165 27 thousands
609 929 83 17 more
713 929 69 24 may
801 919 39 27 do
860 919 47 27 the

238 977 92 16 same.

105 1094 68 31 But,
189 1092 26 27 if
231 1092 49 27 the
297 1092 60 26 call
371 1091 35 27 of
422 1090 224 35 righteousness
662 1098 82 26 grow
761 1088 84 34 faint,

149 1139 69 27 And
232 1144 30 21 to
277 1138 49 27 the
341 1147 51 23 cry
404 1137 34 27 of
451 1137 108 33 liberty
572 1136 31 26 fit
617 1145 69 17 men
700 1135 74 35 keep
787 1134 99 33 dumb,

106 1186 93 26 What
216 1184 118 27 fiercest
548 1183 78 26 what
644 1181 120 27 mildest
780 1180 87 33 saint,

150 1231 113 27 Would
290 1235 53 22 not
371 1238 92 25 agree
464 1245 34 2 —
627 1228 80 26 must
734 1227 154 27 conscribe
899 1227 3 26 !

240 1278 77 25 Now
332 1285 84 18 come
427 1276 4 26 !
