1011 1701
208 82 55 25 AN
295 83 292 27 HONOURABLE
616 84 137 26 PEACE.

883 109 2 8 39

199 205 58 26 AN
288 205 292 28 HONOURABLE
612 207 143 26 PEACE.

158 278 121 26 significant
296 282 46 23 step
354 287 27 12 on
398 280 36 20 the
450 281 50 19 road
517 281 65 26 along
593 282 70 19 which
675 282 35 19 the
726 282 116 26 Almighty,
856 282 27 25 by

74 312 42 20 His
126 320 70 19 grace,
210 314 38 19 has
260 314 35 20 led
312 320 22 14 us
351 315 102 19 hitherto.
487 315 91 27 Relying
594 322 57 20 upon
668 316 60 24 Him,
743 323 37 13 our
791 316 92 26 glorious

72 351 74 23 troops
163 348 44 20 will
224 349 102 21 continue
346 353 22 17 to
387 350 52 25 fight
458 353 22 17 to
495 357 27 13 an
538 351 133 19 honourable
777 364 27 1 —
807 352 76 19 Kaiser

77 383 100 20 Wilhclm
193 391 26 12 on
235 384 34 19 the
285 385 74 25 taking
374 385 27 25 of
417 386 103 19 Warsaw.

206 456 51 26 An
275 456 190 27 honourable
483 465 91 26 peace
585 458 3 25 !

74 502 87 25 Thou
191 503 94 25 can'st
314 502 39 27 do
381 512 92 24 many
501 503 117 34 mighty
647 502 108 35 things,
785 503 94 35 proud

163 547 125 32 Kaiser;

73 592 101 26 Albeit
191 602 41 17 on
250 593 51 26 the
318 593 98 27 banks
434 594 33 26 of
483 594 92 27 Aisne
592 595 60 26 and
670 595 83 33 Yser,

72 639 40 25 At
130 639 108 26 Marne
255 639 61 26 and
334 640 104 34 Ypres,
457 640 60 26 and
535 640 56 26 full
607 641 84 26 often
710 641 88 33 since,

72 685 67 33 Thy
154 684 65 27 foes
234 690 80 22 most
329 685 144 35 palpably
489 686 75 26 have
579 687 88 26 made
682 687 67 26 thee
765 687 90 26 wince
866 698 6 22 ;

74 731 57 25 But
147 731 67 32 this,
233 732 10 24 I
260 740 91 24 ween,
368 731 24 27 is
406 740 59 18 one
480 732 86 34 thing
581 732 82 27 furth
679 733 51 34 thy
745 734 89 26 reach
836 749 33 2 —

71 778 55 25 Let
141 777 111 34 Tirpitz
268 778 96 33 growl
380 779 59 25 and
455 778 78 33 grim
547 779 162 32 Dryander
724 779 119 27 screech
847 795 31 2 —

202 823 49 27 An
268 823 189 27 honourable
476 833 90 24 peace
577 825 3 25 !

202 917 47 26 An
266 916 190 27 honourable
474 925 92 25 peace
577 917 2 26 !

70 962 59 26 But
147 961 67 27 who
234 967 47 21 art
299 962 73 26 thou
391 967 31 21 to
441 972 52 17 use
512 963 71 26 such
603 962 151 35 language
773 962 80 35 high,

69 1008 115 26 Whose
200 1008 53 26 life
272 1017 32 18 so
322 1009 73 34 long
412 1009 54 26 has
483 1009 76 26 been
576 1018 17 17 a
610 1009 122 35 painted
749 1008 55 27 lie?

69 1055 128 26 Honour
218 1055 61 26 and
301 1055 72 26 thou
393 1063 52 17 are
466 1055 106 34 parted
592 1063 154 18 evermore
757 1066 6 21 ;

68 1100 66 33 Thy
160 1109 97 23 name,
285 1109 67 17 now
379 1100 118 26 bruited
525 1099 74 27 wide
626 1100 78 26 from
732 1101 87 26 shore
846 1106 28 21 to

157 1147 87 25 shore

66 1193 42 26 As
126 1202 148 24 synonym
290 1193 48 27 for
354 1193 85 32 false,
457 1193 43 26 all
515 1193 60 35 just
592 1202 68 18 men
677 1193 72 27 flout
760 1204 5 22 ;

66 1240 82 26 Thee
168 1239 59 27 and
246 1239 52 34 thy
318 1239 154 26 tarnished
490 1239 118 34 legions
627 1248 43 18 we
687 1245 78 21 must
786 1245 64 21 rout

199 1286 60 26 For
279 1285 190 27 honourable
491 1294 91 25 peace
592 1287 4 25 !

196 1375 47 26 An
261 1374 189 27 honourable
470 1383 91 25 peace
572 1375 2 26 !

64 1421 65 26 The
147 1421 75 26 road
241 1420 32 27 of
289 1421 97 26 which
406 1421 72 26 thou
495 1426 138 21 vauntest
650 1420 24 27 is
693 1430 17 17 a
729 1421 71 26 road

63 1468 79 26 That
161 1476 91 18 never
270 1476 72 18 man
360 1467 35 27 of
412 1468 118 25 honour
550 1473 47 28 yet
616 1468 55 26 has
691 1468 75 32 trod,
