1011 1701
91 73 30 30 38

248 75 161 27 ECHOES
438 77 53 26 OF
518 78 85 25 THE
633 79 98 24 WAR.

289 242 254 27 DONINGTON
568 244 117 26 HALL.

272 316 68 24 [With
356 317 109 25 apologies
480 320 22 17 to
521 318 49 19 Mrs.
590 318 115 24 Hemans.]

122 399 73 27 The
214 400 108 34 stately
339 401 103 27 homes
462 401 31 27 of
510 401 150 35 England,

89 444 78 27 How
187 445 147 28 beautiful
353 447 70 33 they
442 449 87 25 stand
540 450 4 24 !

88 490 130 35 Though
238 491 88 27 fierce
346 493 87 26 Huns
453 493 62 27 fain
535 495 99 26 would
654 495 113 27 shatter
786 496 79 27 them

88 537 69 26 And
173 538 154 27 devastate
344 539 49 26 the
409 539 82 26 land.

120 640 64 26 The
202 640 71 34 free,
292 641 56 27 fair
364 643 105 26 homes
487 643 32 27 of
535 644 155 34 England:

87 687 94 34 Long,
199 687 82 34 long,
297 688 31 26 in
342 688 55 27 hut
414 689 60 27 and
490 689 70 33 hall,

87 732 73 34 May
175 733 102 27 hearts
293 733 34 27 of
341 735 100 26 native
457 736 89 34 proof
562 736 36 27 be
615 738 103 26 reared

87 779 44 26 To
149 780 98 31 guard
266 781 73 26 each
358 781 149 27 hallowed

87 880 66 32 But,
171 881 115 34 though
305 881 49 27 the
371 882 90 35 proof
477 882 36 27 be
529 883 106 34 native,

87 926 62 26 Not
165 935 33 18 so
213 927 79 26 shall
306 927 36 27 be
358 928 49 26 the
421 928 78 33 prize
508 939 7 22 ;

84 971 65 27 The
165 972 53 26 hut
235 981 73 26 goes
325 978 31 22 to
374 974 49 26 the
441 975 150 33 Britisher,

86 1018 34 26 In
136 1018 63 26 hall
216 1019 81 26 Herr
314 1020 168 26 Deutscher
501 1020 62 26 lies.

116 1121 129 33 Solemn,
262 1127 49 28 yet
327 1128 98 27 sweet,
442 1122 49 27 the
507 1123 111 27 church
634 1124 86 27 bell's
735 1125 95 27 chime

82 1167 25 27 O
123 1168 77 26 hush
215 1167 23 27 it
248 1169 5 25 !
276 1168 67 34 lest,
361 1169 29 27 in
406 1170 127 33 dreams,

81 1214 100 26 Vexed
203 1214 119 27 Uhlans
343 1215 32 26 in
429 1216 72 26 dear
553 1217 177 35 Donington

82 1259 114 27 Should
217 1261 96 31 growl
314 1276 33 3 —
480 1263 107 27 cursed
