1011 1701
244 67 161 26 ECHOES
434 67 52 26 OF
513 67 85 25 THE
626 67 102 24 WAR.

86 74 33 23 42

87 154 84 34 They
189 163 69 25 may
277 154 65 27 sink
359 163 40 18 an
417 153 173 27 occasional
607 152 121 32 cruiser,

131 199 68 27 And
249 200 61 33 Zep
360 208 81 18 some
461 208 73 25 poor
553 199 140 25 innocent
713 197 78 32 folk;

89 245 58 26 But
164 254 43 17 we
223 245 75 26 Tars
314 245 60 26 and
391 254 44 17 we
451 244 151 27 Tommies
620 244 87 26 stand
724 248 74 27 true,
816 241 47 34 sir,

131 291 68 26 And
214 292 88 25 won't
318 290 66 27 bow
400 296 29 20 to
446 290 77 26 their
537 289 159 27 villainous
711 289 87 33 yoke.

87 387 27 25 A
130 386 134 34 glorious
281 386 129 27 record's
427 385 110 27 behind
553 394 34 17 us
597 395 6 22 ;

131 431 68 28 And
216 441 18 17 a
251 437 82 27 story
350 437 46 27 yet
416 431 105 27 nobler
537 430 117 27 before:

89 478 110 26 Where
214 477 73 34 duty
302 477 83 33 calls,
403 477 98 34 surely
517 476 91 35 you'll
624 476 61 27 find
700 485 32 17 us

133 524 69 26 Full
214 524 33 26 of
261 524 59 33 grit
335 524 59 26 and
408 523 69 26 with
490 523 104 26 mettle
607 523 115 34 galore.

88 619 54 34 Ay,
159 628 56 18 our
230 619 67 26 lads
313 627 52 18 are
382 618 185 26 determined
584 623 30 21 to
629 617 71 27 win:

132 665 76 32 And,
224 665 83 26 don't
323 664 73 33 fear,
412 663 47 28 for
474 664 69 33 they
558 663 144 34 certainly
716 663 67 27 will.

90 712 59 24 For
164 710 155 26 Britannia
334 716 29 20 to
380 710 52 26 fail
446 719 77 17 were
537 719 16 17 a
569 709 44 27 sin
614 725 32 3 —

133 757 82 27 With
236 766 55 17 our
312 766 96 24 cause,
429 756 61 27 and
510 765 55 17 our
586 756 145 34 strength,
753 755 59 27 and
833 764 51 18 our

221 802 78 26 skill.

90 973 54 26 Let
162 972 49 26 the
227 972 87 26 home
332 971 64 27 folk
413 971 78 26 buck
507 979 48 26 up,
573 969 59 27 and
647 969 37 26 be
701 968 120 36 quicker

133 1018 44 26 To
195 1017 122 34 provide
334 1026 35 17 us
386 1016 47 27 for
449 1025 58 17 one
524 1016 77 26 shell
616 1015 70 26 with
703 1020 58 25 ten,

89 1064 69 26 And
197 1064 71 26 then
307 1063 49 26 the
428 1063 83 26 three
551 1062 58 26 M's
678 1061 61 27 will
809 1061 76 26 mak'

221 1109 93 26 siccar
346 1125 34 2 —

136 1155 137 33 Namely,
294 1155 119 33 Money,
435 1153 173 33 Munitions,
628 1153 61 26 and
710 1153 84 26 Men!
