1011 1701
286 91 161 26 ECHOES
476 92 52 25 OF
555 91 85 26 THE
668 91 101 25 WAR.

132 96 28 16 12

129 175 64 27 The
208 176 78 27 issue
302 186 43 18 we
360 186 57 18 can
433 178 96 34 safely
544 179 84 25 leave
644 177 70 26 with
730 177 76 31 thee,

175 222 169 34 Supported
360 223 39 33 by
416 223 50 27 the
482 223 68 27 God
567 223 28 26 in
612 223 99 26 whom
727 230 44 17 we
788 225 84 21 trust.

131 267 99 27 Strike
245 268 85 33 hard,
346 278 34 17 as
396 268 25 27 is
439 268 51 34 thy
506 274 87 27 wont,
612 268 47 27 for
676 268 108 33 liberty
794 268 5 25 !

175 312 92 27 Smite
289 323 47 22 on,
361 314 45 26 till
429 315 116 26 blatant
567 315 88 26 brute
678 313 82 27 force
783 312 75 27 licks
882 312 48 27 the

260 360 75 31 dust,

217 405 61 26 Till
302 405 75 26 faith
405 405 89 27 'twixt
518 414 70 18 man
614 405 59 26 and
698 413 70 17 man
794 403 89 33 again
907 403 23 27 is

303 451 114 31 owned,

218 497 68 25 And
320 497 149 33 trampled
503 497 96 25 Truth
634 496 118 26 exalted
788 496 58 26 and
881 505 48 17 en-

306 543 135 25 throned.

356 746 85 26 THE
470 746 235 26 COALITION.

134 828 78 26 'MlD
230 837 89 25 surge
334 828 34 26 of
383 828 115 35 change
514 837 17 17 a
547 828 175 34 wondering
738 827 91 27 world

177 875 71 26 Sees
265 883 91 24 many
373 884 17 17 a
410 881 121 26 strange
550 874 170 27 transition:

134 921 77 26 Now
228 920 41 27 all
286 930 55 17 our
357 926 87 29 party
461 920 76 35 flags
552 930 52 17 are
622 920 106 33 furled,

131 968 79 25 That
226 967 118 26 Teuton
362 966 141 27 baseness
519 975 70 24 may
605 967 37 26 be
658 967 105 26 hurled

175 1013 44 26 To
238 1013 127 27 merited
385 1012 160 35 perdition:

133 1059 34 24 In
185 1058 106 25 unison
312 1058 122 25 without
453 1067 17 16 a
490 1058 64 25 flaw

131 1106 56 25 We
203 1113 66 18 own
286 1113 57 17 one
361 1104 79 33 king,
457 1113 57 17 one
532 1104 83 32 faith,
633 1113 57 18 one
707 1104 55 27 law

163 1192 51 26 All
230 1192 95 26 hands
342 1200 40 17 on
397 1192 92 25 deck!
535 1192 49 25 the
601 1192 181 27 watchword
800 1193 118 33 sounds,

173 1237 69 27 And
260 1237 76 26 finds
353 1246 56 17 our
427 1237 122 34 Empire
569 1238 104 33 ready:

131 1284 91 26 From
238 1289 100 21 centre
356 1288 30 21 to
402 1283 38 26 its
457 1283 127 27 farthest
600 1284 126 33 bounds,

130 1330 83 26 With
232 1339 114 17 answer
365 1328 95 27 which
479 1338 55 17 our
554 1328 48 27 foe
622 1329 168 27 confounds
793 1346 32 2 —

207 1376 76 26 Now
301 1374 111 34 steady,
430 1374 130 33 Britons,
578 1375 119 34 steady!

130 1422 61 26 Our
208 1422 65 25 best
291 1426 29 21 at
335 1421 89 25 home
440 1419 30 26 in
488 1419 150 27 Coalition

130 1467 72 27 Will
219 1467 52 27 foil
289 1467 113 26 abroad
419 1467 49 25 the
484 1466 177 33 Opposition
672 1467 5 26 !
