1011 1701
87 82 33 28 76

244 82 162 25 ECHOES
435 82 51 25 OF
513 82 86 25 THE
627 82 101 25 WAR.

335 248 234 26 CAUSELESS

132 341 260 27 Ex-Secretary
409 342 123 32 Bryan,
551 342 37 27 he

176 387 115 33 Speaks
309 388 127 32 sweetly,
455 393 30 21 to
502 388 37 26 be
557 397 81 23 sure;

132 434 58 25 But
210 434 84 34 pleas
313 433 47 27 for
414 435 93 26 Peace
526 434 70 27 with

174 481 60 25 Are
254 488 18 18 a
291 480 75 27 trifle
387 485 178 29 premature.

132 582 129 34 Though
281 581 107 35 silvery
405 583 163 34 eloquence
589 583 109 27 sounds
717 583 63 27 nice

176 628 44 26 To
238 637 66 17 ears
322 628 71 27 both
412 638 99 24 young
528 629 60 27 and
603 628 98 34 olden,

132 673 79 34 Why
231 673 60 27 call
310 673 48 27 for
412 675 94 26 Peace
524 680 32 21 at
575 684 58 25 any
652 675 82 26 Price

177 720 116 26 Silence
311 720 25 26 is
356 720 168 27 sometimes
543 721 121 33 golden.

165 823 26 26 A
208 822 158 27 Causeless
383 824 87 25 War!
515 823 74 26 cries
607 823 57 26 Mr.
685 824 106 33 Bryan,

176 867 167 34 Expecting
361 867 75 27 wide
454 867 157 34 applause:

132 914 65 32 Yet,
213 913 213 33 unconvinced,
443 914 48 25 the
508 913 111 26 British
635 913 59 27 lion

176 959 162 25 Maintains
340 975 33 1 —
376 960 26 24 It
419 960 61 24 had
496 968 17 16 a
531 968 98 16 cause.

132 1063 29 27 If
176 1063 119 27 nations
311 1072 69 26 may
397 1069 30 21 at
445 1063 59 26 will
521 1063 101 27 deride

175 1109 107 27 Divine
298 1109 60 27 and
374 1109 111 27 human
502 1109 80 31 laws,

131 1155 67 26 And
217 1155 104 26 sacred
339 1160 152 30 compacts
509 1154 92 27 waive
618 1154 83 27 aside
701 1170 33 3 —

174 1202 64 24 The
256 1209 61 17 war
337 1209 60 17 was
414 1200 124 26 without
558 1209 102 17 cause:

132 1302 28 28 If
177 1302 144 28 Prussia's
338 1302 86 35 eagle
440 1302 60 27 had
518 1303 48 27 the
584 1302 76 35 right

173 1349 45 25 To
235 1348 90 26 strike
341 1348 37 26 its
394 1348 81 26 cruel
491 1349 90 25 claws

132 1396 33 25 In
182 1395 165 34 Belgium's
364 1396 93 31 heart,
476 1395 104 26 before
597 1404 55 17 our
670 1395 78 34 sight
750 1411 32 2 —

174 1441 55 27 We
245 1440 75 33 fight
336 1440 122 27 without
474 1450 17 17 a
507 1449 102 19 cause:
