1011 1701
399 69 131 24 PEACE
545 70 2 23 !

843 77 31 25 95

397 234 133 25 PEACE
542 235 4 24 I

230 311 32 34 [A
283 317 111 20 VISION
417 318 40 20 OF
479 318 67 21 THE
569 313 149 34 FUTURE.]

154 401 115 32 Peace,
290 401 37 26 be
471 401 49 27 the
541 401 125 28 Saviour
687 401 62 28 said

162 446 46 27 On
228 448 212 25 storm-tossed
459 447 130 26 Galilee:

119 493 98 34 Again
234 494 63 25 that
315 493 90 27 Voice
422 494 54 26 has
495 494 129 26 stillness
643 495 72 26 shed

162 539 87 26 Alike
264 541 63 24 o'er
344 539 71 26 land
430 540 61 25 and
509 549 59 16 sea.

122 628 75 26 Now
213 637 68 24 may
298 628 49 27 the
365 628 75 34 flags
457 628 37 27 be
512 628 95 35 safely
622 628 106 33 furled,

164 673 197 27 Unlimbered
377 674 36 26 be
430 675 49 25 the
495 683 91 24 guns:

121 719 64 35 Just
205 720 94 26 Peace
316 720 25 26 is
357 728 68 19 won
443 726 32 21 to
490 721 81 26 bless
589 721 50 27 the
656 721 94 27 world

164 766 144 32 Through
326 766 106 27 valour
449 766 34 27 of
501 776 55 17 our
576 776 78 18 sons.

122 854 54 27 We
193 854 105 34 waged
314 864 61 18 war
391 855 110 35 grimly
518 861 30 21 to
565 856 49 26 the
631 856 97 33 death,

165 901 57 25 But
238 909 66 18 now
321 902 50 25 the
386 902 60 25 end
462 903 55 24 has
533 911 84 16 come
626 913 4 14 :

122 946 130 35 Replace
269 948 49 26 the
335 948 97 26 sword
447 948 102 27 within
564 948 37 27 its
618 949 112 33 sheath,

164 993 68 27 And
249 993 87 27 silent
352 994 38 26 be
407 994 49 26 the
473 995 87 25 drum
570 996 5 24 !

123 1081 53 27 Let
193 1081 145 36 joy-bells
356 1083 122 35 merrily
497 1083 66 36 ring
581 1090 50 21 out

167 1129 33 25 In
218 1129 165 34 gladsome,
404 1136 88 21 sweet
512 1130 119 33 refrain,

124 1174 97 27 While
239 1175 139 27 thankful
395 1176 131 27 millions
545 1178 82 25 swell
645 1178 49 26 the
713 1179 86 26 shout

200 1221 109 27 Peace!
338 1223 94 26 Peace
451 1223 55 27 has
526 1232 84 18 come

124 1310 54 27 We
194 1311 50 27 bid
260 1320 55 18 our
331 1312 108 27 heroes
456 1312 142 28 welcome
615 1314 95 33 home,

167 1358 54 26 We
237 1358 62 27 hail
313 1367 56 18 our
385 1359 92 27 brave
493 1360 103 31 Allies,

124 1404 77 27 Who
218 1405 109 27 shared
343 1414 39 18 on
400 1406 70 27 field
486 1406 61 27 and
564 1416 94 18 ocean
674 1406 81 28 foam

165 1451 105 27 Love's
288 1452 127 26 duteous
435 1452 143 26 sacrifice.
