1011 1701
347 77 141 27 PROUD
516 76 53 26 TO

852 80 32 24 79

82 168 71 27 Had
171 166 116 29 Britain
304 166 61 27 and
381 166 55 26 her
452 163 95 28 Allies
564 164 77 26 been
657 163 50 26 the
725 170 116 18 same-

125 213 142 33 Yielding
280 213 50 26 the
341 213 119 26 Teuton
472 210 89 28 claim
575 210 63 26 that
651 208 95 35 might
757 207 26 27 is
796 207 87 34 right,

83 261 46 26 Ah
139 261 5 25 !
170 259 136 27 freedom
321 258 62 27 had
399 258 125 27 become
540 265 39 18 an
594 260 102 30 empty
712 263 96 23 name,

127 305 195 31 Debauched,
337 303 87 27 while
436 312 45 17 we
494 302 110 27 looked
726 306 49 21 too
790 298 95 36 proud

215 357 30 22 to
260 351 76 33 fight
346 351 5 26 !

86 456 67 33 But,
171 455 68 27 God
257 454 37 27 be
313 453 133 27 thanked
456 453 5 25 !
487 461 18 17 a
523 451 106 27 nobler
646 449 91 28 mood
755 447 130 36 inspired

215 510 35 16 us

129 549 45 25 To
191 548 72 25 bare
280 555 54 17 our
350 554 65 18 arm
431 544 95 27 man's
543 552 107 25 enemy
665 548 31 20 to
713 541 85 27 smite
807 551 5 16 :

87 594 157 33 Thoughts
258 593 87 26 other
358 592 73 26 than
445 590 47 27 for
507 589 57 27 self
577 598 32 18 so
623 588 121 34 fiercely
757 587 75 27 fired
844 594 41 26 us,

132 641 55 26 We
211 638 89 28 could
322 643 53 21 not
399 637 88 27 stand
664 639 50 21 too
738 633 97 35 proud
857 638 30 21 to

89 858 27 25 A
131 856 58 34 day
204 865 69 25 may
288 855 88 26 dawn
391 859 57 29 yet,
464 862 40 18 on
519 853 50 26 the
586 851 57 27 Sea
661 849 118 34 Pacific,

133 902 109 28 Which
256 901 61 27 will
332 901 50 26 the
398 899 138 34 question
552 903 43 22 set
609 897 31 27 in
655 896 77 27 lurid
747 896 110 34 light—

92 950 151 32 Whether,
264 947 179 28 confronted
461 947 40 34 by
519 954 17 18 a
555 945 83 26 force
657 942 119 33 terrific,

136 996 88 27 Some
243 994 107 34 people
369 1002 69 25 may
456 997 52 22 not
528 992 37 26 be
567 1007 34 2 —
635 996 50 20 too
686 1005 35 3 —
724 989 101 26 what?
825 1004 34 2 —
861 993 28 21 to

221 1041 76 33 fight
308 1041 4 26 !
