1090 1740
881 114 52 26 217

386 121 122 20 EASTER
530 121 137 20 SUNDAY.

114 194 82 32 tude.
254 195 132 42 Though
416 197 191 42 remarkably
633 197 82 41 quiet
741 197 59 32 and
823 197 112 40 gentle,

115 255 52 32 the
183 268 106 30 young
304 257 155 41 Marquise
475 270 63 20 was
554 270 74 30 very
639 259 68 31 firm
716 271 6 28 ;
739 258 67 40 and,
824 269 113 29 among

116 317 90 32 those
231 318 70 32 who
332 319 117 40 served,
481 331 79 20 none
587 331 71 21 ever
684 319 164 42 disobeyed
872 319 64 31 her.

118 379 61 32 She
206 391 73 29 was,
303 380 141 41 perhaps,
471 392 77 21 even
572 392 84 21 more
680 381 158 41 respected
863 380 74 32 than

117 440 92 32 loved
220 454 6 27 ;
250 441 54 31 but
320 441 54 32 she
391 453 62 20 was
469 442 113 31 knoAvn
605 442 40 42 by
661 442 41 32 all
717 447 32 27 to
772 442 38 32 be
827 442 110 42 justice

117 501 91 40 itself,
225 502 61 31 and
302 502 173 39 impossible
491 507 32 27 to
540 502 131 33 deceive.

161 562 87 32 With
261 563 52 31 the
324 563 100 32 habits
437 563 34 31 of
482 563 49 32 life
546 563 60 32 this
620 563 132 32 exercise
763 563 34 32 of
809 575 131 30 govern-

118 628 85 27 ment
220 624 118 39 entails,
355 624 74 31 with
430 644 43 2 —
474 624 100 32 added
595 629 31 27 to
646 624 53 32 the
716 624 107 32 details
840 624 34 31 of
893 635 48 20 or-

118 685 175 41 ganisation
308 685 62 31 and
385 685 131 31 internal
529 696 148 30 economy
677 705 43 2 —
720 685 53 31 the
786 685 92 32 hours
895 689 46 27 set

120 751 88 37 apart
223 745 46 32 for
285 745 186 32 intellectual
494 745 237 42 improvements
750 745 61 32 and
826 745 115 32 serious

120 806 137 42 reading,
289 806 61 32 and
380 806 53 32 the
472 806 159 41 discharge
662 806 34 31 of
728 806 52 31 the
814 817 128 20 onerous

121 867 100 32 duties
247 867 162 31 attendant
432 878 83 30 upon
540 867 51 31 the
612 867 148 31 direction
782 867 33 31 of
833 867 109 31 charit-

122 928 69 32 able
221 927 205 39 foundations,
446 945 3 5 ■
449 946 34 4 —
494 927 74 31 with
606 927 40 31 all
684 927 70 39 this,
794 927 147 41 honestly,

121 988 123 43 loyally,
263 988 148 41 seriously
427 987 118 32 carried
568 992 59 35 out,
645 987 24 31 it
684 999 63 19 Avas
770 987 125 31 difficult
910 992 32 26 to

121 1049 147 33 cultivate
293 1049 92 39 what,
412 1049 30 30 in
468 1048 52 32 the
545 1048 50 31 life
621 1048 34 31 of
673 1060 18 19 a
718 1059 120 20 woman
868 1047 74 32 with

121 1121 85 20 more
231 1109 76 32 time
334 1121 39 19 on
400 1109 54 31 her
477 1108 107 40 hands,
612 1107 99 41 might
736 1108 78 31 have
838 1119 104 30 groAvn

121 1171 65 32 into
203 1182 19 20 a
236 1170 83 40 grief
331 1182 32 19 or
380 1182 17 19 a
413 1169 130 41 passion.

167 1231 101 33 Claire
296 1242 63 20 was
384 1235 54 26 not
464 1229 84 32 what
573 1241 171 20 romancers
761 1230 100 31 Avould
886 1229 58 32 call

123 1295 104 41 madly
253 1294 33 31 in
312 1293 71 32 love
407 1292 75 32 with
507 1292 55 32 her
585 1292 104 32 cousin
701 1305 6 28 ;
733 1292 52 31 she
804 1303 62 20 was
890 1296 54 27 not

123 1369 79 21 even
224 1356 31 31 in
281 1356 69 31 love
474 1353 72 33 him.
595 1353 61 33 She
678 1353 91 32 loved
791 1353 72 40 him,
881 1364 33 21 as
930 1353 14 31 I

123 1419 80 32 have
220 1416 124 42 already
365 1415 75 41 said,
465 1414 113 43 dearly,
602 1414 108 42 deeply
711 1432 41 5 —
754 1413 100 33 would
876 1426 68 30 pro-

123 1480 94 41 bably
232 1479 69 31 love
325 1477 64 31 him
405 1476 114 42 always
531 1489 7 28 ;
561 1476 56 31 but
639 1475 54 32 she
716 1475 89 32 loved
826 1475 62 32 him
911 1487 33 20 as

123 1554 19 20 a
158 1540 109 32 widow
282 1539 85 32 loves
388 1538 55 31 her
465 1536 86 41 dead,
577 1548 33 20 as
632 1536 51 32 the
705 1536 238 41 representative
