1090 1740
185 119 34 25 14

417 123 83 20 LOVE
523 122 64 21 THE
611 119 159 23 AVENGER.

186 201 97 42 really
309 201 56 32 her
380 200 82 32 child
475 213 6 28 ;
506 198 63 32 and
584 203 33 27 to
640 197 55 31 her
718 195 39 32 he
785 192 141 33 deferred
948 190 62 32 and

186 263 173 33 submitted.
396 261 87 33 With
499 260 40 32 all
564 259 47 32 his
632 258 102 39 faults,
751 256 39 32 he
807 265 104 29 never,
930 264 80 21 even

186 325 89 32 when
293 324 102 42 stupid
411 323 74 32 with
501 321 98 41 drink,
617 320 61 32 had
695 318 118 43 spoken
828 321 33 28 to
877 316 49 31 his
942 315 70 31 wife

186 399 39 20 an
261 398 96 30 angry
379 385 85 32 word
478 398 6 27 ;
517 384 71 40 and,
613 383 46 31 for
690 381 71 41 this,
787 379 54 33 she
874 378 138 42 requited

186 449 63 31 him
262 462 7 27 ;
292 447 163 41 mourning
470 445 150 42 inwardly
637 444 46 32 for
708 443 47 31 his
778 442 63 32 loss
843 461 42 3 —
887 452 125 21 mourn-

186 510 55 35 ing'
256 514 51 28 too
324 509 39 31 all
379 508 52 32 the
447 519 87 20 more
561 506 68 33 that
655 505 54 32 she
734 504 53 32 did
802 508 54 27 not
872 503 73 32 dare
969 502 43 32 let

186 570 55 31 her
255 569 82 42 grief
348 580 120 31 appear.
500 568 61 32 She
574 567 103 32 would
692 567 79 31 have
788 565 79 32 been
883 563 129 33 sneered

187 635 31 27 at
234 630 60 31 and
308 629 123 32 blamed
434 649 40 2 —
476 629 70 38 this,
566 628 54 32 she
636 628 100 31 knew.

230 692 62 30 But
307 690 89 32 when
412 690 53 32 the
481 701 165 31 grown-up
662 689 97 32 infant
769 700 64 20 was
848 699 92 31 gone,
958 687 53 32 the

186 752 120 32 mother
329 752 111 31 turned
462 756 32 26 to
520 751 52 31 the
600 750 58 43 girl
670 764 7 28 ;
701 750 62 32 and
788 749 120 42 though
924 749 87 32 there

186 825 63 20 was
280 825 40 19 no
348 813 238 41 sentimentality
617 813 140 31 between
782 812 85 32 them
870 831 42 3 —
916 811 95 43 (there

186 886 92 20 never
304 873 25 31 is
356 885 112 30 among
493 873 75 31 such
600 884 76 31 poor
702 872 78 32 hard
810 872 137 32 workers
977 883 34 21 as

185 935 97 42 these)
285 954 43 4 —
329 935 72 41 they
431 935 93 41 clung
555 939 33 27 to
618 934 76 33 each
721 934 89 33 other
837 934 115 42 closely
977 945 34 21 as

186 997 112 31 human
315 1001 153 27 creatures
493 996 38 32 do
555 1008 84 30 upon
662 1008 21 20 a
708 996 61 32 raft
783 996 79 33 after
885 1008 19 20 a
926 996 85 41 ship-

186 1058 109 29 wreck.

230 1118 67 32 Life
307 1130 63 19 was
380 1130 18 19 a
411 1118 171 41 shipwreck
598 1124 31 26 to
645 1119 94 40 them,
752 1119 62 32 and
824 1131 19 21 a
854 1119 61 43 day
926 1120 81 32 lived

186 1180 133 40 through
335 1191 61 20 was
413 1191 18 20 a
445 1180 81 40 gain.

230 1241 171 32 Madeleine
417 1252 63 21 was
495 1241 135 42 brought
645 1253 42 31 up
710 1253 35 21 as
760 1242 70 33 best
846 1243 55 33 she
918 1245 91 32 could

186 1303 38 32 be
237 1316 7 28 ;
269 1307 67 28 sent
351 1307 32 27 to
407 1302 51 32 the
485 1303 78 32 salle
588 1304 110 31 d'asile
722 1304 79 32 from
827 1305 54 33 the
904 1318 60 30 age
981 1307 34 32 of

186 1368 61 27 two
277 1368 32 27 to
339 1363 68 32 that
437 1363 33 32 of
491 1375 102 30 seven,
620 1365 61 31 and
700 1370 33 27 to
758 1366 52 33 the
834 1368 177 32 communal

188 1425 103 32 school
306 1425 46 32 till
379 1425 54 32 she
460 1437 63 20 was
546 1426 147 33 fourteen.
742 1428 62 33 She
821 1429 90 32 could
927 1430 83 41 read,

187 1486 96 40 write,
302 1497 70 29 sew,
390 1486 60 32 and
473 1492 66 27 cast
561 1499 42 31 up
618 1494 147 28 accounts
780 1490 161 43 tolerably,
958 1492 56 31 but

188 1547 53 32 she
265 1558 62 21 was
357 1547 130 33 decreed
512 1553 33 28 to
572 1549 38 33 be
635 1561 19 21 a
677 1550 64 33 dull
772 1550 91 43 child,
882 1553 60 32 and
968 1565 43 28 so,
