1090 1740
177 106 53 26 270

415 112 84 20 LOVE
522 112 67 20 THE
613 109 167 22 AVENGER.

170 190 31 31 in
225 190 98 39 black,
355 190 50 31 the
438 189 86 31 other
551 187 31 31 in
615 186 106 42 livery,
752 183 110 34 served
889 187 52 28 tea
972 182 30 32 in

171 251 113 33 Sevres
300 262 83 30 cups,
401 262 38 19 on
466 249 91 31 silver
581 252 95 37 trays,
695 246 75 32 with
797 245 40 32 all
858 245 39 32 its
913 245 89 31 usual

170 311 192 33 accessories.
411 310 66 31 The
504 308 155 43 Marquise
688 307 61 33 had
775 318 97 21 never
900 306 31 32 in
959 306 41 32 all

170 373 55 31 her
245 372 50 32 life
322 371 89 32 made
438 375 58 28 tea.
546 370 61 33 She
632 369 75 32 took
734 369 32 41 it,
797 380 33 20 as
862 367 55 33 she
948 367 52 33 did

170 445 92 30 many
292 433 104 41 things
427 432 99 32 which
557 431 293 42 womanly-women
880 429 121 32 fashion

170 494 76 33 after
262 494 81 33 their
359 506 68 20 own
443 494 110 40 image,
571 493 95 41 ready
681 493 100 32 made.

212 556 102 32 When
334 556 61 32 this
424 555 93 33 social
543 566 165 31 ceremony
724 566 64 21 was
812 554 108 40 ended,
939 555 59 31 and

168 618 52 32 the
237 618 74 32 door
327 618 102 31 closed
446 629 38 20 on
500 617 41 32 all
557 617 213 41 interruption,
775 637 42 3 —

246 680 80 33 Cher
448 679 64 32 said
527 680 54 31 the
596 680 164 41 Dowager,
773 692 75 29 very
864 678 134 43 blandly,

199 743 15 31 I
229 742 79 32 have
334 746 68 28 sent
424 741 47 32 for
493 753 61 30 you
571 754 83 29 upon
677 754 19 19 a
718 741 96 42 really
830 742 168 42 important

168 807 120 28 matter.
336 803 14 31 I
367 802 101 32 would
483 807 55 27 not
562 803 81 32 have
658 804 145 32 troubled
819 815 61 31 you
897 804 102 32 other-

343 925 129 42 entirely
488 930 30 27 at
542 937 77 31 your
805 926 116 43 replied
944 926 52 32 the

168 986 147 41 Marquis,
333 986 74 32 with
422 991 124 38 prompt
561 986 177 43 politeness.
819 987 98 32 What
940 987 58 32 has

168 1047 160 41 happened
339 1050 14 30 ?

241 1108 80 32 That
337 1120 81 30 man,
431 1109 190 42 Carpentier,
633 1110 55 32 has
701 1110 60 33 had
777 1123 38 20 an
825 1111 168 42 apoplectic

168 1169 41 32 fit.
256 1169 127 32 There's
400 1170 207 32 Durochard's

211 1230 72 32 And
306 1230 54 32 she
384 1236 56 37 put
465 1236 51 27 out
532 1232 55 32 her
603 1233 83 31 hand
704 1238 33 27 to
759 1233 72 32 take
848 1245 39 20 an
904 1245 92 21 enve-

167 1291 68 43 lope
266 1292 86 42 lying
383 1293 99 32 under
510 1293 55 33 her
594 1294 93 33 white
717 1295 79 33 wool
826 1307 84 32 upon
940 1295 52 33 the

167 1352 89 31 table.

241 1413 105 42 What,
364 1415 85 31 Leon
466 1415 190 43 Carpentier,
675 1429 56 21 our
747 1418 117 42 deputy
875 1421 14 31 ?

244 1534 29 32 Is
290 1535 38 31 he
345 1536 77 32 dead
433 1538 15 31 ?
499 1538 141 42 inquired
654 1539 43 33 M.
716 1540 37 32 de
770 1541 176 43 Moranges.
