1090 1740
417 429 204 32 CHAPTER
653 428 56 32 III.

397 527 63 20 OUT
482 527 42 20 ON
548 526 63 21 THE
637 524 92 22 ROAD.

195 606 34 30 It
245 616 62 20 was
322 605 110 32 almost
448 605 75 31 dark
536 603 89 32 when
637 601 173 33 Madeleine
826 604 56 39 got
897 599 80 33 back

150 671 31 28 to
205 666 52 33 the
282 666 73 43 high
382 666 81 33 road.
513 666 61 33 She
599 664 123 34 crossed
743 664 32 41 it,
794 663 61 32 and
872 662 105 32 struck

150 729 63 31 into
229 728 53 32 the
298 739 160 31 causeway
471 727 122 42 leading
604 727 132 42 straight
747 731 32 28 to
797 727 45 32 St.
861 725 115 32 Martin

151 789 101 32 before
269 789 53 32 she
339 788 158 43 distinctly
512 788 163 43 perceived
690 788 69 32 how
782 787 78 32 hard
876 787 24 32 it
915 786 62 33 had

150 851 78 31 been
244 850 127 40 raining.

193 911 77 31 Like
287 911 39 31 all
343 910 74 32 such
433 911 90 32 roads
538 912 32 30 in
583 911 120 32 France
715 910 61 32 this
790 909 65 33 said
871 921 108 21 cause-

151 984 68 30 way
244 972 139 32 between
408 973 99 31 Tours
532 973 61 31 and
623 973 83 31 Blois
738 984 64 19 was
829 971 149 43 perfectly

152 1032 69 32 well
237 1033 74 42 kept
322 1046 7 28 ;
353 1033 56 31 but
425 1033 63 31 still
504 1045 18 19 a
537 1033 100 42 heavy
653 1033 121 32 shower
790 1033 51 31 did
859 1033 120 31 disturb

152 1093 39 32 its
216 1093 149 43 exquisite
388 1094 166 42 propriety,
572 1095 60 31 and
657 1095 86 31 leave
765 1095 74 41 long
854 1095 78 31 lines
949 1094 33 32 of

154 1159 95 27 water
264 1154 30 32 in
310 1154 40 33 its
366 1159 73 37 ruts,
457 1155 144 33 however
620 1156 128 32 shallow
769 1156 88 33 these
878 1157 102 42 might

153 1216 47 31 be.

198 1277 66 32 The
289 1277 88 42 night
401 1289 64 21 was
492 1278 123 42 coming
640 1290 47 29 on,
705 1284 61 27 wet
790 1279 61 33 and
874 1285 103 38 gusty,

156 1339 74 32 such
247 1351 33 20 as
295 1339 54 32 the
365 1339 104 43 nights
486 1351 33 21 so
535 1340 82 32 often
638 1352 52 21 are
705 1341 31 32 in
760 1341 83 43 early
859 1342 118 41 -winter,

156 1401 30 30 in
212 1399 51 33 the
288 1400 107 33 milder
418 1401 161 43 provinces
607 1401 34 33 of
659 1402 127 33 France.
838 1404 30 30 A
896 1404 81 41 truly

156 1461 160 33 miserable
332 1461 97 41 night.

201 1523 44 32 As
267 1528 52 38 yet
341 1523 24 33 it
391 1536 63 21 was
474 1524 56 33 but
546 1525 65 42 just
633 1525 169 42 beginning
817 1531 32 28 to
874 1527 106 32 unfold
