1090 1740
198 107 52 25 144

433 114 82 19 LOVE
538 113 65 20 THE
626 110 162 23 AVENGER.

196 190 55 33 her
267 191 142 41 ordinary
425 201 103 21 senses
547 189 39 43 by
600 188 53 33 the
670 187 105 32 notion
793 186 34 32 of
838 185 98 33 Denis
955 185 59 32 Per

194 253 74 32 rot's
284 252 144 33 violence.
477 252 61 32 She
555 263 64 20 Avas
635 248 189 42 thoroughly
840 247 145 43 helpless.

238 315 101 31 When
356 314 173 32 Madeleine
546 325 63 20 Avas
625 313 121 40 helped,
765 312 55 31 she
838 322 64 20 Avas
913 309 111 33 thank-

192 376 52 43 ful,
261 376 66 32 that
343 388 63 20 was
432 377 48 32 all.
530 376 62 33 She
608 381 83 27 Avent
714 375 56 32 but
794 385 76 22 once
886 385 87 20 more
990 377 32 27 to

190 438 53 31 the
271 439 87 30 sabot
371 459 11 4 -
394 438 141 31 maker's.
592 438 29 31 It
644 450 64 19 was
734 449 38 20 on
799 437 53 31 the
877 446 143 22 morrow.

191 499 62 33 She
277 504 83 28 went
389 504 32 27 to
446 511 55 30 say
526 499 163 42 good-bye,
723 499 61 31 and
814 503 32 27 to
879 509 55 31 say
966 496 54 33 she

189 561 109 32 should
324 573 93 20 never
449 573 87 19 come
570 561 100 41 again.
733 560 89 41 They
845 558 97 33 asked
976 570 42 19 no

187 623 164 41 questions,
369 623 52 31 the
438 623 120 31 mother
574 634 34 20 or
623 623 52 31 the
693 634 54 20 son
762 635 7 27 ;
795 621 120 32 neither
933 633 33 20 as
982 625 34 27 to

187 684 101 33 where
310 684 54 33 the
387 684 59 42 girl
469 684 62 32 had
554 684 78 33 been
655 684 53 33 the
732 684 61 43 day
816 684 114 40 before,
957 695 59 20 nor

183 746 102 32 Avhere
302 746 54 31 she
372 746 103 32 would
498 747 39 31 be
559 746 55 32 the
631 747 61 41 day
707 746 87 32 after.
842 747 30 31 It
897 746 27 31 is
945 751 68 26 true

183 807 53 32 the
252 807 119 32 mother
386 808 107 31 Perrot
509 808 111 31 looked
636 808 153 41 wistfully,
808 808 154 41 pityingly
979 812 33 27 at

180 869 56 32 her
249 882 6 28 ;
286 870 56 31 but
354 870 144 40 inquiries
509 882 80 19 Avere
599 870 160 31 forbidden
772 871 41 41 by
825 870 53 32 the
891 882 119 30 uneasy

179 931 125 41 glances
326 931 34 31 of
379 931 55 32 her
455 943 64 28 son,
542 931 101 32 which
665 932 125 31 seemed
811 936 33 27 to
869 932 65 31 seal
952 932 58 32 her

174 993 65 41 lips.
286 993 102 32 When
399 993 170 32 Madeleine
581 993 97 32 shook
694 993 101 33 hands
809 993 75 33 with
895 994 107 41 Denis,

177 1054 37 32 he
239 1054 153 32 muttered
417 1054 175 42 something
621 1054 96 33 about
747 1054 164 43 gratitude,
944 1056 61 31 and

175 1121 82 26 meat
280 1115 60 31 and
363 1115 79 32 Avine
465 1120 32 27 to
520 1120 115 27 restore
658 1116 46 31 his
730 1116 150 41 strength,
902 1117 101 31 which

174 1176 153 32 Madeline
344 1176 157 32 ansAvered
518 1176 40 42 by
570 1176 109 42 giving
694 1176 64 32 him
770 1177 54 31 the
840 1177 161 33 five-franc

172 1237 83 42 piece
277 1236 54 33 she
346 1236 61 33 had
429 1237 117 32 herself
559 1237 141 32 received
719 1237 54 32 the
789 1238 91 42 night
896 1239 105 33 before

171 1302 31 32 in
217 1302 53 32 the
286 1302 187 42 stable-yard
487 1307 31 27 at
531 1302 164 33 Clavreuil.
741 1303 67 32 The
821 1304 65 31 sick
899 1306 101 31 work-

170 1375 72 21 man
254 1363 73 32 took
344 1363 22 32 it
382 1363 136 41 eagerly,
536 1363 135 42 thought
687 1363 32 41 it,
743 1364 32 31 in
791 1376 58 20 one
866 1366 61 31 and
943 1366 53 32 the

170 1436 83 21 same
270 1424 119 38 second,
406 1436 172 29 enormous,
605 1425 61 32 and
690 1425 75 32 then
786 1426 60 32 less
872 1427 75 31 than
973 1428 23 32 it

167 1486 100 41 might
283 1485 77 33 have
376 1486 87 41 been,
481 1486 61 32 and
557 1486 144 32 modified
717 1487 85 32 what
817 1488 101 42 began
932 1490 62 31 like

167 1559 18 19 a
200 1547 62 32 leer
279 1547 33 32 of
322 1547 146 42 knoAving
483 1553 158 37 contempt
656 1549 62 32 into
738 1549 83 33 what
837 1551 99 32 ended
957 1562 35 22 as
