<?xml version="1.0" encoding="UTF-8"?>
<alto xmlns:xsi="http://www.w3.org/2001/XMLSchema-instance" xsi:noNamespaceSchemaLocation="http://www.bl.uk/schemas/alto/alto-1-4.xsd" xmlns:xlink="http://www.w3.org/1999/xlink">
	<Description>
		<MeasurementUnit>mm10</MeasurementUnit>
		<sourceImageInformation>
			<fileName>//head1/IN/2007-46/A0010888503.1/009725.jp2</fileName>
		</sourceImageInformation>
		<OCRProcessing ID="OCRPROCESSING_1">
			<preProcessingStep>
				<processingSoftware>
					<softwareCreator>CCS Content Conversion Specialists GmbH, Germany</softwareCreator>
					<softwareName>CCS docWORKS</softwareName>
					<softwareVersion>6.1-0.61</softwareVersion>
				</processingSoftware>
			</preProcessingStep>
			<ocrProcessingStep>
				<processingSoftware>
					<softwareCreator>ABBYY (BIT Software), Russia</softwareCreator>
					<softwareName>Finereader</softwareName>
				</processingSoftware>
			</ocrProcessingStep>
		</OCRProcessing>
	</Description>
	<Styles>
		<TextStyle ID="TXT_0" FONTSIZE="9" FONTFAMILY="Courier New"/>
		<TextStyle ID="TXT_1" FONTSIZE="11" FONTFAMILY="Courier New"/>
		<TextStyle ID="TXT_2" FONTSIZE="10" FONTFAMILY="Courier New"/>
		<ParagraphStyle ID="PAR_LEFT" ALIGN="Left"/>
		<ParagraphStyle ID="PAR_RIGHT" ALIGN="Right"/>
	</Styles>
	<Layout>
		<Page ID="P189" PHYSICAL_IMG_NR="189" HEIGHT="1740" WIDTH="1090" PRINTED_IMG_NR="177" POSITION="Right" ACCURACY="75.58">
			<TopMargin ID="P189_TM00001" HPOS="0" VPOS="0" WIDTH="1089" HEIGHT="138">
				<TextBlock ID="P189_TB00001" HPOS="401" VPOS="115" WIDTH="217" HEIGHT="22" STYLEREFS="TXT_0 PAR_LEFT">
					<TextLine ID="P189_TL00001" HPOS="403" VPOS="116" WIDTH="215" HEIGHT="21">
						<String ID="P189_ST00001" HPOS="403" VPOS="116" WIDTH="48" HEIGHT="21" CONTENT="MY" WC="0.70" CC="05"/>
						<SP ID="P189_SP00001" HPOS="451" VPOS="137" WIDTH="23"/>
						<String ID="P189_ST00002" HPOS="474" VPOS="116" WIDTH="144" HEIGHT="21" CONTENT="NEPHEW." WC="0.65" CC="9065200"/>
					</TextLine>
				</TextBlock>
				<TextBlock ID="P189_TB00002" HPOS="865" VPOS="110" WIDTH="51" HEIGHT="26" STYLEREFS="TXT_1 PAR_RIGHT">
					<TextLine ID="P189_TL00002" HPOS="865" VPOS="110" WIDTH="51" HEIGHT="26">
						<String ID="P189_ST00003" HPOS="865" VPOS="110" WIDTH="51" HEIGHT="26" CONTENT="177" WC="1.00" CC="000"/>
					</TextLine>
				</TextBlock>
			</TopMargin>
			<LeftMargin ID="P189_LM00001" HPOS="0" VPOS="138" WIDTH="98" HEIGHT="1478"/>
			<RightMargin ID="P189_RM00001" HPOS="933" VPOS="138" WIDTH="156" HEIGHT="1478"/>
			<BottomMargin ID="P189_BM00001" HPOS="0" VPOS="1616" WIDTH="1089" HEIGHT="123"/>
			<PrintSpace ID="P189_PS00001" HPOS="98" VPOS="138" WIDTH="835" HEIGHT="1478">
				<TextBlock ID="P189_TB00003" HPOS="98" VPOS="191" WIDTH="823" HEIGHT="226" STYLEREFS="TXT_0 PAR_LEFT">
					<TextLine ID="P189_TL00003" HPOS="99" VPOS="191" WIDTH="819" HEIGHT="34">
						<String ID="P189_ST00004" HPOS="99" VPOS="193" WIDTH="91" HEIGHT="31" CONTENT="could" WC="0.67" CC="60450"/>
						<SP ID="P189_SP00002" HPOS="190" VPOS="224" WIDTH="16"/>
						<String ID="P189_ST00005" HPOS="206" VPOS="205" WIDTH="50" HEIGHT="20" CONTENT="see" WC="0.84" CC="400"/>
						<SP ID="P189_SP00003" HPOS="256" VPOS="225" WIDTH="21"/>
						<String ID="P189_ST00006" HPOS="277" VPOS="193" WIDTH="142" HEIGHT="32" CONTENT="reflected" WC="0.77" CC="606700000"/>
						<SP ID="P189_SP00004" HPOS="419" VPOS="225" WIDTH="15"/>
						<String ID="P189_ST00007" HPOS="434" VPOS="193" WIDTH="141" HEIGHT="32" CONTENT="whoever" WC="0.73" CC="0700505"/>
						<SP ID="P189_SP00005" HPOS="575" VPOS="225" WIDTH="23"/>
						<String ID="P189_ST00008" HPOS="598" VPOS="192" WIDTH="123" HEIGHT="33" CONTENT="entered" WC="0.77" CC="0740300"/>
						<SP ID="P189_SP00006" HPOS="721" VPOS="225" WIDTH="24"/>
						<String ID="P189_ST00009" HPOS="745" VPOS="192" WIDTH="51" HEIGHT="32" CONTENT="the" WC="0.57" CC="075"/>
						<SP ID="P189_SP00007" HPOS="796" VPOS="225" WIDTH="24"/>
						<String ID="P189_ST00010" HPOS="820" VPOS="191" WIDTH="98" HEIGHT="32" CONTENT="draw" SUBS_TYPE="HypPart1" SUBS_CONTENT="drawing" WC="0.88" CC="04001"/>
						<HYP CONTENT="-"/>
					</TextLine>
					<TextLine ID="P189_TL00004" HPOS="103" VPOS="252" WIDTH="816" HEIGHT="44">
						<String ID="P189_ST00011" HPOS="103" VPOS="254" WIDTH="54" HEIGHT="42" CONTENT="ing" SUBS_TYPE="HypPart2" SUBS_CONTENT="drawing" WC="0.95" CC="100"/>
						<SP ID="P189_SP00008" HPOS="157" VPOS="296" WIDTH="22"/>
						<String ID="P189_ST00012" HPOS="179" VPOS="266" WIDTH="86" HEIGHT="20" CONTENT="room" WC="0.89" CC="0030"/>
						<SP ID="P189_SP00009" HPOS="265" VPOS="296" WIDTH="22"/>
						<String ID="P189_ST00013" HPOS="287" VPOS="254" WIDTH="122" HEIGHT="40" CONTENT="behind," WC="0.73" CC="7073000"/>
						<SP ID="P189_SP00010" HPOS="409" VPOS="296" WIDTH="18"/>
						<String ID="P189_ST00014" HPOS="427" VPOS="254" WIDTH="61" HEIGHT="31" CONTENT="and" WC="0.75" CC="070"/>
						<SP ID="P189_SP00011" HPOS="488" VPOS="296" WIDTH="22"/>
						<String ID="P189_ST00015" HPOS="510" VPOS="254" WIDTH="141" HEIGHT="31" CONTENT="between" WC="0.81" CC="5000007"/>
						<SP ID="P189_SP00012" HPOS="651" VPOS="296" WIDTH="16"/>
						<String ID="P189_ST00016" HPOS="667" VPOS="253" WIDTH="100" HEIGHT="31" CONTENT="which" WC="0.62" CC="06407"/>
						<SP ID="P189_SP00013" HPOS="767" VPOS="296" WIDTH="16"/>
						<String ID="P189_ST00017" HPOS="783" VPOS="252" WIDTH="60" HEIGHT="32" CONTENT="and" WC="0.82" CC="050"/>
						<SP ID="P189_SP00014" HPOS="843" VPOS="296" WIDTH="24"/>
						<String ID="P189_ST00018" HPOS="867" VPOS="252" WIDTH="52" HEIGHT="31" CONTENT="the" WC="0.75" CC="070"/>
					</TextLine>
					<TextLine ID="P189_TL00005" HPOS="103" VPOS="314" WIDTH="818" HEIGHT="43">
						<String ID="P189_ST00019" HPOS="103" VPOS="315" WIDTH="129" HEIGHT="32" CONTENT="boudoir" WC="0.72" CC="7060104"/>
						<SP ID="P189_SP00015" HPOS="232" VPOS="347" WIDTH="22"/>
						<String ID="P189_ST00020" HPOS="254" VPOS="315" WIDTH="86" HEIGHT="32" CONTENT="there" WC="0.70" CC="77000"/>
						<SP ID="P189_SP00016" HPOS="340" VPOS="347" WIDTH="25"/>
						<String ID="P189_ST00021" HPOS="365" VPOS="326" WIDTH="62" HEIGHT="20" CONTENT="was" WC="0.96" CC="001"/>
						<SP ID="P189_SP00017" HPOS="427" VPOS="347" WIDTH="23"/>
						<String ID="P189_ST00022" HPOS="450" VPOS="326" WIDTH="57" HEIGHT="21" CONTENT="one" WC="0.88" CC="300"/>
						<SP ID="P189_SP00018" HPOS="507" VPOS="347" WIDTH="25"/>
						<String ID="P189_ST00023" HPOS="532" VPOS="315" WIDTH="95" HEIGHT="32" CONTENT="entire" WC="0.64" CC="076510"/>
						<SP ID="P189_SP00019" HPOS="627" VPOS="347" WIDTH="25"/>
						<String ID="P189_ST00024" HPOS="652" VPOS="315" WIDTH="89" HEIGHT="42" CONTENT="panel" WC="0.74" CC="00606"/>
						<SP ID="P189_SP00020" HPOS="741" VPOS="357" WIDTH="26"/>
						<String ID="P189_ST00025" HPOS="767" VPOS="314" WIDTH="34" HEIGHT="32" CONTENT="of" WC="1.00" CC="00"/>
						<SP ID="P189_SP00021" HPOS="801" VPOS="357" WIDTH="24"/>
						<String ID="P189_ST00026" HPOS="825" VPOS="314" WIDTH="96" HEIGHT="42" CONTENT="plate" SUBS_TYPE="HypPart1" SUBS_CONTENT="plateglass." WC="0.90" CC="050000"/>
						<HYP CONTENT="-"/>
					</TextLine>
					<TextLine ID="P189_TL00006" HPOS="105" VPOS="376" WIDTH="92" HEIGHT="41">
						<String ID="P189_ST00027" HPOS="105" VPOS="376" WIDTH="92" HEIGHT="41" CONTENT="glass." SUBS_TYPE="HypPart2" SUBS_CONTENT="plateglass." WC="0.72" CC="040650"/>
					</TextLine>
				</TextBlock>
				<TextBlock ID="P189_TB00004" HPOS="105" VPOS="435" WIDTH="818" HEIGHT="165" STYLEREFS="TXT_0 PAR_LEFT">
					<TextLine ID="P189_TL00007" HPOS="150" VPOS="436" WIDTH="772" HEIGHT="43">
						<String ID="P189_ST00028" HPOS="150" VPOS="437" WIDTH="65" HEIGHT="32" CONTENT="The" WC="0.75" CC="070"/>
						<SP ID="P189_SP00022" HPOS="215" VPOS="469" WIDTH="23"/>
						<String ID="P189_ST00029" HPOS="238" VPOS="437" WIDTH="137" HEIGHT="42" CONTENT="Marquis" WC="0.70" CC="0060534"/>
						<SP ID="P189_SP00023" HPOS="375" VPOS="479" WIDTH="23"/>
						<String ID="P189_ST00030" HPOS="398" VPOS="437" WIDTH="38" HEIGHT="32" CONTENT="de" WC="0.96" CC="00"/>
						<SP ID="P189_SP00024" HPOS="436" VPOS="479" WIDTH="23"/>
						<String ID="P189_ST00031" HPOS="459" VPOS="437" WIDTH="165" HEIGHT="41" CONTENT="Moranges" WC="0.82" CC="04006003"/>
						<SP ID="P189_SP00025" HPOS="624" VPOS="479" WIDTH="22"/>
						<String ID="P189_ST00032" HPOS="646" VPOS="437" WIDTH="127" HEIGHT="41" CONTENT="stepped" WC="0.86" CC="6300000"/>
						<SP ID="P189_SP00026" HPOS="773" VPOS="479" WIDTH="16"/>
						<String ID="P189_ST00033" HPOS="789" VPOS="436" WIDTH="133" HEIGHT="41" CONTENT="through" WC="0.47" CC="6753607"/>
					</TextLine>
					<TextLine ID="P189_TL00008" HPOS="106" VPOS="497" WIDTH="817" HEIGHT="43">
						<String ID="P189_ST00034" HPOS="106" VPOS="497" WIDTH="54" HEIGHT="33" CONTENT="the" WC="0.64" CC="370"/>
						<SP ID="P189_SP00027" HPOS="160" VPOS="530" WIDTH="27"/>
						<String ID="P189_ST00035" HPOS="187" VPOS="510" WIDTH="77" HEIGHT="30" CONTENT="open" WC="0.70" CC="4007"/>
						<SP ID="P189_SP00028" HPOS="264" VPOS="540" WIDTH="26"/>
						<String ID="P189_ST00036" HPOS="290" VPOS="498" WIDTH="73" HEIGHT="32" CONTENT="door" WC="0.72" CC="0343"/>
						<String ID="P189_ST00037" HPOS="375" VPOS="512" WIDTH="6" HEIGHT="26" CONTENT=";" WC="1.00" CC="0"/>
						<SP ID="P189_SP00029" HPOS="381" VPOS="540" WIDTH="27"/>
						<String ID="P189_ST00038" HPOS="408" VPOS="497" WIDTH="39" HEIGHT="33" CONTENT="he" WC="0.62" CC="70"/>
						<SP ID="P189_SP00030" HPOS="447" VPOS="540" WIDTH="27"/>
						<String ID="P189_ST00039" HPOS="474" VPOS="509" WIDTH="62" HEIGHT="20" CONTENT="Avas" WC="0.80" CC="0034"/>
						<SP ID="P189_SP00031" HPOS="536" VPOS="540" WIDTH="31"/>
						<String ID="P189_ST00040" HPOS="567" VPOS="497" WIDTH="140" HEIGHT="32" CONTENT="followed" WC="0.92" CC="02003000"/>
						<SP ID="P189_SP00032" HPOS="707" VPOS="540" WIDTH="23"/>
						<String ID="P189_ST00041" HPOS="730" VPOS="497" WIDTH="41" HEIGHT="41" CONTENT="by" WC="0.63" CC="70"/>
						<SP ID="P189_SP00033" HPOS="771" VPOS="540" WIDTH="26"/>
						<String ID="P189_ST00042" HPOS="797" VPOS="497" WIDTH="126" HEIGHT="31" CONTENT="another" WC="0.69" CC="0630703"/>
					</TextLine>
					<TextLine ID="P189_TL00009" HPOS="107" VPOS="558" WIDTH="687" HEIGHT="42">
						<String ID="P189_ST00043" HPOS="107" VPOS="570" WIDTH="80" HEIGHT="29" CONTENT="man," WC="0.81" CC="0070"/>
						<SP ID="P189_SP00034" HPOS="187" VPOS="599" WIDTH="18"/>
						<String ID="P189_ST00044" HPOS="205" VPOS="570" WIDTH="105" HEIGHT="30" CONTENT="young" WC="0.73" CC="00660"/>
						<SP ID="P189_SP00035" HPOS="310" VPOS="600" WIDTH="16"/>
						<String ID="P189_ST00045" HPOS="326" VPOS="558" WIDTH="60" HEIGHT="32" CONTENT="and" WC="0.76" CC="070"/>
						<SP ID="P189_SP00036" HPOS="386" VPOS="600" WIDTH="17"/>
						<String ID="P189_ST00046" HPOS="403" VPOS="558" WIDTH="199" HEIGHT="42" CONTENT="exceedingly" WC="0.84" CC="02000027040"/>
						<SP ID="P189_SP00037" HPOS="602" VPOS="600" WIDTH="15"/>
						<String ID="P189_ST00047" HPOS="617" VPOS="558" WIDTH="177" HEIGHT="32" CONTENT="handsome." WC="0.73" CC="736020030"/>
					</TextLine>
				</TextBlock>
				<TextBlock ID="P189_TB00005" HPOS="107" VPOS="618" WIDTH="818" HEIGHT="162" STYLEREFS="TXT_0 PAR_LEFT">
					<TextLine ID="P189_TL00010" HPOS="151" VPOS="619" WIDTH="774" HEIGHT="33">
						<String ID="P189_ST00048" HPOS="151" VPOS="619" WIDTH="29" HEIGHT="32" CONTENT="A" WC="1.00" CC="0"/>
						<SP ID="P189_SP00038" HPOS="180" VPOS="651" WIDTH="26"/>
						<String ID="P189_ST00049" HPOS="206" VPOS="619" WIDTH="81" HEIGHT="32" CONTENT="flood" WC="1.00" CC="00000"/>
						<SP ID="P189_SP00039" HPOS="287" VPOS="651" WIDTH="25"/>
						<String ID="P189_ST00050" HPOS="312" VPOS="619" WIDTH="33" HEIGHT="33" CONTENT="of" WC="1.00" CC="00"/>
						<SP ID="P189_SP00040" HPOS="345" VPOS="652" WIDTH="22"/>
						<String ID="P189_ST00051" HPOS="367" VPOS="619" WIDTH="110" HEIGHT="33" CONTENT="scarlet" WC="0.97" CC="1000000"/>
						<SP ID="P189_SP00041" HPOS="477" VPOS="652" WIDTH="30"/>
						<String ID="P189_ST00052" HPOS="507" VPOS="619" WIDTH="112" HEIGHT="32" CONTENT="rushed" WC="0.72" CC="206700"/>
						<SP ID="P189_SP00042" HPOS="619" VPOS="652" WIDTH="32"/>
						<String ID="P189_ST00053" HPOS="651" VPOS="631" WIDTH="71" HEIGHT="20" CONTENT="over" WC="0.68" CC="3404"/>
						<SP ID="P189_SP00043" HPOS="722" VPOS="652" WIDTH="30"/>
						<String ID="P189_ST00054" HPOS="752" VPOS="619" WIDTH="173" HEIGHT="32" CONTENT="Claudine's" WC="0.74" CC="4006016005"/>
					</TextLine>
					<TextLine ID="P189_TL00011" HPOS="109" VPOS="680" WIDTH="816" HEIGHT="42">
						<String ID="P189_ST00055" HPOS="109" VPOS="680" WIDTH="68" HEIGHT="41" CONTENT="pale" WC="0.77" CC="0720"/>
						<SP ID="P189_SP00044" HPOS="177" VPOS="721" WIDTH="16"/>
						<String ID="P189_ST00056" HPOS="193" VPOS="680" WIDTH="65" HEIGHT="32" CONTENT="face" WC="1.00" CC="0000"/>
						<SP ID="P189_SP00045" HPOS="258" VPOS="721" WIDTH="15"/>
						<String ID="P189_ST00057" HPOS="273" VPOS="693" WIDTH="6" HEIGHT="27" CONTENT=";" WC="1.00" CC="0"/>
						<SP ID="P189_SP00046" HPOS="279" VPOS="721" WIDTH="25"/>
						<String ID="P189_ST00058" HPOS="304" VPOS="680" WIDTH="67" HEIGHT="40" CONTENT="and," WC="0.79" CC="1600"/>
						<SP ID="P189_SP00047" HPOS="371" VPOS="721" WIDTH="19"/>
						<String ID="P189_ST00059" HPOS="390" VPOS="680" WIDTH="30" HEIGHT="32" CONTENT="in" WC="0.45" CC="46"/>
						<SP ID="P189_SP00048" HPOS="420" VPOS="721" WIDTH="17"/>
						<String ID="P189_ST00060" HPOS="437" VPOS="691" WIDTH="18" HEIGHT="21" CONTENT="a" WC="1.00" CC="0"/>
						<SP ID="P189_SP00049" HPOS="455" VPOS="721" WIDTH="20"/>
						<String ID="P189_ST00061" HPOS="475" VPOS="685" WIDTH="71" HEIGHT="27" CONTENT="tone" WC="0.81" CC="0070"/>
						<SP ID="P189_SP00050" HPOS="546" VPOS="721" WIDTH="17"/>
						<String ID="P189_ST00062" HPOS="563" VPOS="680" WIDTH="34" HEIGHT="32" CONTENT="of" WC="0.76" CC="40"/>
						<SP ID="P189_SP00051" HPOS="597" VPOS="721" WIDTH="16"/>
						<String ID="P189_ST00063" HPOS="613" VPOS="680" WIDTH="51" HEIGHT="32" CONTENT="the" WC="0.75" CC="070"/>
						<SP ID="P189_SP00052" HPOS="664" VPOS="721" WIDTH="17"/>
						<String ID="P189_ST00064" HPOS="681" VPOS="680" WIDTH="126" HEIGHT="42" CONTENT="deepest" WC="0.90" CC="0000033"/>
						<SP ID="P189_SP00053" HPOS="807" VPOS="722" WIDTH="15"/>
						<String ID="P189_ST00065" HPOS="822" VPOS="680" WIDTH="103" HEIGHT="32" CONTENT="morti" SUBS_TYPE="HypPart1" SUBS_CONTENT="mortification" WC="0.86" CC="004021"/>
						<HYP CONTENT="-"/>
					</TextLine>
					<TextLine ID="P189_TL00012" HPOS="110" VPOS="741" WIDTH="179" HEIGHT="39">
						<String ID="P189_ST00066" HPOS="110" VPOS="741" WIDTH="132" HEIGHT="39" CONTENT="fication," SUBS_TYPE="HypPart2" SUBS_CONTENT="mortification" WC="0.80" CC="000080250"/>
						<String ID="P189_ST00067" HPOS="245" VPOS="761" WIDTH="44" HEIGHT="3" CONTENT="—" WC="0.20" CC="8"/>
					</TextLine>
				</TextBlock>
				<TextBlock ID="P189_TB00006" HPOS="112" VPOS="801" WIDTH="813" HEIGHT="102" STYLEREFS="TXT_0 PAR_LEFT">
					<TextLine ID="P189_TL00013" HPOS="157" VPOS="801" WIDTH="768" HEIGHT="43">
						<String ID="P189_ST00068" HPOS="157" VPOS="803" WIDTH="17" HEIGHT="13" CONTENT='"' WC="0.53" CC="4"/>
						<SP ID="P189_SP00054" HPOS="174" VPOS="816" WIDTH="14"/>
						<String ID="P189_ST00069" HPOS="188" VPOS="801" WIDTH="59" HEIGHT="40" CONTENT="Oh," WC="0.66" CC="072"/>
						<SP ID="P189_SP00055" HPOS="247" VPOS="841" WIDTH="18"/>
						<String ID="P189_ST00070" HPOS="265" VPOS="801" WIDTH="26" HEIGHT="32" CONTENT="if" WC="0.68" CC="51"/>
						<SP ID="P189_SP00056" HPOS="291" VPOS="841" WIDTH="11"/>
						<String ID="P189_ST00071" HPOS="302" VPOS="802" WIDTH="15" HEIGHT="31" CONTENT="I" WC="0.81" CC="1"/>
						<SP ID="P189_SP00057" HPOS="317" VPOS="841" WIDTH="17"/>
						<String ID="P189_ST00072" HPOS="334" VPOS="802" WIDTH="70" HEIGHT="42" CONTENT="only" WC="0.80" CC="0610"/>
						<SP ID="P189_SP00058" HPOS="404" VPOS="844" WIDTH="15"/>
						<String ID="P189_ST00073" HPOS="419" VPOS="801" WIDTH="62" HEIGHT="33" CONTENT="had" WC="0.74" CC="700"/>
						<SP ID="P189_SP00059" HPOS="481" VPOS="844" WIDTH="20"/>
						<String ID="P189_ST00074" HPOS="501" VPOS="813" WIDTH="38" HEIGHT="20" CONTENT="on" WC="0.60" CC="25"/>
						<SP ID="P189_SP00060" HPOS="539" VPOS="844" WIDTH="23"/>
						<String ID="P189_ST00075" HPOS="562" VPOS="813" WIDTH="52" HEIGHT="30" CONTENT="my" WC="1.00" CC="00"/>
						<SP ID="P189_SP00061" HPOS="614" VPOS="844" WIDTH="16"/>
						<String ID="P189_ST00076" HPOS="630" VPOS="802" WIDTH="131" HEIGHT="32" CONTENT="crimson" WC="0.86" CC="0500101"/>
						<SP ID="P189_SP00062" HPOS="761" VPOS="844" WIDTH="16"/>
						<String ID="P189_ST00077" HPOS="777" VPOS="802" WIDTH="118" HEIGHT="32" CONTENT="Arelvet!" WC="0.74" CC="07124400"/>
						<SP ID="P189_SP00063" HPOS="895" VPOS="844" WIDTH="16"/>
						<String ID="P189_ST00078" HPOS="911" VPOS="802" WIDTH="14" HEIGHT="13" CONTENT='"' WC="0.50" CC="4"/>
					</TextLine>
					<TextLine ID="P189_TL00014" HPOS="113" VPOS="862" WIDTH="249" HEIGHT="41">
						<String ID="P189_ST00079" HPOS="113" VPOS="862" WIDTH="171" HEIGHT="41" CONTENT="whispered" WC="0.71" CC="075600500"/>
						<SP ID="P189_SP00064" HPOS="284" VPOS="903" WIDTH="16"/>
						<String ID="P189_ST00080" HPOS="300" VPOS="862" WIDTH="62" HEIGHT="33" CONTENT="she." WC="0.65" CC="6700"/>
					</TextLine>
				</TextBlock>
				<TextBlock ID="P189_TB00007" HPOS="114" VPOS="923" WIDTH="815" HEIGHT="102" STYLEREFS="TXT_0 PAR_LEFT">
					<TextLine ID="P189_TL00015" HPOS="157" VPOS="923" WIDTH="772" HEIGHT="42">
						<String ID="P189_ST00081" HPOS="157" VPOS="923" WIDTH="66" HEIGHT="32" CONTENT="The" WC="0.75" CC="070"/>
						<SP ID="P189_SP00065" HPOS="223" VPOS="955" WIDTH="26"/>
						<String ID="P189_ST00082" HPOS="249" VPOS="924" WIDTH="179" HEIGHT="41" CONTENT="companion" WC="0.74" CC="026006205"/>
						<SP ID="P189_SP00066" HPOS="428" VPOS="965" WIDTH="25"/>
						<String ID="P189_ST00083" HPOS="453" VPOS="935" WIDTH="76" HEIGHT="29" CONTENT="rose," WC="0.66" CC="70504"/>
						<SP ID="P189_SP00067" HPOS="529" VPOS="965" WIDTH="18"/>
						<String ID="P189_ST00084" HPOS="547" VPOS="923" WIDTH="61" HEIGHT="32" CONTENT="and" WC="0.81" CC="050"/>
						<SP ID="P189_SP00068" HPOS="608" VPOS="965" WIDTH="24"/>
						<String ID="P189_ST00085" HPOS="632" VPOS="924" WIDTH="86" HEIGHT="32" CONTENT="stood" WC="0.81" CC="60200"/>
						<SP ID="P189_SP00069" HPOS="718" VPOS="965" WIDTH="26"/>
						<String ID="P189_ST00086" HPOS="744" VPOS="923" WIDTH="29" HEIGHT="32" CONTENT="in" WC="0.55" CC="17"/>
						<SP ID="P189_SP00070" HPOS="773" VPOS="965" WIDTH="25"/>
						<String ID="P189_ST00087" HPOS="798" VPOS="935" WIDTH="38" HEIGHT="20" CONTENT="an" WC="0.68" CC="06"/>
						<SP ID="P189_SP00071" HPOS="836" VPOS="965" WIDTH="23"/>
						<String ID="P189_ST00088" HPOS="859" VPOS="923" WIDTH="70" HEIGHT="32" CONTENT="atti" SUBS_TYPE="HypPart1" SUBS_CONTENT="attitude" WC="0.77" CC="50203"/>
						<HYP CONTENT="-"/>
					</TextLine>
					<TextLine ID="P189_TL00016" HPOS="115" VPOS="983" WIDTH="703" HEIGHT="42">
						<String ID="P189_ST00089" HPOS="115" VPOS="984" WIDTH="73" HEIGHT="32" CONTENT="tude" SUBS_TYPE="HypPart2" SUBS_CONTENT="attitude" WC="0.83" CC="1500"/>
						<SP ID="P189_SP00072" HPOS="188" VPOS="1016" WIDTH="18"/>
						<String ID="P189_ST00090" HPOS="206" VPOS="983" WIDTH="33" HEIGHT="32" CONTENT="of" WC="1.00" CC="00"/>
						<SP ID="P189_SP00073" HPOS="239" VPOS="1016" WIDTH="11"/>
						<String ID="P189_ST00091" HPOS="250" VPOS="989" WIDTH="129" HEIGHT="36" CONTENT="respect," WC="0.90" CC="20300200"/>
						<SP ID="P189_SP00074" HPOS="379" VPOS="1025" WIDTH="19"/>
						<String ID="P189_ST00092" HPOS="398" VPOS="995" WIDTH="33" HEIGHT="21" CONTENT="as" WC="0.75" CC="05"/>
						<SP ID="P189_SP00075" HPOS="431" VPOS="1025" WIDTH="16"/>
						<String ID="P189_ST00093" HPOS="447" VPOS="983" WIDTH="55" HEIGHT="33" CONTENT="her" WC="0.59" CC="704"/>
						<SP ID="P189_SP00076" HPOS="502" VPOS="1025" WIDTH="15"/>
						<String ID="P189_ST00094" HPOS="517" VPOS="984" WIDTH="155" HEIGHT="41" CONTENT="employer" WC="0.82" CC="00053006"/>
						<SP ID="P189_SP00077" HPOS="672" VPOS="1025" WIDTH="16"/>
						<String ID="P189_ST00095" HPOS="688" VPOS="984" WIDTH="130" HEIGHT="32" CONTENT="entered." WC="0.76" CC="26206000"/>
					</TextLine>
				</TextBlock>
				<TextBlock ID="P189_TB00008" HPOS="115" VPOS="1044" WIDTH="815" HEIGHT="223" STYLEREFS="TXT_0 PAR_LEFT">
					<TextLine ID="P189_TL00017" HPOS="160" VPOS="1044" WIDTH="770" HEIGHT="42">
						<String ID="P189_ST00096" HPOS="160" VPOS="1044" WIDTH="41" HEIGHT="33" CONTENT="M." WC="1.00" CC="00"/>
						<SP ID="P189_SP00078" HPOS="201" VPOS="1077" WIDTH="25"/>
						<String ID="P189_ST00097" HPOS="226" VPOS="1044" WIDTH="37" HEIGHT="32" CONTENT="de" WC="0.64" CC="70"/>
						<SP ID="P189_SP00079" HPOS="263" VPOS="1077" WIDTH="25"/>
						<String ID="P189_ST00098" HPOS="288" VPOS="1045" WIDTH="163" HEIGHT="41" CONTENT="Moranges" WC="0.77" CC="00606005"/>
						<SP ID="P189_SP00080" HPOS="451" VPOS="1086" WIDTH="30"/>
						<String ID="P189_ST00099" HPOS="481" VPOS="1044" WIDTH="157" HEIGHT="32" CONTENT="advanced" WC="0.90" CC="00205000"/>
						<SP ID="P189_SP00081" HPOS="638" VPOS="1086" WIDTH="25"/>
						<String ID="P189_ST00100" HPOS="663" VPOS="1044" WIDTH="72" HEIGHT="32" CONTENT="Avith" WC="0.56" CC="08507"/>
						<SP ID="P189_SP00082" HPOS="735" VPOS="1086" WIDTH="37"/>
						<String ID="P189_ST00101" HPOS="772" VPOS="1044" WIDTH="158" HEIGHT="32" CONTENT="measured" WC="0.80" CC="00045600"/>
					</TextLine>
					<TextLine ID="P189_TL00018" HPOS="117" VPOS="1106" WIDTH="813" HEIGHT="43">
						<String ID="P189_ST00102" HPOS="117" VPOS="1111" WIDTH="68" HEIGHT="37" CONTENT="step" WC="0.86" CC="5000"/>
						<SP ID="P189_SP00083" HPOS="185" VPOS="1148" WIDTH="16"/>
						<String ID="P189_ST00103" HPOS="201" VPOS="1106" WIDTH="61" HEIGHT="32" CONTENT="and" WC="0.79" CC="060"/>
						<SP ID="P189_SP00084" HPOS="262" VPOS="1148" WIDTH="16"/>
						<String ID="P189_ST00104" HPOS="278" VPOS="1107" WIDTH="145" HEIGHT="41" CONTENT="dignified" WC="0.81" CC="040560000"/>
						<SP ID="P189_SP00085" HPOS="423" VPOS="1148" WIDTH="16"/>
						<String ID="P189_ST00105" HPOS="439" VPOS="1108" WIDTH="45" HEIGHT="30" CONTENT="air" WC="0.81" CC="050"/>
						<SP ID="P189_SP00086" HPOS="484" VPOS="1148" WIDTH="13"/>
						<String ID="P189_ST00106" HPOS="497" VPOS="1121" WIDTH="6" HEIGHT="26" CONTENT=";" WC="0.97" CC="0"/>
						<SP ID="P189_SP00087" HPOS="503" VPOS="1148" WIDTH="18"/>
						<String ID="P189_ST00107" HPOS="521" VPOS="1107" WIDTH="68" HEIGHT="40" CONTENT="and," WC="0.63" CC="7700"/>
						<SP ID="P189_SP00088" HPOS="589" VPOS="1148" WIDTH="18"/>
						<String ID="P189_ST00108" HPOS="607" VPOS="1107" WIDTH="74" HEIGHT="31" CONTENT="with" WC="0.68" CC="0507"/>
						<SP ID="P189_SP00089" HPOS="681" VPOS="1148" WIDTH="16"/>
						<String ID="P189_ST00109" HPOS="697" VPOS="1107" WIDTH="118" HEIGHT="42" CONTENT="courtly" WC="0.85" CC="0054000"/>
						<SP ID="P189_SP00090" HPOS="815" VPOS="1149" WIDTH="14"/>
						<String ID="P189_ST00110" HPOS="829" VPOS="1118" WIDTH="101" HEIGHT="30" CONTENT="grace," WC="0.94" CC="030000"/>
					</TextLine>
					<TextLine ID="P189_TL00019" HPOS="116" VPOS="1166" WIDTH="814" HEIGHT="43">
						<String ID="P189_ST00111" HPOS="116" VPOS="1166" WIDTH="141" HEIGHT="43" CONTENT="pointing" WC="0.75" CC="00056420"/>
						<SP ID="P189_SP00091" HPOS="257" VPOS="1209" WIDTH="15"/>
						<String ID="P189_ST00112" HPOS="272" VPOS="1171" WIDTH="32" HEIGHT="28" CONTENT="to" WC="0.79" CC="21"/>
						<SP ID="P189_SP00092" HPOS="304" VPOS="1209" WIDTH="16"/>
						<String ID="P189_ST00113" HPOS="320" VPOS="1166" WIDTH="46" HEIGHT="33" CONTENT="his" WC="0.43" CC="735"/>
						<SP ID="P189_SP00093" HPOS="366" VPOS="1209" WIDTH="16"/>
						<String ID="P189_ST00114" HPOS="382" VPOS="1166" WIDTH="105" HEIGHT="41" CONTENT="friend," WC="0.77" CC="0140602"/>
						<SP ID="P189_SP00094" HPOS="487" VPOS="1209" WIDTH="19"/>
						<String ID="P189_ST00115" HPOS="506" VPOS="1166" WIDTH="73" HEIGHT="41" CONTENT="said," WC="0.61" CC="57203"/>
						<SP ID="P189_SP00095" HPOS="579" VPOS="1209" WIDTH="14"/>
						<String ID="P189_ST00116" HPOS="593" VPOS="1166" WIDTH="101" HEIGHT="32" CONTENT="whilst" WC="0.55" CC="075561"/>
						<SP ID="P189_SP00096" HPOS="694" VPOS="1209" WIDTH="15"/>
						<String ID="P189_ST00117" HPOS="709" VPOS="1166" WIDTH="122" HEIGHT="41" CONTENT="boAving" WC="0.44" CC="6505369"/>
						<SP ID="P189_SP00097" HPOS="831" VPOS="1209" WIDTH="12"/>
						<String ID="P189_ST00118" HPOS="843" VPOS="1166" WIDTH="87" HEIGHT="32" CONTENT="down" WC="0.73" CC="0090"/>
					</TextLine>
					<TextLine ID="P189_TL00020" HPOS="118" VPOS="1227" WIDTH="454" HEIGHT="40">
						<String ID="P189_ST00119" HPOS="118" VPOS="1232" WIDTH="32" HEIGHT="27" CONTENT="to" WC="0.78" CC="40"/>
						<SP ID="P189_SP00098" HPOS="150" VPOS="1259" WIDTH="16"/>
						<String ID="P189_ST00120" HPOS="166" VPOS="1227" WIDTH="64" HEIGHT="32" CONTENT="kiss" WC="0.59" CC="0645"/>
						<SP ID="P189_SP00099" HPOS="230" VPOS="1259" WIDTH="17"/>
						<String ID="P189_ST00121" HPOS="247" VPOS="1227" WIDTH="174" HEIGHT="32" CONTENT="Claudine's" WC="0.77" CC="7005051003"/>
						<SP ID="P189_SP00100" HPOS="421" VPOS="1259" WIDTH="16"/>
						<String ID="P189_ST00122" HPOS="437" VPOS="1227" WIDTH="89" HEIGHT="40" CONTENT="hand," WC="0.70" CC="70601"/>
						<String ID="P189_ST00123" HPOS="530" VPOS="1247" WIDTH="42" HEIGHT="2" CONTENT="—" WC="0.20" CC="8"/>
					</TextLine>
				</TextBlock>
				<TextBlock ID="P189_TB00009" HPOS="118" VPOS="1287" WIDTH="815" HEIGHT="102" STYLEREFS="TXT_0 PAR_LEFT">
					<TextLine ID="P189_TL00021" HPOS="165" VPOS="1287" WIDTH="768" HEIGHT="42">
						<String ID="P189_ST00124" HPOS="165" VPOS="1289" WIDTH="17" HEIGHT="14" CONTENT='"' WC="0.53" CC="4"/>
						<SP ID="P189_SP00101" HPOS="182" VPOS="1303" WIDTH="13"/>
						<String ID="P189_ST00125" HPOS="195" VPOS="1287" WIDTH="115" HEIGHT="32" CONTENT="Permit" WC="0.50" CC="704952"/>
						<SP ID="P189_SP00102" HPOS="310" VPOS="1319" WIDTH="32"/>
						<String ID="P189_ST00126" HPOS="342" VPOS="1300" WIDTH="56" HEIGHT="27" CONTENT="me," WC="0.92" CC="002"/>
						<SP ID="P189_SP00103" HPOS="398" VPOS="1327" WIDTH="33"/>
						<String ID="P189_ST00127" HPOS="431" VPOS="1287" WIDTH="149" HEIGHT="40" CONTENT="madame," WC="0.94" CC="0003000"/>
						<SP ID="P189_SP00104" HPOS="580" VPOS="1327" WIDTH="30"/>
						<String ID="P189_ST00128" HPOS="610" VPOS="1292" WIDTH="32" HEIGHT="27" CONTENT="to" WC="0.47" CC="82"/>
						<SP ID="P189_SP00105" HPOS="642" VPOS="1327" WIDTH="23"/>
						<String ID="P189_ST00129" HPOS="665" VPOS="1292" WIDTH="123" HEIGHT="37" CONTENT="present" WC="0.76" CC="0301074"/>
						<SP ID="P189_SP00106" HPOS="788" VPOS="1329" WIDTH="25"/>
						<String ID="P189_ST00130" HPOS="813" VPOS="1292" WIDTH="31" HEIGHT="27" CONTENT="to" WC="0.84" CC="03"/>
						<SP ID="P189_SP00107" HPOS="844" VPOS="1329" WIDTH="30"/>
						<String ID="P189_ST00131" HPOS="874" VPOS="1298" WIDTH="59" HEIGHT="31" CONTENT="you" WC="0.74" CC="025"/>
					</TextLine>
					<TextLine ID="P189_TL00022" HPOS="119" VPOS="1348" WIDTH="742" HEIGHT="41">
						<String ID="P189_ST00132" HPOS="119" VPOS="1350" WIDTH="42" HEIGHT="31" CONTENT="M." WC="1.00" CC="00"/>
						<SP ID="P189_SP00108" HPOS="161" VPOS="1381" WIDTH="20"/>
						<String ID="P189_ST00133" HPOS="181" VPOS="1349" WIDTH="28" HEIGHT="32" CONTENT="le" WC="0.83" CC="30"/>
						<SP ID="P189_SP00109" HPOS="209" VPOS="1381" WIDTH="17"/>
						<String ID="P189_ST00134" HPOS="226" VPOS="1348" WIDTH="135" HEIGHT="41" CONTENT="Marquis" WC="0.58" CC="0464705"/>
						<SP ID="P189_SP00110" HPOS="361" VPOS="1389" WIDTH="14"/>
						<String ID="P189_ST00135" HPOS="375" VPOS="1348" WIDTH="36" HEIGHT="32" CONTENT="de" WC="1.00" CC="00"/>
						<SP ID="P189_SP00111" HPOS="411" VPOS="1389" WIDTH="18"/>
						<String ID="P189_ST00136" HPOS="429" VPOS="1348" WIDTH="190" HEIGHT="41" CONTENT="Beauvoisin," WC="0.58" CC="60065153674"/>
						<SP ID="P189_SP00112" HPOS="619" VPOS="1389" WIDTH="17"/>
						<String ID="P189_ST00137" HPOS="636" VPOS="1360" WIDTH="52" HEIGHT="29" CONTENT="my" WC="1.00" CC="00"/>
						<SP ID="P189_SP00113" HPOS="688" VPOS="1389" WIDTH="16"/>
						<String ID="P189_ST00138" HPOS="704" VPOS="1348" WIDTH="157" HEIGHT="41" CONTENT='nephew."' WC="0.83" CC="00060006"/>
					</TextLine>
				</TextBlock>
				<TextBlock ID="P189_TB00010" HPOS="839" VPOS="1599" WIDTH="16" HEIGHT="14" STYLEREFS="TXT_2 PAR_RIGHT">
					<TextLine ID="P189_TL00023" HPOS="843" VPOS="1600" WIDTH="11" HEIGHT="13">
						<String ID="P189_ST00139" HPOS="843" VPOS="1600" WIDTH="11" HEIGHT="13" CONTENT="N" WC="0.38" CC="6"/>
					</TextLine>
				</TextBlock>
				<TextBlock ID="P189_TB00011" HPOS="175" VPOS="1601" WIDTH="83" HEIGHT="15" STYLEREFS="TXT_0 PAR_LEFT">
					<TextLine ID="P189_TL00024" HPOS="177" VPOS="1602" WIDTH="81" HEIGHT="14">
						<String ID="P189_ST00140" HPOS="177" VPOS="1602" WIDTH="50" HEIGHT="14" CONTENT="VOL." WC="0.61" CC="9500"/>
						<SP ID="P189_SP00114" HPOS="227" VPOS="1616" WIDTH="18"/>
						<String ID="P189_ST00141" HPOS="245" VPOS="1602" WIDTH="13" HEIGHT="14" CONTENT="I." WC="0.80" CC="40"/>
					</TextLine>
				</TextBlock>
			</PrintSpace>
		</Page>
	</Layout>
</alto>
