1090 1740
873 92 53 25 185

385 96 139 20 MUSICAL
548 96 101 20 LINKS.

108 170 55 31 full
180 171 34 31 of
225 171 153 33 tolerance
393 172 46 32 for
454 172 114 32 human
584 184 106 30 errors,
705 173 60 32 and
782 173 63 32 said
857 185 70 19 men

109 243 80 21 Avere
220 232 111 33 fallible
362 233 60 32 and
457 238 82 27 must
569 239 54 26 not
652 234 38 32 be
721 239 51 27 too
802 234 125 42 harshly

104 293 125 43 judged,
247 295 196 42 particularly
459 295 41 42 by
516 295 88 32 those
616 296 68 31 who
700 308 80 19 were
791 307 138 31 younger

108 354 75 32 than
213 356 192 32 themselves.
466 357 52 30 All
543 357 61 31 this
631 369 64 19 was
725 357 151 42 imparted
897 362 32 26 to

110 415 115 33 Olivier
241 418 87 31 alone
330 437 42 2 —
373 429 94 19 never
479 417 31 31 in
519 417 52 32 the
584 430 145 29 presence
747 419 33 30 of
791 418 46 31 his
849 418 78 39 Avife,

109 476 46 32 for
172 477 54 31 she
243 478 109 41 opined
368 478 67 31 that
450 477 52 32 the
519 478 86 31 truth
623 490 61 19 was
700 483 54 26 not
770 478 112 41 always
898 483 31 26 to

109 539 38 31 be
162 539 185 41 proclaimed
372 539 102 32 before
491 551 75 30 very
581 552 105 28 young
701 552 128 28 women,
847 539 44 32 for
906 539 23 31 it

109 600 108 41 might,
235 601 41 40 by
292 601 91 40 being
397 601 190 40 misapplied,
605 601 125 31 become
747 602 180 39 dangerous.

152 661 144 32 Madame
320 662 37 31 de
374 662 183 31 Beauvoisin
581 662 131 41 adopted
734 661 53 31 the
811 666 118 26 custom

109 722 33 31 of
165 722 173 42 frequently
362 723 117 41 paying
500 723 84 31 visits
607 727 31 26 to
662 722 55 31 her
742 734 54 19 son
821 722 30 30 in
877 722 54 31 the

108 784 70 31 blue
203 784 61 31 and
288 784 92 31 silver
406 784 159 41 draperied
591 795 86 19 room
703 783 32 30 in
758 783 98 31 AA-hich
882 795 48 19 we

108 845 79 31 haAre
225 845 123 41 already
380 856 72 20 seen
485 845 72 38 him,
595 844 60 31 and
684 844 51 31 the
766 844 164 40 gaudiness

109 906 139 31 AA'hereof
268 917 62 20 was
356 906 129 41 entirely
511 906 55 30 her
597 905 94 31 work.
739 905 60 32 She
830 905 101 31 would

104 966 66 41 just
193 966 72 31 look
287 966 32 31 in
342 966 78 31 after
442 965 163 40 breakfast,
632 965 41 31 let
691 965 115 32 Olivier
828 977 40 29 go
892 977 39 19 on

110 1027 143 41 smoking
278 1027 129 42 (though
435 1027 53 31 she
514 1027 194 31 abominated
734 1026 67 32 that
823 1026 106 40 habit),

109 1089 61 32 and
190 1088 90 33 retail
305 1093 53 27 out
385 1093 31 27 to
437 1088 64 31 him
524 1087 40 32 all
590 1087 52 32 the
667 1088 127 31 delicate
817 1087 115 32 tit-bits

108 1150 35 32 of
166 1149 124 33 scandal
314 1149 69 32 that
407 1148 100 42 might
532 1148 121 42 happen
684 1154 30 25 to
744 1148 39 31 be
813 1148 119 42 unpub-

109 1211 108 32 lished.
281 1210 59 32 His
366 1210 149 32 mother's
545 1209 87 32 visits
663 1209 113 41 always
806 1209 126 32 amused

109 1271 126 40 Olivier,
253 1271 61 32 and
333 1270 55 32 her
412 1270 65 32 talk
499 1274 47 27 set
569 1270 64 31 him
658 1275 30 26 at
710 1270 47 31 his
777 1281 78 28 ease,
872 1270 60 31 and

109 1331 154 33 delivered
278 1331 64 32 him
368 1331 78 32 from
462 1331 52 32 the
530 1331 120 31 trouble
675 1331 34 31 of
730 1331 142 41 thinking
888 1331 45 31 for

108 1392 128 31 himself.

153 1455 61 32 She
253 1453 171 42 invariably
450 1452 177 33 mentioned
664 1452 54 32 her
747 1452 124 33 brother
900 1452 29 32 in

107 1523 96 27 terms
228 1516 35 32 of
287 1516 52 32 the
373 1515 145 31 sincerest
541 1513 119 41 regard,
689 1514 59 32 and
775 1514 154 32 contrived
