1090 1740
183 123 54 26 300

414 131 82 20 LOVE
519 130 64 21 THE
607 129 162 22 AVENGER.

183 208 119 41 strains,
342 208 60 32 and
433 219 84 21 more
548 219 35 20 or
612 207 61 32 less
704 205 55 33 left
789 210 32 27 to
856 204 56 32 her
943 214 70 21 own

182 268 132 42 devices,
333 280 63 22 was
412 269 83 33 Mile,
521 268 37 33 de
582 268 215 42 Mourjonville
814 266 75 33 with
905 278 20 20 a
940 277 74 21 ven-

183 342 124 31 geance.
355 330 67 32 The
445 330 57 32 fair
517 330 133 43 Aspasie
674 329 62 33 had
755 329 57 33 her
836 334 97 35 court,
951 327 63 33 and

182 391 113 43 played
311 391 162 43 sovereign
485 392 31 31 in
533 391 24 32 it
572 391 76 32 with
663 391 53 32 the
727 395 138 38 greatest
877 389 135 44 possible

182 466 70 20 ease
264 467 7 28 ;
300 454 46 32 far
371 455 149 41 outdoing
546 454 150 33 Claudine
717 454 32 31 in
775 453 69 33 that
868 457 124 38 respect
1005 466 7 28 ;

182 515 146 33 Claudine
352 515 139 43 showing
515 516 121 40 herself,
665 528 34 20 as
723 515 56 32 has
800 515 80 32 been
904 514 105 41 noted,

183 576 169 43 singularly
390 578 133 32 taciturn
561 577 61 32 and
659 577 168 31 inanimate
867 588 39 20 on
948 575 62 33 this

181 638 149 31 occasion.

225 699 15 32 I
255 699 80 33 have
352 700 64 32 said
431 700 66 32 that
510 699 141 33 Olivier's
668 699 151 33 attention
843 699 61 32 had
929 699 79 32 been

180 760 105 32 drawn
322 761 117 32 toward
473 761 149 32 Claudine
653 762 41 42 by
725 761 53 32 the
810 760 114 44 openly
955 772 53 21 ex-

180 822 126 42 pressed
329 822 180 32 admiration
537 823 35 31 of
594 823 52 31 the
671 822 187 43 Hungarian
882 822 105 33 Count
1001 836 7 27 ;

180 882 70 41 and,
269 894 33 20 as
318 883 38 32 he
376 889 47 26 sat
447 884 106 32 beside
569 884 55 32 her
640 884 32 31 in
695 884 54 32 the
765 884 71 41 box,
854 884 40 32 he
918 884 90 32 could

180 948 53 27 not
249 943 110 33 choose
375 945 56 31 but
446 945 122 32 remark
580 950 31 27 to
623 945 128 33 himself
763 946 70 31 Iioav
850 946 157 41 strangely

180 1005 144 32 beautiful
349 1006 53 32 she
426 1019 72 28 Avas,
516 1007 61 32 and
592 1007 85 32 what
699 1019 18 20 a
741 1008 137 41 singular
903 1007 104 32 charm

180 1078 64 20 was
260 1066 79 33 hers.
386 1068 30 31 It
431 1080 64 20 was
517 1073 55 27 not
591 1069 56 32 her
667 1069 115 42 beauty
804 1069 82 42 only,
904 1069 24 32 it
943 1080 65 21 Avas

180 1127 52 32 the
256 1129 76 41 spell
356 1129 108 40 which,
488 1141 39 21 on
550 1130 69 33 that
641 1130 166 43 particular
830 1130 100 43 night,
955 1131 53 32 be-

180 1189 112 42 longed
307 1195 33 27 to
363 1190 62 41 her,
444 1191 59 32 and
519 1203 72 29 was,
610 1204 34 20 as
666 1192 25 32 it
706 1204 90 29 were,
814 1192 53 32 the
884 1204 124 21 emana-

179 1249 65 32 tion
268 1250 34 32 of
320 1251 55 32 her
398 1251 98 33 Avhole
520 1252 102 43 being.
669 1253 52 31 All
741 1265 130 30 women,
900 1254 32 31 in
956 1254 52 33 the

179 1311 74 32 fatal
269 1312 77 32 hour
362 1313 34 32 of
414 1314 137 42 triumph
575 1315 35 31 of
628 1315 61 32 this
705 1316 83 40 kind,
806 1328 92 20 move
914 1316 31 32 in
969 1329 39 20 an

179 1373 195 43 atmosphere
390 1375 34 31 of
445 1375 80 32 their
541 1388 78 29 own,
644 1378 72 40 and,
738 1377 93 33 Avhen
846 1378 74 43 they
937 1378 71 33 sub-

175 1434 106 42 jugate
312 1435 52 32 the
396 1448 104 20 senses
526 1438 35 31 of
585 1450 76 30 poor
692 1440 136 40 mortals,
855 1440 75 43 they
958 1452 50 21 are

180 1495 100 32 veiled
295 1496 31 31 in
341 1496 54 32 the
409 1498 250 41 goddess-cloud,
671 1500 100 32 Avhich
784 1502 126 31 renders
923 1502 85 32 them

180 1555 171 34 invincible.
412 1558 30 31 It
472 1571 72 30 may
573 1560 38 32 be
643 1560 55 32 but
728 1561 47 32 for
805 1574 40 20 an
876 1562 87 41 hour,
991 1576 17 19 a
