<?xml version="1.0" encoding="UTF-8"?>
<alto xmlns:xsi="http://www.w3.org/2001/XMLSchema-instance" xsi:noNamespaceSchemaLocation="http://www.bl.uk/schemas/alto/alto-1-4.xsd" xmlns:xlink="http://www.w3.org/1999/xlink">
	<Description>
		<MeasurementUnit>mm10</MeasurementUnit>
		<sourceImageInformation>
			<fileName>//head1/IN/2007-46/A0010888503.1/009631.jp2</fileName>
		</sourceImageInformation>
		<OCRProcessing ID="OCRPROCESSING_1">
			<preProcessingStep>
				<processingSoftware>
					<softwareCreator>CCS Content Conversion Specialists GmbH, Germany</softwareCreator>
					<softwareName>CCS docWORKS</softwareName>
					<softwareVersion>6.1-0.61</softwareVersion>
				</processingSoftware>
			</preProcessingStep>
			<ocrProcessingStep>
				<processingSoftware>
					<softwareCreator>ABBYY (BIT Software), Russia</softwareCreator>
					<softwareName>Finereader</softwareName>
				</processingSoftware>
			</ocrProcessingStep>
		</OCRProcessing>
	</Description>
	<Styles>
		<TextStyle ID="TXT_0" FONTSIZE="11" FONTFAMILY="Courier New"/>
		<TextStyle ID="TXT_1" FONTSIZE="9" FONTFAMILY="Courier New"/>
		<ParagraphStyle ID="PAR_RIGHT" ALIGN="Right"/>
		<ParagraphStyle ID="PAR_LEFT" ALIGN="Left"/>
	</Styles>
	<Layout>
		<Page ID="P95" PHYSICAL_IMG_NR="95" HEIGHT="1740" WIDTH="1090" PRINTED_IMG_NR="83" POSITION="Right" ACCURACY="74.71">
			<TopMargin ID="P95_TM00001" HPOS="0" VPOS="0" WIDTH="1089" HEIGHT="110">
				<TextBlock ID="P95_TB00001" HPOS="861" VPOS="82" WIDTH="33" HEIGHT="26" STYLEREFS="TXT_0 PAR_RIGHT">
					<TextLine ID="P95_TL00001" HPOS="861" VPOS="82" WIDTH="33" HEIGHT="26">
						<String ID="P95_ST00001" HPOS="861" VPOS="82" WIDTH="33" HEIGHT="26" CONTENT="83" WC="1.00" CC="00"/>
					</TextLine>
				</TextBlock>
				<TextBlock ID="P95_TB00002" HPOS="340" VPOS="87" WIDTH="295" HEIGHT="21" STYLEREFS="TXT_1 PAR_LEFT">
					<TextLine ID="P95_TL00002" HPOS="341" VPOS="87" WIDTH="294" HEIGHT="21">
						<String ID="P95_ST00002" HPOS="341" VPOS="87" WIDTH="60" HEIGHT="21" CONTENT="OUT" WC="0.85" CC="040"/>
						<SP ID="P95_SP00001" HPOS="401" VPOS="108" WIDTH="23"/>
						<String ID="P95_ST00003" HPOS="424" VPOS="87" WIDTH="35" HEIGHT="21" CONTENT="IN" WC="0.50" CC="09"/>
						<SP ID="P95_SP00002" HPOS="459" VPOS="108" WIDTH="22"/>
						<String ID="P95_ST00004" HPOS="481" VPOS="88" WIDTH="63" HEIGHT="20" CONTENT="THE" WC="0.69" CC="063"/>
						<SP ID="P95_SP00003" HPOS="544" VPOS="108" WIDTH="24"/>
						<String ID="P95_ST00005" HPOS="568" VPOS="87" WIDTH="67" HEIGHT="21" CONTENT="SUN." WC="0.41" CC="6790"/>
					</TextLine>
				</TextBlock>
			</TopMargin>
			<LeftMargin ID="P95_LM00001" HPOS="0" VPOS="110" WIDTH="71" HEIGHT="1472"/>
			<RightMargin ID="P95_RM00001" HPOS="894" VPOS="110" WIDTH="195" HEIGHT="1472"/>
			<BottomMargin ID="P95_BM00001" HPOS="0" VPOS="1582" WIDTH="1089" HEIGHT="157"/>
			<PrintSpace ID="P95_PS00001" HPOS="71" VPOS="110" WIDTH="823" HEIGHT="1472">
				<TextBlock ID="P95_TB00003" HPOS="78" VPOS="161" WIDTH="816" HEIGHT="591" STYLEREFS="TXT_1 PAR_LEFT">
					<TextLine ID="P95_TL00003" HPOS="81" VPOS="161" WIDTH="813" HEIGHT="33">
						<String ID="P95_ST00006" HPOS="81" VPOS="172" WIDTH="34" HEIGHT="21" CONTENT="or" WC="0.51" CC="35"/>
						<SP ID="P95_SP00004" HPOS="115" VPOS="193" WIDTH="15"/>
						<String ID="P95_ST00007" HPOS="130" VPOS="161" WIDTH="155" HEIGHT="33" CONTENT="Christian" WC="0.47" CC="675733606"/>
						<SP ID="P95_SP00005" HPOS="285" VPOS="194" WIDTH="8"/>
						<String ID="P95_ST00008" HPOS="293" VPOS="164" WIDTH="15" HEIGHT="30" CONTENT="?" WC="1.00" CC="0"/>
						<SP ID="P95_SP00006" HPOS="308" VPOS="194" WIDTH="44"/>
						<String ID="P95_ST00009" HPOS="352" VPOS="162" WIDTH="29" HEIGHT="32" CONTENT="It" WC="1.00" CC="00"/>
						<SP ID="P95_SP00007" HPOS="381" VPOS="194" WIDTH="16"/>
						<String ID="P95_ST00010" HPOS="397" VPOS="162" WIDTH="71" HEIGHT="32" CONTENT="does" WC="0.94" CC="0002"/>
						<SP ID="P95_SP00008" HPOS="468" VPOS="194" WIDTH="10"/>
						<String ID="P95_ST00011" HPOS="478" VPOS="167" WIDTH="54" HEIGHT="27" CONTENT="not" WC="0.60" CC="704"/>
						<SP ID="P95_SP00009" HPOS="532" VPOS="194" WIDTH="12"/>
						<String ID="P95_ST00012" HPOS="544" VPOS="162" WIDTH="89" HEIGHT="32" CONTENT="make" WC="0.84" CC="0060"/>
						<SP ID="P95_SP00010" HPOS="633" VPOS="194" WIDTH="17"/>
						<String ID="P95_ST00013" HPOS="650" VPOS="162" WIDTH="24" HEIGHT="32" CONTENT="it" WC="0.75" CC="50"/>
						<SP ID="P95_SP00011" HPOS="674" VPOS="194" WIDTH="8"/>
						<String ID="P95_ST00014" HPOS="682" VPOS="162" WIDTH="101" HEIGHT="32" CONTENT="better" WC="0.83" CC="700002"/>
						<SP ID="P95_SP00012" HPOS="783" VPOS="194" WIDTH="14"/>
						<String ID="P95_ST00015" HPOS="797" VPOS="167" WIDTH="31" HEIGHT="27" CONTENT="to" WC="0.65" CC="60"/>
						<SP ID="P95_SP00013" HPOS="828" VPOS="194" WIDTH="14"/>
						<String ID="P95_ST00016" HPOS="842" VPOS="163" WIDTH="52" HEIGHT="31" CONTENT="tell" WC="0.66" CC="0156"/>
					</TextLine>
					<TextLine ID="P95_TL00004" HPOS="80" VPOS="222" WIDTH="813" HEIGHT="43">
						<String ID="P95_ST00017" HPOS="80" VPOS="234" WIDTH="49" HEIGHT="21" CONTENT="me" WC="1.00" CC="00"/>
						<SP ID="P95_SP00014" HPOS="129" VPOS="255" WIDTH="15"/>
						<String ID="P95_ST00018" HPOS="144" VPOS="222" WIDTH="68" HEIGHT="33" CONTENT="that" WC="0.81" CC="0700"/>
						<SP ID="P95_SP00015" HPOS="212" VPOS="255" WIDTH="14"/>
						<String ID="P95_ST00019" HPOS="226" VPOS="234" WIDTH="93" HEIGHT="31" CONTENT="every" WC="0.98" CC="00010"/>
						<SP ID="P95_SP00016" HPOS="319" VPOS="265" WIDTH="15"/>
						<String ID="P95_ST00020" HPOS="334" VPOS="222" WIDTH="88" HEIGHT="33" CONTENT="other" WC="0.69" CC="20705"/>
						<SP ID="P95_SP00017" HPOS="422" VPOS="265" WIDTH="15"/>
						<String ID="P95_ST00021" HPOS="437" VPOS="223" WIDTH="59" HEIGHT="42" CONTENT="girl" WC="0.81" CC="0150"/>
						<SP ID="P95_SP00018" HPOS="496" VPOS="265" WIDTH="23"/>
						<String ID="P95_ST00022" HPOS="519" VPOS="224" WIDTH="25" HEIGHT="31" CONTENT="is" WC="0.64" CC="33"/>
						<SP ID="P95_SP00019" HPOS="544" VPOS="265" WIDTH="19"/>
						<String ID="P95_ST00023" HPOS="563" VPOS="223" WIDTH="117" HEIGHT="32" CONTENT="treated" WC="0.80" CC="4602000"/>
						<SP ID="P95_SP00020" HPOS="680" VPOS="265" WIDTH="16"/>
						<String ID="P95_ST00024" HPOS="696" VPOS="223" WIDTH="31" HEIGHT="32" CONTENT="in" WC="0.47" CC="45"/>
						<SP ID="P95_SP00021" HPOS="727" VPOS="265" WIDTH="15"/>
						<String ID="P95_ST00025" HPOS="742" VPOS="223" WIDTH="52" HEIGHT="32" CONTENT="the" WC="0.61" CC="370"/>
						<SP ID="P95_SP00022" HPOS="794" VPOS="265" WIDTH="17"/>
						<String ID="P95_ST00026" HPOS="811" VPOS="235" WIDTH="82" HEIGHT="20" CONTENT="same" WC="0.87" CC="4000"/>
					</TextLine>
					<TextLine ID="P95_TL00005" HPOS="80" VPOS="284" WIDTH="814" HEIGHT="43">
						<String ID="P95_ST00027" HPOS="80" VPOS="295" WIDTH="77" HEIGHT="32" CONTENT="way." WC="0.75" CC="9000"/>
						<SP ID="P95_SP00023" HPOS="157" VPOS="327" WIDTH="47"/>
						<String ID="P95_ST00028" HPOS="204" VPOS="285" WIDTH="40" HEIGHT="32" CONTENT="So" WC="0.47" CC="63"/>
						<SP ID="P95_SP00024" HPOS="244" VPOS="327" WIDTH="22"/>
						<String ID="P95_ST00029" HPOS="266" VPOS="284" WIDTH="92" HEIGHT="32" CONTENT="much" WC="0.64" CC="0607"/>
						<SP ID="P95_SP00025" HPOS="358" VPOS="327" WIDTH="21"/>
						<String ID="P95_ST00030" HPOS="379" VPOS="284" WIDTH="52" HEIGHT="32" CONTENT="the" WC="0.75" CC="070"/>
						<SP ID="P95_SP00026" HPOS="431" VPOS="327" WIDTH="23"/>
						<String ID="P95_ST00031" HPOS="454" VPOS="297" WIDTH="105" HEIGHT="20" CONTENT="worse." WC="0.65" CC="904600"/>
						<SP ID="P95_SP00027" HPOS="559" VPOS="327" WIDTH="47"/>
						<String ID="P95_ST00032" HPOS="606" VPOS="285" WIDTH="31" HEIGHT="31" CONTENT="If" WC="1.00" CC="00"/>
						<SP ID="P95_SP00028" HPOS="637" VPOS="327" WIDTH="11"/>
						<String ID="P95_ST00033" HPOS="648" VPOS="285" WIDTH="15" HEIGHT="31" CONTENT="I" WC="0.96" CC="0"/>
						<SP ID="P95_SP00029" HPOS="663" VPOS="327" WIDTH="16"/>
						<String ID="P95_ST00034" HPOS="679" VPOS="297" WIDTH="49" HEIGHT="19" CONTENT="am" WC="1.00" CC="00"/>
						<SP ID="P95_SP00030" HPOS="728" VPOS="327" WIDTH="18"/>
						<String ID="P95_ST00035" HPOS="746" VPOS="290" WIDTH="32" HEIGHT="26" CONTENT="to" WC="0.65" CC="60"/>
						<SP ID="P95_SP00031" HPOS="778" VPOS="327" WIDTH="15"/>
						<String ID="P95_ST00036" HPOS="793" VPOS="297" WIDTH="101" HEIGHT="30" CONTENT="marry" WC="0.82" CC="00160"/>
					</TextLine>
					<TextLine ID="P95_TL00006" HPOS="80" VPOS="346" WIDTH="812" HEIGHT="42">
						<String ID="P95_ST00037" HPOS="80" VPOS="346" WIDTH="42" HEIGHT="32" CONTENT="M." WC="1.00" CC="00"/>
						<SP ID="P95_SP00032" HPOS="122" VPOS="378" WIDTH="19"/>
						<String ID="P95_ST00038" HPOS="141" VPOS="346" WIDTH="36" HEIGHT="32" CONTENT="de" WC="1.00" CC="00"/>
						<SP ID="P95_SP00033" HPOS="177" VPOS="378" WIDTH="16"/>
						<String ID="P95_ST00039" HPOS="193" VPOS="347" WIDTH="189" HEIGHT="40" CONTENT="Beauvoisin," WC="0.66" CC="60060063760"/>
						<SP ID="P95_SP00034" HPOS="382" VPOS="387" WIDTH="17"/>
						<String ID="P95_ST00040" HPOS="399" VPOS="346" WIDTH="113" HEIGHT="42" CONTENT="feeling" WC="0.58" CC="0033479"/>
						<SP ID="P95_SP00035" HPOS="512" VPOS="388" WIDTH="20"/>
						<String ID="P95_ST00041" HPOS="532" VPOS="347" WIDTH="131" HEIGHT="31" CONTENT="towards" WC="0.87" CC="1100005"/>
						<SP ID="P95_SP00036" HPOS="663" VPOS="388" WIDTH="22"/>
						<String ID="P95_ST00042" HPOS="685" VPOS="346" WIDTH="63" HEIGHT="32" CONTENT="him" WC="0.52" CC="760"/>
						<SP ID="P95_SP00037" HPOS="748" VPOS="388" WIDTH="15"/>
						<String ID="P95_ST00043" HPOS="763" VPOS="359" WIDTH="34" HEIGHT="19" CONTENT="as" WC="0.91" CC="01"/>
						<SP ID="P95_SP00038" HPOS="797" VPOS="388" WIDTH="16"/>
						<String ID="P95_ST00044" HPOS="813" VPOS="347" WIDTH="15" HEIGHT="31" CONTENT="I" WC="1.00" CC="0"/>
						<SP ID="P95_SP00039" HPOS="828" VPOS="388" WIDTH="17"/>
						<String ID="P95_ST00045" HPOS="845" VPOS="347" WIDTH="47" HEIGHT="40" CONTENT="do," WC="1.00" CC="000"/>
					</TextLine>
					<TextLine ID="P95_TL00007" HPOS="81" VPOS="407" WIDTH="812" HEIGHT="42">
						<String ID="P95_ST00046" HPOS="81" VPOS="407" WIDTH="15" HEIGHT="30" CONTENT="I" WC="1.00" CC="0"/>
						<SP ID="P95_SP00040" HPOS="96" VPOS="437" WIDTH="17"/>
						<String ID="P95_ST00047" HPOS="113" VPOS="407" WIDTH="107" HEIGHT="31" CONTENT="should" WC="0.49" CC="573670"/>
						<SP ID="P95_SP00041" HPOS="220" VPOS="438" WIDTH="15"/>
						<String ID="P95_ST00048" HPOS="235" VPOS="407" WIDTH="77" HEIGHT="32" CONTENT="have" WC="0.64" CC="7070"/>
						<SP ID="P95_SP00042" HPOS="312" VPOS="439" WIDTH="15"/>
						<String ID="P95_ST00049" HPOS="327" VPOS="407" WIDTH="78" HEIGHT="32" CONTENT="been" WC="0.67" CC="6006"/>
						<SP ID="P95_SP00043" HPOS="405" VPOS="439" WIDTH="23"/>
						<String ID="P95_ST00050" HPOS="428" VPOS="407" WIDTH="170" HEIGHT="41" CONTENT="differently" WC="0.77" CC="01900606000"/>
						<SP ID="P95_SP00044" HPOS="598" VPOS="448" WIDTH="15"/>
						<String ID="P95_ST00051" HPOS="613" VPOS="408" WIDTH="133" HEIGHT="40" CONTENT="brought" WC="0.43" CC="4727970"/>
						<SP ID="P95_SP00045" HPOS="746" VPOS="448" WIDTH="15"/>
						<String ID="P95_ST00052" HPOS="761" VPOS="420" WIDTH="49" HEIGHT="29" CONTENT="up." WC="0.71" CC="701"/>
						<SP ID="P95_SP00046" HPOS="810" VPOS="449" WIDTH="46"/>
						<String ID="P95_ST00053" HPOS="856" VPOS="409" WIDTH="37" HEIGHT="30" CONTENT="In" WC="0.51" CC="36"/>
					</TextLine>
					<TextLine ID="P95_TL00008" HPOS="80" VPOS="468" WIDTH="810" HEIGHT="42">
						<String ID="P95_ST00054" HPOS="80" VPOS="468" WIDTH="68" HEIGHT="32" CONTENT="that" WC="0.39" CC="7762"/>
						<SP ID="P95_SP00047" HPOS="148" VPOS="500" WIDTH="23"/>
						<String ID="P95_ST00055" HPOS="171" VPOS="480" WIDTH="70" HEIGHT="20" CONTENT="case" WC="0.93" CC="0020"/>
						<SP ID="P95_SP00048" HPOS="241" VPOS="500" WIDTH="23"/>
						<String ID="P95_ST00056" HPOS="264" VPOS="480" WIDTH="60" HEIGHT="30" CONTENT="you" WC="0.76" CC="007"/>
						<SP ID="P95_SP00049" HPOS="324" VPOS="510" WIDTH="24"/>
						<String ID="P95_ST00057" HPOS="348" VPOS="469" WIDTH="79" HEIGHT="31" CONTENT="have" WC="0.82" CC="7000"/>
						<SP ID="P95_SP00050" HPOS="427" VPOS="510" WIDTH="26"/>
						<String ID="P95_ST00058" HPOS="453" VPOS="469" WIDTH="77" HEIGHT="31" CONTENT="clone" WC="0.57" CC="67070"/>
						<SP ID="P95_SP00051" HPOS="530" VPOS="510" WIDTH="16"/>
						<String ID="P95_ST00059" HPOS="546" VPOS="481" WIDTH="48" HEIGHT="19" CONTENT="me" WC="1.00" CC="00"/>
						<SP ID="P95_SP00052" HPOS="594" VPOS="510" WIDTH="24"/>
						<String ID="P95_ST00060" HPOS="618" VPOS="469" WIDTH="96" HEIGHT="40" CONTENT="harm," WC="0.65" CC="72700"/>
						<SP ID="P95_SP00053" HPOS="714" VPOS="510" WIDTH="18"/>
						<String ID="P95_ST00061" HPOS="732" VPOS="469" WIDTH="61" HEIGHT="32" CONTENT="and" WC="0.82" CC="050"/>
						<SP ID="P95_SP00054" HPOS="793" VPOS="510" WIDTH="24"/>
						<String ID="P95_ST00062" HPOS="817" VPOS="470" WIDTH="73" HEIGHT="31" CONTENT="Mrs." WC="0.64" CC="0661"/>
					</TextLine>
					<TextLine ID="P95_TL00009" HPOS="81" VPOS="529" WIDTH="811" HEIGHT="41">
						<String ID="P95_ST00063" HPOS="81" VPOS="529" WIDTH="138" HEIGHT="31" CONTENT="Griffiths" WC="0.74" CC="702000174"/>
						<SP ID="P95_SP00055" HPOS="219" VPOS="560" WIDTH="15"/>
						<String ID="P95_ST00064" HPOS="234" VPOS="529" WIDTH="55" HEIGHT="32" CONTENT="has" WC="0.64" CC="703"/>
						<SP ID="P95_SP00056" HPOS="289" VPOS="561" WIDTH="17"/>
						<String ID="P95_ST00065" HPOS="306" VPOS="530" WIDTH="77" HEIGHT="31" CONTENT="done" WC="0.86" CC="0050"/>
						<SP ID="P95_SP00057" HPOS="383" VPOS="561" WIDTH="15"/>
						<String ID="P95_ST00066" HPOS="398" VPOS="541" WIDTH="49" HEIGHT="20" CONTENT="me" WC="1.00" CC="00"/>
						<SP ID="P95_SP00058" HPOS="447" VPOS="561" WIDTH="23"/>
						<String ID="P95_ST00067" HPOS="470" VPOS="529" WIDTH="94" HEIGHT="40" CONTENT="harm," WC="0.70" CC="70601"/>
						<SP ID="P95_SP00059" HPOS="564" VPOS="569" WIDTH="19"/>
						<String ID="P95_ST00068" HPOS="583" VPOS="529" WIDTH="46" HEIGHT="32" CONTENT="for" WC="0.74" CC="007"/>
						<SP ID="P95_SP00060" HPOS="629" VPOS="569" WIDTH="21"/>
						<String ID="P95_ST00069" HPOS="650" VPOS="541" WIDTH="59" HEIGHT="29" CONTENT="you" WC="0.76" CC="007"/>
						<SP ID="P95_SP00061" HPOS="709" VPOS="570" WIDTH="15"/>
						<String ID="P95_ST00070" HPOS="724" VPOS="529" WIDTH="78" HEIGHT="32" CONTENT="have" WC="0.81" CC="7000"/>
						<SP ID="P95_SP00062" HPOS="802" VPOS="570" WIDTH="15"/>
						<String ID="P95_ST00071" HPOS="817" VPOS="530" WIDTH="75" HEIGHT="31" CONTENT="both" WC="0.59" CC="7034"/>
					</TextLine>
					<TextLine ID="P95_TL00010" HPOS="80" VPOS="589" WIDTH="812" HEIGHT="42">
						<String ID="P95_ST00072" HPOS="80" VPOS="589" WIDTH="33" HEIGHT="32" CONTENT="of" WC="1.00" CC="00"/>
						<SP ID="P95_SP00063" HPOS="113" VPOS="621" WIDTH="11"/>
						<String ID="P95_ST00073" HPOS="124" VPOS="601" WIDTH="60" HEIGHT="30" CONTENT="you" WC="0.63" CC="037"/>
						<SP ID="P95_SP00064" HPOS="184" VPOS="631" WIDTH="15"/>
						<String ID="P95_ST00074" HPOS="199" VPOS="590" WIDTH="110" HEIGHT="41" CONTENT="taught" WC="0.67" CC="506070"/>
						<SP ID="P95_SP00065" HPOS="309" VPOS="631" WIDTH="15"/>
						<String ID="P95_ST00075" HPOS="324" VPOS="601" WIDTH="49" HEIGHT="20" CONTENT="me" WC="1.00" CC="00"/>
						<SP ID="P95_SP00066" HPOS="373" VPOS="631" WIDTH="23"/>
						<String ID="P95_ST00076" HPOS="396" VPOS="594" WIDTH="32" HEIGHT="27" CONTENT="to" WC="0.64" CC="70"/>
						<SP ID="P95_SP00067" HPOS="428" VPOS="631" WIDTH="22"/>
						<String ID="P95_ST00077" HPOS="450" VPOS="590" WIDTH="38" HEIGHT="31" CONTENT="be" WC="0.63" CC="70"/>
						<SP ID="P95_SP00068" HPOS="488" VPOS="631" WIDTH="23"/>
						<String ID="P95_ST00078" HPOS="511" VPOS="594" WIDTH="75" HEIGHT="36" CONTENT="true," WC="0.60" CC="36603"/>
						<SP ID="P95_SP00069" HPOS="586" VPOS="631" WIDTH="17"/>
						<String ID="P95_ST00079" HPOS="603" VPOS="593" WIDTH="31" HEIGHT="27" CONTENT="to" WC="0.89" CC="01"/>
						<SP ID="P95_SP00070" HPOS="634" VPOS="631" WIDTH="23"/>
						<String ID="P95_ST00080" HPOS="657" VPOS="590" WIDTH="38" HEIGHT="31" CONTENT="be" WC="0.94" CC="10"/>
						<SP ID="P95_SP00071" HPOS="695" VPOS="631" WIDTH="17"/>
						<String ID="P95_ST00081" HPOS="712" VPOS="589" WIDTH="132" HEIGHT="41" CONTENT="upright," WC="0.75" CC="30620700"/>
						<SP ID="P95_SP00072" HPOS="844" VPOS="631" WIDTH="17"/>
						<String ID="P95_ST00082" HPOS="861" VPOS="593" WIDTH="31" HEIGHT="27" CONTENT="to" WC="0.70" CC="32"/>
					</TextLine>
					<TextLine ID="P95_TL00011" HPOS="79" VPOS="650" WIDTH="813" HEIGHT="41">
						<String ID="P95_ST00083" HPOS="79" VPOS="650" WIDTH="37" HEIGHT="31" CONTENT="be" WC="0.72" CC="50"/>
						<SP ID="P95_SP00073" HPOS="116" VPOS="681" WIDTH="16"/>
						<String ID="P95_ST00084" HPOS="132" VPOS="650" WIDTH="110" HEIGHT="32" CONTENT="honest" WC="0.72" CC="701052"/>
						<String ID="P95_ST00085" HPOS="253" VPOS="664" WIDTH="7" HEIGHT="27" CONTENT=";" WC="0.79" CC="2"/>
						<SP ID="P95_SP00074" HPOS="260" VPOS="691" WIDTH="23"/>
						<String ID="P95_ST00086" HPOS="283" VPOS="651" WIDTH="53" HEIGHT="31" CONTENT="but" WC="0.44" CC="375"/>
						<SP ID="P95_SP00075" HPOS="336" VPOS="691" WIDTH="15"/>
						<String ID="P95_ST00087" HPOS="351" VPOS="651" WIDTH="25" HEIGHT="30" CONTENT="if" WC="0.74" CC="22"/>
						<SP ID="P95_SP00076" HPOS="376" VPOS="691" WIDTH="11"/>
						<String ID="P95_ST00088" HPOS="387" VPOS="651" WIDTH="16" HEIGHT="30" CONTENT="I" WC="1.00" CC="0"/>
						<SP ID="P95_SP00077" HPOS="403" VPOS="691" WIDTH="15"/>
						<String ID="P95_ST00089" HPOS="418" VPOS="662" WIDTH="49" HEIGHT="20" CONTENT="am" WC="1.00" CC="00"/>
						<SP ID="P95_SP00078" HPOS="467" VPOS="691" WIDTH="19"/>
						<String ID="P95_ST00090" HPOS="486" VPOS="655" WIDTH="33" HEIGHT="27" CONTENT="to" WC="0.56" CC="35"/>
						<SP ID="P95_SP00079" HPOS="519" VPOS="691" WIDTH="21"/>
						<String ID="P95_ST00091" HPOS="540" VPOS="650" WIDTH="38" HEIGHT="31" CONTENT="be" WC="0.63" CC="70"/>
						<SP ID="P95_SP00080" HPOS="578" VPOS="691" WIDTH="17"/>
						<String ID="P95_ST00092" HPOS="595" VPOS="650" WIDTH="40" HEIGHT="31" CONTENT="all" WC="0.80" CC="005"/>
						<SP ID="P95_SP00081" HPOS="635" VPOS="691" WIDTH="22"/>
						<String ID="P95_ST00093" HPOS="657" VPOS="650" WIDTH="76" HEIGHT="40" CONTENT="that," WC="0.71" CC="37020"/>
						<SP ID="P95_SP00082" HPOS="733" VPOS="691" WIDTH="18"/>
						<String ID="P95_ST00094" HPOS="751" VPOS="650" WIDTH="15" HEIGHT="31" CONTENT="I" WC="1.00" CC="0"/>
						<SP ID="P95_SP00083" HPOS="766" VPOS="691" WIDTH="16"/>
						<String ID="P95_ST00095" HPOS="782" VPOS="654" WIDTH="110" HEIGHT="27" CONTENT="cannot" WC="0.70" CC="005740"/>
					</TextLine>
					<TextLine ID="P95_TL00012" HPOS="78" VPOS="711" WIDTH="443" HEIGHT="41">
						<String ID="P95_ST00096" HPOS="78" VPOS="723" WIDTH="102" HEIGHT="29" CONTENT="marry" WC="0.54" CC="00569"/>
						<SP ID="P95_SP00084" HPOS="180" VPOS="752" WIDTH="15"/>
						<String ID="P95_ST00097" HPOS="195" VPOS="712" WIDTH="42" HEIGHT="32" CONTENT="M." WC="1.00" CC="00"/>
						<SP ID="P95_SP00085" HPOS="237" VPOS="752" WIDTH="18"/>
						<String ID="P95_ST00098" HPOS="255" VPOS="712" WIDTH="38" HEIGHT="32" CONTENT="de" WC="1.00" CC="00"/>
						<SP ID="P95_SP00086" HPOS="293" VPOS="752" WIDTH="16"/>
						<String ID="P95_ST00099" HPOS="309" VPOS="711" WIDTH="212" HEIGHT="32" CONTENT='Beauvoisin."' WC="0.55" CC="608702544705"/>
					</TextLine>
				</TextBlock>
				<TextBlock ID="P95_TB00004" HPOS="74" VPOS="772" WIDTH="816" HEIGHT="518" STYLEREFS="TXT_1 PAR_LEFT">
					<TextLine ID="P95_TL00013" HPOS="123" VPOS="772" WIDTH="767" HEIGHT="42">
						<String ID="P95_ST00100" HPOS="123" VPOS="773" WIDTH="80" HEIGHT="41" CONTENT='"My' WC="0.86" CC="400"/>
						<SP ID="P95_SP00087" HPOS="203" VPOS="814" WIDTH="36"/>
						<String ID="P95_ST00101" HPOS="239" VPOS="773" WIDTH="128" HEIGHT="39" CONTENT='Claire,"' WC="0.69" CC="60067003"/>
						<SP ID="P95_SP00088" HPOS="367" VPOS="814" WIDTH="32"/>
						<String ID="P95_ST00102" HPOS="399" VPOS="772" WIDTH="172" HEIGHT="41" CONTENT="interposed" WC="0.69" CC="4700590210"/>
						<SP ID="P95_SP00089" HPOS="571" VPOS="814" WIDTH="35"/>
						<String ID="P95_ST00103" HPOS="606" VPOS="772" WIDTH="55" HEIGHT="30" CONTENT="her" WC="0.56" CC="705"/>
						<SP ID="P95_SP00090" HPOS="661" VPOS="814" WIDTH="29"/>
						<String ID="P95_ST00104" HPOS="690" VPOS="776" WIDTH="80" HEIGHT="35" CONTENT="aunt," WC="0.64" CC="06740"/>
						<SP ID="P95_SP00091" HPOS="770" VPOS="814" WIDTH="35"/>
						<String ID="P95_ST00105" HPOS="805" VPOS="773" WIDTH="85" HEIGHT="40" CONTENT='"you' WC="0.59" CC="4065"/>
					</TextLine>
					<TextLine ID="P95_TL00014" HPOS="79" VPOS="831" WIDTH="811" HEIGHT="42">
						<String ID="P95_ST00106" HPOS="79" VPOS="833" WIDTH="117" HEIGHT="40" CONTENT="should," WC="0.48" CC="7707373"/>
						<SP ID="P95_SP00092" HPOS="196" VPOS="873" WIDTH="17"/>
						<String ID="P95_ST00107" HPOS="213" VPOS="837" WIDTH="31" HEIGHT="27" CONTENT="at" WC="0.67" CC="06"/>
						<SP ID="P95_SP00093" HPOS="244" VPOS="873" WIDTH="24"/>
						<String ID="P95_ST00108" HPOS="268" VPOS="833" WIDTH="40" HEIGHT="31" CONTENT="all" WC="0.76" CC="051"/>
						<SP ID="P95_SP00094" HPOS="308" VPOS="873" WIDTH="23"/>
						<String ID="P95_ST00109" HPOS="331" VPOS="837" WIDTH="113" HEIGHT="35" CONTENT="events," WC="0.84" CC="0006040"/>
						<SP ID="P95_SP00095" HPOS="444" VPOS="873" WIDTH="17"/>
						<String ID="P95_ST00110" HPOS="461" VPOS="832" WIDTH="79" HEIGHT="31" CONTENT="have" WC="0.81" CC="7000"/>
						<SP ID="P95_SP00096" HPOS="540" VPOS="873" WIDTH="23"/>
						<String ID="P95_ST00111" HPOS="563" VPOS="832" WIDTH="77" HEIGHT="31" CONTENT="been" WC="0.83" CC="2003"/>
						<SP ID="P95_SP00097" HPOS="640" VPOS="873" WIDTH="23"/>
						<String ID="P95_ST00112" HPOS="663" VPOS="836" WIDTH="31" HEIGHT="27" CONTENT="at" WC="0.78" CC="04"/>
						<SP ID="P95_SP00098" HPOS="694" VPOS="873" WIDTH="21"/>
						<String ID="P95_ST00113" HPOS="715" VPOS="843" WIDTH="74" HEIGHT="19" CONTENT="once" WC="0.69" CC="5700"/>
						<SP ID="P95_SP00099" HPOS="789" VPOS="873" WIDTH="15"/>
						<String ID="P95_ST00114" HPOS="804" VPOS="831" WIDTH="86" HEIGHT="31" CONTENT="frank" WC="0.60" CC="06462"/>
					</TextLine>
					<TextLine ID="P95_TL00015" HPOS="78" VPOS="892" WIDTH="812" HEIGHT="43">
						<String ID="P95_ST00115" HPOS="78" VPOS="894" WIDTH="74" HEIGHT="31" CONTENT="with" WC="0.46" CC="9307"/>
						<SP ID="P95_SP00100" HPOS="152" VPOS="925" WIDTH="26"/>
						<String ID="P95_ST00116" HPOS="178" VPOS="905" WIDTH="77" HEIGHT="30" CONTENT="your" WC="0.71" CC="0064"/>
						<SP ID="P95_SP00101" HPOS="255" VPOS="935" WIDTH="26"/>
						<String ID="P95_ST00117" HPOS="281" VPOS="898" WIDTH="130" HEIGHT="36" CONTENT="parents." WC="0.81" CC="04006110"/>
						<SP ID="P95_SP00102" HPOS="411" VPOS="935" WIDTH="47"/>
						<String ID="P95_ST00118" HPOS="458" VPOS="893" WIDTH="74" HEIGHT="30" CONTENT="This" WC="0.73" CC="0703"/>
						<SP ID="P95_SP00103" HPOS="532" VPOS="935" WIDTH="26"/>
						<String ID="P95_ST00119" HPOS="558" VPOS="892" WIDTH="149" HEIGHT="42" CONTENT="marriage" WC="0.88" CC="00711000"/>
						<SP ID="P95_SP00104" HPOS="707" VPOS="935" WIDTH="27"/>
						<String ID="P95_ST00120" HPOS="734" VPOS="892" WIDTH="54" HEIGHT="31" CONTENT="has" WC="0.61" CC="704"/>
						<SP ID="P95_SP00105" HPOS="788" VPOS="935" WIDTH="25"/>
						<String ID="P95_ST00121" HPOS="813" VPOS="892" WIDTH="77" HEIGHT="31" CONTENT="been" WC="0.66" CC="6006"/>
					</TextLine>
					<TextLine ID="P95_TL00016" HPOS="77" VPOS="952" WIDTH="812" HEIGHT="43">
						<String ID="P95_ST00122" HPOS="77" VPOS="954" WIDTH="205" HEIGHT="41" CONTENT='negotiated,"' WC="0.76" CC="509004210030"/>
						<SP ID="P95_SP00106" HPOS="282" VPOS="995" WIDTH="43"/>
						<String ID="P95_ST00123" HPOS="325" VPOS="953" WIDTH="151" HEIGHT="42" CONTENT="(Madame" WC="0.87" CC="4400000"/>
						<SP ID="P95_SP00107" HPOS="476" VPOS="995" WIDTH="42"/>
						<String ID="P95_ST00124" HPOS="518" VPOS="953" WIDTH="174" HEIGHT="31" CONTENT="Beaudouin" WC="0.69" CC="500600455"/>
						<SP ID="P95_SP00108" HPOS="692" VPOS="995" WIDTH="48"/>
						<String ID="P95_ST00125" HPOS="740" VPOS="952" WIDTH="149" HEIGHT="32" CONTENT="hesitated" WC="0.81" CC="706000200"/>
					</TextLine>
					<TextLine ID="P95_TL00017" HPOS="78" VPOS="1012" WIDTH="811" HEIGHT="44">
						<String ID="P95_ST00126" HPOS="78" VPOS="1015" WIDTH="126" HEIGHT="41" CONTENT="slightly" WC="0.77" CC="52307000"/>
						<SP ID="P95_SP00109" HPOS="204" VPOS="1056" WIDTH="15"/>
						<String ID="P95_ST00127" HPOS="219" VPOS="1026" WIDTH="33" HEIGHT="20" CONTENT="as" WC="0.75" CC="04"/>
						<SP ID="P95_SP00110" HPOS="252" VPOS="1056" WIDTH="24"/>
						<String ID="P95_ST00128" HPOS="276" VPOS="1014" WIDTH="52" HEIGHT="31" CONTENT="she" WC="0.52" CC="670"/>
						<SP ID="P95_SP00111" HPOS="328" VPOS="1056" WIDTH="23"/>
						<String ID="P95_ST00129" HPOS="351" VPOS="1013" WIDTH="195" HEIGHT="43" CONTENT="pronounced" WC="0.72" CC="0702176000"/>
						<SP ID="P95_SP00112" HPOS="546" VPOS="1056" WIDTH="21"/>
						<String ID="P95_ST00130" HPOS="567" VPOS="1013" WIDTH="60" HEIGHT="32" CONTENT="this" WC="0.57" CC="0753"/>
						<SP ID="P95_SP00113" HPOS="627" VPOS="1056" WIDTH="16"/>
						<String ID="P95_ST00131" HPOS="643" VPOS="1012" WIDTH="93" HEIGHT="42" CONTENT="word)" WC="1.00" CC="00000"/>
						<SP ID="P95_SP00114" HPOS="736" VPOS="1056" WIDTH="21"/>
						<String ID="P95_ST00132" HPOS="757" VPOS="1014" WIDTH="16" HEIGHT="14" CONTENT='"' WC="0.61" CC="3"/>
						<SP ID="P95_SP00115" HPOS="773" VPOS="1056" WIDTH="13"/>
						<String ID="P95_ST00133" HPOS="786" VPOS="1012" WIDTH="103" HEIGHT="32" CONTENT="talked" WC="0.68" CC="667000"/>
					</TextLine>
					<TextLine ID="P95_TL00018" HPOS="77" VPOS="1073" WIDTH="808" HEIGHT="42">
						<String ID="P95_ST00134" HPOS="77" VPOS="1076" WIDTH="35" HEIGHT="32" CONTENT="of" WC="0.78" CC="40"/>
						<SP ID="P95_SP00116" HPOS="112" VPOS="1108" WIDTH="10"/>
						<String ID="P95_ST00135" HPOS="122" VPOS="1076" WIDTH="46" HEIGHT="31" CONTENT="for" WC="0.80" CC="004"/>
						<SP ID="P95_SP00117" HPOS="168" VPOS="1108" WIDTH="15"/>
						<String ID="P95_ST00136" HPOS="183" VPOS="1080" WIDTH="32" HEIGHT="27" CONTENT="at" WC="0.86" CC="02"/>
						<SP ID="P95_SP00118" HPOS="215" VPOS="1108" WIDTH="15"/>
						<String ID="P95_ST00137" HPOS="230" VPOS="1076" WIDTH="76" HEIGHT="31" CONTENT="least" WC="0.88" CC="30020"/>
						<SP ID="P95_SP00119" HPOS="306" VPOS="1108" WIDTH="14"/>
						<String ID="P95_ST00138" HPOS="320" VPOS="1074" WIDTH="86" HEIGHT="32" CONTENT="three" WC="0.66" CC="27700"/>
						<SP ID="P95_SP00120" HPOS="406" VPOS="1108" WIDTH="12"/>
						<String ID="P95_ST00139" HPOS="418" VPOS="1074" WIDTH="132" HEIGHT="40" CONTENT="months," WC="0.71" CC="0040761"/>
						<SP ID="P95_SP00121" HPOS="550" VPOS="1114" WIDTH="19"/>
						<String ID="P95_ST00140" HPOS="569" VPOS="1074" WIDTH="58" HEIGHT="31" CONTENT="and" WC="0.77" CC="060"/>
						<SP ID="P95_SP00122" HPOS="627" VPOS="1114" WIDTH="15"/>
						<String ID="P95_ST00141" HPOS="642" VPOS="1074" WIDTH="24" HEIGHT="31" CONTENT="it" WC="0.52" CC="45"/>
						<SP ID="P95_SP00123" HPOS="666" VPOS="1114" WIDTH="14"/>
						<String ID="P95_ST00142" HPOS="680" VPOS="1074" WIDTH="26" HEIGHT="31" CONTENT="is" WC="0.47" CC="55"/>
						<SP ID="P95_SP00124" HPOS="706" VPOS="1114" WIDTH="17"/>
						<String ID="P95_ST00143" HPOS="723" VPOS="1073" WIDTH="70" HEIGHT="42" CONTENT="only" WC="0.84" CC="0410"/>
						<SP ID="P95_SP00125" HPOS="793" VPOS="1115" WIDTH="15"/>
						<String ID="P95_ST00144" HPOS="808" VPOS="1084" WIDTH="77" HEIGHT="28" CONTENT="now," WC="0.86" CC="5000"/>
					</TextLine>
					<TextLine ID="P95_TL00019" HPOS="76" VPOS="1133" WIDTH="811" HEIGHT="44">
						<String ID="P95_ST00145" HPOS="76" VPOS="1137" WIDTH="89" HEIGHT="31" CONTENT="when" WC="0.81" CC="0700"/>
						<SP ID="P95_SP00126" HPOS="165" VPOS="1168" WIDTH="24"/>
						<String ID="P95_ST00146" HPOS="189" VPOS="1136" WIDTH="39" HEIGHT="32" CONTENT="all" WC="0.88" CC="003"/>
						<SP ID="P95_SP00127" HPOS="228" VPOS="1168" WIDTH="26"/>
						<String ID="P95_ST00147" HPOS="254" VPOS="1136" WIDTH="26" HEIGHT="32" CONTENT="is" WC="0.59" CC="43"/>
						<SP ID="P95_SP00128" HPOS="280" VPOS="1168" WIDTH="25"/>
						<String ID="P95_ST00148" HPOS="305" VPOS="1135" WIDTH="115" HEIGHT="41" CONTENT="settled," WC="0.86" CC="20206000"/>
						<SP ID="P95_SP00129" HPOS="420" VPOS="1176" WIDTH="26"/>
						<String ID="P95_ST00149" HPOS="446" VPOS="1135" WIDTH="68" HEIGHT="31" CONTENT="that" WC="0.61" CC="4703"/>
						<SP ID="P95_SP00130" HPOS="514" VPOS="1176" WIDTH="29"/>
						<String ID="P95_ST00150" HPOS="543" VPOS="1146" WIDTH="61" HEIGHT="31" CONTENT="you" WC="0.74" CC="025"/>
						<SP ID="P95_SP00131" HPOS="604" VPOS="1177" WIDTH="31"/>
						<String ID="P95_ST00151" HPOS="635" VPOS="1134" WIDTH="105" HEIGHT="42" CONTENT="object." WC="0.82" CC="0700040"/>
						<SP ID="P95_SP00132" HPOS="740" VPOS="1177" WIDTH="61"/>
						<String ID="P95_ST00152" HPOS="801" VPOS="1133" WIDTH="86" HEIGHT="32" CONTENT="Your" WC="0.59" CC="0275"/>
					</TextLine>
					<TextLine ID="P95_TL00020" HPOS="74" VPOS="1194" WIDTH="811" HEIGHT="46">
						<String ID="P95_ST00153" HPOS="74" VPOS="1203" WIDTH="125" HEIGHT="37" CONTENT="parents" WC="0.65" CC="0060646"/>
						<SP ID="P95_SP00133" HPOS="199" VPOS="1240" WIDTH="23"/>
						<String ID="P95_ST00154" HPOS="222" VPOS="1197" WIDTH="102" HEIGHT="32" CONTENT="would" WC="0.79" CC="00640"/>
						<SP ID="P95_SP00134" HPOS="324" VPOS="1240" WIDTH="23"/>
						<String ID="P95_ST00155" HPOS="347" VPOS="1197" WIDTH="78" HEIGHT="31" CONTENT="have" WC="0.65" CC="7600"/>
						<SP ID="P95_SP00135" HPOS="425" VPOS="1240" WIDTH="19"/>
						<String ID="P95_ST00156" HPOS="444" VPOS="1208" WIDTH="18" HEIGHT="20" CONTENT="a" WC="1.00" CC="0"/>
						<SP ID="P95_SP00136" HPOS="462" VPOS="1240" WIDTH="19"/>
						<String ID="P95_ST00157" HPOS="481" VPOS="1196" WIDTH="82" HEIGHT="42" CONTENT="right" WC="0.52" CC="46075"/>
						<SP ID="P95_SP00137" HPOS="563" VPOS="1240" WIDTH="28"/>
						<String ID="P95_ST00158" HPOS="591" VPOS="1200" WIDTH="30" HEIGHT="27" CONTENT="to" WC="1.00" CC="00"/>
						<SP ID="P95_SP00138" HPOS="621" VPOS="1240" WIDTH="28"/>
						<String ID="P95_ST00159" HPOS="649" VPOS="1207" WIDTH="53" HEIGHT="30" CONTENT="say" WC="0.76" CC="700"/>
						<SP ID="P95_SP00139" HPOS="702" VPOS="1240" WIDTH="23"/>
						<String ID="P95_ST00160" HPOS="725" VPOS="1206" WIDTH="59" HEIGHT="31" CONTENT="you" WC="0.34" CC="927"/>
						<SP ID="P95_SP00140" HPOS="784" VPOS="1240" WIDTH="22"/>
						<String ID="P95_ST00161" HPOS="806" VPOS="1194" WIDTH="79" HEIGHT="32" CONTENT="have" WC="0.81" CC="7000"/>
					</TextLine>
					<TextLine ID="P95_TL00021" HPOS="74" VPOS="1259" WIDTH="271" HEIGHT="31">
						<String ID="P95_ST00162" HPOS="74" VPOS="1259" WIDTH="143" HEIGHT="31" CONTENT="deceived" WC="0.91" CC="00006000"/>
						<SP ID="P95_SP00141" HPOS="217" VPOS="1290" WIDTH="15"/>
						<String ID="P95_ST00163" HPOS="232" VPOS="1259" WIDTH="113" HEIGHT="31" CONTENT='them."' WC="0.78" CC="170004"/>
					</TextLine>
				</TextBlock>
				<TextBlock ID="P95_TB00005" HPOS="71" VPOS="1315" WIDTH="812" HEIGHT="230" STYLEREFS="TXT_1 PAR_LEFT">
					<TextLine ID="P95_TL00022" HPOS="119" VPOS="1315" WIDTH="764" HEIGHT="43">
						<String ID="P95_ST00164" HPOS="119" VPOS="1322" WIDTH="17" HEIGHT="14" CONTENT='"' WC="0.63" CC="3"/>
						<SP ID="P95_SP00142" HPOS="136" VPOS="1336" WIDTH="13"/>
						<String ID="P95_ST00165" HPOS="149" VPOS="1321" WIDTH="44" HEIGHT="31" CONTENT="To" WC="0.86" CC="02"/>
						<SP ID="P95_SP00143" HPOS="193" VPOS="1352" WIDTH="15"/>
						<String ID="P95_ST00166" HPOS="208" VPOS="1320" WIDTH="67" HEIGHT="32" CONTENT="that" WC="0.66" CC="5700"/>
						<SP ID="P95_SP00144" HPOS="275" VPOS="1352" WIDTH="14"/>
						<String ID="P95_ST00167" HPOS="289" VPOS="1319" WIDTH="172" HEIGHT="32" CONTENT="accusation" WC="0.65" CC="0007620756"/>
						<SP ID="P95_SP00145" HPOS="461" VPOS="1352" WIDTH="16"/>
						<String ID="P95_ST00168" HPOS="477" VPOS="1319" WIDTH="15" HEIGHT="30" CONTENT="I" WC="1.00" CC="0"/>
						<SP ID="P95_SP00146" HPOS="492" VPOS="1352" WIDTH="23"/>
						<String ID="P95_ST00169" HPOS="515" VPOS="1330" WIDTH="55" HEIGHT="19" CONTENT="can" WC="0.63" CC="046"/>
						<SP ID="P95_SP00147" HPOS="570" VPOS="1352" WIDTH="25"/>
						<String ID="P95_ST00170" HPOS="595" VPOS="1317" WIDTH="70" HEIGHT="41" CONTENT="only" WC="0.47" CC="0649"/>
						<SP ID="P95_SP00148" HPOS="665" VPOS="1358" WIDTH="16"/>
						<String ID="P95_ST00171" HPOS="681" VPOS="1327" WIDTH="116" HEIGHT="21" CONTENT="answer" WC="0.78" CC="066000"/>
						<SP ID="P95_SP00149" HPOS="797" VPOS="1358" WIDTH="20"/>
						<String ID="P95_ST00172" HPOS="817" VPOS="1315" WIDTH="66" HEIGHT="32" CONTENT="that" WC="0.72" CC="2710"/>
					</TextLine>
					<TextLine ID="P95_TL00023" HPOS="72" VPOS="1376" WIDTH="811" HEIGHT="44">
						<String ID="P95_ST00173" HPOS="72" VPOS="1383" WIDTH="16" HEIGHT="32" CONTENT="I" WC="1.00" CC="0"/>
						<SP ID="P95_SP00150" HPOS="88" VPOS="1415" WIDTH="26"/>
						<String ID="P95_ST00174" HPOS="114" VPOS="1381" WIDTH="51" HEIGHT="33" CONTENT="did" WC="0.87" CC="030"/>
						<SP ID="P95_SP00151" HPOS="165" VPOS="1415" WIDTH="23"/>
						<String ID="P95_ST00175" HPOS="188" VPOS="1385" WIDTH="54" HEIGHT="28" CONTENT="not" WC="0.75" CC="700"/>
						<SP ID="P95_SP00152" HPOS="242" VPOS="1415" WIDTH="23"/>
						<String ID="P95_ST00176" HPOS="265" VPOS="1381" WIDTH="90" HEIGHT="31" CONTENT="know" WC="0.77" CC="2600"/>
						<SP ID="P95_SP00153" HPOS="355" VPOS="1415" WIDTH="19"/>
						<String ID="P95_ST00177" HPOS="374" VPOS="1380" WIDTH="52" HEIGHT="31" CONTENT="the" WC="0.60" CC="470"/>
						<SP ID="P95_SP00154" HPOS="426" VPOS="1415" WIDTH="21"/>
						<String ID="P95_ST00178" HPOS="447" VPOS="1380" WIDTH="102" HEIGHT="39" CONTENT='man,"' WC="0.72" CC="00706"/>
						<SP ID="P95_SP00155" HPOS="549" VPOS="1419" WIDTH="26"/>
						<String ID="P95_ST00179" HPOS="575" VPOS="1377" WIDTH="132" HEIGHT="43" CONTENT="rejoined" WC="0.81" CC="70001600"/>
						<SP ID="P95_SP00156" HPOS="707" VPOS="1420" WIDTH="30"/>
						<String ID="P95_ST00180" HPOS="737" VPOS="1376" WIDTH="80" HEIGHT="32" CONTENT="Mile," WC="0.92" CC="04000"/>
						<SP ID="P95_SP00157" HPOS="817" VPOS="1420" WIDTH="30"/>
						<String ID="P95_ST00181" HPOS="847" VPOS="1376" WIDTH="36" HEIGHT="32" CONTENT="de" WC="1.00" CC="00"/>
					</TextLine>
					<TextLine ID="P95_TL00024" HPOS="72" VPOS="1438" WIDTH="810" HEIGHT="39">
						<String ID="P95_ST00182" HPOS="72" VPOS="1442" WIDTH="163" HEIGHT="35" CONTENT="Clavreuil." WC="0.69" CC="6500006650"/>
						<SP ID="P95_SP00158" HPOS="235" VPOS="1477" WIDTH="49"/>
						<String ID="P95_ST00183" HPOS="284" VPOS="1443" WIDTH="16" HEIGHT="14" CONTENT='"' WC="0.77" CC="2"/>
						<SP ID="P95_SP00159" HPOS="300" VPOS="1477" WIDTH="10"/>
						<String ID="P95_ST00184" HPOS="310" VPOS="1442" WIDTH="16" HEIGHT="31" CONTENT="1" WC="0.78" CC="2"/>
						<SP ID="P95_SP00160" HPOS="326" VPOS="1477" WIDTH="16"/>
						<String ID="P95_ST00185" HPOS="342" VPOS="1441" WIDTH="50" HEIGHT="32" CONTENT="did" WC="1.00" CC="000"/>
						<SP ID="P95_SP00161" HPOS="392" VPOS="1477" WIDTH="15"/>
						<String ID="P95_ST00186" HPOS="407" VPOS="1445" WIDTH="53" HEIGHT="27" CONTENT="not" WC="0.77" CC="600"/>
						<SP ID="P95_SP00162" HPOS="460" VPOS="1477" WIDTH="21"/>
						<String ID="P95_ST00187" HPOS="481" VPOS="1440" WIDTH="83" HEIGHT="32" CONTENT="rebel" WC="0.95" CC="20000"/>
						<SP ID="P95_SP00163" HPOS="564" VPOS="1477" WIDTH="18"/>
						<String ID="P95_ST00188" HPOS="582" VPOS="1444" WIDTH="31" HEIGHT="27" CONTENT="at" WC="1.00" CC="00"/>
						<SP ID="P95_SP00164" HPOS="613" VPOS="1477" WIDTH="16"/>
						<String ID="P95_ST00189" HPOS="629" VPOS="1439" WIDTH="51" HEIGHT="32" CONTENT="the" WC="0.66" CC="270"/>
						<SP ID="P95_SP00165" HPOS="680" VPOS="1477" WIDTH="16"/>
						<String ID="P95_ST00190" HPOS="696" VPOS="1438" WIDTH="66" HEIGHT="32" CONTENT="first" WC="0.81" CC="00620"/>
						<SP ID="P95_SP00166" HPOS="762" VPOS="1477" WIDTH="17"/>
						<String ID="P95_ST00191" HPOS="779" VPOS="1438" WIDTH="103" HEIGHT="32" CONTENT="notion" WC="0.62" CC="740307"/>
					</TextLine>
					<TextLine ID="P95_TL00025" HPOS="72" VPOS="1499" WIDTH="809" HEIGHT="46">
						<String ID="P95_ST00192" HPOS="72" VPOS="1505" WIDTH="33" HEIGHT="33" CONTENT="of" WC="0.95" CC="01"/>
						<SP ID="P95_SP00167" HPOS="105" VPOS="1538" WIDTH="10"/>
						<String ID="P95_ST00193" HPOS="115" VPOS="1504" WIDTH="159" HEIGHT="41" CONTENT="marriage," WC="0.70" CC="760550001"/>
						<SP ID="P95_SP00168" HPOS="274" VPOS="1545" WIDTH="12"/>
						<String ID="P95_ST00194" HPOS="286" VPOS="1503" WIDTH="128" HEIGHT="32" CONTENT="because" WC="0.74" CC="3002560"/>
						<SP ID="P95_SP00169" HPOS="414" VPOS="1545" WIDTH="16"/>
						<String ID="P95_ST00195" HPOS="430" VPOS="1502" WIDTH="23" HEIGHT="31" CONTENT="it" WC="0.71" CC="50"/>
						<SP ID="P95_SP00170" HPOS="453" VPOS="1545" WIDTH="16"/>
						<String ID="P95_ST00196" HPOS="469" VPOS="1513" WIDTH="97" HEIGHT="20" CONTENT="seems" WC="0.82" CC="60002"/>
						<SP ID="P95_SP00171" HPOS="566" VPOS="1545" WIDTH="12"/>
						<String ID="P95_ST00197" HPOS="578" VPOS="1505" WIDTH="31" HEIGHT="27" CONTENT="to" WC="1.00" CC="00"/>
						<SP ID="P95_SP00172" HPOS="609" VPOS="1545" WIDTH="15"/>
						<String ID="P95_ST00198" HPOS="624" VPOS="1500" WIDTH="39" HEIGHT="32" CONTENT="be" WC="0.63" CC="70"/>
						<SP ID="P95_SP00173" HPOS="663" VPOS="1545" WIDTH="11"/>
						<String ID="P95_ST00199" HPOS="674" VPOS="1499" WIDTH="52" HEIGHT="33" CONTENT="the" WC="0.50" CC="770"/>
						<SP ID="P95_SP00174" HPOS="726" VPOS="1545" WIDTH="17"/>
						<String ID="P95_ST00200" HPOS="743" VPOS="1511" WIDTH="138" HEIGHT="20" CONTENT="common" WC="0.90" CC="000005"/>
					</TextLine>
				</TextBlock>
				<TextBlock ID="P95_TB00006" HPOS="756" VPOS="1562" WIDTH="42" HEIGHT="20" STYLEREFS="TXT_1 PAR_RIGHT">
					<TextLine ID="P95_TL00026" HPOS="757" VPOS="1562" WIDTH="41" HEIGHT="20">
						<String ID="P95_ST00201" HPOS="757" VPOS="1567" WIDTH="15" HEIGHT="15" CONTENT="G" WC="0.26" CC="7"/>
						<SP ID="P95_SP00175" HPOS="772" VPOS="1582" WIDTH="14"/>
						<String ID="P95_ST00202" HPOS="786" VPOS="1562" WIDTH="12" HEIGHT="20" CONTENT="2" WC="0.94" CC="0"/>
					</TextLine>
				</TextBlock>
			</PrintSpace>
		</Page>
	</Layout>
</alto>
