1090 1740
176 112 53 27 124

406 120 83 20 LOVE
512 119 64 21 THE
599 118 163 22 AVENGER.

217 198 100 32 Henri
332 199 127 42 Dupont
470 202 46 28 set
532 197 47 33 his
591 197 83 42 glass
690 200 33 28 at
738 194 55 33 the
804 194 61 32 box
881 190 125 45 pointed

174 266 61 35 out,
254 261 69 40 and,
326 281 43 3 —

377 322 66 32 said
458 322 48 41 he,
553 321 25 32 is
600 321 42 32 M.
661 320 38 32 de
721 318 188 41 Moranges',
926 327 79 31 your

175 385 123 39 uncle's,

367 446 100 32 added
482 445 51 33 the
552 445 152 39 Duchess,
721 443 99 42 fixing
836 442 56 32 her
916 440 88 43 glass

174 519 83 31 upon
278 508 51 31 the
356 520 83 20 same
461 512 88 38 spot;
699 506 66 32 that
787 504 138 32 bracelet
944 503 26 31 is
986 514 18 20 a

174 573 68 38 part
267 569 34 31 of
322 569 51 32 the
400 570 78 41 ruby
500 570 61 30 and
588 568 144 32 diamond
752 578 124 32 parure
902 565 102 32 Avhich

174 630 97 42 ought
293 636 32 26 to
348 631 79 31 have
450 631 80 31 been
553 642 101 30 yours,
681 628 110 33 Claire.
838 628 82 32 Now
942 639 62 30 you

174 704 50 20 see
240 693 102 31 where
358 692 88 32 those
464 695 63 28 sort
544 691 33 32 of
588 691 106 40 things
711 702 39 29 go

218 754 99 32 Claire
340 754 131 31 blushed
494 753 110 41 deeply
628 757 32 27 at
687 752 53 31 the
763 751 178 42 indelicacy,
969 762 37 20 as

174 815 54 32 she
254 815 132 42 thought
410 815 32 39 it,
467 815 33 31 of
522 815 144 31 Madame
691 814 36 31 de
750 814 171 40 Varignan,
944 813 62 32 and

173 876 84 33 drew
273 877 78 32 back
368 876 126 42 slightly
509 876 115 32 behind
644 876 54 31 the
721 875 55 32 red
800 876 59 31 silk
885 875 119 32 curtain

175 938 34 32 of
220 938 53 32 the
289 938 68 32 box.

374 1004 64 27 sort
461 999 34 32 of
667 998 54 33 she
745 999 156 42 repeated,

174 1060 132 42 perhaps
329 1060 99 32 better
455 1060 108 42 placed
589 1071 33 21 as
643 1059 76 43 they
740 1071 59 21 are.
848 1060 15 32 I
887 1060 39 32 do
950 1064 53 28 not

175 1121 133 43 worship
320 1121 106 43 jewels
438 1135 7 27 ;
574 1121 55 32 she
646 1122 108 40 added,
804 1122 15 31 I
836 1122 137 42 thought
989 1122 14 31 I

174 1194 64 20 saw
253 1195 53 29 my
321 1182 89 32 uncle
426 1182 30 31 in
472 1183 53 31 the
544 1183 155 31 orchestra
715 1184 86 31 stalls
813 1184 66 40 just

252 1245 40 32 So
309 1256 59 30 you
491 1244 135 41 rejoined
648 1244 102 32 Count
773 1245 137 41 Dupont.

174 1310 64 28 met
253 1306 64 31 him
328 1306 65 41 just
409 1305 75 32 after
500 1305 53 32 the
573 1305 66 32 first
662 1310 59 36 act,
739 1305 63 32 and
818 1305 39 33 he
874 1306 63 32 told
953 1318 50 20 me

174 1368 39 32 he
229 1379 65 20 was
310 1367 122 40 coming

251 1429 94 42 Why,
363 1429 15 32 I
395 1429 108 32 should
525 1429 109 42 hardly
650 1429 93 43 fancy
758 1429 42 34 M.
820 1430 37 32 de
879 1430 125 32 Moran-

175 1502 55 30 ges
247 1490 103 33 would
365 1490 79 33 have
460 1490 54 33 the
537 1490 62 33 bad
621 1495 79 28 taste
723 1496 32 27 to
775 1493 113 41 parade
904 1492 31 31 in
951 1493 53 31 the

174 1552 66 32 face
273 1552 33 31 of
332 1552 40 31 all
397 1552 86 32 Paris
506 1552 32 31 in
563 1552 53 32 the
643 1564 83 20 same
752 1553 61 31 box
844 1553 75 31 Avith
949 1554 55 30 the
