1090 1740
152 96 53 26 132

388 103 82 20 LOVE
494 103 63 20 THE
581 100 161 23 AVENGER.

298 181 102 32 whom
426 193 51 20 are
501 181 73 41 they
806 174 174 44 whispered

149 242 52 31 the
218 242 141 31 Duchess
375 248 32 25 to
424 241 126 32 Olivier.

222 305 87 31 Look
333 316 41 30 up
397 304 53 31 the
467 308 88 38 great
780 301 39 31 he
841 297 118 44 replied
971 311 7 27 ;

181 365 84 33 don't
281 377 60 29 you
359 367 72 30 see?

311 427 136 42 Sphinx!
480 427 79 41 Avell,
585 426 51 32 the
661 429 137 29 creature
822 424 26 32 is
872 423 106 41 singu-

148 489 76 41 larly
254 489 168 31 handsome
464 488 138 42 to-night
618 507 43 4 —
676 487 187 32 handsomer
899 484 78 33 than

295 550 98 32 added
417 550 144 32 Madame
586 550 38 31 de
655 549 169 41 Varignan.
915 546 63 33 Did

147 622 61 30 you
225 623 50 20 see
292 611 54 33 her
361 611 59 32 last
437 611 126 41 Sunday
580 616 32 27 at
627 611 53 32 the
697 622 87 20 races
795 611 16 31 ?

221 673 49 32 No
283 687 6 27 ;
314 673 60 32 this
390 673 25 32 is
430 673 52 32 the
501 673 67 32 first
588 673 74 32 time
679 673 15 31 I
716 672 79 32 have
812 683 74 21 ever
902 683 73 20 seen

248 735 60 31 and
323 734 52 32 the
398 734 137 42 Marquis
559 734 98 42 gazed
679 734 132 42 intently
824 745 82 31 upon
923 733 52 32 the

145 795 99 40 object
260 796 34 31 of
306 795 168 32 discussion
490 796 31 31 in
538 795 148 40 question.

221 856 60 32 She
303 856 61 31 had
383 868 38 19 on
445 856 75 32 such
539 868 18 20 a
578 856 68 32 love
663 856 35 31 of
716 868 18 20 a
901 868 74 20 con-

144 917 105 32 tinued
276 917 53 32 the
353 917 139 32 Duchess
507 931 6 27 ;
571 929 19 20 a
613 922 64 27 sort
701 917 34 32 of
762 918 88 32 cloak
852 938 42 3 —
896 930 77 30 pure

143 978 179 42 eighteenth
355 984 128 37 century
485 999 42 3 —
529 980 31 30 in
585 979 69 42 pale
681 980 73 32 blue
785 980 90 41 satin,
902 981 72 31 bor-

144 1040 92 32 dered
251 1041 75 31 Avith
349 1041 50 31 old
422 1041 73 32 lace.
543 1042 65 30 I've
633 1041 60 31 had
717 1042 23 31 it
764 1042 118 42 copied,
901 1042 71 42 only

143 1101 80 32 mine
239 1102 61 30 will
316 1103 37 30 be
370 1102 132 32 crimson
519 1103 210 32 embroidered
745 1103 75 33 with

186 1163 142 32 Madame
353 1164 37 31 de
418 1164 193 41 Beauvoisin,
638 1165 69 32 who
734 1165 62 32 had
823 1166 79 32 been
930 1168 40 31 all

141 1224 61 31 this
226 1224 72 32 time
325 1224 221 44 determinedly
573 1226 121 42 talking
719 1227 34 31 of
773 1228 108 41 music,
907 1230 63 31 and

141 1285 179 42 comparing
344 1286 110 32 Italian
479 1287 62 31 and
568 1287 138 33 German
730 1294 132 27 masters
894 1291 75 32 Avith

139 1346 88 32 those
259 1347 116 32 around
403 1347 63 42 her,
499 1349 112 32 turned
650 1350 125 43 quickly
805 1351 100 32 round
935 1357 35 27 at

138 1406 88 34 these
249 1409 109 41 words,
376 1409 60 31 and
459 1412 151 41 surveyed
633 1412 145 32 Madame
800 1413 38 32 de
855 1414 114 42 Varig-

138 1479 62 21 nan
216 1469 72 31 with
314 1482 17 19 a
354 1470 70 32 look
452 1472 34 31 of
505 1472 222 34 indescribable
747 1475 143 41 surprise.
938 1476 30 31 It

137 1540 63 21 was
216 1530 111 32 almost
342 1531 141 44 haughty
499 1533 31 32 in
547 1534 38 32 its
602 1539 84 28 mute
704 1535 201 41 indignation.
