1090 1740
147 106 33 26 20

379 112 82 20 LOVE
484 112 64 20 THE
571 110 160 22 AVENGER.

146 189 82 32 main
256 189 34 32 of
313 189 174 40 sentiment,
505 200 40 20 no
571 186 132 33 childish
719 184 175 41 memories,
913 183 60 33 had

145 251 74 43 they
234 252 77 32 been
328 263 71 22 ever
416 263 33 21 so
466 256 115 37 strong,
599 250 92 32 could
716 248 117 33 endure
850 246 123 43 against

146 312 50 33 the
213 313 112 32 animal
342 312 175 33 selfishness
534 312 35 32 of
580 312 52 32 the
649 311 66 32 sick
731 310 170 32 workman.
926 308 47 32 As

145 374 39 32 he
209 375 51 42 lay
274 376 31 30 in
329 375 47 32 his
394 374 70 42 bed,
491 374 31 32 in
547 373 53 33 the
629 373 89 32 small
738 384 87 20 room
851 383 40 20 on
918 370 55 32 the

144 437 217 41 ground-floor,
393 436 100 32 which
524 448 64 19 was
615 435 134 40 kitchen,
780 434 88 42 shop,
896 432 76 33 bed-

145 510 93 29 room,
261 500 191 42 everything,
471 511 61 31 you
556 498 99 41 might
682 509 50 20 see
758 496 64 31 him
850 494 123 42 casting

143 560 124 41 glances
283 561 34 31 of
328 561 89 33 fierce
435 572 81 31 envy
529 565 33 28 at
575 559 183 40 Madeleine,
777 570 33 19 as
827 557 55 32 she
896 557 75 32 took

143 621 78 32 from
245 622 47 32 his
319 623 122 32 mother
467 635 18 19 a
511 621 126 33 bowlful
664 621 34 32 of
720 620 52 32 the
798 632 87 30 soup,
903 619 66 32 into

143 684 99 31 which
259 684 23 32 it
298 689 68 27 cost
383 697 33 19 so
432 685 72 31 dear
521 688 33 27 to
570 688 56 38 put
638 694 76 21 even
725 682 89 42 pork,
826 682 43 32 let
880 682 89 32 alone

143 756 19 20 a
176 744 79 32 bone
282 745 35 31 of
335 745 75 32 beef
425 745 75 31 with
525 756 60 31 any
609 743 78 33 flesh
714 755 83 31 upon
822 743 31 33 it.
902 743 67 32 The

142 805 104 32 doctor
262 806 60 31 had
339 806 64 31 said
418 806 68 32 that
499 806 54 31 the
569 805 142 32 invalid's
728 804 143 42 strength
887 809 83 27 must

139 865 38 32 be
193 866 77 42 kept
284 878 50 30 up,
353 867 59 31 and
428 867 73 31 here
517 877 64 20 was
598 865 60 32 this
676 870 142 37 stranger
835 865 133 42 sapping

139 927 61 31 this
216 928 139 41 strength
380 928 41 41 by
437 928 54 32 her
517 927 271 32 unconscientious
817 926 148 43 appetite.

141 986 62 33 She
218 998 64 20 was
298 986 172 43 devouring
485 987 86 32 what
586 998 62 21 was
664 991 33 28 to
713 986 39 32 be
768 986 53 32 the
836 997 134 22 marrow

140 1047 33 32 of
184 1047 48 32 his
247 1048 103 32 bones.
398 1048 50 32 He
471 1048 94 32 hated
588 1048 55 32 her
658 1061 5 19 :
689 1060 58 20 one
764 1048 61 42 day
841 1047 39 33 he
902 1048 66 32 told

140 1108 54 32 her
211 1120 41 20 so.
299 1108 88 43 They
403 1121 79 20 were
499 1110 88 31 alone
598 1123 7 27 ;
630 1109 61 31 and
707 1109 52 31 the
776 1109 78 31 hard
866 1109 102 33 words

140 1168 61 33 and
215 1168 93 33 bitter
324 1169 182 43 reproaches
522 1170 70 31 that
607 1170 102 32 issued
726 1170 151 42 suddenly
890 1170 78 31 from

140 1229 52 33 the
207 1229 64 41 lair,
289 1242 39 20 on
344 1230 100 32 which
455 1231 54 32 she
525 1231 134 42 thought
674 1231 97 32 Denis
787 1243 65 20 was
869 1232 99 42 sleep-

138 1291 61 42 ing,
217 1296 94 38 stung
325 1292 172 33 Madeleine
521 1298 33 27 to
577 1293 53 33 the
647 1294 100 41 quick,
766 1294 63 32 and
856 1295 112 32 roused

140 1352 154 33 whatever
308 1365 63 20 was
398 1354 140 32 dormant
562 1355 31 31 in
615 1355 57 32 her
688 1355 142 42 sluggish
846 1361 121 28 nature.

140 1413 135 42 Perhaps
293 1426 84 21 some
394 1416 91 41 spark
501 1416 35 31 of
546 1416 55 32 her
616 1416 150 33 mother's
782 1428 117 32 energy
916 1417 52 44 lay

139 1474 96 31 under
250 1475 52 32 the
318 1476 89 32 ashes
424 1477 77 31 after
517 1477 50 31 all.

215 1536 69 32 You
300 1537 78 33 have
400 1549 40 22 no
465 1539 83 42 right
574 1544 32 27 to
632 1544 69 37 stay
840 1541 74 40 said,
933 1547 33 27 at
