1090 1740
173 110 52 26 256

401 117 84 21 LOVE
508 116 64 21 THE
596 114 161 22 AVENGER.

172 194 67 32 that
256 195 174 39 individual,
449 194 60 32 and
532 193 127 40 looking
681 191 65 32 him
767 190 41 32 all
832 200 73 22 over
921 188 74 32 with

173 268 18 21 a
218 262 63 27 sort
307 257 35 32 of
367 257 132 32 mixture
527 255 35 33 of
589 258 158 38 contempt
776 252 61 33 and
868 252 127 42 dismay.

203 319 63 31 Are
281 330 62 30 you
358 318 71 32 mad
439 320 14 30 ?
498 318 61 31 For
576 315 257 34 Savre-et-Merle
843 316 15 31 ?
889 314 106 39 What,

172 381 51 32 the
250 381 182 42 Marquise's
459 393 68 20 own
555 380 219 42 department?
795 377 52 33 the
874 377 121 42 depart-

173 448 83 27 ment
285 443 46 32 for
361 443 99 32 which
491 443 52 31 she
575 442 62 31 will
667 440 149 42 infallibly
847 450 57 21 one
936 438 59 42 clay

173 509 55 38 put
261 516 42 31 up
333 504 55 33 her
420 516 63 28 son,
518 504 60 32 and
608 504 30 31 in
670 502 99 33 which
802 501 56 32 she
892 501 103 42 reigns

327 627 191 42 department
533 626 138 32 whereof
682 625 150 42 Malleray
847 625 26 32 is
890 636 57 21 one
964 625 34 32 of

172 688 52 31 the
239 688 85 32 three
339 688 242 42 head-quarters,
597 688 60 31 and
669 687 100 32 where
782 687 53 32 the
852 687 141 32 Minister

173 749 35 31 of
329 749 61 31 will
416 760 91 20 move
526 748 119 32 heaven
672 748 59 32 and
762 747 85 33 earth
874 747 46 33 for
946 747 48 32 his

173 809 132 32 cousin's
421 809 134 41 rejoined
570 809 192 32 Mardonnet.

247 871 81 31 How
344 870 39 32 do
399 882 60 30 you
475 870 91 32 know
582 870 93 31 that?
713 870 66 31 The
791 869 204 32 Beauvoisins

174 943 56 20 can
261 932 39 31 do
330 931 150 42 anything
517 931 75 42 they
622 931 59 31 like
720 931 95 40 there,
848 930 61 32 and
944 930 51 32 the

173 993 137 40 Marquis
326 993 62 30 will
405 994 91 30 crush

248 1054 65 31 The
330 1054 200 31 Beauvoisins
546 1054 62 31 will
623 1058 55 27 not
693 1053 129 32 succeed
837 1053 32 32 in
887 1054 110 32 Savre-

373 1115 159 32 remarked
558 1116 43 31 M.
629 1114 178 43 Theophile,
865 1116 131 32 because

173 1176 117 41 they're
314 1180 53 27 too
392 1176 129 32 clerical.
570 1175 101 32 There
696 1176 62 31 will
781 1176 39 32 be
841 1180 61 28 two
918 1177 79 31 elec-

175 1238 79 31 tions
269 1238 31 31 in
317 1238 53 32 the
386 1242 61 27 two
471 1243 121 27 nearest
615 1238 209 42 departments
844 1238 69 32 that
935 1238 62 32 will

175 1310 39 29 go
229 1303 32 27 to
278 1299 51 31 the
344 1299 129 31 fanatics
494 1299 60 32 and
576 1299 39 32 be
635 1299 227 32 ultramontane
878 1311 75 31 pure
956 1319 41 4 —

175 1371 19 20 a
213 1360 82 32 third
320 1360 100 32 would
440 1360 38 32 be
499 1365 51 27 too
571 1360 101 33 much.
718 1361 16 32 I
755 1361 78 32 shall
858 1373 87 20 come
966 1361 31 32 in

175 1432 35 20 as
235 1432 19 20 a
276 1420 201 33 free-thinker
477 1440 43 4 —
521 1433 18 21 a
559 1422 200 42 Republican,
785 1423 26 31 if
829 1435 62 30 you
914 1424 62 31 -will
989 1437 7 29 ;

175 1480 55 32 but
246 1492 18 20 a
279 1481 188 42 Republican
483 1482 70 32 who
575 1483 86 32 loves
685 1483 155 42 dictators,
858 1485 62 31 and
944 1485 52 32 the

176 1541 97 40 rights
301 1542 31 32 of
353 1543 140 42 thought,
521 1543 60 32 and
606 1544 39 31 all
668 1543 68 33 that
759 1549 62 28 sort
844 1546 35 31 of
896 1546 100 41 thing.
