1090 1740
907 99 33 26 69

394 105 22 20 A
439 105 83 21 REAL
544 106 129 20 WOMAN.

126 177 172 34 innocence.
345 179 49 32 No
421 180 126 32 envious
571 181 108 32 breath
709 193 72 20 ever
810 180 131 32 dimmed

125 239 54 32 the
195 240 56 32 fair
271 241 79 31 fame
375 241 34 31 of
428 241 87 32 these
535 243 126 32 severed
676 243 106 40 lovers,
799 242 55 32 but
869 242 72 39 they

127 300 82 32 lived
234 312 39 21 on
293 301 151 32 unsullied
461 302 32 31 in
514 303 52 31 the
588 304 101 40 world,
707 303 100 32 which
822 302 119 42 against

126 373 20 20 a
160 362 96 41 really
272 363 128 31 sublime
416 364 99 31 Truth
530 377 94 19 never
638 365 108 32 rebels.

170 423 61 31 For
245 427 61 27 tAvo
320 424 93 31 entire
429 436 88 29 years
532 425 42 32 M.
589 425 37 31 de
636 425 137 32 Varades
787 437 93 20 never
895 436 45 20 re-

125 483 111 32 turned
251 488 30 27 to
297 485 131 41 Europe,
447 486 60 30 and
521 486 75 31 then
611 486 41 32 M.
670 486 177 32 Beaudouin
863 485 76 32 died.

125 544 29 32 It
168 556 64 20 was
247 546 164 31 rumoured
433 546 68 31 that
517 558 38 20 on
577 546 47 32 his
648 546 164 32 death-bed
827 546 38 31 he
880 546 60 31 had

125 606 65 31 told
212 606 48 31 his
284 607 67 31 wife
378 607 70 32 how
475 608 38 31 he
537 608 60 31 had
621 608 139 31 watched
786 607 54 32 her
862 607 78 41 loyal

124 668 219 42 guardianship
371 670 34 30 of
422 670 48 31 his
494 670 125 40 honour,
644 670 60 31 and
721 670 69 31 how
812 669 46 31 his
882 669 58 31 last

125 735 152 26 moments
298 730 102 31 Avould
422 730 38 32 be
478 730 148 32 rendered
645 730 125 42 happier
790 729 25 31 if
834 729 37 31 he
888 729 52 31 felt

125 802 71 19 cure
212 790 35 31 of
258 790 55 32 her
328 791 157 40 marrying
500 791 42 32 M.
561 791 37 31 de
613 791 146 31 Varades.

169 850 156 32 However
340 851 60 31 this
416 851 96 40 might
527 851 47 39 be,
596 851 160 41 Raymond
772 851 50 30 did
837 855 102 26 return

124 915 34 26 to
180 910 86 31 Paris
289 922 18 19 a
338 911 107 41 couple
469 912 34 30 of
531 911 122 31 months
680 911 76 31 after
778 911 41 31 M.
845 911 94 31 Beau-

125 970 121 32 douin's
268 971 99 40 death,
383 971 60 32 and
457 972 153 31 remained
624 972 83 30 there
723 983 19 19 a
756 971 58 31 few
829 971 109 39 weeks,

124 1032 113 41 during
252 1032 100 31 which
367 1032 74 32 time
456 1032 38 31 he
510 1044 62 19 was
592 1044 18 20 a
628 1036 139 28 constant
786 1031 103 31 visitor
909 1036 30 26 at

124 1093 54 31 the
204 1093 178 32 Clavreuils.
428 1093 143 31 Madame
596 1093 176 31 Beaudouin
792 1092 72 32 then
888 1092 51 31 de-

123 1154 90 31 cided
235 1153 68 32 that
337 1154 52 31 the
420 1166 112 29 proper
561 1154 87 31 mark
682 1153 33 31 of
742 1158 117 36 respect
881 1153 58 31 due

124 1218 33 27 to
190 1214 54 32 her
278 1214 147 32 deceased
456 1214 138 31 husband
629 1225 70 28 was,
739 1213 64 31 that
832 1213 42 31 M.
902 1212 37 32 de

124 1276 141 31 Varades
289 1275 111 31 should
429 1279 102 27 return
555 1280 32 26 to
610 1274 45 31 his
678 1278 76 38 post,
780 1273 59 32 and
869 1273 70 41 only

124 1337 106 32 revisit
245 1336 86 31 Paris
352 1335 90 32 when
462 1335 52 32 the
535 1336 55 30 full
604 1339 78 27 term
699 1334 33 31 of
750 1334 53 31 her
818 1345 121 20 mourn-

124 1398 54 41 ing
201 1397 110 32 should
334 1397 77 31 have
436 1396 131 42 expired.
615 1396 66 30 Her
704 1395 138 41 slightest
864 1394 74 32 wish

124 1470 64 20 Avas
203 1463 31 27 to
251 1458 64 31 him
330 1470 19 19 a
364 1458 68 40 law,
444 1458 60 31 and
519 1457 39 31 he
575 1457 50 31 did
639 1461 103 26 return
758 1461 30 26 to
803 1455 134 43 Algeria.

123 1520 104 32 When
251 1519 51 33 the
327 1519 111 32 second
454 1530 73 29 year
545 1517 109 33 should
671 1518 35 31 be
726 1517 156 42 complete,
899 1517 39 31 he
