1090 1740
170 113 51 25 260

400 120 81 20 LOVE
505 120 65 20 THE
593 117 163 22 AVENGER.

169 202 31 26 to
231 198 87 41 point
347 203 33 26 to
411 209 18 20 a
461 196 88 32 small
580 196 101 40 ebony
710 192 82 33 table
824 190 75 32 with
930 188 68 34 four

170 258 131 43 straight
325 259 76 41 legs,
426 258 46 32 for
495 256 101 34 which
620 256 42 32 M.
686 255 37 32 de
745 254 168 41 Moranges
937 251 61 32 had

169 319 72 43 paid
276 319 120 42 exactly
427 319 112 32 double
574 318 54 32 the
656 317 82 42 price
777 316 93 42 given
906 314 42 42 by
980 325 18 20 a

170 381 117 32 famous
313 381 152 32 Brazilian
490 380 204 33 millionnaire
720 380 46 31 for
791 391 19 19 a
834 380 88 39 great
945 375 53 43 big

169 443 150 42 flaunting
341 443 82 32 table
446 442 164 33 encrusted
626 441 74 33 Avith
716 441 140 43 precious
882 443 113 27 stones.

169 505 72 31 And
257 505 61 31 this
334 517 63 20 was
420 505 53 32 the
496 505 66 31 rule
587 503 150 33 observed
760 502 32 32 in
816 501 41 33 all
879 500 115 42 things.

170 566 94 32 From
279 566 53 33 the
347 571 138 27 moment
507 566 69 32 that
600 565 52 32 the
676 564 139 42 Marquis
838 568 56 38 put
917 562 79 32 him-

170 627 60 32 self
248 632 32 27 at
302 628 52 32 the
377 628 80 31 head
473 628 34 31 of
526 639 18 20 a
566 627 104 40 house,
688 626 62 32 and
766 624 113 43 openly
895 628 102 28 enter-

169 689 102 32 tained
302 689 51 33 the
384 689 167 32 masculine
583 689 122 42 portion
736 687 34 32 of
800 686 125 42 society,
957 685 38 32 he

170 750 139 33 resolved
335 750 67 33 that
429 763 39 20 no
497 763 57 20 one
584 750 111 32 should
722 750 37 31 be
787 749 68 31 able
882 753 32 27 to
942 759 55 30 say

170 811 66 32 that
271 811 38 33 he
346 812 61 32 had
443 824 72 20 seen
542 812 53 32 the
623 811 221 43 magnificence
882 810 34 32 of
943 810 52 32 the

170 874 235 31 entertainment
436 874 172 41 surpassed.
656 873 35 41 If,
723 877 34 27 at
788 872 52 32 the
872 871 63 33 sale
966 871 33 32 of

170 946 83 20 some
278 935 93 32 noted
398 936 117 41 gallery
536 935 86 32 there
645 945 62 21 was
733 946 83 20 some
843 945 57 20 one
926 945 69 31 par-

170 997 110 31 ticular
291 998 116 41 picture
424 997 45 32 for
485 996 101 33 which
601 1000 220 38 governments
838 996 54 42 (let
907 995 87 32 alone

170 1059 83 31 Lord
269 1059 158 42 Hertford)
442 1071 80 21 Avere
538 1059 92 42 likely
642 1064 32 27 to
691 1059 53 31 bid
760 1058 235 41 extravagantly

170 1120 83 41 high,
270 1120 68 32 that
352 1120 117 43 picture
485 1132 64 21 was
566 1120 115 33 certain
702 1125 33 27 to
756 1120 38 32 be
815 1120 120 42 bought
955 1120 41 41 by

170 1181 42 33 M.
239 1181 37 33 de
301 1182 165 42 Moranges
480 1196 6 27 ;
523 1182 60 32 and
607 1182 27 32 if
653 1194 19 20 a
695 1181 156 33 thousand
875 1181 120 42 pounds

170 1243 89 31 could
283 1243 149 42 purchase
456 1255 18 20 a
496 1243 168 32 matchless
687 1243 221 41 saddle-horse,
927 1254 33 20 or
976 1242 23 32 if

170 1304 67 32 four
259 1304 153 32 thousand
432 1316 79 21 were
534 1305 117 32 needed
675 1309 31 27 to
732 1317 105 19 secure
860 1304 68 32 four
951 1304 45 31 in-

171 1366 201 41 comparable,
408 1367 60 31 and
502 1366 40 32 all
576 1367 55 31 but
665 1366 142 32 identical
844 1366 151 41 carriage-

170 1427 115 41 horses,
308 1428 51 32 the
381 1440 67 20 sum
465 1429 102 31 Avould
589 1429 39 31 be
651 1428 93 41 given
767 1428 159 42 instantly,
944 1428 52 32 the

171 1492 81 27 team
276 1489 104 30 driven
402 1489 42 41 by
463 1489 53 31 the
540 1501 111 28 owner,
677 1489 56 31 but
755 1501 40 19 no
820 1489 64 32 fuss
907 1490 90 32 made

171 1549 93 31 about
279 1550 31 31 it.
358 1550 51 30 All
432 1549 61 31 this
517 1550 92 39 leads,
628 1561 33 20 as
679 1550 54 31 the
757 1550 154 40 Dowager
927 1552 70 32 well
