1090 1740
160 107 54 26 204

391 114 82 21 LOVE
496 114 64 21 THE
583 111 163 23 AVENGER.

161 189 138 34 mistress
315 190 33 33 of
365 203 19 20 a
398 190 105 40 house,
521 190 69 31 that
606 189 42 32 M.
666 188 38 32 de
721 185 187 34 Beauvoisin
925 196 64 20 Avas

162 252 122 42 obliged
306 257 31 27 to
361 252 88 32 share
473 252 52 32 the
549 251 182 32 admiration
757 249 34 32 of
812 248 51 32 the
890 247 99 32 Avhole

161 313 94 32 Avorld
267 327 7 27 ;
309 313 69 41 and,
408 313 125 42 sharing
558 313 25 32 it
608 312 175 43 genuinely,
812 322 65 19 was
908 308 81 33 often

161 374 166 43 perplexed
347 375 30 32 in
397 375 52 32 the
470 380 136 27 extreme
630 379 31 28 at
682 374 53 33 the
757 373 90 33 small
863 375 126 29 amount

163 436 34 32 of
217 436 148 33 domestic
387 437 195 41 satisfaction,
607 437 34 31 of
659 437 90 31 home
774 435 138 40 comfort,
937 433 52 32 de-

163 498 86 32 rived
270 499 77 32 from
368 499 52 32 the
441 499 174 42 possession
639 498 34 32 of
691 498 75 32 such
786 509 18 20 a
822 495 167 33 matchless

163 560 77 33 wife.
274 561 36 31 In
326 561 46 31 his
389 573 68 20 OAvn
473 565 53 38 pet
542 561 121 42 phrase,
681 561 51 31 He
746 559 137 32 couldn't
898 558 91 32 make

162 622 24 30 it
202 626 62 26 out.

206 683 16 32 I
237 695 51 20 am
311 695 86 31 sorry
412 689 31 27 to
460 683 78 33 have
554 689 32 27 to
603 695 88 21 avow
707 683 30 40 it,
755 683 57 32 but
829 683 56 31 her
907 681 82 33 child

165 744 51 32 did
231 749 54 27 not
300 744 43 32 fill
360 757 42 30 up
423 744 52 33 the
492 745 70 32 void
580 745 31 31 in
629 744 128 33 Claire's
773 744 50 32 life
835 758 7 27 ;
868 744 50 31 did
934 747 55 27 not

162 810 196 38 compensate
374 810 30 28 to
421 805 55 33 her
492 805 45 33 for
553 805 54 33 the
623 806 107 32 failure
747 805 34 32 of
801 805 89 32 other
906 805 81 41 joys.

166 867 61 32 She
239 879 64 20 was
318 872 50 27 too
384 880 104 29 young
504 880 33 19 as
554 873 53 36 yet
622 868 47 31 for
683 868 52 31 the
752 866 99 43 grand
868 871 122 27 austere

165 928 144 32 devotion
339 934 32 26 to
404 929 50 32 the
487 934 138 27 creature
656 929 68 32 that
755 929 25 31 is
810 933 31 27 to
872 928 38 32 be
937 927 54 32 the

164 991 135 40 parent's
326 991 85 31 Avork
426 1004 6 27 ;
468 991 60 31 and
553 995 51 27 too
631 990 109 42 highly
767 989 167 33 cultivated
960 993 32 28 to

166 1052 63 32 find
245 1053 99 31 solace
366 1053 31 31 in
419 1053 51 32 the
492 1052 394 43 doll-and-plaything-like
903 1051 90 32 affec-

167 1114 64 31 tion
248 1114 34 31 of
296 1125 84 21 some
401 1114 137 32 mothers
556 1119 52 27 too
629 1114 84 41 early
734 1113 108 32 wived.
890 1112 102 33 Claire

166 1174 89 32 loved
281 1174 54 32 her
363 1186 54 21 son
449 1175 114 42 dearly,
590 1175 60 32 and
677 1186 64 21 Avas
772 1186 38 21 an
842 1175 152 32 excellent

166 1235 120 32 mother
310 1236 31 31 in
365 1248 94 30 every
481 1248 88 20 sense
582 1250 6 27 ;
622 1236 56 32 but
702 1236 55 32 her
782 1248 56 20 son
863 1235 52 33 did
940 1241 55 27 not

168 1296 110 44 supply
304 1297 53 32 the
384 1298 88 42 place
501 1298 34 31 of
560 1298 185 42 everything
769 1298 62 32 else
858 1303 32 27 to
917 1297 56 32 her
987 1311 6 18 :

167 1358 118 32 neither
324 1358 52 32 did
415 1359 136 42 religion.
614 1359 101 32 Claire
748 1371 63 20 Avas
845 1358 149 43 sincerely

167 1420 88 42 pious
269 1434 6 26 ;
308 1420 68 41 and,
405 1421 60 31 like
495 1425 82 27 most
607 1421 244 32 Frenchwomen
883 1421 34 31 of
942 1421 53 32 the

168 1485 124 37 present
313 1482 67 41 day,
405 1482 35 31 of
456 1494 39 19 an
515 1482 197 42 enlightened
731 1483 93 42 piety,
847 1483 148 41 knoAving

170 1542 82 31 what
273 1543 59 30 and
354 1543 166 32 wherefore
542 1544 55 32 she
619 1544 140 32 believed
771 1558 7 26 ;
803 1545 60 32 and
882 1545 113 33 believ-
