1090 1740
307 116 122 23 CHORDS
452 119 84 21 THAT
559 121 147 20 VIBRATE.

861 115 51 26 305

94 189 88 42 pulse
214 193 214 40 responded—
429 194 55 32 her
523 195 78 32 head
640 196 76 31 sank
756 208 81 30 upon
866 196 48 32 his

94 250 154 42 shoulder,
260 265 33 19 as
310 265 38 20 an
365 255 165 33 overladen
544 257 104 31 flower
659 257 68 31 that
742 257 127 31 inclines
880 261 32 27 to

94 312 94 32 earth.
236 314 94 31 Their
345 315 69 41 lips,
432 316 67 32 cold
516 317 60 31 and
591 317 172 41 trembling,
781 322 72 28 met.

137 437 85 31 Love
249 437 57 32 has
333 438 153 32 countless
513 438 137 32 different
673 440 105 31 modes
803 439 34 31 of
860 452 51 19 ex-

93 498 139 42 pression
232 518 45 2 —
277 498 122 42 passion
420 499 55 32 has
492 499 55 32 but
563 511 66 20 one.
675 501 30 30 It
720 500 26 31 is
761 501 51 31 the
829 512 82 20 same

93 559 116 42 always
221 573 6 27 ;
250 559 54 33 the
326 571 83 21 same
426 560 102 32 which
551 560 169 42 compelled
742 561 169 31 Francesca

92 620 61 32 and
170 621 95 31 Paolo
280 626 32 26 to
327 621 74 31 read
416 633 40 20 no
471 633 85 20 more
571 621 67 32 that
654 622 67 41 day,
739 622 58 31 and
812 622 99 31 which

91 682 63 31 will
171 682 88 31 doom
283 686 32 27 to
338 683 114 41 misery
468 682 61 31 and
550 682 69 31 ruin
642 694 33 20 so
697 694 93 30 many
806 687 104 27 count-

91 744 60 31 less
174 743 136 42 myriads
336 743 34 31 of
390 743 83 32 souls
497 743 32 31 in
552 743 62 32 this
634 755 54 19 our
711 743 199 42 inexplicable

91 805 164 31 existence.

133 867 75 31 This
232 878 64 20 was
321 866 83 32 what
430 866 61 31 had
516 865 162 42 happened
707 870 32 27 at
767 865 52 32 the
849 866 59 32 fete

91 929 34 31 of
146 928 53 32 the
227 928 138 41 Marquis
396 927 37 32 de
464 927 174 40 Moranges,
667 927 60 30 and
753 931 32 27 at
810 927 98 31 which

90 989 99 33 Henri
205 989 127 42 Dupont
354 1000 95 21 never
471 988 140 41 guessed.
658 988 76 31 Was
750 988 24 36 it
790 988 39 31 all
838 989 14 31 ?
875 1000 33 20 or

91 1063 64 20 was
172 1050 22 32 it
210 1050 132 41 nothing
351 1051 14 31 ?
409 1049 82 31 That
508 1048 25 32 is
552 1060 33 20 as
600 1048 24 31 it
639 1060 72 30 may
724 1048 38 31 be
763 1068 44 3 —
807 1049 23 30 it
846 1060 62 20 was

89 1112 132 42 perhaps
244 1111 128 40 neither,
388 1111 59 31 but
470 1109 119 42 simply,
607 1121 33 19 as
655 1109 147 31 Mercutio
827 1121 78 29 says,

88 1171 143 42 Enough.

375 1330 61 19 END
458 1329 36 20 OF
514 1329 65 20 VOL.
602 1329 15 19 I.

208 1564 113 10 BRADBURY,
334 1563 70 11 EVANS,
416 1563 40 11 AND
469 1563 36 11 CO.,
518 1562 101 12 PRINTERS,
632 1561 142 13 WHITEFRIARS.
