1090 1740
119 345 178 53 LOVE
355 348 137 52 THE
548 351 319 52 AVENGER

377 562 204 32 CHAPTER
607 563 22 31 I.

370 659 103 21 ALONE
498 660 34 20 IN
556 659 80 21 LIFE.

134 734 133 33 Almost
290 735 32 31 in
348 734 52 33 the
427 735 113 33 middle
567 736 34 32 of
623 736 69 32 that
717 736 194 42 wind-swept

90 795 83 42 plain
195 796 102 32 which
322 796 55 32 lies
400 796 139 33 between
563 797 85 32 Blois
671 797 61 32 and
755 798 154 40 Chartres,

90 856 61 31 and
173 857 107 31 dooms
302 861 32 27 to
358 857 157 41 unsightly
536 862 168 37 monotony
719 858 52 32 the
795 859 115 31 central

90 917 164 32 Provinces
279 917 34 32 of
339 918 129 40 France,
501 918 105 31 stands
637 930 18 20 a
685 919 87 31 small
798 920 110 41 village

90 977 97 32 called
203 978 44 32 St.
264 978 122 32 Martin.
565 990 138 30 memory
718 979 34 32 of
763 985 53 27 not
831 992 77 21 even

88 1039 52 31 the
168 1039 98 33 oldest
292 1040 181 40 inhabitant,
501 1039 25 32 it
549 1039 60 32 had
637 1040 77 31 been
738 1052 19 20 a
782 1041 124 40 hamlet,

86 1100 61 31 and
169 1100 42 32 its
233 1105 126 37 present
383 1100 205 42 village-state
604 1112 62 21 was
692 1113 38 20 an
753 1102 154 42 evidently

84 1161 164 42 transitory
278 1173 66 21 one.
392 1162 30 31 It
454 1173 61 20 was
546 1161 143 42 creeping
720 1162 106 41 slowly
851 1163 55 31 but

84 1221 128 42 steadily
225 1233 39 20 on
279 1226 33 28 to
328 1222 126 32 become
471 1234 18 19 a
504 1227 92 27 town.
640 1222 81 32 That
736 1223 101 31 would
852 1223 53 32 de-

82 1282 81 42 pend
178 1294 83 30 upon
278 1282 53 33 the
347 1283 117 41 precise
486 1287 84 37 spots
587 1283 111 32 chosen
722 1294 34 20 as
777 1283 126 32 stations

80 1342 49 32 for
153 1343 53 32 the
233 1344 124 41 railway
379 1344 70 40 line,
477 1343 90 33 when
594 1355 19 20 a
637 1343 113 32 certain
776 1344 126 39 branch,

80 1404 160 42 anxiously
270 1405 112 32 waited
416 1405 55 40 for,
504 1404 109 32 should
650 1404 39 32 be
719 1406 179 41 completed.

79 1466 61 32 For
170 1465 53 33 the
253 1471 144 35 moment,
428 1467 42 32 St.
499 1465 115 32 Martin
638 1478 64 20 was
726 1478 18 21 a
775 1467 122 43 village,

78 1527 69 40 and,
180 1539 34 20 as
240 1527 25 32 is
289 1527 88 32 usual
401 1527 31 31 in
460 1539 77 20 even
560 1527 53 32 the
643 1527 112 33 richest
778 1529 120 32 French

134 1594 51 14 VOL.
199 1594 14 14 I.

802 1597 12 13 B
