1090 1740
887 99 51 25 163

296 102 170 21 IMITATION
490 103 275 21 RESPECTABILITY.

119 177 91 32 made
232 189 85 31 away
341 178 73 32 with
440 190 40 20 no
498 178 240 33 inconsiderable
761 184 126 32 amount
911 180 33 31 of

120 238 84 33 linen
226 240 60 31 and
309 240 88 41 plate.

163 300 42 32 M.
231 301 37 32 de
298 302 166 41 Moranges
493 302 143 31 modified
669 302 46 32 his
749 303 106 31 tactics
878 303 60 31 and

119 363 156 32 conceded
298 375 17 20 a
337 364 83 41 point
443 376 33 19 or
498 369 70 27 two.
616 365 124 31 Instead
763 365 33 31 of
815 365 123 40 seeking

117 423 48 32 for
201 425 53 31 the
292 425 225 41 respectability
555 425 100 32 which
685 426 110 31 turned
833 430 52 27 out
906 431 32 26 to

118 485 39 31 be
174 497 18 20 a
215 497 83 20 mere
324 486 88 31 mask
436 486 45 31 for
507 486 189 42 speculation
714 486 60 32 and
796 486 141 41 intrigue,

120 546 39 31 he
176 546 126 32 decided
321 558 82 30 upon
420 547 104 41 trying
547 547 82 31 what
646 547 88 31 could
751 547 38 31 be
812 547 78 31 done
908 547 30 31 in

117 606 54 32 the
194 618 69 30 way
287 607 33 31 of
338 607 126 31 relative
488 607 130 41 honesty
640 607 94 32 based
757 619 82 30 upon
871 608 67 31 self-

120 667 135 33 interest.
303 668 66 32 The
384 669 73 41 plan
473 668 171 32 succeeded
659 669 108 31 better.
806 669 30 30 A
853 669 85 30 Paris

119 728 203 32 tradesman's
338 729 159 41 daughter,
520 729 148 41 tolerably
694 729 70 31 well
780 729 156 39 educated,

119 789 62 31 and
196 790 103 31 whose
320 790 176 41 experience
513 790 34 31 of
564 790 50 31 life
630 801 63 20 was
708 790 84 39 hard,
811 801 17 19 a
843 790 95 40 good-

121 850 125 40 looking
276 862 103 29 young
408 862 120 19 Avoman
553 850 65 41 just
647 850 110 31 turned
787 850 103 41 thirty,
908 850 30 30 in

121 910 104 31 whose
250 910 199 41 composition
472 910 163 31 sentiment
657 910 61 31 had
733 922 39 19 no
788 914 77 37 part,
883 922 55 19 un-

120 971 129 31 dertook
278 971 53 31 the
362 971 111 40 charge
508 971 33 31 of
574 971 92 40 being
696 970 179 41 companion
905 976 32 25 to

121 1033 143 31 Madame
289 1032 157 32 Claudine.
493 1032 124 31 Certain
643 1031 193 31 unfortunate
866 1043 70 29 pas-

119 1105 90 29 sages
232 1093 31 31 in
278 1093 61 31 this
363 1104 104 30 young
489 1092 96 41 lady's
601 1097 77 37 past,
696 1093 30 30 in
741 1092 98 31 which
855 1103 83 20 mere

118 1154 241 32 miscalculation
386 1154 60 31 had
476 1153 146 32 achieved
647 1153 52 32 the
729 1153 84 31 work
837 1153 34 31 of
889 1164 48 20 so-

121 1215 96 32 called
247 1215 152 39 devotion,
428 1214 62 31 had
519 1214 203 31 transformed
748 1214 54 31 her
832 1214 63 31 into
918 1225 19 19 a

117 1287 102 21 sworn
243 1287 110 30 enemy
375 1280 33 26 to
435 1275 39 31 all
497 1286 153 29 romance,
668 1274 59 31 and
751 1274 53 31 she
827 1274 110 32 earned

118 1337 56 32 her
189 1348 104 30 wages
315 1337 142 41 honestly
474 1336 129 41 enough,
621 1336 92 41 being
731 1336 31 31 in
787 1336 108 41 reality
918 1348 17 19 a

118 1397 62 33 safe
215 1397 181 42 companion
427 1397 60 32 and
524 1397 149 31 associate
706 1397 45 31 for
778 1397 154 32 Claudine.

117 1459 64 33 She
204 1458 126 32 dressed
351 1458 79 40 well,
455 1458 103 42 spoke,
584 1458 60 31 and
667 1469 76 21 even
764 1463 93 26 wrote
880 1458 55 32 her

115 1532 72 20 OAvn
209 1519 154 42 language
385 1523 55 28 not
454 1524 51 27 too
521 1519 190 42 incorrectly,
729 1519 59 32 and
804 1530 63 21 was
883 1530 53 21 ex-

804 1585 18 16 M
839 1582 10 19 2
