1090 1740
426 108 49 20 MY
499 108 143 21 NEPHEW.

888 104 50 27 167

165 183 76 32 Two
265 184 115 31 o'clock
402 184 112 31 struck.

165 244 228 33 Mademoiselle
413 245 135 43 Aspasie
573 257 84 21 came
682 246 31 31 in
739 246 124 42 looking
887 258 54 19 un-

123 305 138 32 amiable.

199 367 159 32 Herminie
371 368 26 30 is
546 368 53 31 she
613 368 73 41 said,
695 368 101 32 rather
809 368 129 41 sharply.

169 428 149 32 Claudine
342 429 110 30 turned
476 428 54 32 her
557 429 108 41 glance
692 430 77 31 from
795 430 52 31 the
871 442 69 19 con-

123 489 181 42 templation
320 489 35 31 of
372 501 136 30 vacancy
524 494 32 27 to
579 490 67 31 that
662 491 34 30 of
714 491 226 31 Mademoiselle

123 550 159 42 Aspasie's
298 555 208 27 countenance
507 570 44 3 —
551 551 55 31 but
622 551 65 31 said
701 552 138 40 nothing.

198 612 159 31 Herminie
374 612 61 31 will
457 624 39 29 go
497 631 43 4 —
542 612 53 32 she
618 612 125 42 persists
766 613 31 30 in

121 673 165 32 reiterated
307 673 52 32 the
385 674 190 41 companion,
604 685 32 20 as
662 674 118 40 though
807 673 54 32 she
887 674 52 31 felt

122 735 119 41 injured
264 735 43 41 by
333 735 53 31 the
409 739 82 27 want
513 735 33 31 of
567 735 126 31 interest
718 735 92 31 taken
833 735 31 31 in
886 735 53 32 her

123 795 264 32 communication.

244 868 132 30 suppose
403 868 46 20 we
478 868 56 20 can
565 857 62 31 find
654 857 127 31 another
803 857 81 31 maid
907 862 31 26 to

122 918 71 32 take
209 918 55 32 her
416 918 165 40 suggested
597 918 154 31 Claudine.

199 978 31 32 It
256 978 25 31 is
520 978 134 31 retorted
688 978 80 31 Mile.
800 977 138 41 Aspasie,

153 1039 67 32 that
236 1039 89 31 when
342 1039 15 30 I
372 1038 78 31 have
473 1043 56 37 put
551 1039 39 30 all
613 1050 51 29 my
680 1050 114 29 energy
811 1038 61 30 into
887 1037 51 32 the

123 1100 215 41 undertaking,
367 1111 46 19 we
436 1111 73 29 may
534 1099 59 31 end
617 1099 40 41 by
680 1099 156 41 replacing
860 1098 78 31 Her-

121 1160 94 33 minie
227 1174 6 27 ;
258 1160 56 32 but
329 1160 24 32 it
375 1160 27 31 is
425 1160 51 32 the
492 1160 80 32 third
595 1160 72 32 time
670 1179 41 4 —
712 1160 60 31 and
788 1172 32 19 so
839 1160 24 30 it
879 1159 59 31 will

122 1234 40 29 go
186 1233 39 21 on
249 1226 32 27 to
306 1221 52 31 the
383 1221 59 31 end
465 1221 34 31 of
518 1221 52 31 the
594 1221 123 41 chapter
718 1240 43 3 —
762 1220 60 31 and
847 1220 41 31 M.
910 1220 28 31 le

121 1282 149 42 Marquis,
295 1282 60 31 and
378 1293 69 30 you,
465 1286 60 35 too,
549 1281 152 40 Madame,
720 1293 80 19 seem
824 1281 114 40 always

121 1348 31 27 to
173 1342 87 32 think
287 1342 183 41 everything
493 1342 25 31 is
542 1354 33 19 so
592 1354 72 29 easy
676 1343 6 30 !
706 1341 144 40 whereas,
872 1341 27 30 if
916 1341 22 31 it

121 1415 81 21 were
218 1408 55 27 not
287 1403 47 31 for
353 1414 53 30 my
423 1403 147 32 ceaseless
585 1403 106 31 labour
712 1403 59 31 and
789 1403 148 32 attention

121 1476 47 21 we
185 1464 109 32 should
316 1475 95 20 never
434 1463 78 32 have
529 1475 17 20 a
568 1463 111 32 femme
695 1464 36 31 de
749 1463 141 32 chambre
907 1469 30 27 at

121 1525 39 32 all
162 1545 42 2 —
207 1525 55 31 I'm
280 1536 67 21 sure
364 1525 16 31 I
395 1525 85 32 work
496 1525 113 41 myself
620 1530 31 26 to
668 1525 91 32 death
769 1525 7 33 !
