1090 1740
184 99 36 26 46

419 106 83 21 LOVE
525 106 64 21 THE
612 103 159 23 AVENGER.

186 183 139 42 kindling
347 183 66 43 Lher
443 195 65 30 eye,
546 195 19 20 a
597 181 118 33 sudden
750 180 87 32 blaze
874 178 35 33 of
936 177 77 43 light

186 244 105 42 nearly
306 243 126 33 blinded
458 243 64 33 her.
569 244 31 31 A
616 242 75 32 door
708 240 120 44 opened
844 239 89 42 wide,
952 239 61 33 and

184 304 78 32 from
299 305 54 32 the
392 305 226 42 dining-room
654 302 155 34 streamed
839 301 83 33 forth
960 300 53 33 the

184 367 142 32 radiance
343 366 34 33 of
389 366 107 44 lamps,
513 366 61 33 and
600 366 138 33 steamed
764 365 82 33 forth
870 364 53 33 the
945 364 66 31 rich

183 427 109 33 odours
320 427 33 33 of
375 428 109 32 viands
509 428 62 32 and
597 428 103 32 wines.
748 427 67 33 The
841 427 82 32 meal
946 438 65 21 was

183 488 108 42 ended,
309 489 101 32 voices
427 501 81 21 were
524 489 95 33 heard
646 489 32 31 in
697 489 142 43 pleasant
855 488 76 41 talk,
949 488 62 32 and

182 562 38 19 on
237 550 52 32 the
305 550 158 32 threshold
491 551 35 32 of
546 551 51 31 the
624 551 83 41 door,
725 550 53 32 the
803 550 125 42 hungry
950 549 60 43 girl

182 612 61 32 had
273 624 19 20 a
318 613 100 31 vision
446 613 34 31 of
501 618 60 27 two
585 613 50 32 old
660 625 80 28 men,
765 612 135 43 pausing
922 612 47 32 for
992 623 18 21 a

181 679 137 27 moment
334 675 30 30 in
381 674 81 32 their
478 686 146 21 converse
652 686 50 22 ere
724 675 75 42 they
816 675 123 33 crossed
955 675 55 32 the

182 736 70 32 hall.
307 736 89 42 They
420 736 125 33 seemed
579 741 33 28 to
646 736 55 33 her
734 736 166 42 enframed,
927 749 33 20 as
983 738 27 32 it

181 808 89 28 were,
295 797 31 31 in
350 797 175 42 splendour,
551 810 33 20 as
607 798 80 32 their
709 803 63 28 two
788 799 114 42 figures
920 800 90 32 stood

181 863 53 27 out
257 869 83 31 upon
362 857 55 33 the
432 858 203 43 background
651 859 34 33 of
703 872 228 30 gorgeousness
947 862 62 32 and

181 918 128 33 comfort
335 919 68 32 that
430 931 65 21 was
521 921 139 42 supplied
684 921 42 43 by
741 921 54 33 the
817 922 192 34 illuminated

181 980 272 41 dining-chamber.
