1090 1740
163 103 34 24 64

396 108 82 21 LOVE
501 109 64 20 THE
588 106 160 23 AVENGER.

163 187 61 32 and
247 186 54 34 she
316 187 99 42 gazed
438 191 32 28 at
493 186 55 34 her
563 186 122 32 mother
711 195 85 21 more
818 182 32 33 in
866 181 127 33 wonder

161 248 75 34 than
251 248 30 33 in
297 248 159 44 reproach.
504 248 62 33 For
587 260 19 21 a
629 251 139 29 moment
792 245 55 33 she
869 243 124 34 seemed

161 310 104 43 trying
281 315 32 27 to
338 310 118 32 fathom
479 309 52 33 the
555 321 91 21 cause
662 308 168 34 wherefore
856 306 54 33 she
927 317 66 21 was

160 371 72 32 thus
248 371 150 43 repulsed.
446 371 72 32 And
534 371 72 33 then
615 371 52 32 the
678 382 76 31 gaze
764 381 65 21 was
844 367 146 42 lowered,

159 433 55 33 the
236 437 96 29 sweet
354 433 79 33 head
449 433 135 42 drooped
606 445 84 31 upon
715 432 52 33 the
791 432 113 40 breast,
930 430 62 33 and

162 496 100 32 Claire
292 496 104 42 glided
425 496 180 43 noiselessly
635 496 79 32 from
749 496 56 32 her
842 494 147 33 mother's

159 569 154 29 presence.

203 618 142 33 Madame
362 618 36 33 de
416 618 154 33 Clavreuil
594 619 59 32 fled
668 624 32 27 to
717 618 56 33 her
799 629 69 22 own
889 629 97 29 room,

159 679 108 33 locked
297 679 52 32 the
373 679 82 40 door,
480 685 66 27 cast
576 679 118 33 herself
719 691 82 31 upon
826 679 52 33 the
903 679 85 32 Prie-

159 740 87 40 Dieu,
270 740 87 32 burst
387 740 64 33 into
474 752 39 21 an
544 752 102 31 agony
664 740 33 33 of
716 741 71 32 sobs
810 741 61 32 and
893 745 94 37 tears,

158 801 69 41 and,
246 801 139 43 clasping
400 801 54 33 her
470 801 107 42 hands,
594 802 178 32 murmured
788 802 127 42 bitterly
917 822 43 3 —

233 861 58 41 Oh,
304 861 115 33 Father
434 861 30 33 in
477 862 131 33 Heaven
620 864 7 31 !
652 863 90 32 when
755 863 61 32 will
832 876 53 30 my
898 864 88 32 weak

159 928 108 27 nature
282 922 64 33 find
361 923 24 32 it
402 934 72 32 easy
490 928 32 27 to
538 924 39 32 do
594 924 84 32 what
693 924 26 33 is
735 925 86 41 right
832 927 15 31 ?

202 984 194 43 Meanwhile,
414 985 54 33 she
485 998 63 20 was
565 986 94 42 doing
675 987 86 33 what
777 999 63 21 was
856 999 116 29 wrong.
