1090 1740
881 99 51 25 201

461 102 122 20 CLAIRE.

110 173 61 32 and
195 179 55 27 not
274 179 32 28 to
332 176 79 32 need
434 177 109 33 words.
598 178 87 42 They
709 178 101 33 Avould
835 190 98 21 some-

109 233 92 33 times
228 247 71 31 pass
327 248 17 19 a
370 237 143 42 morning
538 239 149 40 together,
715 239 60 32 and
801 244 53 27 not
881 251 52 20 ex-

110 295 118 43 change
245 301 52 28 ten
311 297 127 42 phrases
451 311 8 27 ;
482 300 56 31 but
558 300 52 32 the
632 300 138 32 embrace
786 300 33 32 in
833 300 99 32 which

110 357 74 42 they
208 358 103 32 folded
334 359 76 31 each
437 360 87 31 other
549 365 31 27 at
604 361 130 42 parting,
763 361 63 32 said
850 373 83 20 more

108 418 77 32 than
201 432 83 20 mere
300 421 99 31 words
416 432 127 30 convey.

154 481 30 31 It
199 486 83 27 must
296 487 54 26 not
366 482 38 32 be
419 482 154 41 forgotten
595 482 68 32 that
680 483 126 32 Claire's
821 483 113 42 feeling

108 542 134 31 towards
273 543 115 32 Olivier
412 554 63 21 was
505 548 55 27 not
591 543 112 43 simply
729 544 201 32 indifference.

109 603 170 32 Whatever
311 603 52 32 she
394 603 91 33 knew
512 604 34 32 of
568 604 54 32 her
653 604 84 32 heart
767 604 61 32 had
853 605 78 31 been

107 664 94 41 given
216 670 32 27 to
265 665 129 32 another
405 679 6 27 ;
437 665 60 32 and
516 665 53 32 the
592 677 105 20 severe
720 665 160 32 education
902 666 33 31 of

108 737 106 31 young
239 725 95 33 ladies
358 726 32 32 in
415 726 128 40 France,
569 726 61 32 and
655 726 54 32 the
733 727 134 41 practice
890 727 41 42 by

108 786 100 33 which
232 787 74 42 they
326 799 51 20 are
401 787 144 32 secluded
566 787 79 32 from
667 787 53 32 the
743 792 190 27 movements

110 847 35 32 of
162 847 54 32 the
240 848 138 31 external
402 848 103 39 world,
523 859 80 20 were
626 848 94 42 likely
743 853 32 26 to
798 848 135 31 increase

110 908 105 31 rather
230 908 76 31 than
322 908 144 31 diminish
488 908 51 31 the
561 908 81 31 force
667 908 34 31 of
720 908 52 31 the
796 908 66 31 first
877 908 57 31 im-

110 981 147 29 pression.

155 1031 42 32 So
212 1031 101 32 Claire
326 1034 83 28 went
425 1042 39 20 on
479 1029 106 43 loving
599 1029 55 33 her
667 1030 102 32 cousin
781 1030 108 32 Victor
890 1050 42 2 —

109 1092 106 41 loving
238 1091 63 32 him
325 1091 74 31 with
422 1091 40 31 all
485 1091 54 31 her
561 1091 208 41 imagination,
794 1090 61 32 and
877 1090 55 32 her

111 1165 88 20 sense
216 1153 30 31 of
270 1152 268 42 disappointment.
586 1151 50 32 He
652 1163 62 20 Avas
736 1151 54 32 her
810 1151 121 32 illusion

108 1215 33 30 in
157 1214 51 31 life
212 1233 41 3 —
253 1213 56 31 her
331 1213 135 31 chimera
479 1226 7 27 ;
510 1211 51 33 the
581 1212 235 42 representative
840 1212 34 32 of
892 1212 39 32 all

107 1276 71 32 that
207 1274 100 41 might
339 1273 60 32 and
422 1272 102 33 would
554 1272 77 32 have
662 1272 78 32 been
769 1272 163 42 happiness

108 1336 24 31 if-

151 1398 44 31 M.
214 1396 37 32 de
267 1396 153 39 Lancour,
440 1395 24 31 it
483 1398 84 28 must
586 1393 37 33 be
642 1393 135 41 avowed,
796 1405 62 21 was
878 1394 51 32 the

107 1470 77 30 ATery
206 1461 63 27 sort
291 1456 34 31 of
341 1467 112 31 person
473 1459 32 28 to
524 1455 135 42 provoke
677 1454 52 33 the
750 1455 178 32 admiration

106 1520 62 31 and
195 1518 188 32 attachment
411 1517 35 31 of
468 1516 75 32 such
567 1528 18 20 a
611 1528 119 20 woman
758 1528 34 20 as
819 1516 107 33 Claire.
