1090 1740
143 104 14 23 8

377 107 82 20 LOVE
482 105 65 22 THE
570 103 159 23 AVENGER.

189 185 88 42 They
303 184 131 32 married
465 183 60 32 and
555 187 83 27 went
668 186 32 27 to
727 180 61 31 live
813 177 74 33 with
918 176 55 33 the

144 251 128 38 peasant
294 246 100 32 father
416 257 75 20 near
514 244 93 33 Blois.
654 242 88 42 They
766 241 61 32 had
851 245 61 27 two
938 251 35 20 or

143 308 86 32 three
251 308 144 40 children,
413 307 68 40 and,
500 307 30 31 in
547 317 107 21 course
676 304 35 32 of
729 303 82 41 time,
829 303 55 32 the
908 307 64 28 two

143 369 114 33 fathers
272 369 75 32 both
363 369 77 40 died,
467 368 60 32 and
551 367 117 33 Claude
691 364 121 44 Raynal
836 364 61 32 and
921 363 48 33 his

143 430 68 33 wife
227 442 85 21 came
328 430 64 32 into
408 430 52 32 the
477 430 177 42 enjoyment
669 428 35 32 of
718 428 160 31 whatever
893 426 76 42 they

141 503 79 21 were
249 496 33 27 to
311 491 38 32 be
376 491 161 43 possessed
563 491 37 32 of.
647 490 67 32 The
741 489 62 32 bits
835 488 34 32 of
895 488 74 31 land

141 553 107 31 ruined
264 553 85 31 them
365 553 123 42 utterly,
507 564 33 20 as
556 552 72 32 land
649 551 31 32 in
704 551 75 33 such
796 550 173 33 conditions

141 615 83 31 ruins
249 626 93 30 many
365 614 169 32 thousands
558 613 34 32 of
614 618 89 38 petty
724 612 189 44 proprietors
937 612 32 32 in

142 675 125 32 France.
315 674 117 33 Claude
448 674 125 33 fancied
591 674 38 32 he
646 673 62 33 had
724 685 84 21 some
825 672 143 43 aptitude

140 736 46 31 for
202 736 191 41 agriculture,
412 736 60 31 and
495 740 54 28 not
571 735 118 42 having
705 735 72 32 land
794 734 124 43 enough
934 739 34 27 to

139 802 62 27 test
223 797 87 32 these
332 797 155 42 aptitudes
510 809 92 30 upon,
620 797 38 32 he
675 797 164 32 borrowed
854 808 113 30 money

139 864 31 26 to
198 859 61 41 buy
282 870 18 19 a
324 858 46 32 bit
396 870 34 20 or
453 863 62 27 two
536 870 95 30 more,
655 859 61 32 and
741 871 17 20 a
781 871 76 30 very
880 859 87 32 short

139 919 72 31 time
239 930 64 20 saw
328 918 65 32 him
415 918 157 42 beggared
596 919 34 32 of
648 920 111 32 almost
782 921 185 42 everything

139 980 38 32 he
193 981 167 41 possessed.
406 981 103 31 When
525 981 53 32 the
595 982 209 33 irretrievable
820 983 68 32 ruin
905 983 62 32 had

139 1045 47 28 set
208 1041 39 40 in,
275 1041 81 40 then,
389 1053 33 20 as
453 1042 170 43 invariably
654 1043 140 43 happens
825 1044 31 32 in
890 1045 76 32 such

139 1112 94 28 cases,
249 1100 103 42 began
367 1100 53 32 the
436 1102 187 41 martyrdom
641 1103 34 32 of
691 1103 53 33 the
762 1104 78 33 wife.
888 1106 77 32 This

138 1161 134 32 endured
296 1161 122 32 fifteeen
443 1174 99 30 years,
568 1163 53 32 the
649 1175 57 21 one
733 1170 89 36 great
846 1167 119 31 marvel

138 1222 93 41 being
244 1222 70 31 how
328 1222 54 32 the
404 1234 77 30 poor
495 1224 156 32 wretched
666 1236 120 22 woman
803 1228 161 32 contrived

139 1288 31 27 to
185 1284 78 41 keep
279 1284 41 31 all
341 1284 79 32 their
443 1284 94 33 heads
562 1285 97 34 above
676 1292 98 27 water
789 1288 46 33 for
852 1291 77 31 such
945 1302 19 21 a

139 1346 73 40 long
234 1345 85 42 lapse
346 1345 34 32 of
405 1346 82 32 time.
535 1346 62 33 But
623 1347 53 33 she
704 1349 50 32 did
779 1362 42 21 so.
871 1352 93 33 Some

139 1407 77 31 little
232 1418 157 22 resources
404 1419 80 21 were
509 1408 55 33 left
586 1414 33 27 to
642 1410 64 42 her,
724 1412 61 33 and
801 1413 90 33 when
908 1415 59 33 she

139 1467 61 32 had
216 1479 75 21 once
308 1479 71 22 seen
392 1469 112 43 clearly
516 1470 64 32 into
592 1471 56 32 her
664 1472 167 35 husband's
843 1481 122 38 nature,

141 1527 53 33 she
211 1527 131 43 thought
357 1528 116 34 herself
484 1530 137 43 justified
636 1533 31 32 in
684 1536 178 41 concealing
878 1537 85 34 them
