1090 1740
364 429 201 32 CHAPTER
589 430 69 31 VII.

392 524 67 22 TWO
483 524 154 22 MOTHERS.

148 601 174 33 Fourteen
347 601 123 33 months
492 602 112 42 passed
626 602 49 42 by,
701 602 60 32 and
783 603 83 32 Mile,
884 603 38 31 de

105 663 151 32 Clavreuil
273 662 61 33 had
349 663 75 32 been
451 662 131 33 married
603 675 83 20 more
702 663 73 32 than
800 676 18 19 a
839 676 81 30 year.

105 724 66 32 The
183 724 142 42 wedding
339 728 70 28 tour
425 723 33 33 of
468 723 52 33 the
536 724 137 42 Marquis
689 724 37 32 de
742 725 181 32 Beauvoisin

106 786 61 31 and
192 785 47 31 his
270 785 68 32 wife
371 785 61 31 had
463 785 78 32 been
570 785 89 32 made
689 790 32 27 to
751 786 88 41 Italy,
863 785 60 31 and

105 847 75 41 they
202 846 61 31 had
285 846 111 42 passed
415 846 53 31 the
489 846 100 31 whole
608 858 133 20 summer
759 846 31 31 in
807 847 94 30 Rome
916 860 6 27 ;

106 919 34 20 or
170 907 111 40 rather,
314 907 101 32 whilst
447 907 99 32 Claire
575 907 155 31 remained
760 907 164 42 stationary

107 968 95 41 there,
227 968 56 31 her
304 967 139 32 husband
466 967 89 32 made
579 966 84 33 short
680 967 144 43 journeys
847 967 76 32 from

107 1030 87 41 place
216 1033 33 27 to
271 1029 85 41 place
371 1042 5 18 :
400 1034 32 26 to
462 1029 148 31 Ravenna
636 1040 33 20 or
690 1032 30 28 to
743 1028 125 42 Naples,
892 1034 31 26 to

107 1090 140 32 Palermo
271 1102 34 19 or
327 1095 31 26 to
382 1090 77 31 Pisa.
507 1089 112 42 People
642 1089 64 31 said
721 1089 142 31 Madame
887 1088 36 32 de

109 1151 183 32 Beauvoisin
314 1163 62 19 was
400 1162 105 30 wrong
516 1164 6 27 ;
546 1150 68 32 that
628 1154 33 28 to
684 1154 68 38 stay
774 1150 31 31 in
828 1151 95 30 Rome

110 1213 109 41 during
251 1212 53 32 the
342 1212 55 32 hot
433 1211 124 33 months
595 1223 63 20 was
689 1211 102 31 insane
829 1211 45 31 for
907 1223 18 19 a

109 1286 120 19 woman
252 1274 31 30 in
305 1274 54 31 her
382 1273 180 41 interesting
585 1272 160 41 condition,
770 1272 59 31 and
858 1272 67 31 that

108 1335 53 32 the
184 1334 137 41 Marquis
352 1334 95 41 ought
470 1339 33 26 to
525 1338 128 37 prevent
683 1333 24 31 it
720 1346 6 27 ;
750 1333 55 30 but
829 1333 95 31 Rome

111 1395 122 32 seemed
255 1399 32 27 to
310 1395 134 31 exercise
474 1405 83 20 some
580 1393 161 32 invincible
765 1393 160 32 attraction

110 1468 74 20 over
214 1455 109 41 Claire,
356 1455 60 32 and
449 1455 138 32 between
618 1454 54 32 her
702 1454 138 32 husband
866 1455 58 31 and

108 1516 116 33 herself
243 1517 85 31 there
359 1528 62 20 was
445 1516 179 41 apparently
647 1515 73 32 such
751 1528 38 19 an
815 1516 109 41 imper-
