1090 1740
138 115 50 25 168

368 120 82 21 LOVE
475 120 64 21 THE
562 116 163 24 AVENGER.

177 196 83 33 Mile.
292 196 159 42 Aspasie's
483 195 146 43 specialty
660 205 63 20 was
750 197 32 27 to
813 189 151 44 persuade

135 259 175 42 everybody
335 258 35 32 of
391 258 55 32 her
469 255 273 44 indispensability,
770 253 61 32 and
859 251 33 33 of
912 251 52 32 the

135 321 84 41 large
235 324 128 28 amount
379 319 34 33 of
424 319 56 33 her
497 319 144 32 devotion
658 323 32 27 to
710 317 55 31 her
782 314 182 43 employers.

310 381 74 33 does
407 381 161 32 Herminie
709 376 144 44 inquired
870 376 94 33 Clau-

137 444 71 32 dine
224 444 99 41 lazily.

211 505 48 32 Oh
272 507 6 30 !
302 505 45 31 for
362 505 52 31 the
432 516 83 20 same
531 516 108 20 reason
652 503 69 32 that
736 502 75 43 they
822 502 41 32 all
879 513 41 30 go
929 502 7 32 !

137 567 133 32 retorted
296 567 53 31 the
376 566 71 42 lady
474 567 31 30 in
537 566 136 41 waiting,
707 564 174 43 shrugging
911 564 55 32 her

137 629 167 32 shoulders.
385 629 62 32 She
463 640 71 30 says
556 628 55 32 she
627 632 99 27 Avants
748 632 31 27 to
795 638 88 21 serve
899 626 32 32 in
948 638 18 20 a

138 690 186 43 respectable
351 690 114 42 family,
484 690 61 32 and
570 690 68 32 that
655 690 26 31 if
705 690 55 31 she
785 694 85 37 stays
893 689 73 32 here

137 757 51 27 too
205 752 80 41 long,
303 751 123 42 nobody
442 751 61 32 will
520 751 71 32 take

182 813 148 32 Claudine
347 813 119 42 opened
489 812 55 33 her
567 824 81 31 eyes,
674 812 61 33 and
760 813 112 32 looked
896 825 34 20 as
946 812 25 32 if

141 875 53 31 she
210 886 63 20 was
289 875 136 41 puzzled,
442 874 61 32 and
525 874 51 32 did
591 879 55 27 not
666 874 175 42 altogether
856 875 112 32 under-

141 937 90 31 stand
241 938 7 30 !

185 997 229 32 Mademoiselle
441 998 141 41 Aspasie,
600 997 70 32 Avho
687 1009 64 20 Avas
776 1002 54 27 not
854 997 35 31 of
914 997 56 32 her

140 1063 117 35 nature,
275 1059 144 39 taciturn,
437 1064 82 27 AATent
535 1071 48 20 on.

354 1121 145 42 repeated
530 1121 75 41 she;
765 1121 40 32 all
831 1133 55 30 say
917 1121 53 32 the

141 1193 83 20 same
241 1182 89 41 thing
345 1195 6 27 ;
375 1182 57 32 but
455 1182 22 32 it
492 1182 25 32 is
541 1182 71 42 only
629 1194 18 20 a
662 1187 125 38 pretext
802 1196 5 19 :
832 1182 52 33 the
908 1182 63 33 real

141 1242 61 33 fact
233 1242 33 41 is,
295 1243 73 42 they
395 1243 73 32 bore
495 1243 187 32 themselves
710 1248 32 27 to
770 1243 93 32 death
876 1257 5 28 ;
918 1243 53 33 the

141 1303 94 33 house
253 1304 25 32 is
295 1304 62 32 dull
368 1305 6 31 !
400 1304 23 32 it
446 1305 25 31 is
495 1317 39 19 no
559 1316 54 20 use
638 1305 136 42 denying
789 1305 25 32 it
826 1319 6 27 ;
857 1305 114 32 there's

143 1376 40 21 no
206 1370 184 37 movement,
408 1378 41 20 no
473 1371 202 37 amusement,
694 1379 39 19 no
758 1366 63 42 fun,
840 1367 131 42 nothing

143 1425 68 33 fast.
259 1427 96 31 What
378 1439 50 21 are
445 1428 76 42 they
543 1433 32 27 to
600 1429 38 31 do
648 1430 14 30 ?
707 1428 97 32 What
826 1428 27 32 is
869 1434 34 27 to
918 1429 53 32 be-

144 1498 86 20 come
247 1487 34 31 of
292 1488 85 32 them
389 1491 14 30 ?
426 1489 52 32 the
495 1490 95 31 house
607 1490 25 31 is
649 1490 64 31 dull
726 1491 6 30 !

263 1548 46 33 it?
357 1550 171 32 demanded
544 1551 160 39 Claudine,
723 1551 74 31 Avith
814 1563 18 20 a
848 1551 122 34 curious
