1090 1740
416 109 49 20 MY
489 109 145 20 NEPHEW.

879 102 53 25 169

112 185 178 41 expression
322 185 34 32 of
379 185 73 32 face.
665 185 82 32 what
776 184 25 32 is
831 188 33 27 to
894 184 37 31 be

190 306 149 42 Nothing,
376 307 142 31 Madame
532 308 6 31 !
599 306 137 32 retorted
766 305 167 33 authorita-

116 366 95 43 tively
226 368 130 42 Aspasie
369 380 7 28 ;
431 367 85 32 there
541 368 25 31 is
589 368 131 40 nothing
742 372 33 27 to
797 368 37 30 be
856 367 77 31 done

114 429 57 31 but
194 434 32 27 to
256 441 39 30 go
326 441 38 20 on
391 430 156 41 changing
559 431 6 31 !
612 430 15 31 I
658 430 62 31 had
745 429 134 41 thought
904 428 34 32 of

114 490 165 41 proposing
302 495 32 27 to
365 490 41 33 M.
434 490 28 32 le
492 490 137 42 Marquis
655 495 32 27 to
717 496 53 35 get
797 501 72 20 over
895 501 40 20 an

114 551 253 41 Englishwoman
379 564 6 19 :
409 551 74 42 they
499 562 55 31 say
574 551 74 41 they
668 562 52 20 are
738 551 116 40 steady,
873 550 61 31 and

113 622 58 20 can
190 611 39 31 do
245 611 128 32 without
394 617 191 27 amusement
599 625 5 26 ;
629 612 73 30 here
722 611 25 31 it
764 611 26 31 is
812 615 74 27 next
901 615 31 26 to

114 671 175 41 impossible
290 692 44 3 —
334 673 31 30 in
395 673 77 41 spite
498 673 34 31 of
557 672 53 31 the
638 683 160 20 enormous
829 682 104 30 wages

113 732 75 42 they
202 738 62 35 get,
290 733 60 31 and
372 733 52 32 the
449 733 142 32 comforts
615 733 61 32 and
697 733 143 39 luxuries,
860 732 74 41 they

114 804 81 20 none
212 793 33 31 of
263 794 85 31 them
367 794 59 31 will
449 799 66 36 stay
526 794 6 32 !
556 794 73 41 they
646 805 82 20 seem
750 799 31 25 to
804 793 90 31 think
910 792 24 31 it

115 854 103 40 unjust
231 867 7 27 ;
273 855 61 31 and
372 855 74 40 they
470 854 62 32 will
567 854 133 41 actually
730 853 102 32 rather
864 853 67 31 sink

117 915 145 42 down_to
277 915 94 41 being
385 915 52 32 the
461 916 83 30 maid
567 915 35 31 of
620 927 84 19 some
720 914 102 41 stupid
846 914 89 31 hum-

115 976 90 31 drum
222 976 163 42 bourgeois1
405 976 67 32 wife
490 976 83 42 (with
596 987 19 20 a
637 976 113 31 chance
767 975 34 32 of
818 987 116 29 marry-

115 1036 53 40 ing
194 1036 52 32 the
269 1041 211 27 man-serArant
488 1036 18 41 !)
532 1037 72 31 than
632 1036 37 32 be
693 1036 111 41 moped
825 1048 50 29 up,
899 1047 34 20 as

115 1097 75 40 they
207 1096 57 32 call
289 1097 31 39 it,
338 1097 73 31 with
432 1109 44 20 us.
523 1098 15 30 I
561 1097 71 31 dare
656 1108 55 30 say
732 1108 46 20 we
795 1096 77 32 shall
896 1097 36 31 be

116 1157 122 40 obliged
263 1161 32 27 to
320 1161 52 36 get
396 1169 71 20 over
493 1169 39 19 an
552 1157 251 41 Englishwoman
826 1157 32 31 in
880 1157 52 31 the

116 1217 59 32 end
188 1218 7 31 !
240 1217 124 41 Money,
390 1217 74 42 they
488 1229 63 29 say,
580 1218 62 30 will
668 1218 90 31 make
784 1218 85 31 them
894 1218 38 31 do

115 1278 158 42 anything,
291 1278 147 41 whereas,
463 1290 56 20 one
543 1290 56 20 can
619 1279 38 30 do
679 1278 130 41 nothing
823 1278 75 32 with
915 1290 19 20 a

115 1339 148 40 Parisian,
281 1339 25 30 if
317 1339 55 31 she
388 1343 67 36 gets
471 1351 39 19 no

158 1400 122 41 During
306 1400 61 31 this
390 1400 107 40 tirade,
526 1400 147 32 Claudine
703 1400 61 32 had
793 1400 139 43 relapsed

114 1462 66 32 into
197 1462 55 31 her
275 1461 111 31 former
408 1460 172 41 distraught
600 1461 59 31 and
675 1466 111 26 vacant
802 1461 51 40 air,
872 1462 60 31 and

114 1523 231 33 Mademoiselle
361 1522 131 41 Aspasie
507 1534 70 20 now
593 1522 111 32 turned
715 1534 83 20 some
810 1523 121 40 portion
