1090 1740
169 108 52 25 112

399 114 83 21 LOVE
506 114 64 21 THE
592 111 162 24 AVENGER.

243 191 50 33 No
307 193 6 31 !
344 204 53 30 my
418 192 73 32 dear
512 191 110 40 fellow,
645 190 24 32 it
692 189 25 31 is
741 191 57 29 not
944 184 54 32 ob-

164 253 101 43 jected
303 253 52 33 the
393 253 147 42 Marquis,
572 250 189 42 confusedly.
858 247 16 32 I
913 245 86 33 don't

169 326 90 21 mean
275 320 32 27 to
323 314 135 33 exercise
479 326 60 31 any
556 313 182 44 superiority
755 322 75 21 over
852 309 147 43 anybody

169 396 41 4 —
212 378 15 30 I
253 389 94 20 never
375 377 50 31 did
427 396 40 4 —
469 376 24 32 it
518 376 27 32 is
571 381 55 27 not
656 387 53 30 my
736 385 70 30 Avay
818 386 6 28 ;
864 372 16 31 I
911 371 88 32 leave

170 439 101 32 Claire
294 440 62 32 free
379 451 34 20 as
437 439 44 31 air
492 452 7 28 ;
524 438 55 31 but
602 436 158 33 somehow
777 435 91 32 Avhen
887 432 112 44 people

169 513 51 20 are
244 502 131 31 married
399 501 75 42 they
496 500 96 41 ought
615 504 32 27 to
669 503 54 38 get
745 502 33 28 to
801 497 95 31 know
922 494 77 33 each

213 624 98 33 Henri
324 624 127 43 Dupont
463 629 54 38 got
529 636 50 31 up,
595 623 122 32 walked
728 627 33 27 to
773 621 54 33 the
840 620 159 42 chimney-

170 684 94 43 piece,
283 690 46 28 set
344 685 47 32 his
410 685 79 32 back
510 684 122 42 against
651 684 33 41 it,
706 683 62 32 and
791 681 100 43 gazed
907 681 92 31 down

170 750 32 28 at
220 745 46 33 his
288 745 107 41 friend,
413 745 69 32 who
498 756 64 21 was
585 745 61 31 still
668 744 108 41 lolling
796 743 81 32 back
896 742 33 31 in
950 740 49 33 his

170 806 92 41 chair,
286 807 75 32 with
386 807 48 32 his
458 811 62 28 two
544 806 100 32 hands
668 805 99 33 under
791 805 47 32 his
862 804 137 42 helpless

169 868 87 31 head.

320 929 24 32 it
375 929 25 32 is
430 934 55 27 not
516 941 79 20 even
625 928 54 33 the
710 927 136 44 lordship
878 927 35 33 of
946 927 53 33 the

170 991 142 32 husband
342 991 68 32 that
441 1003 61 30 you
698 989 66 32 said
795 989 47 41 he,
876 989 75 32 with
983 1000 18 21 a

170 1053 243 41 compassionate
430 1052 95 32 smile.
607 1052 71 31 You
696 1051 93 42 fancy
804 1051 70 31 that
889 1051 43 42 by
946 1050 54 32 the

171 1114 108 42 simple
302 1114 99 31 virtue
426 1113 34 32 of
480 1113 52 32 the
556 1113 156 41 marriage
737 1117 50 27 act
806 1117 63 27 two
890 1113 110 41 people

171 1176 69 30 who
256 1174 128 41 ignored
403 1174 77 32 each
502 1174 88 31 other
609 1174 110 41 totally
739 1174 52 32 the
810 1174 61 42 clay
885 1173 114 42 before,

172 1248 49 21 are
260 1248 39 20 on
337 1237 53 32 the
427 1248 131 20 morroAv
597 1241 32 27 to
668 1237 93 30 know
800 1236 77 32 each
915 1236 87 32 other

171 1298 197 43 thoroughly,
395 1298 59 32 and
478 1298 39 32 be
544 1298 68 32 able
639 1303 32 27 to
699 1303 93 27 count
817 1310 83 30 upon
927 1298 75 33 each

173 1360 86 32 other
286 1359 30 32 in
343 1359 40 33 all
410 1359 206 42 emergencies
633 1373 7 27 ;
678 1358 119 44 humph
810 1359 7 33 !
857 1370 40 21 an
928 1370 74 31 easy

173 1432 123 31 process
320 1425 33 27 to
378 1420 37 32 be
441 1432 68 20 sure
524 1421 5 31 !
557 1420 65 41 but,
647 1432 54 31 my
722 1420 84 43 good
830 1420 126 42 Olivier,
960 1440 42 5 —

174 1483 73 31 does
263 1494 76 29 your
354 1482 69 32 wife
438 1482 91 31 know
546 1494 61 29 you
619 1484 14 30 ?

248 1543 60 31 But
343 1542 114 33 there's
492 1543 131 40 nothing
645 1548 33 26 to
710 1543 93 32 knoAV
838 1543 31 31 in
902 1556 50 20 me
966 1546 7 31 !
