1090 1740
407 115 41 21 LA
472 116 168 22 TRAVIATA.

879 114 53 26 133

154 188 147 33 Towards
324 190 53 32 the
400 191 113 32 middle
537 192 34 31 of
590 192 52 32 the
669 193 97 41 grand
790 193 143 33 staircase

110 250 91 31 stood
225 251 52 32 the
300 264 110 29 person
434 264 92 30 every
550 265 57 20 one
623 265 64 21 was
706 266 85 20 more
816 266 32 20 or
871 254 62 33 less

110 310 79 43 busy
205 312 82 32 with.
333 313 98 32 There
448 326 79 20 were
543 314 56 32 but
613 315 59 32 few
687 315 108 42 people
811 315 122 41 behind,

110 372 52 32 the
179 374 102 31 crowd
302 374 51 42 lay
369 375 133 31 beneath
519 375 66 40 her,
603 376 61 31 and
680 381 32 27 at
728 377 74 31 each
819 377 114 31 instant

110 444 79 30 gave
212 446 130 30 passage
365 439 32 27 to
420 447 80 28 men,
518 436 118 31 famous
660 436 30 31 in
706 436 51 32 the
782 438 106 31 annals
905 438 33 31 of

110 506 83 20 mere
209 495 127 40 fashion,
356 496 69 31 who
441 497 127 40 pressed
583 496 130 32 forward
728 502 31 27 to
779 498 95 41 speak
890 502 42 36 to,

109 556 63 31 and
187 556 39 31 be
242 557 183 41 recognized
439 558 41 41 by
495 558 63 32 her.
607 558 44 32 Of
669 558 51 32 the
738 563 196 37 strangeness

110 617 36 31 of
157 617 54 32 her
226 623 106 37 aspect
347 618 86 32 there
458 618 89 32 could
568 618 39 33 be
622 630 40 21 no
679 619 103 41 doubt,
800 619 55 32 but
871 631 63 20 was

110 680 55 32 she
189 679 177 33 beautiful?
412 679 62 33 She
504 680 153 41 produced
689 680 52 32 the
772 680 102 32 effects
905 680 33 32 of

111 742 112 40 beauty
224 761 43 3 —
269 741 61 32 and
345 740 67 33 that
429 741 133 32 sufficed.

158 803 62 33 She
243 814 64 20 was
336 802 33 32 of
391 802 111 32 middle
528 802 116 42 height,
673 803 60 31 and
757 803 179 42 apparently

114 862 311 43 Avell-proportioned,
440 862 119 42 though
568 863 53 31 the
632 862 63 32 furs
711 863 60 31 and
785 864 64 30 lace
861 863 75 31 veils

115 923 100 33 which
226 922 147 44 wrapped
387 923 55 32 her
458 923 105 41 round,
577 923 102 32 rather
690 923 51 32 hid
753 923 52 32 the
821 923 74 32 lines
907 923 33 32 of

114 985 52 31 the
177 984 160 32 shoulders
353 984 61 32 and
429 984 87 32 neck.
563 984 66 32 Her
640 984 93 40 dress,
745 984 33 32 of
790 984 76 42 deep
882 984 55 32 red

114 1046 112 41 velvet,
244 1057 65 20 was
324 1044 150 43 gathered
490 1056 41 30 up
548 1044 31 32 in
601 1044 100 43 heavy
717 1045 76 32 folds
809 1045 30 32 in
855 1045 81 32 front

113 1107 62 31 and
201 1106 73 32 held
305 1106 42 41 by
375 1116 39 21 an
447 1105 154 41 ungloved
627 1104 90 41 hand,
745 1105 191 42 unhealthily

114 1168 91 31 Avhite
221 1168 60 31 like
298 1171 74 27 unto
393 1166 96 42 ivory,
507 1166 61 32 and
584 1177 38 21 on
638 1166 52 32 the
706 1166 84 32 wrist
806 1165 134 33 whereof

113 1228 109 32 blazed
237 1228 52 31 the
305 1227 102 32 rubies
429 1227 59 32 and
512 1226 159 32 diamonds
687 1226 98 32 Avhich
808 1226 60 31 had
884 1237 53 21 ex-

115 1289 82 33 cited
212 1288 145 32 Madame
381 1287 38 32 de
435 1287 168 42 Varignan'
608 1299 13 20 s
641 1299 87 29 envy.
776 1286 65 32 The
857 1286 80 32 hood

115 1351 36 32 of
172 1362 19 20 a
205 1350 66 31 lace
287 1348 61 32 veil
364 1348 53 32 she
433 1359 80 21 wore
528 1348 62 32 had
605 1347 92 33 fallen
712 1348 80 31 back
808 1348 59 31 and
883 1347 55 33 left

115 1413 56 31 her
194 1410 81 32 head
298 1409 183 32 uncovered.
529 1409 29 32 It
582 1420 63 21 was
673 1420 18 20 a
717 1408 133 42 singular
871 1409 66 32 face

115 1474 69 32 that
200 1475 64 28 met
279 1480 77 33 your
372 1480 55 31 eye
442 1469 95 40 there,
552 1469 60 31 and
629 1480 55 20 one
695 1469 67 31 that
778 1469 157 42 explained

115 1535 57 33 her
188 1543 143 23 surname
354 1530 34 32 of
408 1529 66 33 The
491 1529 127 42 Sphinx.
665 1529 65 33 The
747 1531 190 40 complexion
