1090 1740
171 106 50 26 172

406 111 82 20 LOVE
512 110 63 21 THE
599 107 160 23 AVENGER.

432 190 65 32 said
522 188 159 41 Claudine,
707 186 78 32 after
809 196 18 21 a
850 183 107 44 period
973 182 34 32 of

170 252 184 42 application
381 257 32 27 to
444 252 55 32 her
530 251 124 40 studies,
684 248 100 33 which
813 246 126 33 seemed
969 250 32 27 to

170 313 59 32 call
254 312 46 33 for
324 324 84 21 some
432 312 191 41 relaxation;
733 309 62 33 will
821 309 39 31 be
888 308 114 32 Easter

170 375 87 32 week
273 376 30 31 in
319 388 19 19 a
353 375 58 33 few
427 375 75 42 days
514 389 6 28 ;
539 387 57 20 one
610 375 82 31 can't
708 384 82 21 Avear
806 371 106 32 velvet
924 369 78 33 after

323 500 160 32 Madame!
508 511 57 20 one
751 495 116 44 replied
892 494 107 33 Made-

168 561 135 32 moiselle
327 561 140 42 Aspasie,
493 561 125 41 looking
644 572 42 30 up
710 560 78 31 from
812 558 57 31 her
892 557 85 32 Avork
991 571 7 27 ;

198 622 56 32 but
281 634 56 20 one
363 634 56 20 can
443 635 83 19 wear
551 622 88 32 other
663 621 106 42 things
772 640 42 3 —
815 620 79 42 light
911 620 84 40 silks,

166 683 62 32 and

377 746 25 31 is
553 745 166 32 remarked
741 744 161 41 Claudine,
924 743 71 33 with

167 807 82 31 Avhat
264 807 46 31 for
328 807 55 32 her
398 819 63 20 Avas
483 819 39 20 an
544 807 156 42 emphasis
712 820 6 28 ;
744 806 61 31 and
827 806 102 31 Avhilst
944 805 51 32 the

166 868 83 31 hand
264 868 68 31 that
358 868 73 31 held
455 868 51 32 the
534 880 60 30 pen
610 868 105 41 glided
741 868 147 41 listlessly
905 867 90 32 down

166 930 41 41 by
222 930 55 31 her
290 930 72 40 side,
380 930 53 31 the
457 930 89 31 other
569 930 93 40 hand,
680 930 70 31 half
766 930 113 31 hidden
895 929 32 31 in
943 929 51 32 the

165 991 100 32 flaxen
281 991 110 40 braids,
410 991 167 42 supported
600 991 53 32 the
677 991 80 32 head
780 1003 86 20 more
883 991 110 43 firmly,

165 1052 60 32 and
248 1052 53 32 she
325 1052 109 32 looked
457 1052 115 43 fixedly
593 1058 33 27 at
649 1052 56 32 her
728 1053 194 42 companion,
948 1064 47 21 re-

165 1113 125 41 peating
304 1113 55 33 her
375 1113 109 33 words.

240 1176 113 31 Velvet
369 1176 24 31 is
409 1176 65 31 rich
474 1196 44 2 —
519 1176 133 31 crimson
669 1177 104 30 velvet
789 1177 100 30 above

239 1237 141 32 Crimson
412 1237 103 32 velvet
546 1238 106 31 makes
684 1250 61 30 you
778 1239 72 31 look
882 1239 63 32 like
977 1251 16 21 a

165 1310 107 29 queen,
531 1299 149 32 observed
719 1300 82 33 Mile.
850 1301 143 42 Aspasie,

164 1359 139 42 crossing
318 1359 73 32 both
416 1360 54 31 her
495 1360 100 32 hands
617 1372 83 31 upon
728 1361 53 32 the
807 1373 79 32 open
911 1362 82 32 book

164 1421 101 31 before
290 1421 63 40 her,
380 1422 61 31 and
464 1422 115 41 gazing
602 1422 133 41 straight
752 1422 64 33 into
840 1423 55 33 the
917 1436 76 30 very

165 1482 109 40 depths
291 1482 34 31 of
336 1482 177 32 Claudine's
525 1483 186 41 mysterious
728 1495 80 29 eyes.

237 1542 78 31 Like
353 1555 19 19 a
410 1555 98 29 queen
520 1544 6 32 !
590 1545 177 32 murmured
807 1546 52 31 the
891 1546 98 41 latter,
