1090 1740
155 125 15 24 2

388 125 82 21 LOVE
493 124 64 21 THE
580 121 160 23 AVENGER.

157 206 140 40 districts,
323 205 24 32 it
370 215 63 21 was
463 201 121 33 neither
608 212 19 20 a
653 199 197 44 picturesque
881 208 56 20 nor
964 207 20 20 a

156 267 86 32 clean
261 277 66 22 one.

198 330 45 31 As
259 328 45 32 far
326 339 33 20 as
383 326 23 33 it
428 331 91 34 went,
535 325 54 32 the
613 323 77 32 little
712 322 87 43 place
823 332 65 21 was
911 332 74 30 pos-

156 390 104 33 sessed
286 389 34 32 of
340 388 41 33 all
406 388 39 32 its
470 386 170 43 requisites.
687 385 31 31 It
744 383 62 32 had
833 394 18 20 a
875 393 109 31 mayor

155 452 74 31 with
249 451 48 32 his
319 449 190 42 belongings,
529 459 18 21 a
563 459 79 28 cure,
669 458 18 20 a
710 444 232 40 schoolmaster,
964 453 19 22 a

163 513 105 32 Garde
295 512 190 42 Champetre,
517 509 60 32 and
608 520 17 21 a
655 507 234 44 post-mistress.
952 505 30 31 It

155 574 90 32 could
268 579 82 26 want
372 572 130 41 nothing
524 582 94 29 more,
641 570 61 32 and
725 580 64 21 was
812 567 115 34 certain
950 566 38 33 of

155 635 92 40 being
263 634 69 32 well
347 633 60 32 and
424 631 184 43 sufficiently
624 630 228 33 administered.

197 696 65 31 The
287 696 59 31 five
377 707 33 19 or
442 694 46 32 six
519 693 140 32 hundred
682 691 186 33 individuals
897 702 86 21 com-

154 757 111 43 posing
286 757 51 31 the
359 755 179 43 population
563 755 34 31 of
618 755 44 32 St.
679 753 116 32 Martin
818 752 163 32 inhabited

154 830 18 21 a
202 818 160 32 collection
398 817 34 32 of
465 822 84 36 stray
580 820 183 36 tenements,
796 815 186 42 irregularly

154 879 106 32 dotted
286 878 93 32 about
399 878 54 32 the
476 878 132 42 straight
635 878 61 32 line
721 878 35 32 of
775 878 76 32 road
878 878 102 31 which

154 940 50 32 led
232 939 79 33 from
337 939 84 33 Blois
444 945 32 27 to
503 940 109 40 Tours,
639 939 61 33 and
726 939 109 41 which,
868 939 114 33 looked

154 1006 31 27 at
200 1000 78 32 from
301 1012 19 20 a
341 1000 130 40 balloon,
488 1000 103 32 would
610 1000 80 32 have
707 1000 124 33 seemed
854 1011 19 21 a
895 1012 87 21 mere

154 1061 92 42 patch
269 1072 39 21 on
331 1061 52 32 the
406 1061 102 40 broad,
526 1062 55 31 flat
604 1066 144 37 garment
764 1061 35 33 of
817 1061 53 33 the
885 1062 95 43 plain.

156 1122 49 33 On
214 1122 52 32 the
282 1122 179 42 right-hand
478 1122 73 41 side,
565 1134 34 20 as
615 1134 61 30 you
692 1134 87 20 came
794 1122 79 33 from
884 1123 96 40 Blois,

155 1183 88 32 stood
265 1183 53 32 the
341 1182 123 41 church,
493 1195 19 20 a
535 1183 89 32 small
650 1183 117 41 edifice,
784 1184 127 42 terribly
927 1189 56 27 out

156 1244 34 32 of
207 1245 107 42 repair,
339 1244 73 32 with
440 1244 40 32 its
505 1244 178 32 traditional
713 1245 105 42 porch,
846 1246 137 32 beneath

155 1305 101 32 which
271 1305 52 32 the
348 1310 147 37 peasants
519 1310 188 37 congregate
731 1317 39 20 on
794 1307 89 42 rainy
900 1308 83 32 Sun-

156 1365 84 43 days,
263 1366 59 31 and
345 1366 39 32 its
406 1366 207 42 traditionally
630 1367 133 32 crooked
787 1368 91 42 spire,
895 1369 86 41 bent,

157 1439 33 19 as
221 1427 52 32 the
304 1428 65 31 said
398 1433 144 37 peasants
578 1429 127 40 believe,
737 1430 42 42 by
810 1430 54 33 the
895 1430 88 33 inex-

158 1488 102 32 orable
283 1489 185 32 north-west
494 1490 107 32 winds.
650 1490 49 33 On
726 1491 99 32 either
852 1491 65 33 side
941 1492 40 41 of,

159 1549 58 32 and
248 1550 137 41 opposite
414 1555 41 36 to,
484 1551 52 32 the
564 1552 124 40 church,
718 1552 153 33 extended
898 1553 86 32 what
