1090 1740
151 106 52 26 198

382 113 82 19 LOVE
486 113 65 19 THE
574 111 161 21 AVENGER.

148 202 94 30 prove
264 190 50 33 the
331 191 174 41 something
522 190 53 32 she
599 189 61 32 had
677 188 188 33 discovered.
914 188 59 32 But

147 252 60 33 this
223 252 82 44 plain
331 253 73 42 duty
420 252 99 33 Claire
546 251 192 41 overlooked,
765 251 116 41 setting
904 250 69 33 her-

147 313 59 32 self
225 313 169 43 altogether
417 313 128 32 another
567 313 79 40 task,
676 312 61 33 and
762 312 119 43 strictly
904 323 69 32 per-

145 374 131 43 forming
305 378 84 28 what
431 375 152 42 appeared
624 379 33 27 to
699 374 55 32 her
801 374 53 32 the
884 374 86 43 duty.

144 436 124 32 Instead
293 436 34 32 of
345 437 160 41 labouring
526 441 32 27 to
582 436 131 42 develop
743 435 53 33 the
828 436 143 32 dormant

143 499 138 41 capacity
304 499 34 31 of
355 498 82 42 good
466 499 31 30 in
525 498 124 41 Olivier,
675 498 60 32 and
760 498 123 42 leading
906 498 63 31 him

141 559 41 42 by
197 572 40 19 no
260 565 112 27 matter
398 560 68 31 how
494 560 75 31 slow
596 572 17 19 a
641 572 134 30 process,
794 560 26 31 if
838 560 25 32 it
887 571 82 21 were

142 621 70 42 only
228 633 57 21 one
306 627 68 37 step
398 621 108 41 higher
528 632 41 31 up
594 632 39 21 on
656 621 52 32 the
730 621 115 42 ladder,
864 621 103 33 Claire

140 683 232 42 unconsciously
395 688 82 26 went
508 694 37 20 on
575 683 162 42 mounting
767 683 100 32 round
892 683 77 32 after

141 745 97 31 round
270 744 34 32 of
327 744 52 32 the
409 744 105 32 ladder
545 744 122 41 herself,
700 745 61 31 and
792 745 91 32 could
913 750 55 27 not

141 804 111 33 choose
275 805 56 32 but
346 805 39 32 be
402 809 128 28 content
546 805 74 32 with
638 805 85 32 what
739 805 53 32 she
810 806 155 33 achieved.

141 866 61 32 She
218 866 98 32 raised
339 866 120 41 herself,
486 878 55 30 yes
553 867 7 31 !
586 866 56 32 but
667 866 54 32 she
744 879 96 21 never
856 869 112 32 endea-

138 928 114 31 voured
268 932 32 27 to
316 927 78 32 raise
410 927 65 31 him
489 941 7 28 ;
520 939 40 20 on
583 927 52 32 the
662 933 153 38 contrary,
834 929 54 32 she
912 930 55 32 left

136 989 63 31 him
217 989 66 41 just
310 989 100 32 where
434 989 39 31 he
490 1001 72 29 Avas,
588 989 62 31 and
673 990 134 42 thought
834 991 24 32 it
884 991 82 42 right

136 1054 31 27 to
199 1049 193 32 subordinate
431 1049 55 32 her
519 1062 84 20 mere
635 1056 66 27 acts
738 1057 33 27 to
808 1052 48 33 his
891 1053 71 41 Avill,

134 1122 93 21 never
251 1111 155 42 disputing
437 1111 48 32 his
516 1112 165 43 authority,
710 1113 58 32 but
799 1126 96 20 never
917 1115 47 32 for

135 1184 38 19 an
199 1172 115 32 instant
337 1173 133 41 desiring
493 1173 68 32 that
583 1174 38 32 he
647 1174 110 33 should
778 1176 37 31 be
840 1188 33 20 so
896 1177 66 32 bet-

134 1234 86 32 tered
243 1245 33 20 as
298 1233 46 32 for
366 1234 55 32 her
442 1239 32 27 to
496 1240 114 27 esteem
635 1236 72 32 him.
757 1237 62 33 She
845 1239 117 43 obeyed

134 1293 63 32 him
227 1294 167 43 implicitly,
426 1295 56 32 but
513 1308 94 20 never
630 1297 53 31 did
707 1297 63 42 she,
803 1299 53 32 the
881 1306 82 27 most

133 1366 149 29 generous
314 1356 34 31 of
374 1356 54 32 her
455 1368 62 30 sex,
550 1359 131 41 practise
707 1361 177 43 generosity
914 1367 47 27 to-

134 1416 98 32 Avards
254 1416 73 34 him.
376 1417 61 33 She
464 1430 95 20 never
587 1421 82 31 drew
694 1433 110 22 nearer
830 1428 31 27 to
887 1424 72 42 him,

132 1487 92 21 never
254 1477 83 33 drew
367 1478 64 32 him
461 1491 107 21 nearer
592 1486 32 27 to
652 1482 55 32 her
720 1496 6 27 ;
762 1495 94 21 never
887 1485 72 32 held

134 1540 52 29 out
208 1537 53 32 her
284 1538 81 33 hand
388 1544 32 27 to
444 1542 108 31 enable
569 1542 61 31 him
654 1548 32 27 to
702 1548 51 36 try
768 1544 27 33 if
813 1545 38 33 he
870 1548 91 31 could
