1090 1740
872 92 51 25 113

395 96 63 19 THE
482 96 156 19 HUSBA_ND.

105 171 157 33 answered
274 172 52 32 the
338 171 146 43 Marquis,
502 172 183 43 innocently.
765 173 55 32 I'm
836 178 54 27 not
908 186 17 20 a

105 237 145 37 mystery.
297 234 57 31 I'm
370 233 60 32 like
447 233 174 41 everybody

149 294 103 32 Count
267 294 125 41 Dupont
408 294 139 41 laughed.

181 356 72 31 And
267 356 142 31 Madame
425 355 37 32 de
479 356 184 32 Beauvoisin
688 357 25 31 is
733 361 54 28 not
806 357 119 41 exactly

105 417 61 31 like
183 416 174 41 everybody
480 418 177 31 murmured
672 417 47 33 he.

315 478 27 31 is
379 477 55 32 her
639 479 198 41 propounded
874 478 50 31 the

106 539 145 40 Marquis.

182 601 50 30 Eh
243 602 13 29 ?
305 600 171 31 demanded
491 600 109 31 Henri.
679 601 95 30 What
785 602 15 29 ?

236 674 54 30 say
326 662 86 32 there
455 662 25 31 is
524 661 54 32 her
782 662 144 42 repeated

106 723 126 32 Olivier.

180 784 91 41 Well,
286 784 42 32 let
339 784 22 32 it
371 795 72 31 pass
456 797 5 20 :
478 784 87 32 there
581 784 26 32 is
622 784 55 32 her
692 784 107 32 defect.
836 784 89 32 Have

109 857 61 31 you
196 845 151 43 anything
373 845 32 31 in
431 856 149 29 common,
600 845 123 40 Olivier,
749 845 75 32 with
850 857 77 30 your

109 906 93 33 wife?
246 907 16 31 I
277 918 89 20 mean
381 917 61 30 any
456 906 68 32 idea
547 917 33 20 or
598 906 130 42 opinion,
746 917 33 21 or
798 917 129 30 occupa-

109 966 72 39 tion,
199 978 33 21 or

152 1027 115 33 Olivier
284 1026 107 42 sighed
412 1026 60 32 and
497 1026 132 32 scanned
651 1026 53 32 the
729 1027 109 41 ceiling
855 1027 72 32 with

109 1101 18 18 a
142 1088 141 31 troubled
298 1088 53 31 air.

183 1149 92 40 Well,
293 1149 56 32 I'm
374 1160 68 21 sure
458 1148 17 32 I
491 1148 83 32 don't
591 1148 81 42 quite
827 1148 38 32 he
881 1160 46 20 re-

105 1211 101 42 plied;
359 1210 16 31 I
406 1209 84 33 don't
519 1209 89 32 think
639 1221 45 20 Ave
714 1209 80 33 have
823 1209 102 32 much.

108 1272 101 32 Claire
232 1271 88 32 reads
348 1282 18 20 a
389 1275 87 37 great
501 1270 74 40 deal,
602 1270 59 32 and
686 1270 54 32 she
764 1270 54 32 has
844 1281 17 20 a
881 1281 46 20 re-

107 1332 141 43 putation
263 1331 46 33 for
332 1331 93 42 being
448 1343 19 20 a
493 1336 87 37 great
607 1331 148 31 musician
768 1344 6 27 ;
798 1331 56 31 but
875 1331 52 32 the

107 1394 98 32 music
221 1393 55 32 she
291 1392 78 32 likes
384 1391 102 33 would
502 1391 83 32 drive
613 1403 48 20 me
678 1391 172 41 distracted,
868 1392 59 32 and

105 1455 52 31 the
173 1452 97 33 music
286 1453 15 32 I
318 1452 95 42 enjoy,
430 1452 24 40 I,
473 1452 162 40 somehow,
653 1452 85 32 don't
753 1457 125 27 venture
894 1458 33 27 to

105 1527 132 30 propose
253 1519 32 28 to
302 1514 54 32 her
371 1518 32 28 to
420 1525 84 21 come
530 1513 61 32 and
612 1513 80 33 hear.
739 1513 90 43 Why,
847 1526 78 29 now,

164 1585 53 13 VOL.
231 1583 15 15 I.
835 1582 8 15 I
