1090 1740
147 103 33 25 62

381 109 83 20 LOVE
486 109 65 20 THE
573 106 161 23 AVENGER.

224 188 101 33 Claire
338 188 6 33 !
400 187 169 33 exclaimed
591 187 145 32 Madame
753 184 37 31 de
808 181 166 40 Clavreuil,

146 249 109 41 hardly
270 249 156 41 believing
441 249 84 32 what
541 248 53 33 she
610 248 104 33 heard.
794 244 101 33 Claire
909 244 6 32 !

189 312 62 31 But
273 310 53 33 the
348 310 60 43 girl
423 322 63 20 was
502 321 71 21 now
588 309 114 42 clearly
718 306 118 34 carried
852 304 124 44 beyond

146 374 54 32 her
227 373 88 32 usual
340 372 88 32 timid
452 384 123 21 reserve
605 372 42 42 by
674 383 18 20 a
720 381 143 33 purpose.
913 366 63 34 She

145 434 127 43 pressed
301 433 156 42 forwards,
497 433 100 32 seized
635 432 75 33 both
740 432 56 32 her
826 429 149 33 mother's

145 496 107 40 hands,
276 496 68 40 and,
363 496 74 32 with
464 507 93 30 every
580 495 69 42 sign
676 494 35 32 of
729 491 246 35 uncontrollable

146 558 147 40 agitation
295 577 42 3 —

221 619 123 33 Mother
357 620 7 32 !
430 619 54 32 she
519 619 131 43 pleaded
663 631 6 28 ;
811 628 50 20 me
896 626 76 21 once

146 681 96 42 speak
256 685 31 28 to
311 692 61 31 you
397 680 78 33 from
499 692 53 31 my
567 680 89 33 heart
656 700 42 3 —
701 690 85 30 once,
803 678 103 33 before
931 677 41 33 all

144 741 27 32 is
202 753 80 28 over,
315 741 60 32 and
404 741 215 33 irretrievable.
673 740 124 33 Mother
810 741 7 32 !
849 744 85 28 must
956 739 16 32 I

145 814 104 29 marry
263 803 43 31 M.
325 803 36 31 de
378 803 186 31 Beauvoisin
576 805 15 30 ?

188 864 144 32 Madame
348 864 37 31 de
402 864 155 32 Clavreuil
573 876 115 30 sprang
712 865 78 31 from
815 864 55 32 her
895 868 76 36 seat,

145 926 61 31 and
231 925 101 32 stared
359 925 75 32 Avith
459 930 193 28 amazement
676 930 32 27 at
731 926 54 32 the
811 926 83 31 child
918 925 53 32 she

144 987 123 32 seemed
289 991 32 27 to
346 987 91 31 know
466 999 40 19 no
537 987 115 42 longer.
699 987 75 33 Had
803 988 54 32 the
884 988 87 32 voice

144 1049 86 31 woke
257 1060 40 20 no
324 1049 74 31 echo
423 1049 32 31 in
481 1049 55 32 her
563 1061 68 19 own
656 1049 89 32 heart
756 1050 15 32 ?
815 1050 77 32 Was
917 1050 54 32 she

144 1110 182 40 struggling,
343 1121 35 21 or
392 1121 64 21 was
472 1110 53 32 she
542 1110 72 40 only
630 1110 177 40 frightened
818 1112 15 31 ?

187 1171 44 32 At
260 1171 74 41 first,
366 1171 55 32 her
452 1171 132 42 surprise
614 1171 96 33 found
734 1183 40 21 no
797 1177 170 28 utterance.

145 1232 61 33 She
228 1232 88 32 stood
342 1236 84 28 mute
451 1232 102 32 before
577 1232 54 33 the
657 1232 118 33 sudden
798 1234 171 32 revelation

144 1293 33 33 of
195 1293 104 42 things
330 1293 53 33 she
414 1293 61 32 had
505 1305 94 21 never
629 1294 140 42 guessed.
827 1295 142 43 Perhaps

144 1354 102 33 Claire
271 1354 116 42 argued
409 1354 181 43 favourably
615 1355 34 32 of
667 1355 62 33 this
757 1356 123 42 silence,
912 1358 56 41 for,

143 1415 140 43 pressing
309 1415 132 33 fonvard
466 1415 72 32 with
566 1417 141 42 growing
730 1429 127 31 energy,
883 1419 86 32 broAV

144 1477 60 32 and
219 1477 96 33 cheek
331 1478 142 42 burning,
485 1490 72 31 eyes
572 1479 143 43 flashing,
725 1481 63 32 and
805 1481 164 43 quivering

143 1538 56 42 lips
201 1558 42 4 —
