1090 1740
197 102 53 25 254

427 109 83 20 LOVE
534 108 63 21 THE
620 107 160 22 AVENGER.

196 186 124 42 heights
347 198 33 21 as
406 187 97 39 those,
529 187 15 30 T
571 186 161 31 withdraw
758 197 54 30 my
835 184 183 43 opposition.

195 248 59 33 We
279 260 80 30 may,
377 247 46 33 for
447 247 97 42 aught
570 247 15 32 I
608 247 100 40 know,
728 258 50 21 see
801 258 61 30 you
886 258 58 20 one
961 246 57 41 clay

194 310 139 31 minister
350 310 33 31 of
403 321 177 29 commerce,
600 321 32 20 or
649 308 194 43 agriculture,
861 319 34 21 or
906 308 112 42 justice

194 383 87 29 even,
299 383 34 20 or
356 371 116 42 prefect
497 371 34 31 of
549 371 97 42 police
658 385 6 26 ;
689 370 67 32 that
778 369 102 33 would
905 370 38 32 be
966 369 52 33 the

193 433 69 31 best
278 433 34 31 of
331 432 47 33 all.
425 433 91 41 Well,
533 433 16 31 I
564 437 32 27 at
613 444 75 20 once
704 431 131 43 register
856 443 53 31 my
926 431 90 32 claim

193 498 33 29 to
242 506 18 20 a
276 495 116 32 bureau
409 495 35 31 de
461 495 86 32 tabac
563 495 31 31 in
611 495 85 31 Paris
707 495 6 31 !
759 494 97 40 Mind,
870 494 30 31 in
918 494 97 40 Paris,

193 556 32 31 in
241 568 19 20 a
275 557 113 31 central
405 556 153 40 situation,
576 556 164 32 whenever
754 568 61 30 you
831 556 126 32 become
973 568 41 20 an

238 678 121 32 "Don't
374 678 65 32 talk
453 690 161 28 nonsense,

263 740 14 31 I
304 751 94 21 never
421 739 60 41 did,
510 739 60 33 and
596 751 61 30 you
681 740 92 32 know
867 740 63 32 said
948 740 62 41 she,

191 800 73 32 with
280 800 98 40 biting
394 800 171 40 sharpness.

396 861 172 43 responded
591 861 193 40 Mardonnet,
808 862 132 42 meekly,
999 862 14 31 I

192 922 84 32 don't
305 933 90 21 mean
425 922 68 32 that
505 936 6 27 ;
550 922 55 32 but
638 934 52 31 my
721 922 131 32 chances
891 934 52 20 are
982 935 32 19 so

191 983 112 43 capital
318 983 69 32 that
402 984 14 31 I
433 983 110 32 should
565 984 38 31 be
629 996 18 19 a
668 983 61 32 fool
753 988 32 27 to
808 984 101 31 throAv
930 984 84 32 them

190 1056 94 31 away.
331 1045 71 31 You
417 1045 91 31 knoAV
525 1045 68 31 who
616 1045 25 31 is
666 1045 90 32 made
778 1045 190 42 sub-prefect
983 1050 31 27 at

343 1166 24 32 I.

264 1227 90 40 Well,
372 1227 115 32 Marius
504 1227 128 42 Daudel,
654 1228 53 32 the
729 1233 138 37 greatest
883 1230 98 32 friend
997 1230 13 31 I

189 1300 71 19 ever
276 1288 61 31 had
337 1308 43 4 —

266 1349 97 32 What
374 1363 7 27 ;
397 1349 52 33 the
464 1362 72 20 man
552 1351 70 32 who
638 1363 63 21 was
717 1352 45 32 for
778 1352 151 44 founding
944 1353 66 32 that

188 1421 96 30 paper
306 1415 31 27 to
360 1411 38 31 be
422 1412 127 31 entitled
571 1412 53 32 the
647 1412 73 33 Bed
741 1414 93 42 Flag,
859 1415 60 31 and
943 1415 67 31 who

188 1482 63 20 was
267 1472 105 41 nearly
387 1473 191 32 condemned
588 1473 46 32 for
873 1476 137 41 inquired

187 1531 138 42 Aspasie.
403 1534 94 40 Mind,
516 1534 58 32 I'm
597 1539 54 28 not
674 1535 115 43 raising
805 1548 39 20 an
861 1538 149 40 objection
