1090 1740
882 109 51 25 227

327 111 164 21 MONSIEUR
513 112 205 20 MARDONNET.

116 187 34 32 of
175 188 62 32 this
266 188 71 33 tale.
395 190 80 31 Both
504 190 98 32 father
631 191 60 31 and
722 203 62 29 son,
817 191 117 42 though

115 249 78 32 from
220 249 138 33 different
386 251 102 42 points
515 252 34 31 of
574 252 87 41 view,
693 258 81 26 went
805 264 72 20 over
903 253 31 31 in

119 312 81 31 1851
219 317 31 26 to
266 311 53 32 the
342 312 139 42 paternal
505 313 165 41 despotism
686 313 34 31 of
738 314 54 41 My
809 314 126 32 Uncle's

118 372 149 42 Nephew,
308 372 60 32 and
403 373 92 32 voted
520 374 258 41 enthusiastically
809 375 45 31 for
883 375 52 31 the

117 433 135 42 Empire.
298 435 104 31 When
417 435 24 31 it
456 446 63 20 was
535 435 86 40 done,
638 436 52 31 the
712 436 140 41 amusing
867 441 69 37 part

118 494 35 32 of
174 495 53 31 the
254 495 138 32 business
416 508 64 19 was
503 496 68 31 that
594 496 119 32 neither
743 497 34 31 of
801 497 51 31 the
874 501 61 27 two

119 556 90 32 could
232 557 205 41 comprehend
460 557 71 41 why
547 557 51 31 the
623 558 86 31 other
724 557 60 32 had
805 558 77 31 done
902 558 33 39 it,

119 617 76 31 each
215 617 128 41 holding
370 629 18 19 a
409 618 219 41 diametrically
651 623 141 36 contrary
816 619 121 41 opinion

118 690 83 30 upon
216 678 54 32 the
284 679 131 31 benefits
431 678 66 32 that
511 691 79 19 were
606 683 31 27 to
654 691 107 19 accrue
776 684 31 26 to
820 680 117 31 France

119 740 78 31 from
227 739 53 31 the
311 739 230 32 establishment
578 739 35 31 of
647 740 142 41 Imperial
820 740 116 33 Power.

121 800 184 31 Mardonnet
335 800 52 30 the
417 799 99 31 father
541 799 127 32 insisted
698 812 82 29 upon
810 800 30 40 it,
872 800 66 31 that

121 861 89 31 order
232 860 101 31 would
354 860 38 31 be
415 859 46 31 for
485 871 154 20 evermore
661 860 195 40 maintained,
872 860 66 31 that

121 933 19 20 a
160 921 186 31 wholesome
373 920 154 41 authority
552 920 100 31 would
672 921 77 41 keep
777 921 88 31 down
886 921 52 31 the

121 994 94 31 press,
248 982 61 31 and
338 981 67 31 that
436 993 17 19 a
482 981 104 41 period
613 981 99 31 would
739 982 37 31 be
806 982 132 40 brought

123 1044 93 31 about
232 1043 30 30 in
278 1042 100 31 which
393 1042 131 41 nothing
544 1054 84 22 more
644 1042 101 31 would
761 1043 77 30 have
854 1047 31 26 to
901 1043 37 31 be

122 1104 104 32 feared
249 1104 78 31 from
357 1104 68 31 that
450 1104 145 31 so-called
618 1103 192 41 intelligence
839 1104 99 31 which

123 1165 61 33 had
196 1165 74 41 long
284 1165 94 41 raged
392 1170 142 36 rampant
549 1165 31 31 in
596 1165 125 39 France,
736 1165 59 31 and
804 1165 134 41 brought

123 1228 55 31 her
193 1232 33 26 to
241 1226 52 32 the
316 1237 92 30 \rerge
432 1226 33 31 of
486 1226 76 32 ruin.
608 1226 181 31 Mardonnet
812 1226 51 31 the
884 1237 54 21 son

123 1288 139 32 affirmed
287 1287 68 32 that
380 1287 150 32 socialism
560 1287 99 31 would
685 1287 37 31 be
748 1287 52 31 the
826 1287 112 31 Avatch-

122 1349 86 32 word
235 1348 34 33 of
289 1348 53 32 the
367 1348 112 32 second
508 1348 121 42 empire,
662 1348 67 31 that
755 1348 51 31 the
830 1348 107 42 people

122 1423 80 19 Avere
223 1410 93 42 going
339 1414 32 27 to
397 1408 74 40 rule,
495 1408 68 32 that
589 1408 40 32 all
654 1408 87 33 those
765 1408 68 33 who
861 1421 77 21 were

123 1471 159 42 anything,
312 1482 33 20 or
369 1469 61 33 had
454 1469 155 42 anything,
638 1470 101 32 would
762 1482 39 30 go
828 1476 31 26 to
885 1471 52 32 the

123 1533 70 32 wall
217 1532 60 32 and
304 1532 38 31 be
372 1530 130 33 crushed
530 1531 42 41 by
597 1531 53 32 the
672 1543 122 29 masses,
826 1533 109 39 Avhich,

815 1599 13 17 Q
844 1595 11 19 2
