1090 1740
202 88 31 27 76

434 96 81 20 LOVE
539 95 63 21 THE
626 94 161 22 AVENGER.

198 172 136 42 petually
360 172 104 33 before
490 172 56 32 her
575 171 153 32 brother's
751 180 72 31 eyes
846 168 53 32 the
922 178 105 32 power

198 233 54 34 she
269 234 60 32 had
346 233 35 33 of
398 233 124 41 leaving
537 233 57 32 her
610 233 119 31 fortune
746 244 33 20 as
796 231 54 32 she
867 229 98 33 listed.

240 296 29 31 It
293 307 61 20 Avas
377 306 41 21 no
442 294 126 32 wonder
590 294 69 32 that
682 293 144 32 Madame
843 291 181 33 Beaudouin

196 356 89 32 loved
315 356 55 32 her
398 355 94 41 niece,
525 355 45 33 for
601 367 18 20 a
650 355 127 32 lovelier
807 354 155 43 specimen
995 353 33 32 of

196 416 194 34 womankind
413 417 75 32 than
514 416 101 33 Claire
636 416 57 33 has
716 416 101 43 rarely
836 416 114 42 graced
967 427 56 21 our

195 479 94 32 earth.
337 480 74 31 Two
436 479 238 32 circumstances
701 478 61 32 had
785 477 129 33 rescued
937 478 84 32 Mile.

195 541 37 31 de
256 541 153 32 Clavreuil
433 540 77 32 from
527 540 52 32 the
606 540 178 41 narroAving
807 539 169 32 influences
993 538 35 33 of

193 603 55 32 her
273 603 170 33 education.
492 603 66 32 One
586 614 63 21 Avas
676 603 53 31 the
757 602 169 41 unceasing
949 613 73 20 con-

193 670 63 27 tact
280 665 33 32 of
333 665 87 32 Aunt
447 665 193 32 Clementine
654 678 6 28 ;
685 665 61 32 and
768 665 54 32 the
847 664 96 40 other,
968 664 54 33 the

193 726 166 32 admirable
389 726 81 42 good
501 738 89 20 sense
628 726 62 32 and
720 725 147 33 kindness
898 725 35 33 of
966 725 56 33 her

192 799 175 30 governess,
392 788 74 32 Mrs.
495 788 149 32 Griffiths.
692 788 74 31 This
796 788 72 42 lady
892 799 63 20 was
982 800 39 19 an

193 848 129 42 English
338 849 226 41 gentlewoman
588 849 34 31 of
640 849 134 31 reduced
797 861 109 19 means
920 863 6 27 ;
950 849 69 32 tho-

192 910 131 41 roughly
356 910 141 42 English,
530 911 60 31 and
624 911 189 42 thoroughly
843 923 18 20 a
899 912 119 41 gentle-

191 983 118 19 Avoman
322 984 7 28 ;
353 975 76 37 true,
454 971 119 41 honest,
598 971 34 32 of
651 972 199 42 unswerving
874 973 145 32 devotion

190 1038 31 26 to
253 1033 52 32 the
331 1034 104 41 Right,
464 1034 55 31 but
550 1034 114 40 gentle,
689 1034 98 40 meek,
813 1034 60 33 and
896 1035 120 40 tender,

190 1094 60 31 and
273 1094 78 39 who,
378 1094 120 41 though
529 1106 18 19 a
578 1095 185 39 Protestant,
789 1095 60 32 and
879 1095 76 33 used
986 1100 32 28 to

190 1155 93 31 social
306 1155 101 32 habits
431 1167 33 20 so
488 1155 147 41 different,
653 1156 61 32 had
737 1156 96 32 found
855 1168 106 21 means
985 1162 32 27 to

189 1216 87 42 bring
314 1228 41 31 up
386 1216 61 33 this
472 1216 140 33 Catholic
643 1218 121 31 French
788 1218 58 42 girl
878 1231 33 19 so
942 1220 75 32 irre-

188 1277 194 43 proachably,
407 1278 60 32 and
497 1283 31 27 to
558 1278 38 32 do
627 1278 55 32 her
705 1291 69 19 own
798 1280 76 41 duty
898 1281 41 42 by
962 1282 56 32 her

188 1340 93 41 pupil,
310 1340 61 31 and
402 1340 53 31 her
483 1340 183 42 employers,
700 1354 33 19 so
755 1342 159 43 perfectly,
939 1343 76 41 that,

188 1399 102 33 whilst
312 1401 101 31 Claire
435 1401 158 32 rewarded
608 1402 55 32 her
682 1403 76 33 with
775 1415 18 20 a
814 1404 69 33 love
900 1404 116 33 sincere

188 1462 60 31 and
263 1461 85 42 deep,
375 1462 52 32 the
449 1463 98 32 whole
564 1463 155 33 Clavreuil
740 1465 106 43 family
865 1467 151 42 regarded

187 1521 53 32 her
257 1521 74 33 with
347 1523 160 33 unlimited
523 1530 128 36 respect.
