1090 1740
362 115 82 21 LOVE
467 113 64 22 THE
554 108 158 24 AVENGER.

127 115 15 25 6

129 196 51 32 the
197 207 76 30 way,
291 192 75 33 with
381 192 40 32 its
445 189 103 33 sealed
572 191 162 28 entrances
746 195 7 29 ;
777 181 47 32 for
841 175 115 36 behind

129 258 87 31 those
232 255 159 41 closed-up
408 250 145 35 channels
569 248 35 32 of
622 246 81 43 light
723 243 62 33 and
800 241 50 33 life
866 240 89 32 there

129 318 61 32 had
213 316 109 43 passed
345 327 18 20 a
386 311 162 35 miserable
571 308 93 33 series
680 307 34 32 of
725 303 94 34 woful
836 312 117 29 scenes,

129 378 99 32 which
258 376 101 33 would
389 374 71 42 only
489 373 80 31 have
599 371 79 31 been
703 379 18 21 a
747 366 95 33 shade
869 374 85 22 more

129 439 92 32 woful
245 438 69 40 still,
333 437 60 31 had
413 436 53 32 the
486 446 83 31 poor,
587 429 235 41 hard-striving,
840 424 116 44 utterly

129 500 142 42 helpless,
288 499 69 40 and,
370 502 31 27 at
416 497 69 39 last,
498 494 175 43 despairing
688 490 122 33 Widow
820 486 132 44 Raynal,

130 562 117 31 Grocer
263 560 60 32 and
339 559 139 37 Vintner,
496 556 82 33 lived
593 560 33 28 to
641 554 126 32 witness
782 551 97 33 them.

173 622 65 32 The
265 621 122 32 Widow
414 619 120 42 Raynal
564 617 62 33 had
654 620 55 28 not
736 614 116 41 always
875 612 80 32 been

129 683 88 32 alone
240 683 60 32 and
322 694 19 20 a
363 682 115 31 widow.
526 680 67 31 Her
612 678 118 41 history
747 687 63 21 was
833 674 69 32 that
925 673 35 32 of

129 757 92 30 many
238 744 33 33 of
289 744 52 33 the
356 755 120 20 women
493 742 34 32 of
545 742 54 31 her
620 740 89 40 class,
728 738 61 33 and
804 749 81 20 none
901 736 54 32 the

129 806 59 31 less
205 805 156 32 sorrowful
376 805 45 31 for
437 805 75 31 that.

173 869 90 31 Some
287 867 99 42 thirty
408 878 90 30 years
524 877 69 30 ago,
612 864 118 33 Claude
753 863 130 42 Raynal,
902 862 52 32 the

129 941 55 19 son
201 928 33 32 of
245 928 52 32 the
313 927 221 33 land-steward
550 926 35 33 of
597 938 18 21 a
630 926 134 42 wealthy
780 925 174 42 proprietor

128 1002 73 20 near
224 990 155 40 Chartres,
405 989 116 31 started
548 989 31 31 in
607 988 51 32 life
683 987 75 33 with
785 987 84 32 what
891 998 64 20 was

129 1051 95 31 called
247 1062 18 20 a
287 1050 81 42 good
387 1050 172 39 education,
576 1060 75 31 very
667 1048 75 33 little
758 1059 123 31 money,
898 1048 57 32 but

128 1111 51 32 the
202 1111 168 42 protection
394 1110 33 32 of
453 1110 46 31 his
523 1110 127 32 father's
681 1109 159 43 employer
853 1122 7 28 ;
893 1108 62 33 and

129 1172 61 31 this
213 1183 73 30 very
302 1171 169 42 protection
494 1171 110 32 ruined
627 1171 73 32 him.
748 1171 135 42 Though
907 1170 48 32 his

130 1231 206 42 school-gains
374 1232 165 31 amounted
578 1236 32 27 to
648 1231 84 32 what
776 1232 101 41 might
916 1232 39 32 be

130 1292 126 32 deemed
280 1292 76 32 little
382 1293 130 41 enough,
540 1292 118 32 Claude
682 1293 126 42 proved,
837 1293 47 31 for
907 1293 48 32 his

131 1353 161 42 particular
313 1354 166 41 character,
505 1359 32 27 to
565 1354 80 32 have
676 1359 52 27 too
758 1355 94 32 much
880 1355 75 32 edu-

130 1414 100 31 cation
256 1414 61 32 and
339 1419 51 28 too
413 1415 80 32 little
516 1427 120 29 money.
684 1415 51 32 He
752 1427 63 20 was
839 1416 116 43 always

131 1474 141 42 thinking
287 1475 34 31 of
333 1476 174 41 enjoyment
519 1476 128 31 without
662 1476 116 41 labour,
793 1478 61 31 and
870 1489 85 30 grew

130 1540 32 27 to
184 1535 38 32 be
245 1547 33 20 so
301 1537 168 32 convinced
488 1538 66 32 that
576 1550 83 20 mere
675 1539 173 40 protection
865 1539 90 32 could
