1090 1740
397 91 69 22 TWO
489 92 156 21 MOTHERS.

894 88 33 24 99

222 167 161 43 perceived
402 168 130 42 nothing
553 169 228 41 extraordinary
797 168 31 31 in

108 228 117 43 replied
247 228 52 32 the
323 228 160 42 Countess,
540 230 16 31 I
572 230 132 42 thought
727 230 55 32 her
808 229 121 41 looking

108 299 22 21 a
160 288 77 33 little
267 288 129 41 thinner,
423 301 17 20 a
469 289 78 32 little
578 290 85 42 paler
692 290 132 42 perhaps
854 289 75 32 than

111 350 91 32 Avhen
236 351 53 31 she
319 351 62 40 left,
413 351 56 31 but
506 351 54 32 her
597 352 204 31 confinement
830 350 99 32 would

109 416 134 27 account
268 412 46 31 for
335 412 69 32 that
406 431 42 4 —
537 413 164 32 continued
727 412 143 32 Madame
893 411 36 32 de

110 473 164 41 Clavreuil,
293 486 34 19 as
342 474 120 41 though
484 474 55 32 she
561 474 61 32 had
638 474 144 32 reflected
803 473 70 32 well
892 485 37 19 on

111 533 83 32 what
225 534 53 31 she
302 546 63 19 was
396 534 116 42 saying,
573 535 16 31 I
612 535 82 31 don't
718 534 90 32 think
824 534 15 31 I
861 546 68 29 per-

109 595 108 31 ceived
241 606 60 30 any
327 595 116 41 change
468 596 30 30 in
528 595 56 32 her
607 607 127 20 manner
745 608 7 27 ;
783 595 54 31 she
867 606 62 19 was

109 656 117 41 always
257 668 76 30 very
363 657 92 40 quiet,
488 668 60 29 you
572 657 99 39 know,
689 656 60 32 and
772 656 34 31 of
825 667 104 20 course

109 717 154 41 marriage
283 717 110 32 makes
415 729 18 19 a
457 721 88 37 great
560 717 168 40 difference,
746 716 60 32 and
821 717 17 31 I
852 716 77 32 have

110 784 55 26 not
181 790 71 21 seen
262 779 56 31 her
334 779 83 31 since
433 779 54 31 her

186 840 67 31 Nor
269 840 15 30 I
444 839 143 32 resumed
601 839 53 32 the
676 839 163 41 Marquise,
857 839 73 31 with

111 912 21 19 a
147 900 157 31 malicious
320 899 123 32 twinkle
468 900 33 31 of
523 900 158 31 conscious
705 900 181 41 superiority
901 900 29 30 in

113 961 56 32 her
199 972 80 31 eyes,
424 961 15 31 I
471 972 49 20 see
550 961 52 31 the
629 960 159 32 difference
812 960 31 31 in
868 960 61 31 her.

111 1024 17 31 I
158 1023 55 32 tell
242 1034 70 31 you,
345 1034 52 30 my
427 1022 80 42 good
538 1022 104 39 friend,
662 1022 67 31 that
756 1022 98 32 Claire
876 1022 54 31 has

109 1083 148 43 acquired
288 1083 75 32 such
384 1094 39 21 an
453 1088 126 27 amount
609 1083 34 31 of
661 1083 173 32 confidence
865 1083 65 31 that

109 1145 56 32 she
193 1144 62 32 will
281 1149 50 37 try
355 1149 31 27 to
411 1155 40 30 go
476 1143 54 32 her
551 1155 68 20 own
640 1155 77 30 way,
735 1143 60 32 and
818 1143 68 32 that
908 1143 22 32 it

110 1206 62 31 will
187 1206 38 31 be
252 1217 18 20 a
291 1205 76 32 hard
387 1210 113 27 matter
515 1204 46 33 for
576 1216 60 31 you
655 1205 59 32 and
728 1216 49 21 me
793 1210 32 27 to
841 1204 89 33 make

109 1267 56 32 her
181 1278 39 29 go

340 1326 115 33 echoed
480 1326 52 33 the
556 1327 151 32 Countess
730 1326 31 32 in
782 1326 147 33 astonish-

109 1393 96 36 ment,
253 1389 56 31 but
324 1388 15 31 I
361 1387 84 32 don't
460 1392 85 28 Avant
561 1387 54 33 her
629 1392 32 27 to
677 1399 39 30 go
732 1399 52 31 my
799 1399 77 31 way.
915 1388 14 31 I

109 1453 88 32 don't
220 1456 84 27 want
326 1456 31 27 to
381 1451 70 31 lead
473 1451 62 32 her.
590 1451 102 31 When
718 1463 57 20 one
805 1452 124 32 marries

109 1514 83 32 one's
208 1512 161 41 daughter,
388 1524 56 20 one
461 1523 103 21 ceases
580 1517 31 27 to
628 1512 94 32 direct

802 1580 15 15 H
834 1576 10 19 2
