1090 1740
391 95 63 21 THE
477 95 130 21 APPEAL.

876 93 31 24 25

134 170 14 13 ;'
160 169 70 33 You
246 170 109 32 should
370 171 78 33 have
464 183 79 30 gone
555 177 31 27 to
708 172 133 43 rejoined
856 172 52 32 the

85 230 80 41 lady.

162 291 121 32 Mother
305 291 61 32 had
382 304 38 19 no
443 293 83 32 time.
574 293 29 32 It
619 304 63 21 was
708 293 40 32 all
771 293 85 32 work
879 298 31 28 at

85 352 100 33 home.
233 352 99 32 There
348 364 80 20 were
453 353 74 42 days
543 353 90 33 when
658 353 54 33 she
727 365 64 21 was
813 366 41 30 up
877 359 33 27 at

85 418 62 28 two
175 414 114 33 o'clock
316 415 31 32 in
371 415 53 32 the
450 415 151 43 morning,
630 416 60 31 and
717 416 86 32 there
828 428 81 20 were

85 475 105 41 nights
206 475 91 32 when
313 475 54 33 she
383 488 94 20 never
493 481 55 36 got
562 481 32 27 to
610 476 60 32 bed
685 481 32 27 at

161 536 72 32 And
265 536 143 43 Sundays
438 537 89 32 when
559 549 61 31 you
643 549 94 20 never
766 543 81 27 went
876 543 31 27 to

258 598 175 42 interposed
452 599 144 32 Madame
621 599 37 32 de
675 599 160 41 Clavreuil,
853 604 54 27 not

84 658 148 43 severely,
263 659 57 32 but
357 671 34 20 as
428 659 120 42 though
586 660 23 31 it
642 659 112 42 pained
791 660 55 31 her
875 665 32 27 to

84 731 56 29 say
155 719 29 32 it.

127 781 67 32 The
208 781 59 41 girl
283 781 85 41 hung
383 781 55 32 her
454 781 79 32 head,

160 842 145 32 Madame
320 842 29 31 la
569 841 176 32 murmured
761 841 63 41 she,
866 841 41 32 let

82 904 90 32 alone
195 904 53 32 the
263 904 96 40 work,
377 904 118 31 mother
511 903 62 32 had
589 908 54 27 not
659 903 113 42 always
791 903 116 32 clothes

81 966 32 31 in
130 965 99 32 which
245 965 55 31 she
316 965 89 31 could
421 976 39 29 go
477 969 32 26 to
525 976 90 20 mass.
664 963 62 33 She
749 963 60 32 had
829 963 78 32 been

81 1027 99 32 better
196 1026 48 39 off,
262 1026 61 32 and
339 1037 63 20 was

123 1088 145 31 Madame
284 1087 38 32 de
339 1086 157 33 Clavreuil
514 1085 96 32 shook
627 1085 55 32 her
697 1085 87 32 head.

156 1148 158 33 Ashamed
327 1148 6 33 !
394 1147 55 32 she
481 1147 123 40 echoed,
637 1146 74 32 with
746 1159 18 19 a
794 1147 69 41 sigh
863 1165 42 5 —

285 1214 31 27 to
340 1220 40 30 go
404 1213 33 27 to
460 1207 53 32 the
530 1207 95 32 house
642 1207 35 32 of
688 1207 91 32 God!
824 1208 16 30 I
856 1219 49 20 am

79 1272 105 39 afraid,
200 1270 182 40 Madeleine,
409 1269 67 32 that
493 1269 83 31 what
603 1268 56 31 has
682 1268 79 31 been
786 1267 65 32 said
872 1272 33 27 to

78 1344 50 20 me
152 1343 85 21 more
259 1331 75 32 than
360 1342 75 21 once
460 1341 64 20 was
546 1334 52 27 too
620 1333 68 27 true
702 1342 6 27 ;
738 1328 68 31 that
828 1340 77 29 your

78 1405 76 31 poor
169 1392 122 33 mother
306 1391 94 32 relied
422 1396 52 27 too
493 1390 94 32 much
609 1401 83 30 upon
707 1389 119 41 herself,
844 1390 60 31 and

78 1459 54 27 not
145 1452 122 43 enough
279 1463 83 32 upon
374 1452 53 32 the
438 1452 72 41 only
521 1455 127 38 support
661 1450 69 32 that
741 1451 101 32 avails.
874 1452 31 31 It

78 1517 25 31 is
116 1527 18 20 a
145 1515 144 42 grievous
300 1513 91 40 fault;
404 1513 55 32 but
471 1524 45 21 we
528 1511 63 32 will
603 1511 78 43 hope
692 1512 25 32 it
729 1512 25 32 is
766 1512 138 42 forgiven
