1090 1740
131 107 34 25 22

365 113 81 20 LOVE
470 112 64 21 THE
556 110 161 22 AVENGER.

131 190 102 32 rather
247 190 61 42 beg
322 190 74 32 than
412 189 83 32 work
510 202 5 19 :
539 188 103 32 rather
658 192 50 27 eat
726 197 53 32 my
794 185 72 32 food
883 184 76 33 than

131 252 84 31 work
231 252 46 32 for
292 263 77 29 your
385 263 67 21 own
467 252 6 32 !

174 315 100 31 There
296 325 63 21 was
383 325 18 21 a
427 313 183 43 suppressed
633 321 188 32 savageness
851 309 31 32 in
910 308 49 32 his

130 381 71 26 tone
216 376 67 31 that
299 375 160 32 overawed
474 374 181 33 Madeleine.

208 437 16 31 I
257 437 61 31 will
352 448 39 31 go
423 436 61 32 and
521 441 59 37 try,
787 432 65 33 said
891 431 64 40 she,

132 499 214 41 submissively
359 512 7 27 ;
409 498 59 31 and
506 498 55 31 she
598 502 57 38 put
691 508 39 20 on
768 495 56 32 her
860 493 99 33 shawl

131 561 61 31 and
228 560 55 32 her
313 561 111 39 sabots,
457 560 60 31 and
547 563 82 27 went
660 558 56 32 her
743 569 68 31 way
839 562 33 27 to
903 555 56 33 the

131 621 136 30 chateau.

175 682 66 31 The
258 681 139 32 Chateau
412 681 39 32 de
469 681 153 31 Clavreuil
638 692 62 20 was
726 680 95 32 about
844 691 19 20 a
885 678 74 33 mile

131 743 48 39 off,
208 743 30 31 in
264 754 19 20 a
309 742 132 41 straight
467 743 67 31 line.
583 742 71 31 You
681 746 83 28 went
791 741 91 32 down
905 740 54 32 the

131 804 73 31 road
227 803 77 32 from
331 803 84 32 Blois
437 808 32 27 to
495 804 108 39 Tours,
632 803 139 41 crossing
800 802 55 32 the
882 802 77 32 road

131 865 77 31 from
224 865 95 31 Tours
335 869 31 27 to
383 865 156 40 Chartres,
564 865 70 40 and,
653 876 38 20 on
708 865 52 31 the
777 864 89 32 other
882 865 76 39 side,

131 930 32 28 at
187 926 54 32 the
263 926 60 32 end
350 925 34 32 of
411 937 18 20 a
455 926 80 41 long,
565 925 139 42 straight,
729 926 73 31 lime
826 937 130 28 avenue,

132 987 87 32 stood
241 998 18 21 a
275 987 131 32 massive
430 987 148 41 building,
595 987 32 31 in
642 987 52 32 the
711 987 80 42 style
807 987 35 32 of
860 987 99 32 Louis

131 1048 101 40 XIII.,
260 1048 53 32 the
335 1048 170 31 habitation
533 1048 34 31 of
585 1048 53 32 the
666 1048 111 33 Comte
804 1048 88 33 Rene
920 1048 39 33 de

132 1108 164 40 Clavreuil,
321 1119 56 21 one
394 1108 34 32 of
446 1108 51 32 the
523 1108 68 32 four
618 1120 34 20 or
678 1108 60 32 five
762 1108 85 42 large
871 1108 88 33 land-

133 1180 119 21 owners
274 1169 34 31 of
325 1169 53 32 the
401 1169 152 42 province,
573 1169 68 32 who
664 1169 81 33 lived
769 1169 86 33 there
881 1171 78 31 with

131 1230 48 32 his
194 1230 67 31 wife
278 1229 61 32 and
349 1230 72 41 only
432 1230 152 42 daughter
596 1230 112 42 during
721 1242 93 21 seven
827 1243 33 20 or
873 1232 86 42 eight

131 1291 122 33 months
270 1292 34 32 of
314 1292 53 32 the
383 1303 81 29 year.

175 1353 30 31 It
220 1364 63 20 was
299 1357 69 38 past
384 1353 85 32 three
485 1353 90 32 when
591 1354 173 33 Madeleine
787 1361 47 27 set
849 1362 55 27 out
920 1369 39 21 on

132 1412 54 32 her
207 1413 109 32 errand
330 1427 5 27 ;
360 1414 23 31 it
398 1414 103 31 would
523 1415 72 32 take
617 1415 55 32 her
694 1416 108 42 nearly
817 1429 39 20 an
881 1417 80 32 hour

132 1478 33 28 to
188 1479 53 37 get
263 1479 31 27 to
310 1475 164 41 Clavreuil,
493 1488 32 20 so
550 1476 54 33 she
627 1477 62 32 had
704 1482 32 27 to
752 1478 91 33 make
859 1478 100 43 haste,

133 1535 46 32 for
202 1535 52 32 the
281 1536 60 42 day
367 1549 64 20 was
459 1550 19 19 a
506 1539 149 41 lowering
681 1551 67 29 one,
777 1541 74 31 with
883 1542 78 31 dark
