1090 1740
283 97 252 23 MADEMOISELLE
558 100 137 21 ASPASIE.

847 95 52 25 251

79 172 137 33 distance
247 174 80 33 from
358 188 77 30 your
467 177 140 42 ardently
619 199 12 4 -
644 178 113 32 adored
790 178 109 32 father-

182 307 51 20 am
247 301 56 28 not
324 297 97 33 afraid
445 300 34 31 of
498 300 51 32 the
774 299 123 42 replied,

77 356 126 43 quietly,
221 357 42 33 M.
281 358 178 42 Theophile.

122 419 137 31 "Aren't
399 422 137 31 retorted
559 423 83 31 Mile.
660 422 140 42 Aspasie,
824 421 74 32 with

76 489 19 21 a
121 478 121 33 curious
277 481 119 41 glance.
486 482 89 32 Then
604 483 51 31 it's
681 483 132 31 because
839 493 60 30 you

75 540 86 32 don't
175 541 92 32 know
282 541 56 33 her

150 602 61 41 No,
237 603 48 31 it's
309 608 56 27 not
519 605 158 31 answered
706 604 191 39 Mardonnet,

76 663 76 31 with
179 676 18 19 a
222 664 173 41 significant
422 665 94 32 shake
542 666 34 31 of
593 666 52 31 the
660 666 88 31 head.
829 665 15 31 I
860 665 37 31 do

76 724 91 31 knoAV
183 724 55 32 her
254 725 102 31 better
371 725 77 32 than
470 731 81 26 most
573 726 118 42 people,
709 726 61 31 and
786 737 18 20 a
818 726 80 40 good

76 785 69 31 deal
170 786 102 32 better
298 786 75 32 than
398 786 55 32 she
472 787 108 31 knows
600 798 59 28 me,
679 787 45 31 for
744 787 135 30 instance
890 798 7 28 ;

76 847 56 30 but
149 847 62 31 I've
227 847 68 31 that
311 859 40 19 on
365 847 83 32 hand
464 848 100 31 which
582 852 142 37 prevents
739 859 52 30 my
806 847 92 40 being

76 907 97 32 afraid
189 908 34 30 of
241 908 53 31 the

151 968 170 41 Theophile
333 969 6 32 !
395 969 89 40 cried,
509 969 159 42 suddenly,
693 969 83 32 Mile.
794 969 103 30 Mour-

72 1030 65 41 jon,
155 1030 128 41 turning
297 1030 99 31 round
412 1030 60 31 and
487 1030 103 41 facing
611 1030 54 32 her
684 1034 82 27 stout
781 1029 97 32 friend
889 1042 7 27 ;

106 1103 63 30 you
186 1091 83 32 don't
284 1102 92 21 mean
398 1096 32 26 to
453 1102 53 30 say
520 1091 69 31 that
613 1091 105 41 you're
738 1091 32 31 in
790 1090 106 41 league

76 1152 75 33 with
166 1152 63 40 her,
249 1152 38 32 do
302 1164 69 28 you,
390 1152 94 31 about
500 1151 148 33 Claudine
660 1153 14 31 ?

317 1213 170 32 exclaimed
509 1213 48 39 he,
581 1212 75 32 with
677 1224 19 20 a
719 1218 92 34 start;

76 1275 118 40 league,
224 1273 53 32 did
302 1285 61 30 you
391 1275 78 40 say?
513 1274 15 31 I
555 1273 31 32 in
611 1273 108 42 league
742 1273 74 31 with
843 1273 52 32 the

76 1334 157 42 Marquise
243 1336 14 31 ?
301 1334 15 32 I
327 1335 6 31 !
382 1334 89 40 Well,
488 1334 69 32 that
569 1334 100 31 Avould
685 1334 37 31 be
739 1345 18 20 a
772 1339 123 36 strange

76 1401 98 36 event,
193 1396 76 32 after
285 1395 85 33 what
388 1395 26 33 is
436 1400 69 38 past
516 1409 7 28 ;
540 1395 61 32 and
616 1395 93 32 about
725 1395 147 33 Claudine
881 1397 14 30 ?

75 1458 94 41 Why,
186 1457 85 31 what
288 1469 39 19 on
343 1456 86 32 earth
446 1456 36 32 do
498 1468 61 30 you

151 1520 97 31 What
278 1519 16 31 I
324 1530 91 20 mean
448 1517 25 32 is
631 1517 99 32 stated
760 1517 53 32 the
838 1516 56 33 fair
