1090 1740
870 107 51 27 171

409 111 49 21 MY
481 111 144 21 NEPHEAV

105 186 85 31 Avord
205 186 77 42 well,
299 187 61 32 and
376 187 74 32 then
475 199 78 31 copy
568 187 24 32 it
608 192 52 27 out
684 188 127 42 exactly.
857 188 66 32 The

105 247 86 32 other
207 247 100 32 lesson
331 248 25 32 is
378 260 82 20 more
485 248 124 32 difficult
612 268 41 2 —
655 248 24 32 it
695 249 24 31 is
736 260 37 20 an
791 248 134 42 analysis

106 308 34 31 of
148 320 18 20 a
176 308 97 33 whole
285 309 124 42 chapter
423 309 33 32 of
466 309 53 32 the
535 309 128 43 History
680 310 33 31 of
724 309 94 32 Louis
834 309 88 32 XIV.

105 389 44 3 —
150 370 110 32 twelve
286 382 95 31 pages
392 371 6 31 !
424 370 58 31 and
505 371 121 40 battles,
645 371 59 31 and
729 371 39 31 all
795 375 78 27 sorts
896 370 34 31 of

105 431 105 42 things
221 433 7 31 !
274 432 163 41 However,
461 433 15 30 I
499 432 60 32 will
586 445 50 19 see
652 433 83 31 what
753 434 15 29 I
796 444 55 20 can
876 432 46 32 do.

106 493 60 32 We
182 498 82 27 must
278 498 50 37 try
343 494 61 31 and
426 506 129 29 manage
579 495 23 31 it
619 494 40 32 all
674 494 139 31 between
829 506 44 27 us,
892 505 34 19 or

105 555 43 32 M.
177 555 159 31 Blanchon
360 556 64 30 will
449 556 37 31 be
506 567 106 30 angry,
639 556 59 31 and
719 555 152 42 complain
893 560 31 26 to

105 616 42 32 M.
165 615 28 32 le
209 616 137 40 Marquis
357 617 6 31 !

148 677 73 31 And
251 678 227 31 Mademoiselle
509 678 130 41 Aspasie
680 683 55 36 put
765 677 75 31 both
870 676 54 31 her

105 738 115 31 elboAvs
237 749 39 20 on
300 750 19 19 a
342 738 81 32 table
443 738 32 31 in
498 738 54 32 the
578 738 112 31 middle
707 738 34 32 of
761 738 51 32 the
828 749 94 28 room,

105 798 62 31 laid
182 798 53 31 the
251 799 81 30 book
348 799 90 31 down
453 799 104 31 before
575 799 63 39 her,
657 799 59 30 and
732 803 46 26 set
793 803 31 26 to
840 798 85 30 work

105 859 88 31 tooth
224 859 60 31 and
309 860 70 38 nail,
405 859 76 31 with
507 859 51 31 the
589 859 91 31 fierce
711 870 116 29 energy
852 857 34 31 of
908 869 17 19 a

105 920 102 31 clever
228 920 251 40 Frenchwoman,
497 920 67 31 who
587 920 133 31 foresees
736 931 18 19 a
769 920 81 30 clear
866 919 58 30 and

106 981 116 32 certain
249 981 72 41 gain
350 987 31 26 at
408 981 52 32 the
486 981 59 32 end
569 981 33 32 of
624 981 51 32 the
707 981 85 32 effort
819 980 54 32 she
897 980 26 31 is

105 1042 133 40 making.

148 1103 66 32 The
230 1114 70 31 rays
312 1103 34 32 of
357 1103 53 32 the
427 1114 56 21 sun
496 1114 84 21 came
597 1103 38 40 in,
654 1103 59 31 and
724 1103 110 42 played
850 1103 73 31 with

104 1164 52 32 the
193 1164 88 42 light,
310 1163 113 43 crisply
454 1164 103 32 curled
586 1163 73 40 hair,
688 1163 68 32 that
786 1163 137 32 adorned

105 1226 173 32 Claudine's
301 1225 136 42 bending
459 1225 88 40 head,
572 1225 60 32 and
656 1225 63 32 into
744 1224 99 32 which
867 1224 54 33 her

104 1288 83 41 long,
210 1286 77 40 thin,
304 1286 87 42 ivory
414 1286 122 42 fingers,
553 1286 72 32 with
648 1285 69 43 pale
739 1285 86 40 nails,
850 1285 69 40 had,

101 1348 32 31 in
160 1347 68 42 sign
253 1347 33 32 of
306 1347 134 40 distress,
466 1347 122 32 twisted
612 1346 191 32 themselves.
850 1346 71 31 And

102 1409 54 31 the
189 1407 60 33 soft
275 1408 80 31 wind
383 1408 59 32 still
465 1408 132 42 brought
624 1408 30 31 in
685 1407 50 32 the
761 1412 99 27 scents
891 1407 33 33 of

103 1471 115 42 spring,
258 1470 61 31 and
356 1469 52 32 the
446 1480 92 31 songs
576 1469 34 31 of
639 1468 82 32 birds
757 1469 77 31 from
867 1469 53 32 the

100 1532 126 41 garden.
