1090 1740
349 90 61 22 OUT
433 91 41 22 ON
497 92 64 21 THE
584 92 90 21 ROAD.

884 88 33 26 39

103 166 139 42 physical
256 167 47 32 ills
324 167 66 33 that
413 168 129 32 assailed
564 168 63 41 her,
643 168 54 32 felt
717 169 109 42 deadly
843 170 75 39 cold,

105 228 60 32 and
192 228 163 43 miserably
370 234 61 27 wet
453 230 60 31 and
540 242 83 20 worn
648 235 52 27 out
720 230 78 32 from
821 235 99 37 strug-

104 290 87 43 gling
205 290 120 42 against
340 290 52 32 the
408 291 90 41 wind,
515 292 55 31 but
585 292 54 32 she
656 292 50 31 did
721 297 54 27 not
794 297 126 27 connect

106 352 114 42 society
236 363 33 20 or
285 363 60 31 any
361 352 184 32 established
561 353 87 32 order
672 353 33 32 of
723 353 104 42 things
848 354 72 31 with

105 413 55 31 her
190 413 120 42 misery.
357 413 76 32 Like
457 426 71 19 men
557 414 31 31 in
617 414 102 40 battle,
751 415 68 31 who
850 415 71 41 only

104 474 107 32 realise
228 474 84 32 what
326 486 74 30 goes
417 487 39 19 on
471 475 206 42 immediately
693 476 115 31 around
822 476 99 32 them-

105 536 108 40 selves,
231 535 171 32 Madeleine
427 536 127 41 Raynal,
571 536 31 30 in
622 535 61 32 this
706 536 54 31 her
782 536 94 31 battle
893 536 32 31 of

105 597 60 39 life,
183 609 63 19 saw
261 608 40 20 no
316 596 117 32 further
454 596 75 31 than
551 596 53 31 the
627 596 167 32 individual
816 597 105 40 beings

106 670 73 20 near
193 663 32 26 to
242 658 62 40 her,
321 658 70 31 who
407 657 60 32 had
483 658 151 31 wounded
650 670 34 19 or
706 669 78 20 were
806 658 115 31 threat-

107 719 91 40 ening
214 719 62 32 her.

151 780 62 33 She
244 780 51 32 did
324 785 54 27 not
415 780 72 32 hate
517 780 141 32 Madame
696 780 37 32 de
769 780 152 32 Clavreuil

107 841 141 42 perhaps,
265 841 143 40 because,
425 852 33 20 as
483 841 16 31 I
523 841 78 31 have
627 841 73 39 said,
719 841 52 31 she
794 841 54 31 felt
869 841 53 31 her

108 901 84 32 truth
205 914 6 26 ;
236 913 42 27 or,
304 900 139 41 perhaps,
471 900 130 32 because
632 900 52 31 she
714 900 61 31 had
800 900 60 31 lost
883 900 39 31 all

109 973 138 31 memory
262 962 35 31 of
314 962 54 31 her
382 961 111 32 refusal
509 961 34 31 of
562 961 48 31 aid
625 961 31 30 in
675 961 50 31 the
750 972 87 20 sense
854 961 33 31 of
905 972 17 20 a

109 1023 111 41 deeper
234 1023 112 31 wound
360 1034 82 20 more
458 1022 136 40 recently
609 1021 89 33 dealt.

152 1084 62 33 She
236 1084 94 31 hated
352 1083 54 32 the
431 1095 71 19 man
535 1082 52 32 she
612 1082 60 32 had
702 1082 93 32 heard
825 1083 96 31 called

108 1144 125 41 Olivier,
260 1144 60 32 and
345 1144 53 32 she
427 1143 170 32 shuddered
623 1143 75 32 with
720 1148 96 27 terror
833 1144 88 31 when

106 1206 54 32 she
175 1205 133 41 thought
325 1205 34 31 of
375 1204 96 32 Denis
488 1204 115 32 Perrot.

149 1266 143 33 Madame
323 1266 37 31 de
385 1265 155 33 Clavreuil
566 1265 61 31 had
656 1265 66 31 told
748 1264 53 32 her
827 1269 32 26 to
883 1275 39 30 go

106 1329 98 31 home.
252 1328 62 31 But
337 1327 101 32 where
463 1338 63 20 was
549 1326 54 32 her
627 1326 112 31 home?
785 1325 59 32 She
863 1325 59 31 had

106 1402 89 20 none.
253 1388 60 33 She
343 1387 61 33 had
434 1387 51 32 the
512 1387 160 32 five-franc
701 1386 84 42 piece
812 1386 31 31 in
870 1386 52 32 her

105 1452 85 33 hand
213 1450 68 32 that
304 1449 61 32 had
391 1449 77 32 been
492 1448 92 42 given
608 1448 54 31 her
686 1448 31 31 in
739 1448 52 31 the
812 1448 110 32 stable-

105 1514 77 42 yard
207 1516 33 28 at
263 1511 53 32 the
344 1510 137 33 Chateau
493 1524 6 27 ;
523 1510 56 32 but
604 1509 76 32 after
702 1509 67 32 that
791 1509 60 32 had
872 1509 50 32 fed
