1090 1740
905 105 54 26 277

400 110 64 21 THE
487 111 207 21 DEPUTATION.

138 183 70 32 that
222 195 65 21 was
302 190 104 27 meant
420 190 33 27 to
469 185 37 32 be
523 186 161 42 engaging,
701 186 60 31 and
783 185 174 42 suggestive

138 245 36 32 of
185 257 19 21 a
219 251 88 36 great
322 246 76 33 deal.

348 309 164 31 continued
529 310 62 40 she,
641 310 23 31 it
684 310 35 38 is,
735 321 33 20 as
784 321 60 30 you
861 321 61 30 say,
940 321 19 19 a

138 380 65 19 Avar
219 369 35 31 of
270 369 105 32 uncles
386 383 6 27 ;
425 370 52 31 the
494 371 69 31 Due
587 370 37 32 de
640 370 151 33 Vivienne
807 370 60 31 will
889 382 70 30 pro-

138 429 94 42 bably
248 430 69 41 help
335 431 119 31 Gaston
476 431 126 42 largely,
618 432 32 31 in
674 444 18 19 a
713 432 141 31 financial
873 432 86 41 point,

138 491 34 31 of

215 553 131 41 Luckily
369 565 52 29 my
446 553 131 42 nephew
602 553 71 31 does
702 558 54 27 not
786 553 78 32 need
893 553 67 32 that

138 614 92 41 proof
246 614 34 31 of
303 614 142 32 affection
470 626 39 20 on
536 626 53 29 my
745 615 133 31 retorted
906 615 53 31 the

138 673 149 41 Marquis,
442 674 15 30 I
495 673 89 31 could
620 678 55 27 not
714 674 70 40 give
826 674 24 31 it
886 673 73 32 him.

139 735 15 30 I
185 734 80 32 have
290 734 107 42 plenty
421 739 33 27 to
482 735 37 30 do
552 734 72 31 with
651 747 52 28 my
729 735 120 30 fortune
873 734 87 31 with-

138 800 56 27 out
231 795 149 41 touching
411 795 119 42 politics
571 795 111 42 (which
718 796 16 30 I
770 795 82 41 hate)
863 808 6 28 ;
901 796 59 31 and

141 857 124 41 luckily,
306 857 73 40 also,
417 857 114 31 Olivier
568 856 25 31 is
630 856 89 31 twice
756 868 33 19 as
827 856 64 31 rich
928 868 32 19 as

140 918 16 30 I

185 979 104 31 When
316 979 42 31 M.
387 978 38 31 de
452 978 166 40 Moranges
646 977 72 30 took
745 977 85 31 leave
857 976 33 32 of
916 977 44 31 his

139 1040 99 38 sister,
265 1040 52 31 the
344 1039 93 32 latter
461 1037 148 38 watched,
634 1036 73 32 with
721 1048 19 20 a
763 1036 91 43 sharp
876 1048 84 31 gaze,

138 1101 49 32 his
203 1101 167 40 retreating
393 1100 106 40 figure,
518 1098 60 32 and
602 1097 161 32 continued
787 1097 173 32 aftenvards

139 1168 33 27 to
188 1161 103 33 watch
316 1161 54 33 the
396 1161 74 31 door
494 1160 42 41 by
552 1159 101 32 which
676 1158 39 32 he
735 1159 61 30 had
811 1159 89 32 made
915 1159 45 31 his

138 1224 75 31 exit.

215 1284 50 32 No
281 1295 112 31 money
406 1284 7 32 !
468 1281 172 42 whispered
662 1280 53 31 she
738 1285 32 26 to
793 1280 118 38 herself,
927 1292 34 19 as

138 1346 58 33 she
221 1345 148 42 carefully
392 1343 96 33 rolled
512 1354 41 30 up
578 1342 55 31 her
657 1340 92 31 AA'hite
773 1340 105 40 wools,
902 1340 59 31 and

141 1412 57 38 put
217 1406 184 43 everything
427 1403 168 33 connected
611 1402 73 32 with
701 1402 54 31 her
771 1402 84 30 work
870 1401 30 31 in
922 1401 40 32 its

140 1480 114 32 proper
287 1467 97 42 place.
541 1465 128 40 money!
729 1462 64 32 No!
832 1463 37 31 he
900 1463 63 31 will

139 1542 96 21 never
249 1530 39 31 be
304 1533 33 27 to
352 1528 39 31 be
415 1526 131 33 counted
574 1537 82 29 upon
679 1524 46 32 for
750 1536 55 19 one
820 1524 85 41 hour,
930 1537 34 19 or
