1090 1740
880 105 51 26 225

381 111 122 21 EASTER
525 110 135 22 SUNDAY.

112 185 56 32 her
184 186 159 41 attention,
364 198 34 20 as
413 187 54 32 she
483 187 116 32 wished
614 192 30 27 to
660 187 47 40 do,
721 199 82 30 upon
825 187 108 41 higher

113 247 107 42 things
242 248 110 41 during
374 248 52 32 the
443 249 116 31 service
575 248 30 31 in
621 248 53 32 the
690 248 122 41 church,
830 248 40 41 by
886 260 47 20 re-

116 321 144 20 currence
286 314 33 27 to
345 310 52 31 the
424 310 144 32 offensive
594 322 147 29 presence
758 310 34 31 of
810 310 53 32 the
878 310 52 40 fat,

115 371 111 41 vulgar
243 383 72 19 man
334 371 69 31 who
423 371 61 31 had
509 371 92 32 dared
619 376 32 27 to
675 376 101 28 accost
791 371 55 32 her
861 372 72 31 hus-

115 432 83 31 band
212 432 32 31 in
258 431 53 32 the
327 431 101 41 public
445 436 101 27 street.

161 493 66 32 Her
258 492 139 32 husband
410 493 7 32 !
451 492 53 32 the
533 492 85 31 word
648 492 73 32 then
755 492 62 32 had
852 504 83 20 some

117 565 88 20 sense
228 553 122 42 beyond
361 563 6 4 '
375 553 68 32 that
467 553 34 31 of
527 553 54 31 the
612 553 83 31 chief
715 557 124 38 partner
863 553 32 31 in
918 564 18 20 a

118 615 93 31 social
238 614 166 41 enterprise
413 615 15 31 ?
471 613 99 32 There
597 625 63 20 was
677 613 174 41 something
866 613 30 31 in
913 614 23 30 it

117 676 68 31 that
201 675 103 32 forced
318 675 54 31 the
388 674 67 32 wife
471 674 65 32 into
554 686 127 20 oneness
698 675 34 31 of
743 675 112 40 feeling
865 674 71 31 with

118 737 69 32 that
212 748 57 20 one
287 747 73 20 man
383 735 61 32 and
473 747 40 19 no
541 735 95 32 other.
682 735 84 41 Why
778 736 14 31 ?
836 735 100 32 Claire

120 797 91 32 could
236 801 55 27 not
316 797 81 31 have
422 796 160 42 explained
593 809 6 27 ;
622 796 57 31 but
705 795 54 32 she
790 795 147 41 suddenly

120 858 134 41 thought
280 857 33 32 of
335 857 55 31 her
408 857 90 39 child,
516 857 60 31 and
601 856 54 31 felt
676 855 66 32 that
757 867 39 20 no
812 856 125 41 unplea-

122 924 140 28 santness
278 918 89 32 could
384 918 115 31 disturb
518 917 55 32 her
595 918 81 30 son's
695 917 99 31 father
811 917 127 30 without

121 980 119 40 forcing
254 979 55 32 her
323 984 33 27 to
372 979 117 31 vibrate
504 982 33 28 to
551 978 39 31 its
605 977 101 32 touch.

166 1042 36 31 In
218 1040 54 33 the
288 1040 81 32 child
384 1040 89 31 alone
483 1039 55 31 lies
554 1039 52 31 the
621 1038 87 42 unity
720 1038 137 32 between
868 1049 69 20 man

123 1103 61 31 and
199 1101 69 33 wife
284 1101 31 31 in
330 1101 126 32 France.

844 1590 12 17 Q

183 1594 49 16 VOL.
251 1595 14 14 I.
