1090 1740
408 79 67 22 TWO
498 80 135 22 POWERS.

876 77 51 26 289

185 153 56 42 My
268 153 72 32 dear
362 154 81 33 child
454 156 6 32 !
486 156 72 42 only
578 161 51 28 ten
655 168 88 31 years
754 158 7 32 !
784 158 81 42 why,
893 158 39 33 do

110 225 62 31 you
188 213 133 43 imagine
337 215 68 33 that
420 217 165 42 Moranges
600 217 63 33 will
678 218 79 33 have
771 220 161 31 continued

111 280 53 27 ten
178 288 90 30 years
284 277 75 32 with
374 278 68 33 that
456 291 121 20 woman
587 281 15 30 ?
631 280 72 32 And
715 293 76 20 even
802 293 130 30 suppose

111 336 39 33 he
175 337 61 41 did,
253 338 70 42 why
325 358 43 3 —
369 339 84 32 what
468 352 57 30 age
548 340 27 32 is
591 340 54 33 she
655 343 14 31 ?
708 342 54 32 she
786 343 146 41 suddenly

112 398 148 41 inquired.

188 521 83 33 Well
281 541 42 4 —
339 527 53 27 ten
426 535 88 30 years
526 537 7 27 ;
568 524 101 32 that'll
709 525 37 32 be
776 526 160 32 nine-and-

114 587 116 37 twenty
243 595 6 28 ;
274 582 118 43 humph
403 585 6 30 !
435 584 53 32 she
503 596 73 30 may
591 585 60 31 last
662 598 7 27 ;
687 585 79 32 she's
782 598 19 20 a
814 586 120 33 blonde.

116 642 62 33 She
194 642 62 32 will
272 642 98 33 fatten
391 644 61 31 and
472 645 71 31 look
558 646 78 32 well.
683 647 55 41 My
757 647 81 40 dear,
855 647 81 31 what

115 715 57 30 age
188 715 51 21 are
255 706 85 39 you?

159 764 145 33 Madame
327 765 31 32 la
380 766 164 42 Marquise,
562 766 58 31 like
644 766 40 31 all
707 767 114 41 utterly
836 768 101 31 selfish

116 825 109 43 people
250 826 62 31 and
339 826 40 31 all
403 826 110 42 people
538 826 70 32 who
634 826 79 33 have
739 827 52 32 the
816 828 121 41 passion

116 887 35 32 of
176 887 147 42 rapacity,
350 899 63 20 was
437 887 101 42 losing
564 888 83 41 sight
678 888 34 31 of
733 888 55 31 her
812 888 126 32 interest

116 949 31 31 in
178 948 54 33 the
267 948 158 32 exclusive
456 949 120 41 pursuit
611 949 34 31 of
677 949 55 31 her
765 949 172 32 immediate

116 1010 101 42 object
231 1023 7 28 ;
239 1029 43 4 —
284 1009 53 32 she
359 1021 64 20 was
439 1009 101 42 losing
564 1010 55 32 her
642 1022 91 29 game
757 1010 73 31 with
852 1010 84 32 Mile.

116 1071 142 42 Aspasie,
287 1071 61 31 and
375 1071 144 40 arousing
542 1070 31 31 in
595 1070 53 32 the
671 1070 91 32 latter
787 1082 18 20 a
829 1070 109 41 feeling

118 1133 34 32 of
162 1133 139 41 hostility
316 1133 69 31 that
401 1133 53 31 she
471 1145 64 19 was
552 1145 17 19 a
585 1133 153 32 thousand
756 1132 87 32 miles
862 1132 76 31 from

118 1194 184 40 discerning.

193 1255 97 32 What
300 1266 58 30 age
371 1266 51 21 are
435 1266 60 30 you
505 1256 14 32 ?
564 1255 53 31 she
630 1255 152 41 repeated,
823 1254 94 41 thirty
927 1255 12 30 ?

197 1378 74 41 Yes,
288 1377 144 33 Madame
459 1377 29 31 la
513 1376 164 41 Marquise,
696 1376 15 30 I
729 1387 50 20 am
804 1375 95 42 thirty
899 1394 41 4 —

114 1440 67 41 just
195 1439 98 42 thirty
311 1438 65 43 (she
392 1449 65 21 was
472 1437 95 41 thirty
570 1436 100 41 -four).

198 1501 83 32 Well
295 1500 84 40 then,
398 1503 94 28 count
503 1499 5 32 !
555 1498 36 32 In
615 1502 53 27 ten
683 1508 89 30 years
788 1497 94 41 you'll
905 1497 35 31 be

859 1564 15 14 V

192 1569 53 15 VOL.
263 1569 13 15 I.
