1090 1740
157 97 53 25 188

390 103 81 20 LOArE
495 103 63 20 THE
582 101 160 22 AVENGER.

284 181 38 32 he
353 181 72 32 asks
448 193 62 30 you
519 200 43 4 —
572 192 75 30 yes:
680 179 14 31 I
718 176 90 33 think
833 175 159 41 decidedly

158 254 60 28 you
379 242 62 32 had
456 242 78 32 been
550 241 48 32 his
615 240 146 32 mother's
777 237 97 44 reply.

235 306 61 30 But
312 304 100 32 Claire
426 306 13 30 ?
493 304 100 32 added
610 303 127 38 Olivier,
757 300 173 41 dubiously.

234 367 15 31 I
269 367 89 32 think
386 367 15 31 I
428 366 108 32 should
561 370 53 27 not
640 365 53 32 tell
711 364 101 33 Claire
840 361 153 43 anything

158 430 94 31 about
268 430 33 32 it.
348 429 101 32 There
465 441 52 19 are
542 428 83 32 often
649 427 105 42 things
779 425 69 33 that
875 437 18 20 a
920 436 72 20 man

158 503 72 30 may
255 491 63 32 find
349 491 24 32 it
403 491 158 32 advisable
588 495 32 27 to
646 490 47 40 do,
721 489 94 31 about
841 487 101 31 which
970 486 23 32 it

158 552 101 33 would
275 553 38 32 be
329 552 144 42 unfitting
487 552 68 32 that
577 552 39 32 he
642 551 112 32 should
779 550 96 42 speak
896 554 33 27 to
945 548 48 31 his

159 614 78 33 wife.
284 614 65 32 The
377 626 84 19 more
478 614 15 31 I
509 613 89 32 think
616 613 33 32 of
668 612 32 40 it,
726 612 53 32 the
804 623 86 21 more
919 623 73 20 con-

159 675 111 32 vinced
303 676 15 30 I
350 687 51 19 am
432 675 67 31 that
529 686 60 31 you
622 686 50 20 are
702 674 95 41 doing
822 684 109 31 wrong
960 677 32 28 to

158 736 123 40 neglect
296 747 77 29 your

203 798 72 31 And
303 809 38 19 on
365 797 62 31 this
455 797 67 31 idea
548 797 52 31 the
617 796 73 32 wise
718 801 122 27 matron
864 795 55 33 left
937 795 56 33 her

161 871 64 28 son,
243 859 69 31 well
329 858 146 42 knowing
491 858 75 41 that,
585 870 33 20 as
641 858 47 31 his
704 858 89 31 brain
808 869 95 20 never
919 857 74 32 took

161 921 30 30 in
208 931 85 21 more
309 919 76 32 than
403 931 56 20 one
475 919 70 32 idea
561 923 32 27 at
609 931 18 19 a
649 919 84 41 time,
751 919 25 31 it
792 919 103 31 would
912 918 80 32 stick

162 986 31 27 to
210 981 62 32 this
288 992 58 20 one
368 981 203 41 tenaciously,
589 980 61 32 and
671 980 151 42 probably
839 980 108 32 evolve
970 980 23 31 it

163 1043 63 31 into
242 1054 19 20 a
285 1043 144 41 practical
454 1042 105 33 result.
606 1042 76 32 And
707 1054 34 20 so
770 1043 23 31 it
811 1042 164 42 happened
986 1055 6 27 ;

163 1104 60 31 and
239 1103 90 32 when
346 1104 116 32 Olivier
490 1104 101 31 seized
617 1103 54 32 the
699 1104 66 31 first
793 1104 200 42 opportunity

163 1165 112 32 offered
290 1170 32 26 to
338 1165 63 31 him
428 1165 43 41 by
485 1165 48 31 his
555 1165 100 39 uncle,
674 1165 61 31 and
762 1165 130 32 alloAved
915 1165 78 32 him-

163 1225 61 33 self
241 1231 32 27 to
297 1225 38 32 be
362 1225 166 42 presented
555 1230 32 27 to
614 1225 52 32 the
684 1225 120 42 Sphinx
830 1225 42 43 by
887 1226 44 32 M.
957 1227 36 31 de

163 1287 175 41 Moranges,
361 1286 38 32 he
415 1297 72 29 was,
516 1286 30 32 in
573 1286 71 40 fact,
672 1287 71 42 only
758 1287 159 43 following
942 1292 51 27 out

163 1349 54 31 the
234 1348 106 32 advice
356 1347 93 41 given
466 1347 62 32 him
544 1348 43 40 by
602 1347 53 33 the
672 1348 154 40 doAvager.

208 1409 89 32 After
323 1408 69 33 that
418 1409 66 31 first
509 1408 80 41 visit,
617 1409 45 32 M.
681 1409 36 32 de
734 1410 188 32 Beauvoisin
947 1423 46 19 re-

164 1471 112 31 turned
301 1471 173 41 frequently
490 1475 32 27 to
548 1471 53 31 the
629 1471 98 32 Hotel
754 1472 38 31 de
815 1473 178 41 Moranges,

166 1532 89 32 dined
285 1532 96 41 there,
406 1545 34 19 or
467 1533 204 40 breakfasted,
700 1534 61 31 and
787 1546 85 27 grew
900 1539 33 27 to
956 1534 37 33 be
