1090 1740
289 99 105 21 ALONE
417 99 35 22 IN
475 100 64 21 THE
561 100 118 21 WORLD.

861 97 32 24 53

117 174 78 33 Was
215 176 70 40 this,
302 176 82 40 then,
402 176 82 32 what
502 176 25 32 is
546 176 99 43 styled
661 188 17 21 a
698 177 149 42 marriage
864 179 33 30 of

75 236 203 33 convenience
288 237 14 32 ?
318 248 18 20 a
350 237 151 41 marriage
518 237 30 31 in
560 237 100 32 which
675 237 52 33 the
743 238 106 32 fitness
865 238 32 32 of

75 301 62 27 two
153 297 144 41 fortunes,
313 302 62 28 two
400 298 92 32 social
515 298 155 42 positions,
687 303 61 28 two
772 303 120 36 estates,

76 358 31 31 in
138 358 92 42 short,
258 359 26 32 is
315 358 96 43 solely
437 359 97 32 taken
560 359 63 32 into
649 359 220 34 consideration
880 362 15 30 ?

77 419 50 32 No
141 420 7 32 !
171 431 60 31 you
254 420 60 32 will
336 420 38 32 be
398 420 125 42 gravely
542 420 65 32 told
630 420 30 32 in
688 421 116 32 France
830 421 65 31 that

77 481 75 32 such
163 482 165 42 marriages
343 493 40 20 no
395 481 106 42 longer
513 481 86 32 exist.
631 482 130 32 Neither
772 482 38 32 do
823 482 73 42 they

77 542 96 32 under
195 542 52 32 the
271 542 152 43 repulsive
439 542 169 43 tyrannical
631 542 76 32 form
722 542 74 43 they
811 543 83 39 used,

79 615 85 21 some
181 609 127 36 seventy
325 616 33 20 or
374 604 108 41 eighty
497 615 90 30 years
603 615 68 30 ago,
689 609 31 27 to
737 616 127 20 assume.

121 664 100 33 There
236 666 27 31 is
280 677 41 20 no
342 665 138 41 shutting
495 677 40 29 up
551 665 32 31 in
606 670 156 36 convents,
779 676 119 20 now-a-

80 725 84 43 days,
197 726 34 32 of
257 726 193 32 recalcitrant
479 726 73 41 girls
565 739 6 28 ;
603 738 40 20 no
674 726 145 41 violence,
859 738 38 20 no

80 788 149 40 arbitrary
259 788 73 39 rule,
357 798 41 20 no
429 786 125 42 cruelty,
587 786 119 42 against
736 786 101 31 which
866 791 32 26 to

81 849 109 42 appeal
212 853 32 27 to
268 848 70 32 God
362 849 59 30 and
436 860 72 19 man
522 861 6 27 ;
551 848 56 31 but
622 848 52 31 the
690 848 59 31 end
765 848 130 32 reached

82 911 27 31 is
124 914 103 38 pretty
242 909 93 32 much
350 909 52 31 the
419 920 91 20 same.
556 909 73 31 Men
639 908 60 31 and
714 920 118 20 women
849 920 50 20 are

81 971 104 32 bound
201 970 140 42 together
352 970 68 31 who
436 969 118 32 neither
570 970 76 40 love,
656 981 56 20 nor
727 970 100 40 know,
844 981 56 20 nor

83 1043 69 21 care
178 1036 32 26 to
234 1031 101 40 know,
363 1030 75 32 each
464 1030 95 32 other.
606 1030 86 42 They
716 1042 53 20 are
793 1031 107 41 placed

81 1093 141 32 between
245 1092 97 31 ennui
355 1091 36 43 (if
407 1096 55 27 not
483 1090 123 43 misery)
627 1091 60 31 and
709 1103 114 29 wrong,
841 1092 59 31 and

82 1153 190 33 condemned
286 1158 32 26 to
333 1153 38 31 be
388 1152 158 41 obscurely
562 1152 109 32 heroic.
717 1152 74 31 This
807 1152 25 31 is
848 1152 52 31 the

82 1228 109 21 reason
207 1215 71 42 why
292 1214 86 33 those
395 1214 68 32 who
479 1214 32 31 in
533 1214 117 31 France
672 1213 38 32 do
732 1213 78 32 their
827 1213 73 41 duty

83 1290 51 20 are
158 1277 112 41 mostly
286 1287 33 21 so
338 1275 124 43 joyless.
509 1275 109 32 Virtue
645 1286 112 29 among
780 1274 120 32 French

82 1338 110 44 people
208 1348 96 21 wears
325 1336 113 42 always
455 1347 17 21 a
495 1347 104 20 severe
622 1339 113 37 aspect,
753 1335 60 31 and
827 1335 73 42 they

85 1401 70 31 who
180 1398 130 43 practise
330 1397 25 32 it
380 1397 49 43 (an
445 1396 148 32 immense
614 1394 104 42 mass),
742 1406 50 21 are
809 1407 91 21 never

81 1460 144 33 cheerful.

127 1522 92 39 Well,
236 1520 54 32 the
305 1518 113 33 friends
430 1518 34 32 of
476 1518 98 33 Claire
590 1517 37 32 de
638 1517 152 33 Clavreuil
802 1518 99 33 would
