<?xml version="1.0" encoding="UTF-8"?>
<alto xmlns:xsi="http://www.w3.org/2001/XMLSchema-instance" xsi:noNamespaceSchemaLocation="http://www.bl.uk/schemas/alto/alto-1-4.xsd" xmlns:xlink="http://www.w3.org/1999/xlink">
	<Description>
		<MeasurementUnit>mm10</MeasurementUnit>
		<sourceImageInformation>
			<fileName>//head1/IN/2007-46/A0010888503.1/009712.jp2</fileName>
		</sourceImageInformation>
		<OCRProcessing ID="OCRPROCESSING_1">
			<preProcessingStep>
				<processingSoftware>
					<softwareCreator>CCS Content Conversion Specialists GmbH, Germany</softwareCreator>
					<softwareName>CCS docWORKS</softwareName>
					<softwareVersion>6.1-0.61</softwareVersion>
				</processingSoftware>
			</preProcessingStep>
			<ocrProcessingStep>
				<processingSoftware>
					<softwareCreator>ABBYY (BIT Software), Russia</softwareCreator>
					<softwareName>Finereader</softwareName>
				</processingSoftware>
			</ocrProcessingStep>
		</OCRProcessing>
	</Description>
	<Styles>
		<TextStyle ID="TXT_0" FONTSIZE="11" FONTFAMILY="Courier New"/>
		<TextStyle ID="TXT_1" FONTSIZE="10" FONTFAMILY="Courier New"/>
		<ParagraphStyle ID="PAR_LEFT" ALIGN="Left"/>
		<ParagraphStyle ID="PAR_CENTER" ALIGN="Center"/>
	</Styles>
	<Layout>
		<Page ID="P176" PHYSICAL_IMG_NR="176" HEIGHT="1740" WIDTH="1090" PRINTED_IMG_NR="164" POSITION="Left" ACCURACY="71.43">
			<TopMargin ID="P176_TM00001" HPOS="0" VPOS="0" WIDTH="1089" HEIGHT="132">
				<TextBlock ID="P176_TB00001" HPOS="138" VPOS="104" WIDTH="53" HEIGHT="26" STYLEREFS="TXT_0 PAR_LEFT">
					<TextLine ID="P176_TL00001" HPOS="138" VPOS="104" WIDTH="53" HEIGHT="26">
						<String ID="P176_ST00001" HPOS="138" VPOS="104" WIDTH="53" HEIGHT="26" CONTENT="164" WC="1.00" CC="000"/>
					</TextLine>
				</TextBlock>
				<TextBlock ID="P176_TB00002" HPOS="369" VPOS="109" WIDTH="358" HEIGHT="23" STYLEREFS="TXT_1 PAR_CENTER">
					<TextLine ID="P176_TL00002" HPOS="369" VPOS="109" WIDTH="358" HEIGHT="23">
						<String ID="P176_ST00002" HPOS="369" VPOS="111" WIDTH="83" HEIGHT="21" CONTENT="LOVE" WC="0.88" CC="0040"/>
						<SP ID="P176_SP00001" HPOS="452" VPOS="132" WIDTH="24"/>
						<String ID="P176_ST00003" HPOS="476" VPOS="111" WIDTH="64" HEIGHT="21" CONTENT="THE" WC="0.55" CC="516"/>
						<SP ID="P176_SP00002" HPOS="540" VPOS="132" WIDTH="25"/>
						<String ID="P176_ST00004" HPOS="565" VPOS="109" WIDTH="162" HEIGHT="23" CONTENT="AVENGER." WC="0.64" CC="06306173"/>
					</TextLine>
				</TextBlock>
			</TopMargin>
			<LeftMargin ID="P176_LM00001" HPOS="0" VPOS="132" WIDTH="134" HEIGHT="1439"/>
			<RightMargin ID="P176_RM00001" HPOS="972" VPOS="132" WIDTH="117" HEIGHT="1439"/>
			<BottomMargin ID="P176_BM00001" HPOS="0" VPOS="1571" WIDTH="1089" HEIGHT="168"/>
			<PrintSpace ID="P176_PS00001" HPOS="134" VPOS="132" WIDTH="838" HEIGHT="1439">
				<TextBlock ID="P176_TB00003" HPOS="137" VPOS="182" WIDTH="833" HEIGHT="414" STYLEREFS="TXT_1 PAR_LEFT">
					<TextLine ID="P176_TL00003" HPOS="138" VPOS="182" WIDTH="832" HEIGHT="48">
						<String ID="P176_ST00005" HPOS="138" VPOS="187" WIDTH="141" HEIGHT="43" CONTENT="cellently" WC="0.72" CC="005007910"/>
						<SP ID="P176_SP00003" HPOS="279" VPOS="230" WIDTH="35"/>
						<String ID="P176_ST00006" HPOS="314" VPOS="188" WIDTH="121" HEIGHT="41" CONTENT="regular" WC="0.48" CC="6094076"/>
						<SP ID="P176_SP00004" HPOS="435" VPOS="230" WIDTH="33"/>
						<String ID="P176_ST00007" HPOS="468" VPOS="188" WIDTH="31" HEIGHT="31" CONTENT="in" WC="0.70" CC="05"/>
						<SP ID="P176_SP00005" HPOS="499" VPOS="230" WIDTH="31"/>
						<String ID="P176_ST00008" HPOS="530" VPOS="188" WIDTH="55" HEIGHT="32" CONTENT="her" WC="0.65" CC="703"/>
						<SP ID="P176_SP00006" HPOS="585" VPOS="230" WIDTH="27"/>
						<String ID="P176_ST00009" HPOS="612" VPOS="186" WIDTH="111" HEIGHT="33" CONTENT="habits." WC="0.67" CC="7053050"/>
						<SP ID="P176_SP00007" HPOS="723" VPOS="230" WIDTH="53"/>
						<String ID="P176_ST00010" HPOS="776" VPOS="183" WIDTH="68" HEIGHT="32" CONTENT="Her" WC="0.62" CC="523"/>
						<SP ID="P176_SP00008" HPOS="844" VPOS="230" WIDTH="32"/>
						<String ID="P176_ST00011" HPOS="876" VPOS="182" WIDTH="94" HEIGHT="32" CONTENT="faults" WC="0.72" CC="105206"/>
					</TextLine>
					<TextLine ID="P176_TL00004" HPOS="138" VPOS="243" WIDTH="832" HEIGHT="39">
						<String ID="P176_ST00012" HPOS="138" VPOS="260" WIDTH="80" HEIGHT="22" CONTENT="Avere" WC="0.67" CC="96000"/>
						<SP ID="P176_SP00009" HPOS="218" VPOS="282" WIDTH="30"/>
						<String ID="P176_ST00013" HPOS="248" VPOS="249" WIDTH="68" HEIGHT="33" CONTENT="that" WC="0.31" CC="4795"/>
						<SP ID="P176_SP00010" HPOS="316" VPOS="282" WIDTH="38"/>
						<String ID="P176_ST00014" HPOS="354" VPOS="249" WIDTH="54" HEIGHT="33" CONTENT="she" WC="0.36" CC="675"/>
						<SP ID="P176_SP00011" HPOS="408" VPOS="282" WIDTH="31"/>
						<String ID="P176_ST00015" HPOS="439" VPOS="261" WIDTH="63" HEIGHT="20" CONTENT="Avas" WC="0.42" CC="9903"/>
						<SP ID="P176_SP00012" HPOS="502" VPOS="282" WIDTH="31"/>
						<String ID="P176_ST00016" HPOS="533" VPOS="260" WIDTH="73" HEIGHT="21" CONTENT="over" WC="0.74" CC="0406"/>
						<SP ID="P176_SP00013" HPOS="606" VPOS="282" WIDTH="27"/>
						<String ID="P176_ST00017" HPOS="633" VPOS="248" WIDTH="72" HEIGHT="32" CONTENT="fond" WC="0.90" CC="2010"/>
						<SP ID="P176_SP00014" HPOS="705" VPOS="282" WIDTH="33"/>
						<String ID="P176_ST00018" HPOS="738" VPOS="246" WIDTH="35" HEIGHT="32" CONTENT="of" WC="0.73" CC="50"/>
						<SP ID="P176_SP00015" HPOS="773" VPOS="282" WIDTH="18"/>
						<String ID="P176_ST00019" HPOS="791" VPOS="245" WIDTH="53" HEIGHT="32" CONTENT="the" WC="0.55" CC="670"/>
						<SP ID="P176_SP00016" HPOS="844" VPOS="282" WIDTH="24"/>
						<String ID="P176_ST00020" HPOS="868" VPOS="243" WIDTH="102" HEIGHT="33" CONTENT="minor" WC="0.58" CC="05545"/>
					</TextLine>
					<TextLine ID="P176_TL00005" HPOS="138" VPOS="305" WIDTH="832" HEIGHT="48">
						<String ID="P176_ST00021" HPOS="138" VPOS="309" WIDTH="144" HEIGHT="42" CONTENT="theatres," WC="0.83" CC="070000060"/>
						<SP ID="P176_SP00017" HPOS="282" VPOS="351" WIDTH="27"/>
						<String ID="P176_ST00022" HPOS="309" VPOS="310" WIDTH="60" HEIGHT="32" CONTENT="and" WC="0.83" CC="050"/>
						<SP ID="P176_SP00018" HPOS="369" VPOS="351" WIDTH="24"/>
						<String ID="P176_ST00023" HPOS="393" VPOS="310" WIDTH="102" HEIGHT="32" CONTENT="would" WC="0.78" CC="00730"/>
						<SP ID="P176_SP00019" HPOS="495" VPOS="351" WIDTH="22"/>
						<String ID="P176_ST00024" HPOS="517" VPOS="310" WIDTH="112" HEIGHT="43" CONTENT="persist" WC="0.75" CC="0315050"/>
						<SP ID="P176_SP00020" HPOS="629" VPOS="353" WIDTH="31"/>
						<String ID="P176_ST00025" HPOS="660" VPOS="309" WIDTH="31" HEIGHT="32" CONTENT="in" WC="0.54" CC="26"/>
						<SP ID="P176_SP00021" HPOS="691" VPOS="353" WIDTH="24"/>
						<String ID="P176_ST00026" HPOS="715" VPOS="307" WIDTH="122" HEIGHT="41" CONTENT="talking" WC="0.70" CC="6023170"/>
						<SP ID="P176_SP00022" HPOS="837" VPOS="353" WIDTH="23"/>
						<String ID="P176_ST00027" HPOS="860" VPOS="305" WIDTH="36" HEIGHT="33" CONTENT="of" WC="0.87" CC="20"/>
						<SP ID="P176_SP00023" HPOS="896" VPOS="353" WIDTH="17"/>
						<String ID="P176_ST00028" HPOS="913" VPOS="305" WIDTH="57" HEIGHT="32" CONTENT="her" WC="0.74" CC="700"/>
					</TextLine>
					<TextLine ID="P176_TL00006" HPOS="137" VPOS="366" WIDTH="833" HEIGHT="48">
						<String ID="P176_ST00029" HPOS="137" VPOS="370" WIDTH="115" HEIGHT="44" CONTENT="family," WC="0.94" CC="0001001"/>
						<SP ID="P176_SP00024" HPOS="252" VPOS="414" WIDTH="26"/>
						<String ID="P176_ST00030" HPOS="278" VPOS="371" WIDTH="56" HEIGHT="32" CONTENT="but" WC="0.54" CC="760"/>
						<SP ID="P176_SP00025" HPOS="334" VPOS="414" WIDTH="34"/>
						<String ID="P176_ST00031" HPOS="368" VPOS="383" WIDTH="38" HEIGHT="20" CONTENT="on" WC="0.73" CC="13"/>
						<SP ID="P176_SP00026" HPOS="406" VPOS="414" WIDTH="31"/>
						<String ID="P176_ST00032" HPOS="437" VPOS="371" WIDTH="52" HEIGHT="32" CONTENT="the" WC="0.57" CC="570"/>
						<SP ID="P176_SP00027" HPOS="489" VPOS="414" WIDTH="24"/>
						<String ID="P176_ST00033" HPOS="513" VPOS="371" WIDTH="100" HEIGHT="32" CONTENT="whole" WC="0.61" CC="97001"/>
						<SP ID="P176_SP00028" HPOS="613" VPOS="414" WIDTH="28"/>
						<String ID="P176_ST00034" HPOS="641" VPOS="370" WIDTH="54" HEIGHT="33" CONTENT="she" WC="0.56" CC="570"/>
						<SP ID="P176_SP00029" HPOS="695" VPOS="414" WIDTH="25"/>
						<String ID="P176_ST00035" HPOS="720" VPOS="370" WIDTH="52" HEIGHT="31" CONTENT="did" WC="1.00" CC="000"/>
						<SP ID="P176_SP00030" HPOS="772" VPOS="414" WIDTH="24"/>
						<String ID="P176_ST00036" HPOS="796" VPOS="368" WIDTH="79" HEIGHT="41" CONTENT="well," WC="0.80" CC="00143"/>
						<SP ID="P176_SP00031" HPOS="875" VPOS="414" WIDTH="33"/>
						<String ID="P176_ST00037" HPOS="908" VPOS="366" WIDTH="62" HEIGHT="33" CONTENT="and" WC="0.50" CC="059"/>
					</TextLine>
					<TextLine ID="P176_TL00007" HPOS="137" VPOS="429" WIDTH="833" HEIGHT="36">
						<String ID="P176_ST00038" HPOS="137" VPOS="432" WIDTH="62" HEIGHT="32" CONTENT="had" WC="0.44" CC="709"/>
						<SP ID="P176_SP00032" HPOS="199" VPOS="464" WIDTH="15"/>
						<String ID="P176_ST00039" HPOS="214" VPOS="432" WIDTH="78" HEIGHT="32" CONTENT="been" WC="0.81" CC="5002"/>
						<SP ID="P176_SP00033" HPOS="292" VPOS="464" WIDTH="17"/>
						<String ID="P176_ST00040" HPOS="309" VPOS="432" WIDTH="47" HEIGHT="32" CONTENT="six" WC="0.41" CC="259"/>
						<SP ID="P176_SP00034" HPOS="356" VPOS="464" WIDTH="15"/>
						<String ID="P176_ST00041" HPOS="371" VPOS="433" WIDTH="123" HEIGHT="32" CONTENT="months" WC="0.71" CC="010077"/>
						<SP ID="P176_SP00035" HPOS="494" VPOS="465" WIDTH="24"/>
						<String ID="P176_ST00042" HPOS="518" VPOS="432" WIDTH="145" HEIGHT="33" CONTENT="attached" WC="0.78" CC="06002700"/>
						<SP ID="P176_SP00036" HPOS="663" VPOS="465" WIDTH="15"/>
						<String ID="P176_ST00043" HPOS="678" VPOS="436" WIDTH="33" HEIGHT="28" CONTENT="to" WC="0.58" CC="25"/>
						<SP ID="P176_SP00037" HPOS="711" VPOS="465" WIDTH="16"/>
						<String ID="P176_ST00044" HPOS="727" VPOS="431" WIDTH="53" HEIGHT="32" CONTENT="the" WC="0.57" CC="075"/>
						<SP ID="P176_SP00038" HPOS="780" VPOS="465" WIDTH="16"/>
						<String ID="P176_ST00045" HPOS="796" VPOS="429" WIDTH="174" HEIGHT="33" CONTENT="household" WC="0.52" CC="706507239"/>
					</TextLine>
					<TextLine ID="P176_TL00008" HPOS="139" VPOS="490" WIDTH="830" HEIGHT="45">
						<String ID="P176_ST00046" HPOS="139" VPOS="492" WIDTH="35" HEIGHT="32" CONTENT="of" WC="0.86" CC="20"/>
						<SP ID="P176_SP00039" HPOS="174" VPOS="524" WIDTH="18"/>
						<String ID="P176_ST00047" HPOS="192" VPOS="492" WIDTH="43" HEIGHT="33" CONTENT="M." WC="0.91" CC="01"/>
						<SP ID="P176_SP00040" HPOS="235" VPOS="525" WIDTH="18"/>
						<String ID="P176_ST00048" HPOS="253" VPOS="492" WIDTH="27" HEIGHT="32" CONTENT="le" WC="0.87" CC="20"/>
						<SP ID="P176_SP00041" HPOS="280" VPOS="525" WIDTH="17"/>
						<String ID="P176_ST00049" HPOS="297" VPOS="493" WIDTH="146" HEIGHT="42" CONTENT="Marquis," WC="0.73" CC="00407432"/>
						<SP ID="P176_SP00042" HPOS="443" VPOS="535" WIDTH="27"/>
						<String ID="P176_ST00050" HPOS="470" VPOS="493" WIDTH="103" HEIGHT="31" CONTENT="whose" WC="0.88" CC="06000"/>
						<SP ID="P176_SP00043" HPOS="573" VPOS="535" WIDTH="28"/>
						<String ID="P176_ST00051" HPOS="601" VPOS="491" WIDTH="188" HEIGHT="44" CONTENT="superiority" WC="0.71" CC="75006306100"/>
						<SP ID="P176_SP00044" HPOS="789" VPOS="535" WIDTH="26"/>
						<String ID="P176_ST00052" HPOS="815" VPOS="490" WIDTH="54" HEIGHT="32" CONTENT="she" WC="0.52" CC="670"/>
						<SP ID="P176_SP00045" HPOS="869" VPOS="535" WIDTH="24"/>
						<String ID="P176_ST00053" HPOS="893" VPOS="490" WIDTH="76" HEIGHT="40" CONTENT="fully" WC="0.76" CC="05500"/>
					</TextLine>
					<TextLine ID="P176_TL00009" HPOS="139" VPOS="551" WIDTH="800" HEIGHT="45">
						<String ID="P176_ST00054" HPOS="139" VPOS="554" WIDTH="195" HEIGHT="42" CONTENT="appreciated" WC="0.84" CC="00001122009"/>
						<SP ID="P176_SP00046" HPOS="334" VPOS="596" WIDTH="16"/>
						<String ID="P176_ST00055" HPOS="350" VPOS="554" WIDTH="128" HEIGHT="32" CONTENT="Avithout" WC="0.72" CC="00307171"/>
						<SP ID="P176_SP00047" HPOS="478" VPOS="596" WIDTH="15"/>
						<String ID="P176_ST00056" HPOS="493" VPOS="555" WIDTH="96" HEIGHT="41" CONTENT="being" WC="0.58" CC="70660"/>
						<SP ID="P176_SP00048" HPOS="589" VPOS="596" WIDTH="15"/>
						<String ID="P176_ST00057" HPOS="604" VPOS="551" WIDTH="229" HEIGHT="35" CONTENT="overwhelmed" WC="0.60" CC="07059700805"/>
						<SP ID="P176_SP00049" HPOS="833" VPOS="596" WIDTH="15"/>
						<String ID="P176_ST00058" HPOS="848" VPOS="552" WIDTH="43" HEIGHT="41" CONTENT="by" WC="0.63" CC="70"/>
						<SP ID="P176_SP00050" HPOS="891" VPOS="596" WIDTH="15"/>
						<String ID="P176_ST00059" HPOS="906" VPOS="552" WIDTH="33" HEIGHT="31" CONTENT="it." WC="0.76" CC="330"/>
					</TextLine>
				</TextBlock>
				<TextBlock ID="P176_TB00004" HPOS="134" VPOS="613" WIDTH="836" HEIGHT="600" STYLEREFS="TXT_1 PAR_LEFT">
					<TextLine ID="P176_TL00010" HPOS="182" VPOS="613" WIDTH="788" HEIGHT="44">
						<String ID="P176_ST00060" HPOS="182" VPOS="615" WIDTH="75" HEIGHT="32" CONTENT="This" WC="0.56" CC="0754"/>
						<SP ID="P176_SP00051" HPOS="257" VPOS="647" WIDTH="23"/>
						<String ID="P176_ST00061" HPOS="280" VPOS="616" WIDTH="253" HEIGHT="41" CONTENT="gentleAvoman's" WC="0.85" CC="00003002000706"/>
						<SP ID="P176_SP00052" HPOS="533" VPOS="657" WIDTH="31"/>
						<String ID="P176_ST00062" HPOS="564" VPOS="616" WIDTH="63" HEIGHT="31" CONTENT="real" WC="0.56" CC="6604"/>
						<SP ID="P176_SP00053" HPOS="627" VPOS="657" WIDTH="24"/>
						<String ID="P176_ST00063" HPOS="651" VPOS="627" WIDTH="92" HEIGHT="19" CONTENT="name" WC="0.95" CC="1000"/>
						<SP ID="P176_SP00054" HPOS="743" VPOS="657" WIDTH="24"/>
						<String ID="P176_ST00064" HPOS="767" VPOS="625" WIDTH="65" HEIGHT="21" CONTENT="was" WC="0.86" CC="004"/>
						<SP ID="P176_SP00055" HPOS="832" VPOS="657" WIDTH="28"/>
						<String ID="P176_ST00065" HPOS="860" VPOS="613" WIDTH="110" HEIGHT="33" CONTENT="Made" SUBS_TYPE="HypPart1" SUBS_CONTENT="Mademoiselle" WC="0.97" CC="00001"/>
						<HYP CONTENT="-"/>
					</TextLine>
					<TextLine ID="P176_TL00011" HPOS="138" VPOS="675" WIDTH="831" HEIGHT="44">
						<String ID="P176_ST00066" HPOS="138" VPOS="678" WIDTH="136" HEIGHT="31" CONTENT="moiselle" SUBS_TYPE="HypPart2" SUBS_CONTENT="Mademoiselle" WC="0.68" CC="00460554"/>
						<SP ID="P176_SP00056" HPOS="274" VPOS="709" WIDTH="26"/>
						<String ID="P176_ST00067" HPOS="300" VPOS="678" WIDTH="130" HEIGHT="41" CONTENT="Aspasie" WC="0.89" CC="0300400"/>
						<SP ID="P176_SP00057" HPOS="430" VPOS="719" WIDTH="28"/>
						<String ID="P176_ST00068" HPOS="458" VPOS="677" WIDTH="152" HEIGHT="41" CONTENT="Mourjon," WC="0.68" CC="03271081"/>
						<SP ID="P176_SP00058" HPOS="610" VPOS="719" WIDTH="21"/>
						<String ID="P176_ST00069" HPOS="631" VPOS="677" WIDTH="57" HEIGHT="31" CONTENT="but" WC="0.44" CC="762"/>
						<SP ID="P176_SP00059" HPOS="688" VPOS="719" WIDTH="21"/>
						<String ID="P176_ST00070" HPOS="709" VPOS="676" WIDTH="53" HEIGHT="32" CONTENT="she" WC="0.55" CC="570"/>
						<SP ID="P176_SP00060" HPOS="762" VPOS="719" WIDTH="24"/>
						<String ID="P176_ST00071" HPOS="786" VPOS="675" WIDTH="128" HEIGHT="33" CONTENT="insisted" WC="0.67" CC="56553000"/>
						<SP ID="P176_SP00061" HPOS="914" VPOS="719" WIDTH="17"/>
						<String ID="P176_ST00072" HPOS="931" VPOS="687" WIDTH="38" HEIGHT="20" CONTENT="on" WC="0.58" CC="08"/>
					</TextLine>
					<TextLine ID="P176_TL00012" HPOS="139" VPOS="738" WIDTH="831" HEIGHT="42">
						<String ID="P176_ST00073" HPOS="139" VPOS="739" WIDTH="93" HEIGHT="41" CONTENT="being" WC="0.76" CC="50240"/>
						<SP ID="P176_SP00062" HPOS="232" VPOS="780" WIDTH="37"/>
						<String ID="P176_ST00074" HPOS="269" VPOS="739" WIDTH="215" HEIGHT="32" CONTENT="denominated" WC="0.81" CC="00300430009"/>
						<SP ID="P176_SP00063" HPOS="484" VPOS="780" WIDTH="36"/>
						<String ID="P176_ST00075" HPOS="520" VPOS="738" WIDTH="231" HEIGHT="33" CONTENT="Mademoiselle" WC="0.83" CC="005000250023"/>
						<SP ID="P176_SP00064" HPOS="751" VPOS="780" WIDTH="40"/>
						<String ID="P176_ST00076" HPOS="791" VPOS="738" WIDTH="37" HEIGHT="32" CONTENT="de" WC="1.00" CC="00"/>
						<SP ID="P176_SP00065" HPOS="828" VPOS="780" WIDTH="35"/>
						<String ID="P176_ST00077" HPOS="863" VPOS="738" WIDTH="107" HEIGHT="31" CONTENT="Mour" SUBS_TYPE="HypPart1" SUBS_CONTENT="Mourjonville," WC="0.72" CC="02540"/>
						<HYP CONTENT="-"/>
					</TextLine>
					<TextLine ID="P176_TL00013" HPOS="135" VPOS="802" WIDTH="834" HEIGHT="43">
						<String ID="P176_ST00078" HPOS="135" VPOS="802" WIDTH="135" HEIGHT="43" CONTENT="jonville," SUBS_TYPE="HypPart2" SUBS_CONTENT="Mourjonville," WC="0.87" CC="000220402"/>
						<SP ID="P176_SP00066" HPOS="270" VPOS="845" WIDTH="26"/>
						<String ID="P176_ST00079" HPOS="296" VPOS="803" WIDTH="59" HEIGHT="31" CONTENT="and" WC="0.81" CC="050"/>
						<SP ID="P176_SP00067" HPOS="355" VPOS="845" WIDTH="28"/>
						<String ID="P176_ST00080" HPOS="383" VPOS="815" WIDTH="39" HEIGHT="19" CONTENT="on" WC="0.65" CC="07"/>
						<SP ID="P176_SP00068" HPOS="422" VPOS="845" WIDTH="23"/>
						<String ID="P176_ST00081" HPOS="445" VPOS="803" WIDTH="61" HEIGHT="31" CONTENT="this" WC="0.43" CC="6744"/>
						<SP ID="P176_SP00069" HPOS="506" VPOS="845" WIDTH="27"/>
						<String ID="P176_ST00082" HPOS="533" VPOS="803" WIDTH="88" HEIGHT="42" CONTENT="point" WC="0.79" CC="00505"/>
						<SP ID="P176_SP00070" HPOS="621" VPOS="845" WIDTH="23"/>
						<String ID="P176_ST00083" HPOS="644" VPOS="803" WIDTH="55" HEIGHT="32" CONTENT="she" WC="0.58" CC="470"/>
						<SP ID="P176_SP00071" HPOS="699" VPOS="845" WIDTH="23"/>
						<String ID="P176_ST00084" HPOS="722" VPOS="814" WIDTH="64" HEIGHT="20" CONTENT="was" WC="1.00" CC="000"/>
						<SP ID="P176_SP00072" HPOS="786" VPOS="845" WIDTH="24"/>
						<String ID="P176_ST00085" HPOS="810" VPOS="802" WIDTH="159" HEIGHT="32" CONTENT="stubborn." WC="0.57" CC="527722270"/>
					</TextLine>
					<TextLine ID="P176_TL00014" HPOS="139" VPOS="864" WIDTH="829" HEIGHT="42">
						<String ID="P176_ST00086" HPOS="139" VPOS="864" WIDTH="47" HEIGHT="32" CONTENT="As" WC="0.71" CC="05"/>
						<SP ID="P176_SP00073" HPOS="186" VPOS="896" WIDTH="16"/>
						<String ID="P176_ST00087" HPOS="202" VPOS="864" WIDTH="54" HEIGHT="32" CONTENT="she" WC="0.75" CC="070"/>
						<SP ID="P176_SP00074" HPOS="256" VPOS="896" WIDTH="18"/>
						<String ID="P176_ST00088" HPOS="274" VPOS="864" WIDTH="98" HEIGHT="31" CONTENT="suited" WC="0.58" CC="566060"/>
						<SP ID="P176_SP00075" HPOS="372" VPOS="896" WIDTH="16"/>
						<String ID="P176_ST00089" HPOS="388" VPOS="865" WIDTH="42" HEIGHT="31" CONTENT="M." WC="0.96" CC="00"/>
						<SP ID="P176_SP00076" HPOS="430" VPOS="896" WIDTH="14"/>
						<String ID="P176_ST00090" HPOS="444" VPOS="865" WIDTH="36" HEIGHT="31" CONTENT="de" WC="0.91" CC="01"/>
						<SP ID="P176_SP00077" HPOS="480" VPOS="896" WIDTH="14"/>
						<String ID="P176_ST00091" HPOS="494" VPOS="865" WIDTH="166" HEIGHT="41" CONTENT="Moranges" WC="0.68" CC="03505056"/>
						<SP ID="P176_SP00078" HPOS="660" VPOS="906" WIDTH="17"/>
						<String ID="P176_ST00092" HPOS="677" VPOS="864" WIDTH="31" HEIGHT="31" CONTENT="in" WC="0.50" CC="36"/>
						<SP ID="P176_SP00079" HPOS="708" VPOS="906" WIDTH="13"/>
						<String ID="P176_ST00093" HPOS="721" VPOS="864" WIDTH="90" HEIGHT="32" CONTENT="other" WC="0.74" CC="00705"/>
						<SP ID="P176_SP00080" HPOS="811" VPOS="906" WIDTH="11"/>
						<String ID="P176_ST00094" HPOS="822" VPOS="869" WIDTH="146" HEIGHT="37" CONTENT="respects," WC="0.77" CC="506000052"/>
					</TextLine>
					<TextLine ID="P176_TL00015" HPOS="139" VPOS="925" WIDTH="831" HEIGHT="42">
						<String ID="P176_ST00095" HPOS="139" VPOS="925" WIDTH="40" HEIGHT="32" CONTENT="he" WC="0.62" CC="70"/>
						<SP ID="P176_SP00081" HPOS="179" VPOS="957" WIDTH="24"/>
						<String ID="P176_ST00096" HPOS="203" VPOS="937" WIDTH="79" HEIGHT="29" CONTENT="gave" WC="0.87" CC="0050"/>
						<SP ID="P176_SP00082" HPOS="282" VPOS="966" WIDTH="25"/>
						<String ID="P176_ST00097" HPOS="307" VPOS="926" WIDTH="40" HEIGHT="39" CONTENT="in," WC="0.62" CC="271"/>
						<SP ID="P176_SP00083" HPOS="347" VPOS="966" WIDTH="28"/>
						<String ID="P176_ST00098" HPOS="375" VPOS="925" WIDTH="60" HEIGHT="31" CONTENT="and" WC="0.58" CC="560"/>
						<SP ID="P176_SP00084" HPOS="435" VPOS="966" WIDTH="30"/>
						<String ID="P176_ST00099" HPOS="465" VPOS="925" WIDTH="145" HEIGHT="32" CONTENT="Madame" WC="0.70" CC="080900"/>
						<SP ID="P176_SP00085" HPOS="610" VPOS="966" WIDTH="28"/>
						<String ID="P176_ST00100" HPOS="638" VPOS="925" WIDTH="178" HEIGHT="33" CONTENT="Claudine's" WC="0.68" CC="6006046016"/>
						<SP ID="P176_SP00086" HPOS="816" VPOS="966" WIDTH="21"/>
						<String ID="P176_ST00101" HPOS="837" VPOS="925" WIDTH="133" HEIGHT="42" CONTENT="lady-in" SUBS_TYPE="HypPart1" SUBS_CONTENT="lady-inwaiting" WC="0.85" CC="30000134"/>
						<HYP CONTENT="-"/>
					</TextLine>
					<TextLine ID="P176_TL00016" HPOS="141" VPOS="985" WIDTH="827" HEIGHT="44">
						<String ID="P176_ST00102" HPOS="141" VPOS="985" WIDTH="127" HEIGHT="43" CONTENT="waiting" SUBS_TYPE="HypPart2" SUBS_CONTENT="lady-inwaiting" WC="0.54" CC="9004466"/>
						<SP ID="P176_SP00087" HPOS="268" VPOS="1028" WIDTH="22"/>
						<String ID="P176_ST00103" HPOS="290" VPOS="998" WIDTH="65" HEIGHT="21" CONTENT="was" WC="0.51" CC="805"/>
						<SP ID="P176_SP00088" HPOS="355" VPOS="1028" WIDTH="25"/>
						<String ID="P176_ST00104" HPOS="380" VPOS="987" WIDTH="145" HEIGHT="41" CONTENT="officially" WC="0.81" CC="5000030720"/>
						<SP ID="P176_SP00089" HPOS="525" VPOS="1028" WIDTH="25"/>
						<String ID="P176_ST00105" HPOS="550" VPOS="987" WIDTH="100" HEIGHT="42" CONTENT="styled" WC="0.84" CC="500030"/>
						<SP ID="P176_SP00090" HPOS="650" VPOS="1029" WIDTH="27"/>
						<String ID="P176_ST00106" HPOS="677" VPOS="987" WIDTH="38" HEIGHT="32" CONTENT="de" WC="1.00" CC="00"/>
						<SP ID="P176_SP00091" HPOS="715" VPOS="1029" WIDTH="26"/>
						<String ID="P176_ST00107" HPOS="741" VPOS="987" WIDTH="227" HEIGHT="42" CONTENT="Mourjonville," WC="0.77" CC="0066000602303"/>
					</TextLine>
					<TextLine ID="P176_TL00017" HPOS="141" VPOS="1047" WIDTH="828" HEIGHT="44">
						<String ID="P176_ST00108" HPOS="141" VPOS="1047" WIDTH="100" HEIGHT="32" CONTENT="which" WC="0.65" CC="07306"/>
						<SP ID="P176_SP00092" HPOS="241" VPOS="1079" WIDTH="33"/>
						<String ID="P176_ST00109" HPOS="274" VPOS="1047" WIDTH="244" HEIGHT="42" CONTENT="high-sounding" WC="0.64" CC="7607040750070"/>
						<SP ID="P176_SP00093" HPOS="518" VPOS="1089" WIDTH="30"/>
						<String ID="P176_ST00110" HPOS="548" VPOS="1049" WIDTH="77" HEIGHT="40" CONTENT="title," WC="0.67" CC="050362"/>
						<SP ID="P176_SP00094" HPOS="625" VPOS="1089" WIDTH="25"/>
						<String ID="P176_ST00111" HPOS="650" VPOS="1049" WIDTH="153" HEIGHT="40" CONTENT="however," WC="0.69" CC="63044031"/>
						<SP ID="P176_SP00095" HPOS="803" VPOS="1089" WIDTH="29"/>
						<String ID="P176_ST00112" HPOS="832" VPOS="1049" WIDTH="137" HEIGHT="42" CONTENT="merged," WC="0.98" CC="0000001"/>
					</TextLine>
					<TextLine ID="P176_TL00018" HPOS="141" VPOS="1108" WIDTH="829" HEIGHT="41">
						<String ID="P176_ST00113" HPOS="141" VPOS="1108" WIDTH="78" HEIGHT="31" CONTENT="little" WC="0.84" CC="310040"/>
						<SP ID="P176_SP00096" HPOS="219" VPOS="1139" WIDTH="27"/>
						<String ID="P176_ST00114" HPOS="246" VPOS="1108" WIDTH="41" HEIGHT="41" CONTENT="by" WC="0.94" CC="10"/>
						<SP ID="P176_SP00097" HPOS="287" VPOS="1149" WIDTH="20"/>
						<String ID="P176_ST00115" HPOS="307" VPOS="1108" WIDTH="84" HEIGHT="40" CONTENT="little," WC="0.82" CC="5303000"/>
						<SP ID="P176_SP00098" HPOS="391" VPOS="1149" WIDTH="29"/>
						<String ID="P176_ST00116" HPOS="420" VPOS="1109" WIDTH="64" HEIGHT="31" CONTENT="into" WC="0.42" CC="5754"/>
						<SP ID="P176_SP00099" HPOS="484" VPOS="1149" WIDTH="22"/>
						<String ID="P176_ST00117" HPOS="506" VPOS="1109" WIDTH="68" HEIGHT="32" CONTENT="that" WC="0.65" CC="0706"/>
						<SP ID="P176_SP00100" HPOS="574" VPOS="1149" WIDTH="22"/>
						<String ID="P176_ST00118" HPOS="596" VPOS="1110" WIDTH="35" HEIGHT="31" CONTENT="of" WC="1.00" CC="00"/>
						<SP ID="P176_SP00101" HPOS="631" VPOS="1149" WIDTH="20"/>
						<String ID="P176_ST00119" HPOS="651" VPOS="1110" WIDTH="233" HEIGHT="33" CONTENT="Mademoiselle" WC="0.83" CC="000000450520"/>
						<SP ID="P176_SP00102" HPOS="884" VPOS="1149" WIDTH="25"/>
						<String ID="P176_ST00120" HPOS="909" VPOS="1110" WIDTH="61" HEIGHT="32" CONTENT="As" SUBS_TYPE="HypPart1" SUBS_CONTENT="Aspasie," WC="0.81" CC="032"/>
						<HYP CONTENT="-"/>
					</TextLine>
					<TextLine ID="P176_TL00019" HPOS="141" VPOS="1169" WIDTH="783" HEIGHT="44">
						<String ID="P176_ST00121" HPOS="141" VPOS="1169" WIDTH="93" HEIGHT="41" CONTENT="pasie," SUBS_TYPE="HypPart2" SUBS_CONTENT="Aspasie," WC="0.68" CC="026441"/>
						<SP ID="P176_SP00103" HPOS="234" VPOS="1210" WIDTH="17"/>
						<String ID="P176_ST00122" HPOS="251" VPOS="1169" WIDTH="41" HEIGHT="41" CONTENT="by" WC="0.63" CC="70"/>
						<SP ID="P176_SP00104" HPOS="292" VPOS="1210" WIDTH="17"/>
						<String ID="P176_ST00123" HPOS="309" VPOS="1169" WIDTH="101" HEIGHT="32" CONTENT="which" WC="0.43" CC="97307"/>
						<SP ID="P176_SP00105" HPOS="410" VPOS="1210" WIDTH="16"/>
						<String ID="P176_ST00124" HPOS="426" VPOS="1182" WIDTH="91" HEIGHT="21" CONTENT="name" WC="0.73" CC="6040"/>
						<SP ID="P176_SP00106" HPOS="517" VPOS="1210" WIDTH="16"/>
						<String ID="P176_ST00125" HPOS="533" VPOS="1171" WIDTH="55" HEIGHT="32" CONTENT="she" WC="0.61" CC="370"/>
						<SP ID="P176_SP00107" HPOS="588" VPOS="1210" WIDTH="21"/>
						<String ID="P176_ST00126" HPOS="609" VPOS="1182" WIDTH="70" HEIGHT="22" CONTENT="now" WC="0.83" CC="500"/>
						<SP ID="P176_SP00108" HPOS="679" VPOS="1210" WIDTH="17"/>
						<String ID="P176_ST00127" HPOS="696" VPOS="1171" WIDTH="121" HEIGHT="42" CONTENT="usually" WC="0.83" CC="0250220"/>
						<SP ID="P176_SP00109" HPOS="817" VPOS="1213" WIDTH="16"/>
						<String ID="P176_ST00128" HPOS="833" VPOS="1176" WIDTH="91" HEIGHT="28" CONTENT="went." WC="0.73" CC="00058"/>
					</TextLine>
				</TextBlock>
				<TextBlock ID="P176_TB00005" HPOS="140" VPOS="1230" WIDTH="832" HEIGHT="341" STYLEREFS="TXT_1 PAR_LEFT">
					<TextLine ID="P176_TL00020" HPOS="185" VPOS="1230" WIDTH="787" HEIGHT="45">
						<String ID="P176_ST00129" HPOS="185" VPOS="1230" WIDTH="137" HEIGHT="32" CONTENT="Whence" WC="0.76" CC="072400"/>
						<SP ID="P176_SP00110" HPOS="322" VPOS="1262" WIDTH="30"/>
						<String ID="P176_ST00130" HPOS="352" VPOS="1231" WIDTH="62" HEIGHT="31" CONTENT="had" WC="0.75" CC="700"/>
						<SP ID="P176_SP00111" HPOS="414" VPOS="1262" WIDTH="31"/>
						<String ID="P176_ST00131" HPOS="445" VPOS="1242" WIDTH="86" HEIGHT="22" CONTENT="come" WC="0.94" CC="0200"/>
						<SP ID="P176_SP00112" HPOS="531" VPOS="1264" WIDTH="31"/>
						<String ID="P176_ST00132" HPOS="562" VPOS="1231" WIDTH="54" HEIGHT="33" CONTENT="the" WC="0.65" CC="270"/>
						<SP ID="P176_SP00113" HPOS="616" VPOS="1264" WIDTH="28"/>
						<String ID="P176_ST00133" HPOS="644" VPOS="1244" WIDTH="143" HEIGHT="21" CONTENT="surname" WC="0.55" CC="6557005"/>
						<SP ID="P176_SP00114" HPOS="787" VPOS="1265" WIDTH="28"/>
						<String ID="P176_ST00134" HPOS="815" VPOS="1233" WIDTH="94" HEIGHT="42" CONTENT="given" WC="0.73" CC="03224"/>
						<SP ID="P176_SP00115" HPOS="909" VPOS="1275" WIDTH="30"/>
						<String ID="P176_ST00135" HPOS="939" VPOS="1238" WIDTH="33" HEIGHT="27" CONTENT="to" WC="0.63" CC="07"/>
					</TextLine>
					<TextLine ID="P176_TL00021" HPOS="142" VPOS="1290" WIDTH="829" HEIGHT="42">
						<String ID="P176_ST00136" HPOS="142" VPOS="1290" WIDTH="148" HEIGHT="33" CONTENT="Claudine" WC="0.65" CC="72460070"/>
						<SP ID="P176_SP00116" HPOS="290" VPOS="1323" WIDTH="25"/>
						<String ID="P176_ST00137" HPOS="315" VPOS="1291" WIDTH="122" HEIGHT="41" CONTENT="herself," WC="0.59" CC="70660642"/>
						<SP ID="P176_SP00117" HPOS="437" VPOS="1332" WIDTH="25"/>
						<String ID="P176_ST00138" HPOS="462" VPOS="1304" WIDTH="78" HEIGHT="21" CONTENT="none" WC="0.73" CC="4050"/>
						<SP ID="P176_SP00118" HPOS="540" VPOS="1332" WIDTH="23"/>
						<String ID="P176_ST00139" HPOS="563" VPOS="1305" WIDTH="58" HEIGHT="20" CONTENT="can" WC="0.76" CC="007"/>
						<SP ID="P176_SP00119" HPOS="621" VPOS="1332" WIDTH="19"/>
						<String ID="P176_ST00140" HPOS="640" VPOS="1294" WIDTH="63" HEIGHT="32" CONTENT="tell." WC="0.79" CC="40500"/>
						<SP ID="P176_SP00120" HPOS="703" VPOS="1332" WIDTH="48"/>
						<String ID="P176_ST00141" HPOS="751" VPOS="1295" WIDTH="63" HEIGHT="31" CONTENT="But" WC="0.31" CC="666"/>
						<SP ID="P176_SP00121" HPOS="814" VPOS="1332" WIDTH="23"/>
						<String ID="P176_ST00142" HPOS="837" VPOS="1307" WIDTH="33" HEIGHT="20" CONTENT="so" WC="0.68" CC="60"/>
						<SP ID="P176_SP00122" HPOS="870" VPOS="1332" WIDTH="26"/>
						<String ID="P176_ST00143" HPOS="896" VPOS="1307" WIDTH="75" HEIGHT="20" CONTENT="soon" WC="0.56" CC="6135"/>
					</TextLine>
					<TextLine ID="P176_TL00022" HPOS="141" VPOS="1352" WIDTH="831" HEIGHT="45">
						<String ID="P176_ST00144" HPOS="141" VPOS="1362" WIDTH="34" HEIGHT="20" CONTENT="as" WC="0.18" CC="96"/>
						<SP ID="P176_SP00123" HPOS="175" VPOS="1382" WIDTH="17"/>
						<String ID="P176_ST00145" HPOS="192" VPOS="1356" WIDTH="32" HEIGHT="27" CONTENT="at" WC="0.96" CC="00"/>
						<SP ID="P176_SP00124" HPOS="224" VPOS="1383" WIDTH="15"/>
						<String ID="P176_ST00146" HPOS="239" VPOS="1352" WIDTH="51" HEIGHT="31" CONTENT="the" WC="0.58" CC="371"/>
						<SP ID="P176_SP00125" HPOS="290" VPOS="1383" WIDTH="17"/>
						<String ID="P176_ST00147" HPOS="307" VPOS="1352" WIDTH="132" HEIGHT="32" CONTENT="Italiens" WC="0.98" CC="01000000"/>
						<SP ID="P176_SP00126" HPOS="439" VPOS="1384" WIDTH="21"/>
						<String ID="P176_ST00148" HPOS="460" VPOS="1353" WIDTH="60" HEIGHT="32" CONTENT="and" WC="0.54" CC="660"/>
						<SP ID="P176_SP00127" HPOS="520" VPOS="1385" WIDTH="17"/>
						<String ID="P176_ST00149" HPOS="537" VPOS="1358" WIDTH="30" HEIGHT="28" CONTENT="at" WC="1.00" CC="00"/>
						<SP ID="P176_SP00128" HPOS="567" VPOS="1386" WIDTH="16"/>
						<String ID="P176_ST00150" HPOS="583" VPOS="1354" WIDTH="52" HEIGHT="32" CONTENT="the" WC="0.62" CC="073"/>
						<SP ID="P176_SP00129" HPOS="635" VPOS="1386" WIDTH="14"/>
						<String ID="P176_ST00151" HPOS="649" VPOS="1355" WIDTH="111" HEIGHT="42" CONTENT="Opera," WC="0.77" CC="303700"/>
						<SP ID="P176_SP00130" HPOS="760" VPOS="1397" WIDTH="19"/>
						<String ID="P176_ST00152" HPOS="779" VPOS="1361" WIDTH="30" HEIGHT="26" CONTENT="at" WC="1.00" CC="00"/>
						<SP ID="P176_SP00131" HPOS="809" VPOS="1397" WIDTH="16"/>
						<String ID="P176_ST00153" HPOS="825" VPOS="1356" WIDTH="52" HEIGHT="32" CONTENT="the" WC="0.74" CC="070"/>
						<SP ID="P176_SP00132" HPOS="877" VPOS="1397" WIDTH="17"/>
						<String ID="P176_ST00154" HPOS="894" VPOS="1357" WIDTH="78" HEIGHT="31" CONTENT="Bois" WC="0.76" CC="2006"/>
					</TextLine>
					<TextLine ID="P176_TL00023" HPOS="141" VPOS="1410" WIDTH="831" HEIGHT="48">
						<String ID="P176_ST00155" HPOS="141" VPOS="1410" WIDTH="61" HEIGHT="31" CONTENT="and" WC="0.76" CC="070"/>
						<SP ID="P176_SP00133" HPOS="202" VPOS="1441" WIDTH="17"/>
						<String ID="P176_ST00156" HPOS="219" VPOS="1415" WIDTH="32" HEIGHT="27" CONTENT="at" WC="1.00" CC="00"/>
						<SP ID="P176_SP00134" HPOS="251" VPOS="1442" WIDTH="26"/>
						<String ID="P176_ST00157" HPOS="277" VPOS="1411" WIDTH="52" HEIGHT="32" CONTENT="the" WC="0.76" CC="070"/>
						<SP ID="P176_SP00135" HPOS="329" VPOS="1443" WIDTH="33"/>
						<String ID="P176_ST00158" HPOS="362" VPOS="1412" WIDTH="141" HEIGHT="42" CONTENT="Courses," WC="0.89" CC="50000003"/>
						<SP ID="P176_SP00136" HPOS="503" VPOS="1454" WIDTH="19"/>
						<String ID="P176_ST00159" HPOS="522" VPOS="1413" WIDTH="55" HEIGHT="33" CONTENT="her" WC="0.55" CC="606"/>
						<SP ID="P176_SP00137" HPOS="577" VPOS="1454" WIDTH="15"/>
						<String ID="P176_ST00160" HPOS="592" VPOS="1414" WIDTH="66" HEIGHT="33" CONTENT="face" WC="1.00" CC="0000"/>
						<SP ID="P176_SP00138" HPOS="658" VPOS="1454" WIDTH="16"/>
						<String ID="P176_ST00161" HPOS="674" VPOS="1416" WIDTH="62" HEIGHT="32" CONTENT="had" WC="0.75" CC="700"/>
						<SP ID="P176_SP00139" HPOS="736" VPOS="1454" WIDTH="24"/>
						<String ID="P176_ST00162" HPOS="760" VPOS="1429" WIDTH="110" HEIGHT="29" CONTENT="grown" WC="0.74" CC="06005"/>
						<SP ID="P176_SP00140" HPOS="870" VPOS="1458" WIDTH="15"/>
						<String ID="P176_ST00163" HPOS="885" VPOS="1422" WIDTH="33" HEIGHT="28" CONTENT="to" WC="0.65" CC="70"/>
						<SP ID="P176_SP00141" HPOS="918" VPOS="1458" WIDTH="15"/>
						<String ID="P176_ST00164" HPOS="933" VPOS="1418" WIDTH="39" HEIGHT="32" CONTENT="be" WC="0.54" CC="44"/>
					</TextLine>
					<TextLine ID="P176_TL00024" HPOS="141" VPOS="1469" WIDTH="831" HEIGHT="49">
						<String ID="P176_ST00165" HPOS="141" VPOS="1469" WIDTH="130" HEIGHT="33" CONTENT="familiar" WC="0.82" CC="30020206"/>
						<SP ID="P176_SP00142" HPOS="271" VPOS="1502" WIDTH="23"/>
						<String ID="P176_ST00166" HPOS="294" VPOS="1477" WIDTH="31" HEIGHT="26" CONTENT="to" WC="1.00" CC="00"/>
						<SP ID="P176_SP00143" HPOS="325" VPOS="1503" WIDTH="24"/>
						<String ID="P176_ST00167" HPOS="349" VPOS="1472" WIDTH="52" HEIGHT="32" CONTENT="the" WC="0.75" CC="070"/>
						<SP ID="P176_SP00144" HPOS="401" VPOS="1504" WIDTH="26"/>
						<String ID="P176_ST00168" HPOS="427" VPOS="1474" WIDTH="111" HEIGHT="41" CONTENT="public," WC="0.76" CC="0762000"/>
						<SP ID="P176_SP00145" HPOS="538" VPOS="1515" WIDTH="25"/>
						<String ID="P176_ST00169" HPOS="563" VPOS="1474" WIDTH="53" HEIGHT="33" CONTENT="the" WC="0.62" CC="370"/>
						<SP ID="P176_SP00146" HPOS="616" VPOS="1515" WIDTH="33"/>
						<String ID="P176_ST00170" HPOS="649" VPOS="1477" WIDTH="188" HEIGHT="41" CONTENT="appellation" WC="0.69" CC="90004040447"/>
						<SP ID="P176_SP00147" HPOS="837" VPOS="1518" WIDTH="28"/>
						<String ID="P176_ST00171" HPOS="865" VPOS="1479" WIDTH="35" HEIGHT="32" CONTENT="of" WC="0.95" CC="00"/>
						<SP ID="P176_SP00148" HPOS="900" VPOS="1518" WIDTH="18"/>
						<String ID="P176_ST00172" HPOS="918" VPOS="1479" WIDTH="54" HEIGHT="32" CONTENT="the" WC="0.63" CC="073"/>
					</TextLine>
					<TextLine ID="P176_TL00025" HPOS="142" VPOS="1530" WIDTH="607" HEIGHT="41">
						<String ID="P176_ST00173" HPOS="142" VPOS="1530" WIDTH="120" HEIGHT="41" CONTENT="Sphinx" WC="0.56" CC="707370"/>
						<SP ID="P176_SP00149" HPOS="262" VPOS="1571" WIDTH="23"/>
						<String ID="P176_ST00174" HPOS="285" VPOS="1532" WIDTH="61" HEIGHT="32" CONTENT="had" WC="0.75" CC="700"/>
						<SP ID="P176_SP00150" HPOS="346" VPOS="1571" WIDTH="24"/>
						<String ID="P176_ST00175" HPOS="370" VPOS="1534" WIDTH="78" HEIGHT="32" CONTENT="been" WC="0.54" CC="6038"/>
						<SP ID="P176_SP00151" HPOS="448" VPOS="1571" WIDTH="22"/>
						<String ID="P176_ST00176" HPOS="470" VPOS="1535" WIDTH="142" HEIGHT="33" CONTENT="awarded" WC="0.90" CC="0007000"/>
						<SP ID="P176_SP00152" HPOS="612" VPOS="1571" WIDTH="23"/>
						<String ID="P176_ST00177" HPOS="635" VPOS="1542" WIDTH="31" HEIGHT="26" CONTENT="to" WC="1.00" CC="00"/>
						<SP ID="P176_SP00153" HPOS="666" VPOS="1571" WIDTH="21"/>
						<String ID="P176_ST00178" HPOS="687" VPOS="1537" WIDTH="62" HEIGHT="33" CONTENT="her." WC="0.60" CC="7070"/>
					</TextLine>
				</TextBlock>
			</PrintSpace>
		</Page>
	</Layout>
</alto>
