1090 1740
147 121 51 24 216

377 125 83 21 LOVE
483 124 65 22 THE
571 122 159 22 AVENGER.

147 215 44 20 Ave
210 202 156 43 designate
382 203 41 41 by
439 202 67 31 that
524 200 86 32 word
621 213 6 28 ;
652 199 61 32 and
736 198 75 42 they
827 208 65 21 owe
913 195 62 32 this

146 270 31 26 to
193 264 51 33 the
260 265 135 41 activity,
412 268 33 27 to
468 263 54 32 the
545 261 155 33 inflexible
717 260 88 43 spirit
821 259 35 32 of
875 257 98 41 order,

147 326 60 32 and
230 331 33 27 to
289 326 53 32 the
368 325 130 32 absence
530 324 35 32 of
592 324 41 31 all
660 321 257 43 self-indulgence
945 319 33 32 of

147 387 121 33 French
292 398 128 21 women.
478 386 30 32 A
538 386 132 42 genuine
702 382 123 34 French
855 381 120 44 gentle-

146 461 121 20 woman
292 448 126 43 regards
444 448 264 42 self-indulgence,
738 447 30 31 in
795 458 41 20 no
860 448 115 29 matter

147 512 84 31 Avhat
246 510 120 43 degree,
384 509 157 44 pitilessly,
559 509 60 32 and
642 508 109 33 recoils
767 508 80 33 from
862 507 112 33 break-

148 573 112 40 fasting
283 572 30 31 in
338 572 68 41 bed,
423 572 46 31 for
489 571 148 41 instance,
655 583 33 20 as
714 571 79 31 from
817 582 20 20 a
858 569 95 33 crime
964 570 7 32 !

148 634 32 31 If
198 646 61 30 you
275 634 104 31 reflect
394 645 81 30 upon
499 632 62 33 this
583 645 61 30 you
667 645 73 29 may
756 632 63 32 find
835 632 31 31 in
883 632 24 31 it
922 631 51 32 the

149 707 108 20 reason
273 695 46 31 for
340 706 83 20 some
446 699 153 27 contrasts
622 694 100 32 which
746 706 83 20 seem
854 698 32 27 to
911 704 61 31 you

149 757 233 31 irreconcilable.

191 818 91 40 Well,
300 818 35 31 of
351 817 88 32 these
461 817 261 42 Avell-appointed,
740 817 233 32 Avell-ordained

149 878 191 41 households,
380 878 117 33 Olivier
535 878 37 32 de
611 878 211 32 Beauvoisin's
861 889 63 21 was
956 889 17 20 a

149 945 121 38 pattern
283 954 6 27 ;
313 939 60 33 and
400 939 30 32 in
455 939 61 33 this
543 939 50 43 lay
621 939 128 33 Claire's
775 939 197 41 satisfaction,

148 1002 60 31 and
224 1002 30 31 in
270 1001 59 32 this
346 1000 153 33 consisted
515 1000 54 33 her
585 1001 152 32 ceaseless
754 1001 189 42 occupation.

191 1062 65 32 The
283 1061 129 33 number
438 1061 34 32 of
491 1066 139 28 servants
657 1074 63 20 Avas
744 1062 209 32 considerable
966 1076 6 27 ;

147 1124 61 31 and
235 1123 86 31 there
348 1135 64 19 was
439 1128 54 26 not
518 1135 58 20 one
599 1136 73 19 over
696 1124 105 32 Avhose
828 1124 91 32 mode
944 1124 33 32 of

147 1184 50 32 life
225 1183 52 32 the
304 1184 97 31 active
427 1184 60 31 and
518 1185 223 32 conscientious
771 1185 139 32 mistress
942 1185 34 31 of

148 1245 52 31 the
227 1244 96 32 house
350 1245 51 31 did
423 1250 55 27 not
503 1246 109 32 watch.
662 1246 62 33 She
743 1258 61 20 was
826 1251 57 27 not
903 1247 71 31 tire-

150 1318 81 19 some
248 1318 34 19 or
297 1307 203 41 importunate
523 1307 72 32 Avith
620 1307 54 32 her
700 1308 200 42 dependents,
918 1308 56 32 but

149 1367 53 32 she
218 1368 89 31 made
324 1369 38 30 all
379 1369 116 32 around
520 1369 54 32 her
597 1370 59 32 feel
679 1370 69 32 that
771 1370 55 33 her
847 1375 128 39 support

149 1430 100 31 would
275 1442 93 20 never
394 1430 51 32 fail
472 1430 84 33 them
569 1445 6 27 ;
605 1432 61 32 and
688 1432 55 32 she
767 1433 110 42 spread
901 1445 74 20 over

147 1490 50 31 the
225 1491 146 31 domestic
397 1492 190 43 community
602 1505 74 19 over
699 1493 103 32 Avhich
827 1494 54 33 she
904 1507 71 30 pre-

149 1550 84 31 sided
249 1562 19 19 a
282 1552 74 30 kind
373 1552 34 31 of
425 1552 194 42 atmosphere
644 1553 34 32 of
697 1554 151 32 maternal
873 1555 101 33 solici-
