1090 1740
160 88 33 27 90

394 94 81 21 LOVE
498 94 63 21 THE
584 93 161 22 AVENGER.

161 173 103 32 cousin
303 172 128 33 Victor's
472 172 68 32 Avife
551 189 43 6 —
604 171 38 33 he
688 174 114 28 cannot
844 167 141 33 abandon

233 297 72 31 And
320 296 38 32 he
374 297 85 31 loves
475 296 55 32 her
542 298 14 30 ?
614 294 146 44 repeated
777 294 107 41 slowly
900 292 83 32 Mile.

160 360 37 31 de
214 360 162 40 Clavreuil,
401 360 78 40 who,
506 365 110 38 except
636 360 68 32 that
725 358 54 32 she
803 368 64 21 was
892 355 34 33 of
945 366 39 21 an

159 421 77 41 ashy
260 421 150 42 paleness,
439 422 122 32 seemed
582 427 31 27 to
633 421 78 32 have
738 418 168 34 recovered
929 417 55 32 her

158 482 88 32 usual
274 482 118 43 dignity
416 482 35 33 of
471 483 192 32 demeanour.
745 482 61 33 She
832 479 152 43 probably

158 554 63 22 was
251 544 131 32 married
420 556 33 20 as
491 556 53 30 my
574 544 121 32 mother
727 543 112 32 wishes
870 554 50 19 me
950 545 33 27 to

313 607 60 31 this
389 618 63 20 Avas
469 606 169 32 someAvhat
658 605 126 43 bitterly
800 604 74 32 said.
941 603 42 33 So

158 666 105 32 Victor
279 667 84 32 loves
379 668 77 31 her?

231 729 16 30 I
274 729 100 41 firmly
397 729 118 32 believe
542 729 38 31 he
736 727 124 43 replied,
884 726 95 42 sadly,

156 789 142 31 Madame
315 790 179 31 Beaudouin
506 803 6 27 ;
561 789 67 41 and,
644 789 149 41 although
804 788 53 32 the
873 788 107 31 know-

155 849 89 41 ledge
271 851 125 31 Avounds
419 862 61 30 you
505 862 79 28 now,
601 863 53 29 my
671 850 89 40 child,
777 850 38 31 be
832 849 147 41 merciful,

154 911 60 31 and
229 911 89 30 think
334 911 66 32 that
420 916 31 27 to
468 911 52 32 the
535 911 198 32 unfortunate
749 911 70 32 who
835 911 56 32 has
907 911 73 42 paid

153 971 45 32 for
222 972 130 32 Victor's
375 973 69 32 love
469 973 74 32 with
564 973 41 31 all
630 973 53 32 she
707 973 172 42 possessed,
904 973 76 32 Avith

153 1033 55 31 her
230 1034 100 31 AAdiole
353 1034 59 31 self
430 1034 176 42 recklessly,
631 1034 47 32 his
702 1034 69 32 love
794 1035 26 31 is
847 1034 52 33 the
921 1045 58 22 one

154 1093 71 41 only

197 1155 99 32 Claire
312 1156 120 31 walked
447 1161 32 26 to
495 1156 52 32 the
563 1156 133 32 window
712 1157 60 32 and
788 1156 110 33 looked
914 1162 62 28 out.

153 1216 30 32 It
203 1227 63 21 was
287 1228 58 21 one
368 1216 34 32 of
420 1216 88 33 those
534 1216 67 41 soft,
619 1217 84 41 mild,
722 1217 255 44 violet-bringing

153 1276 74 41 days
252 1277 33 31 of
304 1277 165 43 February,
495 1278 66 32 that
585 1290 51 20 are
660 1283 54 27 not
737 1291 187 21 uncommon
947 1280 30 33 in

153 1337 95 32 Paris.
295 1338 65 32 The
385 1350 56 20 sun
465 1338 96 33 shone
588 1339 145 43 brightly,
758 1340 62 32 and
842 1341 54 32 the
920 1342 57 42 sky

152 1410 63 20 was
231 1399 109 42 evenly
355 1400 79 33 blue.

196 1460 65 32 The
277 1462 146 32 windows
446 1463 35 31 of
500 1464 142 32 Madame
666 1465 208 33 Beaudouin's
890 1478 86 20 room

155 1520 63 43 (the
234 1521 95 33 house
353 1524 90 32 stood
466 1524 31 32 in
520 1525 52 31 the
589 1525 130 33 Avenue
737 1525 136 43 Gabriel)
893 1538 83 21 com-
