1090 1740
306 98 106 22 ALONE
436 99 35 21 IN
493 100 64 21 THE
580 100 118 21 WORLD.

877 96 34 25 59

347 175 117 43 replied
494 176 52 32 the
577 177 101 41 latter,
704 178 131 41 eagerly,
899 178 13 31 I

92 236 78 32 wish
203 236 15 33 I
249 236 99 43 might
381 237 95 42 speak
508 242 33 27 to
575 250 60 30 you
666 238 119 42 openly,
788 258 42 3 —
834 239 78 41 quite

136 360 143 32 Madame
295 360 37 32 de
343 360 155 33 Clavreuil
514 361 104 41 fondly
629 361 122 32 stroked
766 360 52 33 the
830 360 82 32 thick

92 424 113 29 tresses
222 421 33 31 of
266 421 56 32 her
337 421 105 32 child's
459 422 55 31 fair
530 422 74 31 hair.

167 482 49 32 Do
242 494 42 29 so,
301 495 53 30 my
370 488 95 27 sweet
602 484 55 31 she
680 484 133 41 rejoined
825 497 6 27 ;
855 484 58 31 and

90 543 53 32 the
159 548 61 27 two
237 548 49 27 sat
301 544 91 32 down
407 544 102 32 before
525 545 53 31 the
591 545 53 31 fire
658 558 6 26 ;
688 544 52 32 the
757 544 56 41 girl
829 545 84 31 look-

92 604 54 41 ing
161 605 75 31 with
260 617 39 19 an
315 606 170 31 intentness
501 610 32 27 at
556 605 52 32 the
633 606 129 39 mother,
779 605 66 32 that
858 605 53 32 the

91 666 121 30 mother
227 666 52 30 did
294 671 53 25 not
362 672 32 24 at
409 667 66 29 first
491 667 108 29 notice.

167 727 154 42 Marriage
333 727 26 33 is
371 739 18 20 a
401 727 126 40 solemn,
542 739 17 20 a
569 727 72 41 holy
651 727 97 41 thing,

91 788 103 41 began
210 788 110 40 Claire,
337 788 75 32 with
429 800 19 20 a
464 793 62 27 sort
542 788 34 31 of
594 788 88 31 timid
702 788 101 40 hurry.
882 787 29 31 Is

91 849 25 30 it
132 854 54 25 not
197 850 14 29 ?

135 910 68 31 The
215 910 153 32 Countess
383 910 107 31 bowed
508 909 55 32 her
578 914 111 35 assent,
707 909 60 31 and
781 908 63 32 laid
858 908 53 31 her

93 970 82 32 hand
191 981 40 21 on
246 970 53 32 the
315 970 83 32 hand
413 970 34 32 of
468 970 53 32 the
546 970 56 41 girl
626 981 33 21 so
674 969 149 42 tenderly,
846 969 65 31 that

93 1031 54 30 she
165 1031 122 30 seemed
302 1036 30 25 to
349 1031 96 30 invite
461 1031 54 30 her
531 1036 115 25 utmost
661 1031 184 30 confidence.

348 1092 100 31 added
478 1092 107 39 Claire,
635 1092 72 31 does
732 1103 56 20 one
811 1103 102 29 marry

90 1158 34 27 to
147 1152 78 33 have
251 1152 159 33 diamonds
438 1152 59 32 and
521 1152 109 40 rubies,
651 1152 60 32 and
734 1157 32 26 to
790 1152 73 32 hear
884 1152 32 31 of

90 1214 140 42 nothing,
256 1225 73 21 save
352 1214 102 32 barter
477 1213 59 32 and
558 1213 107 40 traffic,
690 1213 89 32 when
808 1225 56 20 one
886 1213 26 32 is

91 1287 40 20 on
146 1274 54 33 the
217 1286 56 21 eve
291 1274 34 33 of
342 1274 75 33 such
433 1286 19 20 a
467 1274 118 42 chang.e
595 1276 13 30 ?
653 1274 32 31 Is
709 1274 23 31 it
749 1274 82 41 right
846 1274 66 31 that

89 1336 88 32 these
203 1335 110 32 should
344 1335 38 32 be
407 1335 52 32 the
483 1335 147 41 thoughts
658 1334 34 32 of
714 1346 18 20 a
759 1334 153 32 Christian

90 1409 121 19 woman
224 1399 14 29 ?

163 1459 56 41 My
428 1456 65 33 said
518 1456 141 31 Madame
685 1456 37 31 de
748 1456 162 39 Clavreuil,

89 1520 74 32 with
187 1518 173 40 increasing
384 1517 152 39 fondness,
592 1528 60 30 you
680 1521 82 27 must
785 1521 55 27 not
862 1517 48 41 lay
