1090 1740
375 100 64 21 THE
463 100 157 21 HUSBAND.

855 96 51 25 111

86 175 62 31 and
174 186 61 31 you
263 175 38 33 do
327 181 55 27 not
409 177 92 31 know
527 177 52 32 the
606 178 63 32 real
697 178 158 32 character
882 177 32 32 of

86 247 79 29 your

168 298 81 32 That
280 298 25 32 is
336 298 121 43 exactly
486 298 52 32 the
569 311 78 29 case,
680 299 99 33 Henri
790 300 6 32 !
859 311 50 20 ex-

88 358 132 32 claimed
254 360 43 32 M.
335 360 37 31 de
409 360 194 38 Beauvoisin,
634 360 74 32 Avith
740 373 19 20 a
794 360 115 32 sudden

88 421 177 41 expression
291 421 35 32 of
345 421 89 32 relief
454 426 31 27 at
508 422 118 41 having
648 422 48 31 his
718 422 191 42 perplexities

88 494 34 20 so
148 483 113 41 clearly
287 483 160 42 explained
470 488 32 27 to
527 483 72 32 him.
680 484 65 31 The
768 483 85 33 truth
874 484 34 39 is,

88 543 69 31 that
173 544 16 31 I
204 543 60 32 feel
281 555 33 20 as
330 543 26 31 if
366 544 16 31 I
398 544 52 31 did
465 549 55 26 not
536 543 92 32 know
645 544 103 31 Claire
764 548 32 27 at
812 544 41 31 all
863 545 7 30 !

166 604 84 42 Why
267 605 108 31 should
529 605 170 31 demanded
714 605 132 41 Dupont.

166 666 92 39 Well,
286 666 16 31 I
329 678 130 30 suppose
491 665 89 33 when
609 666 109 41 people
749 678 51 20 are
829 678 80 20 mar-

89 726 66 32 ried
155 745 44 4 —
235 727 168 41 suggested
419 726 121 40 Olivier,
590 727 15 30 I
621 738 131 30 suppose
768 727 73 41 they
856 732 53 36 get

90 792 32 25 to
138 788 91 29 know
246 787 74 30 each

168 850 49 31 Do
239 861 62 30 you
312 850 14 31 ?
378 849 134 31 retorted
530 848 48 31 his
597 848 105 39 friend,
725 848 31 30 in
777 848 101 32 rather
893 860 18 20 a

92 911 92 32 bitter
204 915 81 27 tone.
363 910 94 31 What
468 910 6 32 !
498 921 60 30 you
579 909 89 41 fancy
688 909 53 31 the
760 910 151 41 marriage

92 983 163 30 ceremony
270 971 25 32 is
317 982 19 21 a
355 982 127 21 manner
504 970 34 32 of
556 970 88 42 Open
666 970 123 33 Sesame
806 975 32 27 to
858 970 53 33 the

93 1033 98 31 whole
215 1037 108 27 nature
351 1032 34 32 of
410 1044 19 20 a
454 1032 114 32 human
598 1037 145 35 creature,
769 1031 69 33 who
864 1032 46 32 till

90 1094 76 31 then
182 1105 62 20 was
265 1105 19 20 a
305 1097 139 37 stranger
463 1097 32 28 to
515 1104 60 31 you
589 1094 6 31 !
641 1092 70 32 You
731 1092 87 32 think
833 1092 75 41 that,

90 1155 130 31 without
243 1165 77 32 your
344 1154 108 42 giving
466 1153 147 43 [yourself
631 1165 59 30 any
710 1153 124 41 trouble,
857 1154 52 32 the

91 1228 121 19 woman
234 1215 70 32 who
328 1215 55 32 has
408 1215 52 31 the
485 1215 117 31 honour
625 1219 32 27 to
682 1215 37 31 be
743 1226 76 31 your
842 1215 67 31 wife

90 1281 84 26 must
196 1275 183 43 necessarily
401 1279 56 38 put
477 1286 61 31 you
560 1275 31 31 in
612 1274 173 42 possession
806 1274 35 32 of
857 1274 53 33 the

90 1342 101 28 secret
215 1337 122 42 springs
364 1336 33 32 of
419 1336 53 32 her
494 1336 98 32 whole
619 1335 110 41 being!
784 1335 125 33 There's

88 1400 54 32 the
166 1399 177 41 dishonesty
366 1397 98 42 again,
489 1397 45 32 for
556 1397 30 32 in
611 1396 190 42 ninety-nine
824 1408 85 21 cases

88 1465 54 28 out
158 1460 35 32 of
210 1472 17 19 a
243 1458 149 41 hundred,
409 1470 60 30 you
490 1462 56 38 put
567 1456 55 33 her
643 1457 31 32 in
695 1456 169 43 possession
881 1458 32 32 of

82 1522 67 41 just
165 1521 128 41 nothing
309 1525 31 28 at
