1090 1740
132 120 53 25 220

363 126 82 20 LOVE
469 125 64 21 THE
555 122 161 23 AVENGER.

132 202 183 32 handsomer
335 201 108 42 couple
459 201 96 31 seen?
577 199 74 42 they
674 210 52 21 are
751 209 34 21 so
808 194 152 41 matched,

132 271 62 34 yet,
212 276 33 20 as
261 276 47 19 we
323 264 100 40 knoAV,
442 274 33 20 so
493 260 159 33 sundered.

208 326 88 41 They
312 337 51 20 are
385 336 18 20 a
424 323 162 42 charming
744 321 66 33 said
829 332 18 21 a
861 319 103 42 lovely

133 387 79 33 little
243 387 50 32 old
324 386 79 42 lady,
422 385 40 32 all
486 397 76 30 grey
585 384 58 33 silk
667 384 60 32 and
754 383 93 32 Avhite
875 381 67 33 lace
956 393 7 28 ;

275 448 73 33 took
386 448 51 32 the
481 447 196 32 communion
717 445 144 43 together
902 443 61 32 this

135 511 149 42 morning,
316 515 32 27 at
373 510 84 43 early
488 521 91 20 mass.
636 509 16 32 I
689 508 90 32 could
808 511 55 28 not
890 505 73 42 help

136 573 152 41 Avatching
310 572 85 32 them
409 586 6 27 ;
440 572 24 32 it
488 572 73 31 does
581 583 57 20 one
657 570 82 43 good
761 575 32 27 to
815 580 52 22 see
868 589 44 2 —
912 569 52 31 it's

135 646 41 21 an
409 634 29 31 It
461 645 63 20 Avas
547 633 52 31 the
624 644 83 20 same
731 631 51 32 old
805 630 72 43 lady
893 630 71 31 Avho

138 695 69 41 had,
225 695 90 32 when
338 694 116 33 Olivier
476 693 133 32 married
632 693 109 40 Claire,
760 692 102 43 hoped
878 691 86 33 there

140 768 64 20 Avas
215 756 65 39 just
296 768 19 19 a
330 755 79 32 little
425 755 45 31 bit
486 754 34 32 of
531 755 69 31 love
615 755 141 31 betAveen
772 753 85 32 them
868 754 7 31 !

318 816 143 31 Madame
486 816 30 31 la
785 814 137 43 rejoined
949 825 18 20 a

141 878 64 40 tall,
239 878 68 39 stiff,
340 878 66 30 thin
437 877 51 31 old
518 878 188 41 gentleman,
729 877 77 32 with
830 888 19 20 a
871 876 96 41 tight-

142 939 108 41 fitting,
277 938 236 40 close-combed,
531 938 121 42 shining
676 939 75 31 dark
768 938 70 41 wig,
895 937 24 32 it
943 937 25 31 is

141 1012 41 20 an
199 1000 138 42 example
352 1013 6 27 ;
382 1000 60 32 and
465 1000 16 31 I
503 1000 109 42 rejoice
628 1005 32 28 to
679 1012 50 21 see
749 1000 69 32 that
840 1000 87 32 there
944 999 26 32 is

143 1066 86 37 great
245 1061 225 42 improvement
486 1061 30 32 in
532 1061 69 33 that
615 1066 129 39 respect.
791 1062 101 32 There
909 1061 25 33 is
951 1073 19 21 a

144 1121 69 32 deal
238 1121 34 32 of
298 1122 127 42 religion
450 1122 31 32 in
508 1122 52 32 the
587 1135 106 30 young
719 1124 110 41 people
855 1123 33 32 of
916 1135 56 20 our

315 1183 66 32 The
403 1183 77 32 little
497 1184 194 32 Vicomtesse
712 1185 122 31 nodded
856 1190 114 36 assent,

145 1256 35 20 as
218 1244 54 32 she
306 1245 59 31 and
403 1245 55 31 her
496 1250 127 27 veteran
661 1247 184 41 companion
875 1247 97 42 paced

145 1306 193 42 measuredly
354 1318 47 19 on.
478 1307 30 30 A
525 1306 67 32 deal
609 1307 34 31 of
831 1309 142 32 resumed

145 1366 54 32 the
226 1367 49 31 old
299 1368 187 40 gentleman,
543 1380 85 21 more
655 1369 74 32 than
754 1370 31 31 in
809 1382 53 30 my
878 1370 95 43 youth

148 1446 42 4 —
193 1428 14 30 I
232 1440 50 19 am
309 1433 53 27 ten
392 1441 91 30 years
514 1430 84 31 older
629 1430 74 32 than
729 1443 72 30 you,
829 1432 145 32 Madame

148 1487 29 32 la
199 1488 201 32 Vicomtesse.
455 1489 65 32 The
551 1502 106 29 young
687 1491 109 42 people
828 1503 52 21 are
905 1492 70 32 well

149 1548 133 42 brought
312 1561 41 30 up
384 1562 69 19 uoav
477 1551 109 41 a-days
589 1571 41 3 —
632 1552 148 40 severely.
828 1553 89 32 Look
944 1559 32 27 at
