1090 1740
337 434 204 31 CHAPTER
570 435 119 30 XVIII.

386 531 64 20 THE
475 531 165 20 DOWAGER.

148 605 73 32 Our
247 605 106 40 friend,
382 606 229 32 Mademoiselle
636 606 37 31 de
697 605 223 42 Mourjonville,

104 678 63 20 was
182 667 186 42 thoroughly
383 667 31 31 in
430 667 52 32 the
498 667 83 41 right
596 667 89 32 when
707 667 53 32 she
777 667 65 32 said
856 667 66 32 that

105 727 54 32 the
174 727 155 42 Dowager
341 727 37 32 de
391 727 185 32 Beauvoisin
587 739 64 20 was
663 727 124 42 capable
804 727 34 33 of
849 739 74 31 any-

105 788 91 41 thing
215 788 33 31 in
270 788 87 32 order
376 793 32 27 to
429 788 109 32 detach
559 788 54 32 her
633 788 123 32 brother
775 788 77 32 from
871 788 52 33 the

110 849 125 43 Sphinx.
277 849 61 33 She
354 849 61 32 had
431 849 122 41 already
569 849 77 32 done
663 849 172 42 something
850 861 73 31 very

108 910 158 32 abnormal
282 910 89 32 when
396 910 52 32 she
472 915 54 27 not
547 910 71 41 only
635 910 171 42 permitted,
823 910 55 33 but
893 911 29 31 in

108 971 63 33 fact
187 970 136 41 advised,
344 970 56 33 her
420 982 55 20 son
497 976 33 26 to
553 976 85 27 enter
660 971 63 32 into
744 971 47 32 his
810 971 114 33 uncle's

108 1032 156 41 intimacy,
301 1031 60 32 and
396 1031 221 42 consequently
646 1037 32 26 to
712 1037 105 37 accept
846 1032 32 32 in
907 1044 19 20 a

109 1093 114 32 certain
254 1092 120 42 degree,
404 1092 54 33 the
487 1092 180 42 hospitality
697 1093 33 31 of
762 1105 19 20 a
815 1105 109 31 person

109 1155 93 36 doing;
217 1154 53 32 the
288 1154 135 32 honours
446 1153 34 33 of
497 1154 51 32 the
571 1153 96 33 Hotel
690 1154 38 32 de
750 1155 173 36 Moranses,

110 1217 31 31 in
157 1229 19 19 a
191 1216 134 42 position
344 1227 33 20 so
397 1215 115 42 utterly
526 1215 199 32 unavowable
749 1227 34 20 as
805 1216 67 31 that
895 1215 33 32 of

109 1277 158 31 Claudine.

150 1339 101 32 There
277 1349 65 21 was
367 1349 41 20 no
436 1336 83 32 show
543 1336 31 32 in
600 1336 51 32 the
678 1336 95 32 Hotel
798 1337 36 32 de
859 1338 66 31 Mo-

106 1412 120 31 ranges,
247 1401 57 31 but
324 1399 86 34 there
431 1410 63 20 was
514 1410 40 19 no
575 1397 60 32 end
653 1402 32 27 to
706 1398 52 32 the
779 1410 146 30 expenses

109 1474 73 21 over
204 1462 102 32 which
328 1461 53 32 the
406 1464 135 28 severest
564 1464 79 27 taste
668 1460 168 42 invariably
857 1473 68 29 pre-

109 1523 92 33 sided.
249 1523 66 32 The
338 1522 144 33 familiars
506 1521 34 32 of
557 1521 52 32 the
632 1521 86 41 place
741 1534 79 20 were
843 1528 82 27 wont

803 1589 10 14 s
829 1584 11 19 2
