1090 1740
180 89 33 25 82

412 95 82 20 LOVE
517 94 64 21 THE
604 91 159 23 AVENGER.

177 173 112 42 fixedly
305 173 31 32 in
350 172 52 33 the
418 172 74 33 face.
571 171 16 32 I
602 171 92 31 know
706 168 39 33 all
761 179 61 31 you
839 177 52 21 are
907 164 97 43 going

177 239 31 27 to
231 246 63 31 say,
312 234 58 33 and
391 234 15 32 I
426 234 92 31 know
538 233 41 32 all
602 244 62 30 you
687 230 80 32 have
788 229 78 32 been
894 232 32 27 to
952 238 51 20 me

178 295 114 43 always
304 309 7 27 ;
335 307 45 21 Ave
404 295 80 32 have
504 294 75 33 both
602 294 34 32 of
655 305 36 20 us
709 293 78 32 done
811 301 55 22 our
882 290 76 41 duty
960 308 44 4 —

178 369 60 30 you
265 357 78 32 have
366 368 94 21 never
486 356 172 40 interfered,
682 355 61 32 and
767 354 15 31 I
803 353 80 31 have
907 362 97 21 never

177 419 134 31 rebelled
324 433 6 27 ;
354 419 56 31 but
436 430 69 20 now
535 430 18 20 a
579 421 137 28 moment
742 417 25 31 is
793 427 86 20 come
910 413 92 32 wdien

177 492 60 30 you
272 485 83 27 must
619 478 143 32 Madame
795 475 208 34 Beaudouin's

177 543 44 31 air
248 554 61 20 Avas
336 554 18 20 a
380 554 74 30 very
478 553 93 30 grave
596 552 65 29 one,
689 540 56 31 but
765 538 54 33 she
844 537 158 34 remained

177 604 97 30 silent.

471 664 98 31 added
589 663 119 41 Claire;
806 661 80 32 have
911 672 89 21 come

176 730 31 26 to
231 737 68 29 you,
326 726 30 30 in
382 725 88 31 order
495 725 67 31 that
583 736 59 30 you
667 736 72 29 may
759 728 107 37 repeat
889 727 32 27 to
947 733 53 31 my

176 786 99 31 father
289 786 83 31 what
398 786 15 31 I
430 798 50 19 am
502 786 93 41 going
618 791 33 26 to
675 798 54 29 say
745 790 32 27 to
800 797 69 29 you.
917 784 15 31 I
949 795 51 20 am

176 852 53 27 not
253 847 109 41 asking
386 847 187 32 connivance
600 847 77 31 from
702 858 70 30 you,
800 850 83 36 aunt,
908 846 16 31 I
949 857 50 20 am

176 908 108 42 asking
309 908 71 42 help
392 922 6 27 ;
431 908 55 32 but
513 908 71 42 help
617 908 110 42 openly
751 908 100 41 given.
899 908 16 30 I
947 918 52 20 see

176 969 83 32 what
274 981 60 30 you
358 969 100 33 would
482 969 99 42 object
592 983 7 27 ;
623 981 60 31 you
700 969 88 32 think
811 980 53 31 my
879 969 121 32 mother

176 1030 95 42 ought
286 1030 67 32 first
376 1035 32 28 to
431 1031 77 32 have
528 1031 78 32 been
627 1030 124 43 applied
767 1035 40 36 to,
822 1035 76 28 aunt
914 1030 83 33 dear.

175 1091 15 32 I
214 1090 78 33 have
318 1091 77 32 tried
421 1091 75 42 that,
515 1092 60 31 and
599 1092 24 31 it
646 1091 101 32 failed.
795 1092 56 42 My
877 1092 121 32 mother

176 1151 97 33 either
290 1152 71 32 does
376 1157 61 35 not,
455 1164 34 20 or
504 1152 61 32 will
580 1157 54 27 not

218 1213 142 32 Madame
402 1213 180 32 Beaudouin
628 1213 114 43 sighed,
784 1214 60 32 and
886 1214 112 33 looked

176 1289 87 29 away
301 1277 65 31 into
403 1277 52 32 the
494 1278 240 41 flame-pictures
771 1278 34 32 of
839 1278 53 32 the
930 1278 64 33 fire.

176 1339 100 32 Claire
301 1344 56 37 put
377 1343 53 28 out
447 1339 55 32 her
516 1344 62 27 tAvo
599 1339 107 41 hands,
723 1340 75 32 took
822 1339 56 33 her
894 1342 103 31 aunt's

176 1399 31 32 in
229 1399 79 41 hers,
326 1399 59 32 and
408 1399 150 43 earnestly
575 1400 111 42 gazing
706 1405 32 28 at
759 1400 64 42 her,
872 1401 50 32 Do
938 1414 60 30 you

324 1461 52 32 she
401 1461 101 41 asked,
642 1462 85 32 what
745 1474 53 30 my
821 1462 100 33 father
937 1464 61 31 and

176 1521 121 33 mother
311 1533 51 21 are
384 1522 93 43 doing
499 1522 74 33 with
589 1535 49 21 me
662 1524 24 31 is
709 1524 92 41 right,
820 1536 34 20 or
877 1524 121 41 honest,
