1090 1740
312 91 61 22 OUT
395 91 42 22 ON
460 93 63 21 THE
546 93 92 21 ROAD.

847 89 36 25 43

64 165 43 33 let
130 166 55 32 her
207 172 69 35 wet,
298 179 103 31 weary
427 168 79 33 head
533 169 68 32 lean
623 169 79 32 back
726 182 81 30 upon
831 171 52 32 the

65 227 101 32 closed
183 228 81 31 door.

139 289 95 32 What
248 290 60 31 will
323 290 127 32 become
467 290 33 32 of
511 303 49 19 me

109 349 66 32 The
191 350 106 32 reader
312 350 108 33 knows
435 350 53 33 the
510 351 144 32 situation
671 352 33 32 of
721 353 52 32 the
797 353 84 42 shop,

65 410 127 41 bearing
208 411 60 31 still
284 410 52 33 the
351 411 178 42 inscription
545 412 35 32 of
598 412 51 32 the
666 412 121 32 Widow
802 414 82 41 Ray-

66 471 77 31 nal's
159 476 131 37 tenancy
306 472 59 32 and
380 472 87 32 trade
493 484 81 31 upon
599 473 39 32 its
664 473 80 32 front
758 487 6 27 ;
787 474 56 31 but
865 486 19 19 a

65 532 59 32 few
139 533 98 32 words
252 544 52 21 are
326 538 53 37 yet
400 534 140 42 required
566 538 32 28 to
617 534 136 32 describe
770 536 114 30 certain

66 593 108 33 details
190 593 34 33 of
235 594 52 32 the
302 606 75 20 near
388 595 261 42 neighbourhood.
695 594 143 43 Opening
853 595 30 31 in

65 654 82 33 front
162 660 32 27 to
209 655 53 32 the
278 656 82 40 road,
378 656 51 32 the
446 656 85 42 shop,
549 668 33 20 as
597 656 55 32 has
667 656 78 32 been
761 656 122 42 already

67 716 108 41 stated,
193 716 61 32 had
268 717 41 31 its
324 717 146 32 windows
485 718 100 31 round
599 717 55 32 the
670 729 114 29 corner,
801 729 82 30 upon

67 788 19 21 a
101 777 117 42 muddy
233 778 79 32 lane.
367 778 75 31 This
458 778 69 32 lane
543 790 63 20 was
622 778 149 32 bordered
786 783 31 27 to
832 778 53 32 the

66 838 85 42 right
165 839 42 41 by
223 850 18 20 a
256 838 59 32 few
330 850 76 30 very
420 850 75 30 poor
506 843 145 37 cottages,
663 838 102 32 whilst
782 850 38 20 on
831 839 52 31 the

68 900 54 31 left
136 899 53 32 the
204 900 109 41 hedge,
341 900 42 41 by
406 900 100 32 which
528 900 23 32 it
577 912 63 20 was
665 900 150 41 bounded,
832 911 52 20 en-

68 960 103 32 closed
185 960 53 32 the
255 960 138 42 outlying
407 960 136 42 portions
569 960 35 31 of
622 960 50 31 the
688 964 143 38 property
855 959 34 32 of

66 1021 53 32 the
144 1022 102 31 Baron
271 1022 36 31 de
334 1022 191 32 Sauveterre.
572 1021 65 32 The
662 1026 96 27 estate
783 1032 62 21 was
866 1032 19 20 a

66 1083 114 42 goodly
205 1094 57 20 one
276 1096 7 27 ;
307 1082 61 32 and
389 1082 68 32 well
485 1082 83 42 kept,
596 1082 59 32 and
683 1082 129 41 skirting
833 1081 52 32 the

66 1144 96 32 entire
178 1144 112 41 village
307 1143 34 32 of
363 1144 43 33 St.
424 1143 115 32 Martin
554 1148 32 27 to
601 1142 53 33 the
669 1143 87 40 back,
775 1142 109 42 spread

65 1209 54 28 out
134 1210 32 27 to
182 1216 19 20 a
216 1204 209 33 considerable
441 1204 136 32 distance
601 1204 32 31 in
659 1203 51 32 the
737 1202 147 32 direction

65 1267 34 32 of
118 1267 91 32 Blois.
257 1267 44 32 St.
328 1266 114 31 Martin
462 1265 61 32 had
544 1265 32 31 in
596 1263 108 43 reality
719 1263 55 32 but
797 1262 86 33 three

64 1327 188 42 neighbours
263 1340 6 27 ;
304 1327 52 32 the
379 1327 105 41 family
509 1326 34 32 of
561 1324 163 40 Clavreuil,
749 1323 82 42 right
852 1323 31 32 in

64 1388 91 41 front,
180 1388 53 32 the
263 1388 156 40 Marquise
452 1388 37 31 de
524 1385 182 33 Beauvoisin
737 1385 60 31 and
828 1384 55 32 her

64 1462 56 20 son
137 1449 124 40 Olivier,
279 1449 94 31 about
387 1453 61 27 two
464 1448 86 32 miles
572 1452 33 27 to
631 1446 53 32 the
704 1452 77 26 west
791 1460 7 28 ;
821 1446 60 32 and

63 1512 116 32 behind
180 1531 42 3 —
224 1511 191 33 Sauveterre.
