1090 1740
420 89 64 20 THE
507 89 128 20 APPEAL.

901 87 32 24 23

116 163 106 32 clouds
237 175 83 31 upon
337 164 53 32 the
416 164 135 41 horizon,
569 165 60 31 and
653 165 88 42 night
765 166 68 32 falls
852 168 81 41 early

116 224 32 31 in
164 225 178 30 December.

161 286 61 32 She
249 286 120 32 walked
392 286 98 41 quick,
519 287 60 31 and
606 287 130 32 reached
758 288 52 32 the
840 288 93 33 house

116 348 103 32 before
234 348 52 32 the
302 348 101 32 clocks
420 348 106 33 struck
541 348 75 33 four.
656 350 88 31 With
760 362 83 20 some
858 350 76 32 little

116 409 119 32 trouble
246 409 53 32 she
309 409 144 33 obtained
463 409 185 33 admittance
657 415 32 27 to
699 410 52 32 the
757 411 177 32 Countess's

116 482 157 31 presence,
291 470 59 33 and
365 471 102 42 began
482 475 32 28 to
531 476 126 27 recount
674 471 51 32 the
742 472 54 31 sad
812 477 84 37 story
906 473 33 31 of

117 531 55 32 her
188 531 58 40 life,
265 531 60 33 and
347 531 55 33 her
423 531 147 33 mother's
596 532 94 40 trials,
708 532 103 32 before
826 533 111 42 asking

118 593 46 31 for
180 593 149 42 anything
345 593 122 32 definite
479 606 7 27 ;
509 593 47 31 for
580 593 24 31 it
627 593 124 32 became
776 599 158 36 apparent,

119 666 74 20 even
212 659 31 26 to
259 654 56 32 her
339 654 62 31 dull
427 654 201 42 perceptions,
646 654 66 32 that
733 654 85 33 there
834 667 62 20 was
920 667 18 19 a

118 714 120 32 terrible
254 713 70 43 gulf
341 714 139 32 between
504 713 55 33 her
585 725 69 21 own
670 714 186 42 wretchedly
872 714 66 32 clad

119 787 112 31 person
246 776 60 31 and
331 775 54 32 the
409 779 139 28 meanest
563 775 145 32 domestic
724 775 33 32 of
778 775 61 32 this
856 776 83 31 well-

121 837 166 41 appointed
312 836 177 32 household.
536 836 60 32 She
624 836 52 31 felt
701 836 53 32 she
778 841 83 26 must
876 837 63 30 first

121 898 127 31 interest
264 897 54 32 her
338 897 123 31 hearers
475 910 6 27 ;
506 896 53 32 she
584 896 78 32 tried
685 901 32 27 to
741 897 38 31 do
803 908 32 20 so
838 916 40 5 —
881 897 58 31 and

120 958 101 31 failed.

164 1019 144 32 Madame
322 1019 38 32 de
377 1018 182 33 Clavreuil's
574 1018 173 43 reputation
762 1019 46 31 for
824 1019 116 42 charity

122 1081 88 32 stood
236 1081 68 31 firm
329 1080 60 32 and
412 1079 76 42 lofty
508 1079 31 31 in
563 1079 52 31 the
639 1079 251 42 neighbourhood
911 1080 33 31 of

122 1142 44 32 St.
185 1141 123 33 Martin.
354 1141 99 32 There
469 1152 65 20 was
552 1152 39 19 no
617 1140 112 41 school,
745 1152 41 20 no
810 1141 128 41 asylum,

121 1215 40 19 no
187 1202 116 41 refuge,
329 1214 40 19 no
392 1201 178 32 foundation
596 1201 34 31 of
652 1213 60 30 any
735 1201 82 41 kind,
834 1201 106 31 within

121 1268 119 36 twenty
255 1262 97 41 miles,
369 1262 68 31 that
453 1261 51 32 did
519 1265 55 28 not
589 1265 92 28 count
696 1260 55 33 her
775 1272 113 30 among
903 1261 38 32 its

122 1329 203 37 patronesses.
373 1323 61 33 She
445 1335 64 19 was
524 1322 100 32 active
640 1321 60 32 and
712 1321 227 42 large-handed,

124 1385 60 32 and
201 1385 62 31 still
278 1384 56 32 fair
348 1388 34 27 to
397 1384 72 31 look
484 1395 91 30 upon,
595 1382 59 32 and
679 1382 40 32 all
742 1382 80 42 good
839 1382 102 32 Chris-

123 1447 81 30 tians
220 1445 121 32 blessed
356 1444 62 33 her.

168 1509 37 32 In
232 1508 54 32 the
311 1519 85 20 room
420 1506 66 32 into
502 1505 100 32 which
628 1504 170 32 Madeleine
823 1504 118 40 Raynal
