1090 1740
160 92 53 25 186

391 99 82 20 LOVE
497 99 64 20 THE
584 98 161 21 AVENGER.

159 182 31 27 to
207 177 100 33 allude
325 177 96 33 either
436 182 33 28 to
485 178 53 32 the
553 178 60 32 last
628 177 73 33 time
718 176 38 31 he
773 174 62 32 had
852 183 89 22 come
956 176 33 28 to

160 239 54 32 her
231 241 80 31 son's
337 240 104 41 house,
459 252 34 19 or
517 245 32 27 to
565 240 51 32 the
633 243 75 28 next
733 238 74 32 time
833 236 39 32 he
889 233 100 34 would

160 313 86 19 come
263 302 95 30 there.

234 364 50 31 He
309 375 101 20 comes
435 375 33 20 so
492 363 82 32 often
598 367 31 28 to
646 374 61 30 you
852 359 55 32 she
925 357 65 33 said

161 436 56 20 one
246 425 67 42 day,
341 437 38 20 on
404 425 98 41 rising
525 430 33 26 to
584 425 71 31 take
683 424 88 31 leave
800 421 33 33 of
861 420 128 41 Olivier,

193 486 66 33 that
286 487 16 32 I
322 486 175 33 sometimes
523 486 90 32 think
640 486 38 32 he
701 490 83 27 must
808 485 38 31 be
871 496 18 19 a
912 482 78 32 little

161 547 71 32 hurt
263 552 32 28 at
325 548 51 32 the
408 552 84 28 Avant
518 547 33 33 of
577 547 184 43 reciprocity
762 566 44 3 —
850 545 61 32 and
937 544 53 31 she

162 609 159 31 hesitated.

237 670 194 42 Reciprocity
445 672 6 31 !
510 671 115 31 echoed
657 671 42 31 M.
729 670 37 31 de
792 668 198 40 Beauvoisin,

162 732 125 41 looking
309 732 127 41 puzzled
451 746 6 27 ;
522 733 68 31 Avell
604 734 5 30 !
643 732 52 31 it's
721 744 75 30 very
819 731 129 32 difficult
948 750 34 2 —
982 750 10 3 -

163 795 14 30 I
194 795 84 30 don't
294 795 83 40 quite
402 806 50 19 see
475 794 70 31 Iioav
546 814 45 3 —
628 794 60 31 and
711 794 48 40 he,
783 794 30 31 in
838 794 47 31 his
909 798 82 35 turn,

164 855 123 40 paused.

446 918 143 32 resumed
612 918 53 32 the
684 917 156 41 Dowager
855 929 6 28 ;
918 916 25 31 it
957 915 36 41 is,

165 991 33 20 as
222 991 61 30 you
307 991 63 30 say,
389 979 74 31 with
485 979 52 32 the
560 979 82 42 good
666 990 89 20 sense
778 978 67 32 that
869 977 125 33 charac-

165 1041 108 31 terises
303 1052 60 30 you
364 1060 43 3 —
408 1040 22 32 it
460 1041 25 31 is
513 1041 127 31 difficult
651 1055 7 27 ;
690 1041 56 31 but
774 1041 15 30 I
817 1039 177 32 sometimes

165 1114 50 19 am
232 1102 131 31 inclined
378 1107 31 26 to
425 1102 91 42 fancy
529 1103 67 31 that
606 1115 77 29 your
700 1102 76 41 duty
789 1101 102 32 Avould
906 1101 39 32 be
961 1105 33 27 to

167 1163 113 31 stretch
297 1174 17 20 a
330 1163 94 41 point.
471 1163 90 31 After
586 1164 49 40 all,
654 1164 39 31 he
718 1164 26 31 is
759 1175 79 30 your
861 1163 89 31 uncle
952 1182 43 3 —

165 1236 78 30 your
259 1236 73 30 very
348 1229 122 27 nearest
486 1225 129 31 relation
640 1237 84 29 upon
740 1224 96 33 earth.
884 1225 15 31 I
916 1225 79 31 have

168 1287 114 41 always
306 1287 70 31 held
386 1301 2 5 ■
399 1287 66 31 that
488 1298 39 20 an
551 1287 88 32 uncle
655 1298 64 21 Avas
742 1298 109 21 nearer
874 1287 76 31 than
978 1298 18 20 a

167 1347 125 32 brother
305 1361 7 27 ;
343 1347 38 32 he
399 1359 111 29 comes,
535 1348 32 31 in
591 1360 51 30 my
658 1348 95 41 mind,
773 1348 129 43 directly
919 1347 78 33 after

170 1410 83 31 one's
269 1420 68 21 OAvn
353 1408 99 33 father
463 1423 6 27 ;
502 1410 60 31 and
578 1410 74 31 then
668 1422 58 20 one
743 1415 84 27 must
842 1411 39 31 be
896 1410 101 31 indul-

167 1478 84 36 gent,
277 1478 51 27 too
343 1475 6 31 !
407 1474 82 33 Such
514 1487 18 19 a
557 1475 173 41 deplorable
756 1475 183 32 connection
963 1487 34 20 as

169 1533 67 32 that
261 1534 34 31 of
316 1546 53 29 my
395 1546 76 29 poor
494 1535 150 32 brother's
670 1535 75 33 Avith
772 1535 68 33 that
866 1547 130 28 woman,
