1090 1740
155 105 54 26 114

387 112 82 20 LOVE
492 112 64 20 THE
580 110 160 22 AVENGER.

156 190 81 32 since
254 200 45 22 we
317 201 85 21 came
418 189 78 32 back
511 189 67 32 I've
594 188 78 33 been
688 187 71 32 four
778 185 92 32 times
886 189 33 28 to
934 184 54 32 La

156 251 74 33 belle
245 251 126 41 ESlene,
389 250 68 42 and,
475 250 15 33 I
506 251 84 32 can't
617 249 123 44 explain
756 248 82 41 why,
868 247 16 31 I
906 246 82 32 have

153 325 94 21 never
274 313 112 32 offered
408 317 32 28 to
467 313 72 31 take
563 312 55 32 her
645 311 75 33 with
747 322 49 21 me
809 323 6 28 ;
851 308 136 44 perhaps

153 376 58 32 I'm
238 376 94 32 afraid
356 375 34 32 of
407 376 55 31 her
484 375 138 41 Avanting
646 380 31 26 to
703 373 72 33 take
799 383 51 22 me
875 376 33 28 to
933 370 54 33 the

154 438 242 32 Conservatoire.
442 437 96 40 Then,
556 437 99 41 again,
674 436 53 32 she
751 435 87 31 don't
854 444 70 21 care
940 432 48 32 for

153 499 115 41 horses,
271 519 42 3 —
314 499 107 32 knows
451 499 130 41 nothing
613 503 31 27 at
674 497 42 33 all
743 497 97 32 about

153 561 72 32 And
245 560 149 43 suddenly
410 560 162 43 springing
594 560 78 32 from
693 559 47 32 his
766 562 77 36 seat,
894 556 90 32 Look

153 621 86 32 there
252 623 7 31 !
313 622 39 32 he
369 621 176 40 exclaimed,
564 620 141 42 drawing
723 631 42 31 up
782 620 54 32 the
853 618 132 33 oriental

153 683 85 31 blind
278 695 72 20 over
391 683 52 31 the
483 682 227 42 mantel-piece,
774 681 89 32 Look
899 679 85 33 what

153 755 52 31 my
241 744 120 32 mother
404 744 152 41 arranged
600 742 46 33 for
683 753 50 21 me
777 742 112 41 during
928 753 57 20 our

153 805 130 31 absence
296 806 7 30 !

197 866 101 32 Count
310 867 124 41 Dupont
450 866 111 32 turned
577 866 107 40 round,
702 865 61 32 and
778 865 137 42 through
931 865 52 31 the

153 927 83 42 plate
252 927 82 41 glass
351 927 151 42 surveyed
517 939 19 20 a
551 927 199 41 magnificent
761 926 107 41 stable,
881 926 102 32 Avhere

153 988 110 32 twelve
289 989 105 31 horses
411 1001 79 20 were
515 993 32 28 to
574 989 39 31 be
641 989 143 40 counted,
804 989 75 31 each
906 988 31 32 in
965 1000 18 20 a

153 1050 77 31 wide
246 1051 83 31 loose
345 1051 70 31 box.

433 1112 38 31 he
484 1112 159 32 remarked
655 1125 6 27 ;
716 1112 56 32 but
788 1112 49 31 I'll
854 1112 52 31 bet
923 1123 61 31 any

153 1184 111 31 money
274 1173 112 32 there's
402 1178 54 27 not
472 1184 56 22 one
542 1173 34 32 of
587 1173 88 33 those
692 1173 130 32 animals
838 1173 68 32 that
922 1184 62 32 any

153 1234 61 32 real
237 1234 162 32 horseman
423 1234 61 32 and
506 1239 68 27 true
599 1235 84 31 lover
705 1235 35 31 of
757 1235 108 32 horses
882 1236 102 31 Avould

153 1295 37 32 be
206 1294 93 42 likely
314 1299 32 28 to
362 1306 72 21 rave

447 1358 135 41 rejoined
613 1358 53 32 the
698 1359 161 42 Marquis;

154 1419 74 31 such
245 1431 33 19 as
294 1419 74 41 they
378 1431 51 20 are
445 1420 113 32 there's
574 1425 55 27 not
646 1432 57 21 one
720 1421 68 33 that
805 1427 66 27 cost
886 1422 97 32 under

154 1491 93 21 seven
262 1481 153 32 thousand
431 1482 100 32 francs
545 1496 7 27 ;
576 1482 87 33 three
681 1487 66 28 cost
763 1484 114 32 twelve
893 1483 90 33 thou-

154 1542 84 40 sand,
256 1542 60 32 and
332 1554 57 21 one
405 1548 117 36 tAventy
535 1544 7 32 !
