1090 1740
883 106 52 26 229

330 112 164 20 MONSIEUR
517 113 204 19 MARDONNET.

119 185 101 42 know,
245 198 18 20 a
280 186 93 43 sharp
389 199 120 21 Avoman
521 202 6 27 ;
551 188 55 32 but
630 189 53 31 she
711 188 127 42 reposed
863 187 74 32 such

120 247 127 43 implicit
288 249 175 32 confidence
502 250 32 31 in
572 250 52 31 the
673 250 89 32 Abbe
799 249 138 32 Lannion

120 306 77 40 that,
219 307 103 32 where
350 307 38 32 he
412 319 63 20 was
501 308 176 41 concerned,
700 308 55 32 her
777 308 162 42 sharpness

122 367 198 43 deliberately
351 368 182 41 slumbered,
565 370 60 30 and
663 381 32 20 so
726 370 73 41 long
830 381 33 19 as
892 368 47 32 his

121 428 85 42 pupil
230 440 62 20 was
320 428 75 32 with
418 429 72 40 him,
516 429 52 32 she
589 429 138 42 inquired
752 442 39 19 no
815 429 122 32 further.

122 490 36 32 In
184 501 171 31 pursuance
380 489 34 32 of
434 490 47 32 his
501 490 77 40 idea,
595 491 116 31 carried
736 502 86 30 away
843 491 40 41 by
905 490 33 40 it,

122 550 61 32 and
203 550 124 32 imbued
344 550 74 32 with
434 550 52 33 the
502 551 131 41 genuine
657 551 161 32 Jesuitical
833 550 108 42 theory

121 611 66 32 that
228 611 53 32 the
320 622 107 21 means
452 611 107 42 justify
585 611 54 32 the
670 611 67 40 end,
768 611 53 32 the
849 611 93 32 Abbe

122 672 142 32 Lannion
290 673 161 32 contrived
477 678 30 26 to
529 673 88 31 effect
639 685 18 19 a
678 673 143 41 meeting,
847 677 31 27 to
902 673 39 31 all

123 745 190 31 appearance
344 734 150 42 perfectly
525 734 112 40 casual,
668 734 74 31 with
774 733 168 43 Theophile

122 795 186 31 Mardonnet
321 808 6 27 ;
352 794 61 32 and
436 794 172 42 displaying
631 806 19 20 a
667 794 85 42 large
774 798 124 28 amount
915 793 31 33 of

124 856 172 31 cleverness
326 855 31 31 in
388 867 19 19 a
438 855 87 31 small
555 867 77 30 way,
663 855 39 31 he
732 855 150 41 managed
911 859 32 27 to

125 922 161 37 prosecute
313 916 83 31 what
422 916 38 31 he
484 916 155 42 imagined
665 920 31 27 to
722 916 38 31 be
787 915 45 32 his
857 920 87 36 great

126 978 94 40 work,
250 978 129 41 entirely
402 983 32 25 to
464 977 48 31 his
537 989 69 19 own
631 977 194 40 satisfaction,
851 988 94 20 never

126 1051 75 20 once
226 1039 178 41 perceiving
429 1038 53 32 the
506 1050 89 29 game
620 1038 68 31 that
710 1038 46 31 his
781 1038 163 42 adversary

125 1113 65 19 was
211 1100 124 41 playing
365 1099 75 31 with
469 1098 72 32 him.
600 1098 65 32 The
691 1098 112 42 upshot
833 1099 34 30 of
892 1098 52 32 the

126 1162 99 31 whole
241 1173 63 19 was
317 1160 68 31 that
400 1160 50 31 the
468 1159 80 31 devil
569 1171 62 20 was
647 1159 52 32 the
715 1159 126 39 Avinner,
859 1160 85 31 there

127 1223 102 32 where
255 1223 53 31 the
333 1221 116 32 church
479 1233 63 20 was
566 1226 31 27 to
628 1221 77 31 have
730 1221 111 41 reaped
871 1220 74 32 such

127 1284 126 33 evident
277 1284 97 41 gains.
420 1283 169 41 Theophile
612 1282 182 32 Mardonnet
810 1293 61 19 was
893 1286 51 27 too

127 1346 69 32 well
214 1345 148 33 endowed
373 1344 73 31 with
457 1344 66 31 that
540 1343 115 42 species
668 1343 34 32 of
712 1355 104 19 coarse
832 1343 114 32 clever-

126 1419 81 28 ness,
225 1406 46 32 for
297 1405 101 32 which
422 1416 71 21 men
515 1405 34 31 of
571 1405 46 31 his
642 1411 98 35 stamp
766 1416 50 20 are
840 1416 32 20 so
898 1416 47 21 re-

127 1467 156 33 markable
299 1466 31 32 in
351 1466 125 39 France,
494 1470 54 27 not
569 1471 32 26 to
625 1477 50 20 see
697 1465 74 40 that,
789 1466 88 31 while
893 1466 52 33 the

129 1531 79 40 hope
241 1528 33 32 of
300 1527 179 41 converting
504 1527 63 31 him
595 1538 62 21 was
687 1527 51 32 the
763 1527 63 32 bait
848 1527 97 33 which
