1090 1740
392 91 62 22 OUT
477 92 35 21 IN
534 93 64 20 THE
621 93 65 20 SUN.

916 88 31 26 87

133 179 76 31 your
234 168 105 43 family
359 168 54 32 has
439 168 33 32 of
490 180 76 31 your
588 169 145 32 mother's
756 169 107 41 father,
890 170 59 30 and

132 229 35 32 of
192 229 53 32 the
275 241 90 20 name
397 229 33 32 of
457 229 149 42 Lancour,
632 230 60 31 and
718 230 42 32 all
785 229 52 32 the
862 230 87 42 glory

132 302 70 20 won
225 291 42 42 by
285 290 132 32 Victor's
440 290 99 32 father
561 302 74 31 goes
658 291 46 31 for
727 291 127 41 nothing
875 290 74 32 Avith

208 414 15 30 I
253 413 90 31 know
370 413 23 30 it
523 412 66 32 said
620 413 108 41 Claire,
757 414 112 42 raising
894 415 54 31 her

130 475 89 40 head,
361 475 15 30 I
405 474 92 31 know
518 474 70 32 hoAv
610 475 111 42 unjust,
746 476 60 32 and
829 476 117 40 foolish,

131 537 61 30 and
214 547 105 30 wrong
345 536 25 31 it
395 535 40 31 all
461 536 24 31 is
500 549 6 27 ;
534 535 45 32 for
605 548 56 20 one
686 537 59 41 day
766 537 30 31 in
819 537 129 31 London

133 598 100 42 (when
253 609 81 30 papa
357 597 73 31 took
454 609 35 19 us
513 601 31 27 to
570 597 52 31 the
644 597 185 41 Exhibition)
856 598 15 31 I
898 598 50 31 fell

131 670 83 31 upon
239 658 44 33 M.
303 657 19 19 *
338 657 19 18 *
373 657 19 18 *
407 657 21 18 *
443 657 18 18 *
479 658 44 31 *'s
545 658 116 42 history
686 658 32 32 of
740 658 60 32 this
820 663 127 36 century

131 719 33 32 in
191 720 126 39 France,
342 719 60 32 and
426 719 94 31 found
545 724 52 27 out
621 719 81 32 what
728 719 86 33 other
840 719 107 43 people

131 781 89 32 think
249 780 35 33 of
309 792 53 30 my
386 780 204 42 grandfather,
618 780 62 32 and
706 780 84 32 what
816 791 18 22 a
859 780 89 33 noble

131 841 111 32 citizen
266 841 38 31 he
323 852 72 28 was,
418 841 60 31 and
495 840 83 32 what
599 852 18 20 a
634 841 140 41 patriotic
794 841 135 31 minister
940 853 7 27 ;

131 902 62 32 and
205 913 33 20 as
254 907 31 26 to
302 901 129 32 Victor's
447 901 106 40 father,
570 901 52 31 the
639 901 142 40 General,
798 901 39 32 he
852 913 63 20 was
931 913 17 20 a

206 1023 62 32 But
280 1023 39 32 all
335 1023 68 32 that
415 1023 60 31 will
490 1028 54 26 not
558 1027 129 37 prevent
698 1023 53 32 the
761 1023 186 32 determined

130 1084 114 33 refusal
266 1088 32 28 to
321 1089 135 27 consent.
504 1084 132 32 General
652 1083 37 32 de
706 1084 148 40 Lancour,
871 1095 76 30 your

131 1145 148 33 mother's
302 1144 133 41 brother,
457 1156 61 20 was
544 1149 209 36 extravagant,
777 1144 60 32 and
860 1150 87 36 spent

131 1205 127 41 largely.
306 1205 133 32 Victor's
455 1204 117 32 fortune
588 1204 25 31 is

210 1266 41 33 So
288 1265 91 32 much
416 1265 52 32 the
672 1265 132 31 retorted
839 1265 108 40 Claire,

131 1326 162 41 radiantly.
383 1326 14 30 I
428 1337 49 20 am
507 1325 64 32 rich
585 1338 7 27 ;
630 1325 68 40 and,
730 1337 33 19 as
793 1336 61 30 you
884 1337 62 30 say,

131 1393 77 28 aunt
354 1386 97 32 added
477 1387 63 39 she,
562 1386 75 31 with
660 1389 87 28 naive
765 1386 180 41 selfishness,

164 1460 77 32 your
268 1448 119 32 fortune
410 1448 105 32 makes
539 1448 34 32 of
595 1459 49 20 me
666 1458 19 21 a
706 1452 86 36 great
812 1448 114 33 heiress
940 1464 6 27 ;

131 1511 67 32 that
221 1509 26 32 is
270 1508 72 41 why
364 1519 61 30 you
450 1508 78 31 have
552 1519 19 20 a
596 1506 82 42 right
706 1511 32 28 to
764 1507 140 34 interfere
907 1529 40 2 —
