1090 1740
156 100 34 25 26

390 105 82 20 LOVE
495 103 65 22 THE
583 101 160 23 AVENGER.

156 183 63 33 her.
268 183 61 33 She
346 182 78 41 died,
443 181 114 42 having
578 179 144 33 received
743 177 40 33 all
808 175 54 33 the
885 185 100 22 sacra-

156 250 109 35 ments,
285 245 50 32 did
352 245 55 32 she
422 249 52 27 not
486 245 15 31 ?

333 306 158 33 answered
506 304 189 41 Madeleine;
722 301 114 42 adding
850 298 133 42 naively,

186 369 44 33 M.
254 369 28 31 le
406 368 67 32 said
495 367 41 33 all
552 378 64 20 was
633 366 81 42 quite
739 364 31 31 in
795 362 89 33 order
898 374 6 28 ;
930 361 55 31 but

156 431 15 31 I
186 443 94 20 never
296 442 64 20 saw
375 430 65 31 him
456 429 91 41 again
564 428 82 33 since
661 427 54 32 the

233 493 69 32 You
318 493 78 31 have
412 491 82 32 lived
518 491 82 31 since
623 489 75 32 then
723 494 32 27 at
771 487 124 33 Mother
912 486 74 31 Per-

156 555 104 38 rot's,"
289 553 149 32 observed
468 553 52 31 the
545 552 154 32 Countess
713 563 7 28 ;
778 549 43 32 M.
854 548 28 32 le
903 547 83 33 Cure

157 615 90 32 could
269 620 55 26 not
350 626 40 30 go
416 614 96 32 there.
560 612 95 32 Denis
676 612 109 31 Perrot
805 610 26 32 is
853 621 18 20 a
892 608 94 33 noted

157 676 115 40 scoffer,
291 676 60 32 and
374 676 46 31 his
443 675 120 32 mother
588 673 150 43 performs
766 672 58 32 few
849 683 33 21 or
905 682 81 20 none

158 738 33 32 of
209 738 55 32 her
280 737 144 41 religious

232 800 15 31 I
263 811 62 20 was
352 799 93 42 dying
462 798 33 32 of
514 803 92 35 want,
623 798 61 32 and
706 797 62 32 had
793 802 54 26 not
868 808 19 20 a
903 800 83 27 crust

157 866 32 26 to
214 865 49 27 eat
287 860 90 31 when
401 859 123 32 Mother
543 859 110 32 Perrot
676 858 74 32 took
769 869 50 21 me
932 857 54 32 ob-

152 921 104 42 jected
271 920 172 32 Madeleine
458 933 7 27 ;
520 919 26 32 if
570 919 53 33 she
650 919 63 32 had
739 924 55 27 not
820 919 94 41 given
936 930 50 20 me

157 983 79 37 food,
252 983 15 31 I
283 987 83 26 must
381 982 80 31 have
478 981 123 32 starved
617 981 33 32 in
666 981 53 32 the

201 1044 29 31 A
261 1043 102 32 casual
395 1047 155 38 spectator
576 1043 69 31 who
670 1043 111 31 should
812 1042 81 32 have
920 1042 68 32 wit-

158 1106 110 31 nessed
304 1105 61 31 this
407 1105 160 31 interview
599 1106 139 31 between
772 1105 146 32 Madame
950 1106 38 31 de

158 1166 154 33 Clavreuil
339 1166 61 31 and
426 1166 173 32 Madeleine
626 1167 121 41 Raynal
775 1167 104 31 would
909 1167 79 31 have

158 1228 78 32 been
259 1228 132 31 inclined
418 1231 32 28 to
483 1239 132 30 suppose
642 1228 70 32 that
744 1228 53 32 the
831 1228 158 33 dauntless

159 1300 116 31 energy
285 1289 60 32 and
357 1288 203 33 self-reliance
578 1289 33 31 of
624 1289 51 32 the
691 1300 77 31 poor
784 1289 79 33 dead
879 1290 110 32 widow

159 1350 62 32 had
236 1349 54 33 left
311 1354 32 27 to
358 1349 54 32 her
436 1350 81 31 child
534 1361 37 20 an
593 1350 187 33 inheritance
798 1350 34 33 of
851 1350 137 33 distrust.

162 1410 61 33 She
261 1422 63 20 was
363 1410 155 43 evidently
558 1411 167 33 distrusted
762 1411 133 33 because
933 1412 56 32 her

160 1471 119 33 mother
308 1472 60 32 had
399 1472 177 32 committed
606 1473 52 32 the
688 1473 132 43 impiety
843 1474 33 32 of
902 1486 87 21 over-

163 1537 78 28 trust
263 1533 30 32 in
310 1533 119 34 herself.
478 1535 52 31 All
546 1535 62 32 this
628 1536 74 32 time
719 1536 102 32 Claire
838 1536 37 32 de
895 1537 94 31 Clav-
