1090 1740
348 103 141 22 MADAME
513 103 170 23 CLAUDINE.

871 101 51 26 143

102 178 57 30 but
184 178 77 41 grub
290 190 41 30 up
355 184 53 26 out
433 179 33 31 of
491 180 53 31 the
575 180 73 31 mud
675 192 18 20 a
718 181 62 41 big,
804 181 121 33 bloated

106 251 103 29 worm,
234 239 61 32 and
323 240 73 31 offer
422 241 23 30 it
469 241 71 40 him,
561 241 61 32 and
648 253 51 21 see
726 241 77 41 how,
826 242 99 32 drunk

106 299 73 32 with
207 300 105 40 desire,
345 301 38 31 he
415 302 151 31 swallows
597 302 31 40 it,
656 302 61 32 and
748 302 24 32 is
803 302 121 43 caught.

107 360 46 32 Of
185 372 107 21 course
327 373 62 30 you
423 362 120 41 despise
575 362 51 32 the
655 363 71 42 pike
759 363 45 32 for
834 363 92 42 being

109 434 33 21 so
186 423 59 32 low
284 423 88 33 down
414 423 30 32 in
488 424 52 32 the
578 423 80 33 scale
699 424 34 32 of
769 424 133 32 creation
919 438 6 27 ;

109 484 54 32 but
190 484 38 32 he
252 484 27 33 is
305 489 67 28 true
403 489 32 28 to
459 484 46 33 his
529 484 191 40 fish-nature,
748 485 59 31 and
836 485 91 42 gulps

110 545 88 32 down
213 545 83 32 what
317 550 33 27 to
366 545 72 41 him,
455 545 27 32 is
502 545 60 40 life,
580 545 92 42 being
688 545 111 32 devoid
821 545 35 32 of
875 545 52 33 the

109 606 94 42 lights
219 606 98 32 which
333 607 100 31 would
457 607 85 31 show
557 606 64 32 him
643 618 61 31 you
720 618 50 20 are
787 607 142 42 bringing

111 667 63 31 him
190 666 99 33 death.
335 666 73 32 And
422 667 71 32 how
508 678 93 30 many
617 678 51 21 are
683 666 51 32 the
750 666 177 42 thousands,

112 739 68 31 nay,
212 728 154 32 hundreds
397 728 34 32 of
463 728 176 40 thousands,
675 728 32 32 of
740 740 54 20 our
830 729 100 31 fellow

113 793 152 28 creatures
282 789 68 32 who
374 800 51 21 are
448 789 54 32 left
525 801 33 20 so
582 789 139 32 destitute
746 790 34 31 of
799 790 40 31 all
859 790 70 42 help

115 849 63 32 and
201 849 40 32 all
267 849 136 41 comfort,
430 861 33 20 so
491 849 124 43 steeped
642 849 30 32 in
698 850 171 41 ignorance,
898 863 32 19 so

115 910 149 32 unarmed
280 910 31 31 in
326 910 52 32 the
394 910 64 32 face
483 910 33 32 of
536 922 113 30 Avrong,
671 910 67 32 that
753 915 30 27 to
799 911 52 31 the
874 911 58 32 low

115 971 80 32 level
212 971 33 32 of
255 971 79 32 their
359 971 287 42 life-development,
665 971 51 32 the
733 972 43 31 fat
791 984 95 20 worm
903 973 33 31 of

115 1032 53 32 the
183 1032 72 41 pike
271 1032 25 32 is
312 1031 52 33 the
380 1036 65 28 true
462 1032 178 41 temptation
650 1034 14 30 ?

159 1094 31 30 Is
212 1093 62 31 this
293 1093 79 31 their
397 1093 75 31 fault
483 1095 13 29 ?
519 1098 82 26 must
624 1093 24 31 it
672 1093 114 42 always
812 1094 37 31 be
875 1106 33 20 so
919 1096 13 30 ?

115 1155 61 31 and
192 1155 26 31 is
227 1154 87 32 there
330 1166 39 20 no
385 1154 131 41 possible
533 1154 178 41 prevention
728 1155 34 31 of
774 1155 44 31 sin
831 1157 13 30 ?

159 1217 15 30 I
191 1216 91 41 again
298 1228 54 29 say
364 1216 24 32 it
400 1229 5 19 :
434 1228 38 19 on
488 1216 52 31 the
555 1216 89 41 night
660 1216 88 31 when
764 1217 170 32 Madeleine

117 1276 120 42 Raynal
263 1276 94 31 found
383 1276 116 31 herself
519 1276 30 31 in
574 1276 52 31 the
652 1276 147 31 vestibule
825 1276 34 31 of
883 1277 52 31 the

118 1337 140 33 Chateau
281 1336 37 32 de
346 1336 190 41 Sauveterre,
563 1337 60 30 and
647 1336 54 32 felt
722 1348 38 19 on
781 1336 54 32 her
858 1337 76 41 cold,

118 1403 61 27 wet
207 1398 66 31 face
304 1397 52 31 the
383 1409 96 19 warm
506 1401 97 27 steam
634 1397 35 31 of
693 1397 105 42 plenty
821 1398 115 42 issuing

117 1460 79 31 from
215 1459 52 31 the
284 1469 78 31 open
378 1457 214 42 dining-room,
610 1456 54 33 she
674 1469 62 20 was
753 1458 124 42 craving
891 1459 46 32 for

118 1521 80 40 food,
218 1519 158 42 shivering
392 1518 74 32 with
483 1518 76 42 cold,
577 1518 60 32 and
651 1518 171 43 frightened
840 1525 52 28 out
908 1521 32 32 of
