1090 1740
398 98 138 21 MUSICAL
560 99 101 20 LINKS.

889 94 49 25 181

124 173 89 32 doAvn
237 185 33 21 as
294 185 18 20 a
326 173 59 33 law
401 174 66 32 that
483 187 17 19 a
517 179 107 38 strong
647 187 87 20 sense
759 175 34 31 of
815 175 83 32 what
914 176 25 30 is

125 234 59 32 clue
201 239 32 28 to
249 234 52 33 the
316 235 56 32 ties
389 235 34 32 of
433 235 114 43 family,
565 247 18 20 a
594 236 63 31 real
671 241 120 37 respect
805 236 46 32 for
871 248 71 20 con-

127 295 185 43 sanguinity,
330 308 63 20 was
412 296 39 32 all
467 296 67 32 that
553 297 88 31 could
661 297 38 31 be
717 297 141 42 required
878 297 33 31 of
925 309 17 19 a

125 367 72 21 man
219 356 35 32 of
275 356 52 32 the
354 356 97 32 world
477 357 60 31 and
561 368 18 20 a
603 357 182 42 gentleman.
832 358 29 30 It
880 369 62 19 was

125 417 139 42 pleasant
296 422 33 27 to
356 417 73 32 hear
458 417 55 32 her
546 418 162 41 discourse,
738 419 53 31 her
820 418 122 32 brother

126 478 142 42 thought,
292 478 46 32 for
357 478 24 32 it
398 478 111 43 helped
528 483 33 27 to
583 484 56 37 put
664 479 63 31 him
748 484 31 26 at
801 479 47 31 his
873 491 69 20 ease

125 540 73 31 with
224 540 110 42 regard
363 544 32 27 to
426 540 47 31 his
499 540 257 40 blood-relations,
783 540 60 31 and
875 552 67 30 per-

127 600 114 32 suaded
274 601 63 31 him
364 601 39 31 he
440 612 64 20 was
533 601 155 41 behaving
728 601 214 41 uncommonly

125 662 69 31 well
209 667 31 26 at
256 674 38 20 an
310 662 208 40 undoubtedly
534 662 96 40 cheap
647 662 91 40 price.

169 722 66 32 The
252 723 72 41 only
339 723 78 31 little
433 723 44 31 bit
494 723 34 31 of
544 722 186 32 wickedness
746 722 141 32 Madame
906 723 36 31 de

125 784 185 31 Beauvoisin
331 783 128 32 allowed
481 784 116 31 herself
615 795 73 29 was,
710 796 56 19 one
782 784 67 41 day,
868 784 74 31 after

127 845 54 31 she
208 845 61 31 had
292 845 79 32 been
395 845 184 40 declaiming
603 856 73 20 over
700 845 54 31 the
779 845 163 31 admirable

127 918 128 20 manner
293 906 31 31 in
362 906 100 31 which
500 918 92 29 every
629 906 134 39 relative,
802 906 140 31 however

127 967 122 39 distant,
275 966 35 32 of
328 966 81 31 their
433 966 106 31 House
561 966 61 31 had
645 976 84 21 come
750 965 138 41 forward,
910 970 32 27 to

126 1031 72 27 turn
213 1031 33 26 to
261 1026 43 31 M.
324 1026 36 31 de
377 1026 173 41 Moranges,
568 1025 60 32 and
644 1025 135 40 observe,
797 1025 30 31 in
843 1037 18 20 a
876 1037 66 30 per-

126 1087 93 41 fectly
235 1086 103 32 casual
354 1098 77 30 Avay,
447 1086 68 31 that
531 1090 52 27 out
605 1085 33 32 of
659 1085 52 32 the
735 1085 161 43 sixty-four
911 1098 32 19 or

125 1148 61 31 five
208 1158 127 31 persons
360 1146 74 32 then
457 1146 32 32 in
511 1146 94 40 Paris,
632 1145 68 33 who
724 1145 62 32 had
810 1146 133 31 asserted

126 1208 80 32 their
230 1208 180 31 connection
430 1207 75 32 with
527 1206 115 33 Olivier
664 1207 41 42 by
727 1207 132 41 fe.asting
881 1207 62 31 him

127 1269 60 31 and
209 1268 48 32 his
273 1268 77 40 wife,
374 1268 49 40 he,
441 1267 142 33 Olivier's
607 1279 68 20 own
698 1267 96 40 uncle,
812 1278 63 20 was
892 1267 50 32 the

128 1330 72 41 only
223 1341 57 20 one
307 1329 69 32 who
399 1329 62 32 had
483 1334 53 27 not
558 1329 91 42 given
675 1329 63 31 him
765 1340 18 20 a
803 1329 140 42 wedding

127 1392 108 30 dinner
246 1392 7 30 !

171 1454 29 30 It
227 1452 124 32 seemed
376 1456 32 27 to
430 1463 109 30 escape
566 1451 51 31 the
642 1452 179 41 Dowager's
844 1452 57 42 lips
903 1472 40 4 —

127 1514 136 42 dropped
279 1513 217 41 involuntarily
511 1512 78 32 from
604 1512 84 32 them
690 1532 42 3 —
732 1513 54 32 but
802 1525 61 20 was
880 1515 62 31 said
