1090 1740
154 121 55 25 276

388 127 82 21 LOVE
494 126 64 21 THE
581 123 159 23 AVENGER.

230 204 96 31 What
348 204 61 31 will
427 202 115 33 Olivier
566 202 39 31 do
632 201 30 31 in
690 200 53 32 the
760 199 100 42 Corps
876 196 111 43 Legis-

296 265 172 31 demanded
483 264 48 31 his
547 263 97 32 uncle.

334 326 84 32 what
450 326 52 31 the
535 329 69 28 vast
635 324 145 42 majority
812 323 74 32 does
887 342 44 3 —
931 333 54 21 no-

307 387 173 43 responded
517 387 48 32 his
596 386 130 33 mother.
822 386 64 31 But
923 396 62 30 you

155 460 60 29 see,
244 449 142 42 yourself,
404 448 68 33 that
498 448 27 32 if
543 460 45 20 Ave
612 460 53 21 are
690 453 55 27 not
772 447 128 40 elected,
930 459 55 19 our

154 509 148 34 influence
334 512 31 30 in
390 510 257 34 Savre-et-Merle
678 510 26 32 is
734 509 60 32 lost
818 509 47 32 for
891 520 73 21 ever
976 522 9 28 ;

156 572 114 32 Olivier
301 573 25 31 is
356 573 52 31 the
444 573 71 40 only
547 584 57 20 one
635 572 69 31 who
737 583 56 20 can
825 575 160 38 represent

155 646 35 20 us
192 653 42 4 —
235 635 112 40 unless,
380 635 118 39 indeed,
531 646 54 29 my
608 635 73 31 dear
711 633 135 41 brother,
879 633 104 32 unless

154 707 61 29 you

231 757 15 32 I
260 758 6 32 !
322 757 167 32 exclaimed
505 757 176 41 Moranges,
698 757 74 31 with
797 768 18 21 a
834 762 71 27 tone
922 757 61 31 and

154 822 125 36 gesture
290 818 34 32 of
336 818 175 43 downright
522 818 116 40 horror,
640 838 43 2 —
711 818 15 32 I
736 819 6 32 !
759 818 81 43 why,
853 819 16 31 I
881 818 102 32 would

154 890 109 21 sooner
279 881 37 31 be
333 881 84 41 hung
430 883 7 30 !

198 941 60 32 His
275 942 88 32 sister
379 943 115 31 smiled.

231 1004 41 32 So
288 1005 15 30 I
505 1005 65 31 said
586 1004 63 41 she,
667 1005 73 31 with
756 1016 19 21 a
791 1005 96 32 smile.

198 1065 99 32 There
314 1078 63 20 was
394 1066 90 42 again
501 1078 18 20 a
534 1077 104 31 pause.

229 1125 88 32 Then
350 1127 14 30 I
388 1138 72 30 may
484 1132 93 27 count
605 1138 80 32 upon
718 1139 70 31 you,
822 1127 138 33 Maurice
975 1142 6 27 ;

154 1185 60 31 and
230 1186 16 31 I
262 1198 56 19 can
335 1188 87 31 Avrite
448 1192 31 27 at
505 1199 76 20 once
605 1192 33 28 to
654 1188 183 33 Durochard
848 1190 15 31 ?
916 1189 65 32 said

152 1246 54 32 the
223 1247 161 37 Dowager.

321 1276 19 12 O

444 1310 160 32 answered
619 1309 55 33 her
689 1310 126 33 brother
829 1325 7 28 ;
897 1311 84 32 Avhat

151 1375 83 27 must
249 1370 46 40 be,
313 1375 82 28 must
418 1371 38 32 be
470 1384 6 19 :
500 1371 55 32 but
571 1372 16 31 I
603 1384 84 19 warn
710 1384 61 30 you
794 1373 187 33 beforehand

152 1430 67 32 that
246 1431 60 32 this
334 1437 118 27 contest,
473 1433 61 31 Avill
562 1438 66 27 cost
654 1433 117 33 Olivier
798 1447 84 21 more
906 1436 75 32 than

151 1502 62 29 you

195 1551 66 32 The
271 1552 154 43 Marquise
442 1565 79 30 gave
538 1565 17 20 a
571 1553 70 32 look
657 1559 31 27 to
699 1556 43 32 M.
760 1556 38 32 de
809 1557 169 42 Moranges
