1090 1740
383 477 206 32 CHAPTER
611 477 89 32 XXI.

340 575 123 21 CHORDS
485 574 86 22 THAT
594 572 146 23 VIBRATE.

173 651 110 33 When
308 651 99 32 Henri
433 652 128 40 Dupont
587 650 37 32 de
649 650 134 42 Laporte
814 648 66 33 told
904 647 53 32 the

131 714 152 41 Dowager
299 713 66 32 that
387 712 116 33 Olivier
527 711 91 33 could
641 711 111 31 inform
775 710 56 32 her
855 709 102 33 better

130 774 74 32 than
220 786 60 29 any
296 785 58 21 one
377 773 64 32 else
465 773 34 32 of
521 773 40 32 all
577 773 69 31 that
669 772 62 32 had
746 770 163 44 happened
925 775 33 27 at

130 835 52 32 the
198 835 61 32 fete
274 835 92 41 given
381 835 41 42 by
438 836 43 31 M.
499 836 38 31 de
554 836 166 40 Moranges
745 834 30 31 in
795 833 52 32 the
863 832 95 32 forest

130 896 35 32 of
184 896 44 33 St.
247 896 156 40 Germain,
428 896 39 32 he
483 896 65 32 told
571 896 55 32 her
642 896 83 31 what
750 906 64 20 was
840 893 118 42 strictly

129 963 77 35 true,
224 957 71 42 only
311 957 53 32 the
380 957 86 32 word
489 957 48 32 all
552 968 64 21 was
633 956 187 43 susceptible
838 955 33 32 of
895 960 62 27 two

129 1018 148 42 readings.
333 1018 177 42 According
536 1023 32 28 to
600 1029 59 21 one
686 1018 129 41 reading
841 1017 51 33 the
918 1017 40 32 all

129 1091 64 21 was
222 1079 132 42 nothing
367 1093 6 27 ;
415 1079 166 42 according
620 1084 33 28 to
687 1079 54 33 the
773 1079 96 41 other,
903 1079 54 32 the

129 1139 128 43 nothing
280 1151 64 21 was
367 1140 42 42 by
431 1140 44 32 far
499 1145 51 28 too
574 1140 101 33 much.
724 1141 64 32 But
810 1140 60 33 this
894 1152 63 21 was

129 1200 138 33 Olivier's
294 1206 105 36 secret,
427 1201 61 32 and
515 1201 24 32 it
565 1213 65 20 was
657 1206 54 27 not
737 1213 58 21 one
825 1201 40 33 he
893 1213 64 21 was

129 1261 94 41 likely
238 1265 31 28 to
286 1261 113 41 impart
414 1266 32 28 to
463 1262 47 32 his
526 1262 130 32 mother.

172 1322 37 31 In
224 1322 95 40 truth,
344 1322 23 32 it
383 1322 101 33 would
506 1322 82 33 have
610 1323 79 32 been
705 1322 78 33 hard
806 1327 33 28 to
856 1334 54 32 say
926 1328 31 27 to

129 1382 102 33 whom
254 1382 38 33 he
308 1383 91 32 could
414 1383 80 33 have
517 1384 119 32 related
653 1385 84 31 Avhat
758 1385 61 32 had
835 1385 122 42 passed,

128 1443 45 32 for
198 1443 39 33 he
261 1444 129 32 avoided
412 1457 34 20 as
469 1445 93 32 much
588 1458 35 20 as
650 1447 136 41 possible
812 1447 145 42 avowing

129 1509 31 27 to
176 1504 126 33 himself
320 1505 68 32 that
410 1507 153 41 anything
585 1507 62 31 had
669 1508 121 41 passed.
837 1509 75 31 And
927 1509 30 31 in

129 1564 106 42 reality
267 1565 83 32 what
387 1565 60 33 had
484 1566 187 43 happened?
741 1569 120 41 Simply
891 1570 66 32 that
