1090 1740
881 96 52 25 119

397 102 42 20 LA
462 102 168 20 TRAVIATA.

114 177 145 42 plurality
275 189 92 30 every
389 177 95 42 night.
531 178 42 32 M.
600 177 38 33 de
666 177 183 32 Beauvoisin
876 177 60 31 had

114 250 35 19 so
164 238 127 32 marked
307 250 17 19 a
339 237 174 43 preference
539 237 47 32 for
609 238 51 32 the
684 238 115 42 society
815 237 33 32 of
870 238 66 31 Ma-

114 300 90 32 dame
219 300 30 31 la
269 299 165 41 Duchesse,
462 299 67 32 that
551 299 39 32 he
606 311 63 20 was
694 299 45 32 for
766 311 73 20 ever
863 311 73 30 sug-

114 360 123 42 gesting
260 365 31 26 to
307 360 47 31 his
369 359 70 32 wife
463 364 32 27 to
520 360 95 31 invite
638 359 65 42 her,
720 360 100 32 which
835 360 100 32 Claire

115 421 170 41 invariably
296 420 60 41 did,
368 420 73 32 with
456 420 51 32 the
518 425 115 27 utmost
645 425 147 37 apparent
802 421 132 41 alacrity.

114 482 30 31 It
165 493 65 19 was
259 481 160 31 remarked
445 481 67 32 that
539 481 164 31 whenever
729 481 143 32 Madame
899 481 38 31 de

114 542 159 42 Varignan
299 554 63 19 was
385 546 132 38 present,
548 542 116 32 Olivier
690 542 122 32 seemed
835 546 32 27 at
888 542 48 31 his

114 614 71 21 ease
186 623 43 3 —
230 608 30 26 to
285 615 55 29 say
362 603 39 31 he
418 614 63 20 was
506 603 94 41 lively
616 602 101 32 would
743 602 132 42 perhaps
898 601 39 32 be

114 676 40 20 an
170 664 220 41 exaggeration
404 678 6 27 ;
434 664 55 31 but
505 663 39 32 he
560 663 51 32 did
633 668 54 27 not
703 663 90 42 sleep,
812 675 32 19 or
860 674 77 20 even

114 737 92 30 yawn
219 739 7 27 ;
250 726 142 31 folloAved
403 725 53 32 the
468 726 213 31 conversation
691 726 128 31 without
828 725 109 31 visible

116 787 88 31 effort
217 799 7 28 ;
249 787 69 40 and,
336 786 31 31 in
383 786 93 41 short,
495 787 22 31 it
533 798 63 20 was
615 787 156 41 generally
787 786 151 42 supposed

116 848 70 31 that
209 848 54 31 the
279 847 141 32 Duchess
445 847 93 31 knew
553 847 69 31 how
643 852 31 27 to
691 847 82 31 draw
788 847 63 31 him
876 851 61 36 out,

116 908 121 41 though
252 908 84 31 what
351 908 53 32 the
419 908 97 32 result
531 908 34 32 of
586 908 59 31 this
661 908 157 41 operation
840 908 100 42 might

117 970 47 39 be,
179 969 158 32 remained
352 980 19 20 a
385 973 138 37 mystery
534 973 32 27 to
583 969 40 31 all
639 980 71 20 save
727 969 52 32 the
794 969 143 32 initiated.

117 1030 45 31 At
186 1029 41 32 all
252 1033 116 37 events,
386 1029 100 32 Claire
504 1029 120 32 seemed
646 1029 123 42 pleased
794 1030 68 31 that
886 1029 54 32 her

117 1090 142 32 husband
275 1090 112 32 should
402 1090 80 32 have
508 1102 39 20 an
572 1090 160 41 agreeable
749 1090 188 42 companion,

117 1152 62 33 and
202 1152 199 41 accordingly
423 1151 144 32 Madame
592 1151 37 32 de
649 1151 160 42 Varignan
835 1163 63 20 was
922 1163 18 20 a

119 1217 142 28 constant
276 1217 92 37 guest
383 1217 31 27 at
430 1212 53 32 the
493 1212 96 32 Hotel
600 1212 37 32 de
648 1212 190 32 Beauvoisin.
876 1213 64 31 The

117 1274 138 42 Marquis
272 1274 97 32 called
384 1274 55 32 her
455 1274 114 41 cousin,
584 1274 54 33 she
655 1274 172 33 sometimes
843 1274 97 32 called

117 1335 65 33 him
200 1335 124 40 Olivier,
350 1335 46 32 for
423 1335 53 32 she
503 1335 61 32 had
591 1346 18 21 a
632 1335 227 43 free-and-easy
873 1347 67 31 way

117 1396 76 33 with
209 1396 63 41 her,
290 1395 61 32 and
367 1395 54 33 she
437 1395 66 33 said
528 1396 38 33 he
582 1407 64 21 was
662 1395 53 33 the
730 1395 210 34 best-natured

116 1458 103 33 fellow
246 1457 31 32 in
301 1456 51 33 the
368 1457 105 32 world.
522 1457 144 32 Between
689 1456 53 33 the
765 1462 61 27 two
847 1457 93 32 ladies

115 1520 88 33 there
219 1530 65 21 was
307 1530 41 20 no
369 1517 154 42 intimacy.
571 1517 66 33 The
652 1518 139 33 Duchess
818 1518 122 33 charac-
