1090 1740
366 106 61 21 OUT
450 106 36 21 IN
509 107 62 20 THE
595 107 67 20 SUN.

883 102 33 25 91

101 181 134 32 manded
250 193 19 21 a
285 182 78 32 view
379 182 128 42 straight
524 194 102 20 across
641 183 62 31 into
719 182 52 33 the
785 183 134 42 Champs

102 242 139 42 Elysees.
289 243 99 32 There
403 255 80 20 were
499 244 152 42 carriages
670 245 126 42 passing
812 250 32 27 to
860 245 61 31 and

101 303 56 42 fro,
182 305 60 31 and
265 305 169 41 horsemen,
460 306 60 31 and
543 306 142 41 loungers
707 319 39 19 on
766 307 72 40 foot,
860 307 59 31 and

101 365 53 32 the
169 366 98 32 whole
284 378 89 20 scene
390 378 81 20 wore
487 367 67 31 that
569 368 133 41 peculiar
717 368 44 31 air
773 368 34 31 of
817 369 102 41 gaiety

101 427 68 32 that
184 427 52 32 the
252 428 66 31 first
341 428 86 31 smile
451 428 34 31 of
504 428 82 41 early
602 429 190 41 unexpected
816 428 103 42 spring

100 487 135 42 imparts.
283 488 66 31 The
381 500 57 19 sun
463 500 63 19 was
558 489 193 40 everywhere
763 502 6 27 ;
802 501 39 19 on
866 488 52 32 the

100 549 95 31 broad
218 560 108 30 spaces
353 549 34 31 of
405 549 52 32 the
480 554 89 37 great
591 549 215 41 thoroughfare
823 554 51 26 out
890 549 32 32 of

100 610 99 40 doors,
224 622 38 19 on
286 622 19 20 a
328 610 116 32 Claude
467 611 128 31 Lorrain
620 622 82 30 upon
725 610 53 31 the
799 610 70 32 wall
890 610 32 31 of

101 671 54 31 the
187 676 184 37 apartment,
400 683 39 19 on
469 671 52 32 the
546 671 96 32 broad
670 672 104 31 leaves
804 670 34 32 of
866 670 51 31 the

99 733 102 41 plants
225 733 31 30 in
272 732 52 32 the
331 733 184 42 jardiniere,
533 733 61 31 and
610 744 39 20 on
671 732 51 32 the
741 732 175 31 red-broAvn

101 793 185 40 arabesques
303 793 34 31 of
347 793 53 32 the
416 805 75 28 grey
507 798 110 35 carpet.

144 854 101 32 Claire
273 854 88 32 stood
393 854 54 31 full
470 854 31 31 in
523 854 53 31 the
598 854 104 40 broad,
726 854 104 41 bright
852 865 62 30 ray,

100 914 90 32 when
216 915 54 31 she
298 919 81 27 Avent
405 919 30 26 to
460 914 52 31 the
538 914 131 31 window
681 927 7 26 ;
713 915 68 39 and,
809 914 32 31 in
864 914 51 31 the

98 987 103 29 warm,
216 975 104 42 balmy
332 975 191 42 atmosphere
537 975 34 31 of
582 975 66 31 that
663 986 93 29 room,
773 975 31 30 in
816 974 99 32 which

97 1036 186 42 everything
303 1036 65 32 told
391 1036 34 31 of
444 1036 111 31 wealth
577 1036 60 30 and
656 1035 136 41 comfort,
809 1036 60 30 and
885 1036 30 30 in

96 1098 53 32 the
165 1098 112 41 golden
293 1097 142 32 radiance
451 1097 100 31 which
567 1101 98 37 wrapt
687 1096 55 32 her
764 1097 97 31 round
881 1109 33 19 as

97 1158 54 32 she
169 1157 129 43 stepped
317 1157 63 32 into
395 1157 33 40 it,
446 1157 83 32 Mile,
548 1157 36 31 de
601 1156 162 41 Clavreuil,
780 1157 16 31 I
811 1168 103 20 assure

96 1230 71 31 you,
184 1219 53 31 felt
252 1230 34 20 as
303 1218 135 31 desolate
455 1229 33 20 as
504 1217 52 31 did
571 1217 52 32 the
640 1217 117 42 sloppy,
775 1217 139 41 draggle-

96 1280 94 32 tailed
206 1279 59 42 girl
276 1279 102 31 whom
390 1291 46 19 we
448 1278 79 32 have
540 1290 71 20 seen
624 1278 174 41 struggling
814 1277 98 42 along,

96 1352 58 22 one
170 1340 86 42 rainy
272 1340 97 41 night,
388 1351 39 20 on
443 1339 51 32 the
510 1339 74 31 road
607 1339 137 31 between
761 1338 152 32 Clavreuil

95 1402 62 31 and
173 1401 44 32 St.
235 1400 122 32 Martin.

138 1523 81 33 That
256 1521 142 41 evening,
435 1521 100 32 Claire
575 1521 178 32 announced
789 1525 32 27 to
858 1521 53 33 her
