1090 1740
392 84 120 21 EASTER
534 85 134 20 SUNDAY.

889 81 53 24 223

122 158 68 41 site,
214 171 84 20 cross
324 160 118 43 rapidly
459 161 30 31 in
507 161 78 32 their
611 161 155 32 direction.
813 162 51 31 He
879 174 64 20 was

124 232 20 20 a
171 221 94 41 short,
294 228 98 37 squat,
419 224 215 41 red-cheeked,
659 224 285 42 bushy-whiskered

123 294 82 29 man,
224 284 109 42 vulgar
355 285 32 32 in
410 285 54 32 the
491 291 144 35 extreme,
662 286 73 31 with
757 286 100 42 heavy
872 286 72 41 gold

126 345 230 42 watch-chains,
369 347 60 30 and
438 347 69 41 pale
519 348 111 40 yellow
639 348 114 40 gloves,
766 359 18 20 a
792 359 71 20 man
875 348 68 31 who

125 406 90 31 could
238 412 55 26 not
318 407 137 42 possibly
479 407 79 32 have
586 409 149 41 anything
757 409 32 31 in
805 420 139 21 common

126 467 72 31 with
218 468 52 31 the
293 468 95 31 world
408 469 30 30 in
457 469 101 31 which
579 469 116 32 Olivier
717 469 80 32 lived
810 483 6 27 ;
840 475 52 37 yet
906 469 38 33 he

126 540 85 20 came
240 529 132 41 straight
402 541 41 30 up
472 534 33 27 to
532 530 43 32 M.
607 530 36 31 de
668 530 191 40 Beauvoisin,
890 536 54 36 put

126 598 52 27 out
194 593 48 31 his
266 594 44 31 fat
331 594 83 31 hand
437 598 33 27 to
493 594 73 40 him,
595 594 60 31 and
679 594 73 31 then
771 595 173 41 perceiving

124 654 53 32 the
194 654 165 40 Marquise,
377 655 75 31 took
468 655 44 31 off
530 655 47 31 his
591 655 61 31 hat.

170 716 124 40 Olivier,
327 716 116 41 having
464 716 47 31 his
535 716 68 31 wife
631 728 38 19 on
695 727 56 20 one
779 728 72 28 arm,
878 728 67 30 pre-

125 777 100 31 ferred
243 777 149 41 touching
412 777 47 31 his
484 777 55 31 hat
562 776 73 32 with
660 777 53 31 the
735 777 94 40 other,
849 781 31 27 to
896 789 49 19 ac-

126 839 125 41 cepting
267 839 54 32 the
336 839 150 41 proffered
501 839 90 33 hand.

203 900 82 32 Glad
319 906 31 26 to
386 911 50 21 see
467 911 69 31 you,
562 900 41 32 M.
628 900 29 32 le
680 900 137 41 Marquis
830 901 6 31 !
868 900 76 41 hope

126 961 107 40 you're
250 961 70 31 well
332 961 6 32 !
390 961 65 31 said
470 961 53 31 the
540 961 248 40 vulgar-looking
803 972 78 20 man.

172 1022 116 33 Olivier
307 1022 117 38 bowed,
442 1021 153 31 muttered
618 1021 173 41 something
806 1022 30 30 in
851 1021 94 42 reply,

124 1083 63 32 and
204 1082 117 32 availed
334 1082 125 32 himself
477 1082 34 31 of
528 1082 52 31 the
595 1086 123 38 pretext
733 1082 135 32 afforded
884 1082 62 32 him

126 1144 42 42 by
183 1143 52 33 the
262 1143 130 32 number
408 1143 34 32 of
452 1154 127 31 persons
596 1154 39 21 on
657 1143 51 32 the
724 1149 172 36 pavement,
913 1148 32 27 to

124 1217 92 20 move
230 1217 47 28 on,
294 1205 132 32 without
445 1204 140 42 entering
605 1204 63 31 into
690 1204 115 31 further
820 1204 105 41 parley
939 1217 6 26 ;

124 1267 58 31 but
198 1266 51 32 did
265 1271 54 27 not
343 1266 38 32 do
408 1277 32 21 so
464 1265 103 32 before
592 1264 100 33 Claire
712 1264 60 31 had
791 1264 61 32 had
872 1264 73 32 time

126 1335 32 26 to
185 1329 123 33 remark
335 1328 52 32 the
415 1332 123 37 strange
564 1327 158 31 alteration
747 1326 35 32 of
800 1326 47 32 his
870 1326 74 32 face.

126 1391 51 31 He
199 1390 61 31 had
283 1389 114 32 turned
422 1388 69 43 pale
516 1400 34 20 as
575 1388 100 41 death,
704 1388 60 31 and
790 1399 63 20 was
877 1399 70 20 now

122 1452 57 32 red
203 1451 42 31 all
261 1463 74 19 over
358 1450 78 31 from
451 1449 52 32 the
528 1448 129 43 temples
682 1453 32 27 to
739 1448 52 32 the
815 1459 77 32 nape
917 1448 34 32 of

126 1513 48 31 his
198 1513 86 31 neck.
