1090 1740
298 81 249 22 MADEMOISELLE
569 82 136 21 ASPASIE.

858 77 51 26 255

92 175 43 4 —
136 156 131 43 nothing
283 158 172 32 astonishes
471 171 48 19 me
521 178 43 3 —
564 158 59 31 I'm
640 158 71 42 only
726 157 127 42 seeking
868 157 43 32 for

170 281 73 40 Yes,
261 280 54 32 the
339 292 84 20 same
562 280 156 32 answered
734 280 177 42 Theophile.

198 340 25 31 is
247 340 31 31 in
302 341 196 31 tremendous
513 340 108 32 favour
644 345 31 27 at
697 340 53 33 the
773 341 141 42 Ministry

95 404 33 32 of
229 432 6 13 ,
254 405 61 31 and
338 405 26 32 is
386 417 72 19 now
483 405 188 42 sub-prefect
698 405 35 32 of
755 405 157 42 Malleray.

94 465 75 33 This
185 466 25 32 it
224 466 25 32 is
272 466 32 32 in
326 466 117 42 reality,
461 465 100 32 which
578 466 130 42 (besides
731 466 184 32 home-sick-

94 527 83 41 ness)
198 526 134 43 brought
358 539 49 20 me
431 527 100 32 home.
578 527 16 32 I
620 532 96 27 wrote
742 532 32 27 to
801 528 114 31 Marius

94 588 54 32 the
175 593 138 27 moment
337 588 16 32 I
379 588 90 32 knew
494 587 35 33 of
557 587 48 33 his
629 588 197 40 nomination,
855 588 60 32 and

94 649 66 32 told
186 649 65 32 him
276 649 34 32 of
328 660 53 31 my
397 648 150 33 intention
571 653 32 27 to
630 653 112 28 return.
790 648 49 32 He
861 648 54 32 has

95 710 131 40 nothing
241 714 33 27 to
288 709 101 32 refuse

173 770 59 40 Oh,
249 771 16 31 I
282 771 73 31 dare
372 781 54 29 say
442 775 53 27 not,

173 830 111 33 Added
314 835 33 28 to
538 830 161 32 continued
725 831 192 40 Mardonnet,

129 904 61 31 you
227 893 93 31 know
353 891 52 33 the
436 891 142 32 Minister
618 891 34 32 of
806 892 25 31 is
867 903 50 30 my

101 954 148 32 mother's
272 952 67 32 first
365 952 104 32 cousin
481 966 7 26 ;
525 963 42 29 so,
596 963 33 20 as
656 952 15 31 I
698 952 74 40 said,
800 953 15 31 I
841 952 76 32 have

100 1016 54 30 the
169 1015 70 31 best

393 1074 148 41 inquired,
566 1073 119 42 calmly,
706 1074 81 33 Mile.
815 1075 101 31 Mour-

97 1150 63 29 jon.

176 1198 44 32 Of
231 1198 94 41 being
339 1197 89 31 made
452 1209 17 19 a
492 1197 114 41 deputy
621 1201 33 27 at
675 1197 54 31 the
751 1201 75 27 next
842 1197 75 32 elec-

175 1321 62 32 For
252 1320 83 32 what
350 1320 130 39 locality,
497 1330 72 29 may
585 1319 16 30 I

175 1383 62 31 For
251 1382 53 32 the
320 1382 192 40 department
529 1381 34 31 of
581 1380 259 32 Savre-et-Merle.

177 1445 64 31 Are
263 1455 62 31 you
347 1443 80 39 mad,
682 1441 80 32 cried
778 1442 139 42 Aspasie,

95 1505 147 42 jumping
257 1504 78 33 from
350 1503 55 33 her
421 1508 71 35 seat,
511 1503 59 32 and
586 1502 143 41 standing
747 1502 31 31 in
793 1502 80 32 front
889 1502 33 32 of
