1090 1740
396 102 49 19 MY
467 101 144 20 NEPHEW.

856 95 55 26 173

91 175 165 43 musingly.
447 189 18 19 a
495 188 107 30 queen,
850 177 58 31 and

92 235 61 33 this
169 237 74 32 time
261 237 52 32 she
329 242 56 37 put
401 237 51 32 the
469 238 140 41 question
624 238 219 41 wonderingly.

136 298 229 32 Mademoiselle
401 298 130 42 Aspasie
568 298 62 32 had
666 299 111 42 picked
814 311 40 30 up
892 311 18 19 a

92 358 100 42 pencil
216 359 60 31 and
299 370 63 20 was
384 358 102 43 biting
501 371 57 19 one
586 360 59 31 end
668 360 34 31 of
717 360 24 31 it
756 360 74 31 with
856 360 55 32 her

93 419 231 43 sharp-pointed
346 420 94 41 teeth,
458 421 101 31 whilst
582 421 56 32 her
661 421 90 42 sharp
775 434 71 29 eyes
870 422 40 42 (in

94 481 99 31 which
210 494 18 19 a
249 482 115 31 minute
387 482 144 32 observer
545 482 99 41 might
670 482 79 32 have
772 483 139 32 detected

93 554 19 20 a
127 543 96 31 latent
234 543 123 31 tAvinkle
370 543 33 31 of
416 543 266 41 self-satisfaction)
699 555 94 21 never
804 544 107 32 ceased

93 603 154 41 watching
264 604 156 32 Claudine.

277 665 59 31 like
353 677 18 19 a
395 666 113 40 queen!
559 665 54 32 she
637 666 162 41 repeated;

94 724 71 43 why
195 726 80 31 not?
329 726 85 41 Why
445 726 155 31 shouldn't
623 737 60 30 you
713 726 70 31 look
810 726 60 32 like
894 738 18 20 a

97 798 106 29 queen,
216 787 143 30 Madame
369 788 15 30 ?
428 786 100 32 There
539 786 79 32 have
628 787 77 31 been
718 798 114 30 queens
843 787 72 31 who

96 859 80 20 Avere
199 852 55 26 not
279 847 95 31 ladies
387 860 5 19 :
418 847 60 31 and
496 847 51 32 the
571 847 130 41 proverb
729 859 70 29 says
823 847 92 41 kings

97 908 78 31 have
191 908 133 31 married
339 909 117 39 beggar

174 969 101 41 Kings
289 969 6 32 !
343 969 115 31 echoed
471 969 155 31 Claudine.
702 968 71 40 Yes,
788 969 14 30 I
814 968 100 40 know,

97 1030 53 32 the
181 1030 131 42 proverb
343 1030 72 32 does
447 1041 53 30 say
532 1041 33 20 so
578 1043 6 26 ;
644 1030 60 30 and
729 1030 53 31 she
808 1030 50 31 fell
882 1034 35 27 to

98 1091 125 42 musing
243 1091 99 42 again,
360 1091 60 31 and
440 1091 110 31 looked
571 1091 146 41 dreamily
732 1096 31 26 at
778 1090 52 32 the
845 1091 72 31 blue

99 1152 57 43 sky
171 1152 97 32 above
284 1152 52 32 the
352 1152 115 41 garden
483 1151 78 40 wall,
579 1151 90 31 while
688 1151 51 31 the
762 1151 59 31 soft
836 1151 80 31 wind

99 1224 65 21 was
188 1212 90 42 again
303 1213 78 41 busy
405 1212 75 31 with
510 1212 52 31 the
589 1211 138 41 feathery
750 1216 114 27 tresses
887 1220 31 23 ot

98 1273 56 33 her
169 1273 56 32 fair
241 1273 74 33 hair.
392 1273 72 31 And
479 1273 16 31 I
519 1284 130 30 suppose
672 1272 52 32 the
744 1273 91 40 kings
850 1272 70 31 who

99 1335 132 32 married
249 1334 231 42 beggar-maids
507 1334 61 31 had
595 1345 72 20 seen
683 1333 83 32 them
790 1334 30 30 in
842 1333 78 31 their

216 1396 53 32 she
286 1395 108 33 added.

176 1457 97 31 What
289 1469 39 19 on
345 1455 86 33 earth
458 1455 38 33 do
523 1455 52 33 the
592 1455 49 32 old
663 1466 71 31 rags
756 1457 132 31 matter?

98 1519 169 33 exclaimed
307 1518 51 32 the
396 1517 146 41 practical
581 1516 189 42 companion,
802 1517 72 32 with
904 1529 17 20 a
