1090 1740
405 92 68 22 TWO
496 93 155 21 MOTHERS.

885 89 51 26 103

195 168 48 32 Do
260 179 60 31 you
335 168 92 33 know
439 168 71 32 how
522 180 76 31 your
612 169 125 32 brother
752 168 124 33 himself
887 182 50 20 ex-

119 233 100 42 plains
354 234 138 42 inquired
528 235 141 32 Madame
705 235 38 32 de
774 235 162 41 Clavreuil,

121 295 125 41 smiling
257 308 6 27 ;
384 306 69 31 says
475 295 24 32 it
523 295 70 43 only
615 296 137 43 happens
775 295 89 33 Avhen
886 296 51 32 the

121 356 80 32 saint
216 356 25 32 is
258 368 39 20 an
314 356 242 33 unmistakeable
574 357 85 41 saint,
683 357 59 32 and
762 357 53 32 the
837 357 100 32 sinner

122 429 38 19 an
175 417 243 31 unmistakeable

330 479 135 42 rejoined
487 479 55 31 her
564 479 107 41 friend,
757 480 61 31 will
833 485 105 37 accept

121 540 164 31 Maurice's
298 540 208 32 canonisation
520 540 33 32 of
562 540 189 32 Clementine
768 552 33 20 so
817 541 73 41 long
904 553 34 19 as

121 602 15 30 I
152 613 72 29 may
240 606 91 27 count
343 613 82 29 upon
441 601 47 32 his
505 613 68 20 own
588 601 77 32 total

165 662 65 31 The
248 662 152 32 Countess
416 662 113 31 started
544 662 79 32 back
640 663 31 30 in
687 662 112 32 horror.

198 724 83 31 Dear
451 724 142 31 resumed
615 724 142 31 Madame
781 724 37 31 de
842 724 99 31 Beau-

124 784 106 40 voisin,
255 784 96 41 rising
373 788 32 27 to
428 796 49 29 go,
501 784 61 31 and
585 784 104 41 laying
712 795 57 20 one
791 784 98 41 finger
912 783 32 32 of

124 846 56 31 her
205 845 175 41 pearl-grey
407 845 88 41 glove
525 857 82 29 upon
638 846 142 31 Madame
811 846 37 31 de
872 846 71 31 Cla-

125 907 123 31 vreuil's
275 918 75 29 arm,
412 918 55 19 our
489 906 194 41 neighbours'
712 906 82 32 vices
817 918 51 20 are
891 907 52 31 the

126 967 150 32 salvation
302 966 33 32 of
355 978 35 19 us
414 967 157 41 righteous
595 966 116 42 people.
758 966 32 31 If
810 966 133 32 Maurice

126 1027 55 31 has
203 1031 55 27 not
277 1026 187 42 thoroughly
479 1027 160 41 perverted
656 1026 68 31 that
740 1038 119 19 woman
874 1030 69 28 wrho

125 1088 25 31 is
166 1088 73 31 with
254 1087 64 32 him
336 1100 79 28 now,
432 1088 39 31 he
490 1088 25 31 is
534 1100 39 19 no
592 1088 105 41 longer
711 1087 52 32 the
778 1087 165 32 illustrious

124 1161 71 19 man
216 1149 38 32 he
276 1161 63 20 was
353 1162 6 28 ;
385 1149 59 31 and
465 1149 26 31 if
508 1149 38 31 he
565 1149 55 31 has
642 1148 77 32 done
741 1160 42 28 so,
807 1148 53 31 she
882 1148 61 31 will

125 1211 95 41 easily
235 1211 38 31 be
295 1210 148 32 detached
463 1210 78 32 from
556 1210 72 40 him,
646 1209 60 32 and
722 1209 38 31 he
776 1209 60 31 Avill
850 1209 38 31 be
909 1220 34 20 as

125 1272 94 40 easily
235 1271 177 32 reattached
433 1276 32 27 to
488 1283 82 20 some
592 1283 58 19 one
672 1270 60 31 less
755 1270 188 31 remarkable

124 1351 2 4 ■
126 1352 42 3 —
168 1332 46 32 for
230 1332 190 32 remarkable
437 1332 15 31 I
468 1332 119 32 believe
611 1331 54 32 she
688 1331 24 31 is
714 1350 42 3 —
758 1331 60 31 and
832 1330 32 31 in
878 1330 66 32 that

124 1405 69 31 way
224 1405 53 30 my
307 1393 181 41 grandchild
513 1393 64 31 will
603 1392 111 32 inherit
738 1391 83 33 what
845 1392 98 41 legiti-

124 1455 114 42 mately
262 1455 128 41 belongs
414 1459 33 27 to
471 1454 74 40 him,
567 1453 100 32 which
692 1454 15 31 I
733 1465 49 20 am
805 1453 138 33 resolved

123 1529 83 30 upon
222 1516 24 33 it
262 1515 38 34 he
317 1515 78 33 shall
