1090 1740
387 105 82 21 LOVE
492 104 64 21 THE
579 102 159 22 AVENGER.

154 101 33 25 54

154 183 50 32 tell
220 195 61 30 you
297 182 54 33 she
367 182 61 32 had
444 180 113 33 chosen
578 179 55 33 her
648 178 102 32 future
766 174 67 34 lord
846 188 7 28 ;
878 174 23 32 it
916 183 64 21 was

154 245 82 41 quite
256 249 67 27 true
347 243 67 32 that
436 242 104 32 before
562 241 53 32 the
639 238 156 43 Marquise
819 236 38 32 de
880 235 101 32 Beau-

153 307 122 32 voisin's
292 306 166 43 proposals,
476 317 38 20 on
538 304 55 32 her
616 303 81 32 son's
720 305 78 40 part,
815 298 63 33 had
900 298 79 31 been

154 368 142 32 assented
310 373 42 34 to,
370 367 99 33 Claire
485 378 63 20 was
569 363 168 42 consulted,
755 374 34 21 as
810 361 73 42 they
899 370 81 21 were

154 430 124 42 pleased
304 434 32 27 to
352 433 78 28 term
454 428 31 40 it,
503 428 42 42 by
567 427 55 32 her
647 430 134 39 parents.
828 424 72 39 But,
917 421 63 33 had

154 491 51 32 the
220 490 58 43 girl
293 490 72 32 thus
389 489 158 33 consulted
570 489 79 32 been
673 500 33 20 so
729 485 152 35 educated
896 496 34 20 as
946 488 33 28 to

154 553 89 32 make
259 553 53 31 the
328 551 204 33 consultation
555 550 97 42 aught
675 561 73 21 save
772 560 18 21 a
807 547 148 41 mockery
966 546 15 31 ?

154 614 72 32 Had
253 619 54 26 not
330 613 100 33 Claire
454 613 78 31 been
558 611 119 42 taught,
702 610 84 33 since
812 610 56 32 her
895 607 86 42 early

154 675 170 40 childhood,
341 675 67 31 that
422 678 32 28 to
469 674 71 31 love
550 685 64 19 was
627 684 19 20 a
662 672 55 40 sin,
731 671 61 33 and
807 671 78 39 that,
903 669 78 33 after

154 737 165 31 obedience
339 740 32 27 to
392 735 80 41 God,
489 735 85 31 blind
596 734 164 32 obedience
778 737 33 28 to
831 732 41 33 all
889 743 92 30 supe-

154 798 75 31 riors
231 817 42 3 —
275 802 132 37 parents,
424 797 34 32 of
477 809 117 28 course,
620 796 147 41 standing
789 795 148 31 foremost
937 813 45 2 —

155 870 63 20 was
242 858 53 32 the
324 870 56 20 one
408 858 107 40 saving
539 858 110 31 virtue.
695 856 83 32 How
802 867 65 20 was
897 855 25 31 it
948 859 33 27 to

156 924 85 26 enter
280 919 62 31 into
382 919 61 31 this
483 918 260 41 gentle-natured,
776 916 207 33 well-trained

154 991 105 29 young
275 979 83 41 girl's
375 979 87 31 brain
478 979 68 32 that
569 979 54 32 she
640 979 90 32 could
753 979 138 42 possibly
907 990 76 20 ven-

154 1047 67 25 ture
237 1045 32 27 to
284 1040 78 32 have
378 1052 19 20 a
411 1041 141 41 personal
568 1041 61 31 and
640 1041 207 42 independent
858 1041 124 41 opinion

155 1102 93 31 about
262 1101 53 32 the
331 1113 72 20 man
419 1102 162 41 presented
596 1107 33 27 to
641 1102 54 32 her
711 1102 41 42 by
762 1102 55 32 her
833 1107 126 37 parents
968 1104 15 31 ?

155 1163 102 31 When
280 1163 74 42 they
372 1163 65 32 said
452 1176 5 19 :
514 1164 59 32 See
596 1163 85 33 what
703 1175 19 21 a
744 1168 83 28 mate
850 1164 47 32 for
919 1176 64 31 you

156 1236 45 20 we
231 1223 79 33 have
342 1223 112 33 chosen
466 1225 6 32 !
539 1225 114 42 adding
683 1225 46 32 for
759 1225 105 32 form's
896 1227 85 41 sake,

187 1284 75 33 Will
277 1296 61 31 you
353 1290 110 38 accept
478 1284 63 33 him
553 1287 15 30 ?
609 1285 103 33 where
728 1286 31 32 in
775 1287 53 32 the
844 1299 92 21 name
953 1289 33 31 of

157 1345 79 42 logic
261 1346 60 32 and
346 1357 143 21 common
513 1358 89 21 sense
618 1358 64 21 was
707 1347 55 33 she
786 1353 34 27 to
842 1349 65 32 find
929 1350 54 33 the

157 1420 131 30 courage
314 1408 181 33 wherewith
526 1414 31 27 to
587 1422 54 29 say
673 1410 51 32 No
736 1412 14 31 ?
795 1411 105 33 When
930 1412 53 33 the

157 1474 191 27 momentous
364 1471 141 41 question
521 1482 64 21 was
601 1476 56 37 put
672 1476 32 28 to
720 1472 64 41 her,
800 1472 102 33 Claire
919 1474 65 32 said

159 1530 71 38 Yes,
248 1542 33 20 as
297 1531 23 32 it
335 1543 63 21 was
414 1533 121 32 natural
552 1533 54 32 she
623 1533 111 33 should
750 1534 47 33 do.
