1090 1740
187 98 53 25 304

416 105 83 20 LOVE
522 105 64 20 THE
608 104 161 21 AVENGER.

186 181 36 32 of
242 181 84 32 them
343 181 50 42 lay
409 181 52 32 the
478 181 103 40 forest,
600 180 76 33 with
698 180 89 33 small
804 179 100 42 snaky
922 177 94 33 white

183 243 91 42 paths
299 242 137 41 winding
464 241 136 42 through
632 242 41 31 all
698 242 40 31 its
762 252 162 31 greenery,
953 238 62 33 and

183 304 143 42 catching
342 303 72 33 here
437 304 62 31 and
518 303 86 32 there
628 303 32 32 in
675 303 54 32 the
754 303 63 32 dim
841 303 139 31 distance
996 312 20 21 a

182 365 93 33 white
290 376 56 30 ray
363 365 34 32 of
407 365 52 32 the
475 376 101 21 moon.

224 427 43 33 M.
288 427 38 32 de
349 427 187 32 Beauvoisin
563 426 146 33 tendered
732 426 48 32 his
807 437 67 21 arm
901 430 33 28 to
958 425 53 33 the

182 489 126 42 Sphinx,
342 489 60 32 and
433 489 124 42 silently
581 488 76 43 they
683 492 84 29 went
790 488 136 32 towards
956 487 55 32 the

179 551 95 31 forest
288 550 100 43 paths,
405 550 47 32 till
467 550 86 32 there
570 562 75 20 soon
661 561 65 20 was
741 549 133 42 nothing
890 549 119 32 around

178 612 85 32 them
279 624 73 20 save
374 611 52 33 the
443 611 76 32 dark
542 611 80 42 leafy
638 611 112 32 wealth
768 611 35 32 of
818 611 54 32 the
889 611 119 32 solemn

177 674 97 40 wood,
299 673 73 33 with
398 673 53 32 the
473 674 91 31 silver
591 673 81 32 flood
698 673 36 32 of
752 673 54 32 the
833 673 174 42 moonlight

177 735 149 41 breaking
352 735 31 31 in
410 746 82 31 upon
516 735 53 32 the
594 746 107 31 mossy
727 735 109 41 sward,
867 736 60 32 and
953 735 54 33 the

177 795 88 32 smell
281 795 34 32 of
336 795 53 32 the
406 795 85 32 earth
515 795 60 32 and
592 795 35 32 of
645 795 52 32 the
713 796 121 33 flowers
851 796 98 42 rising
964 808 42 32 up

186 861 52 27 nto
255 856 52 32 the
323 856 90 40 night
428 856 53 33 air.

218 917 62 31 For
296 928 84 21 some
398 917 73 32 time
487 917 119 32 neither
623 917 104 44 spoke,
741 918 56 32 but
812 918 55 32 the
879 919 125 33 breath-

177 977 54 41 ing
268 977 61 32 and
362 977 52 33 the
444 978 65 42 gait
551 978 34 32 of
617 979 74 32 both
722 991 81 21 wrere
840 982 163 41 unsteady,

175 1038 143 42 faltering
332 1039 97 32 under
443 1039 53 32 the
520 1040 186 42 mysterious
722 1040 116 43 weight
853 1041 69 33 that
937 1055 67 20 was

175 1099 179 41 oppressing
368 1100 93 32 them.

469 1161 66 32 said
574 1162 126 42 Olivier,
740 1163 30 32 in
809 1176 19 20 a
865 1166 137 43 scarcely

173 1221 120 33 audible
310 1222 86 32 voice
408 1236 7 27 ;
477 1235 81 20 were
575 1236 61 29 you
659 1224 72 33 hurt
746 1225 43 42 by
805 1226 85 33 what
906 1227 16 32 I
937 1228 66 32 told

172 1294 61 30 you
245 1282 65 43 just
325 1295 70 20 noAv
411 1284 35 31 of
457 1284 98 32 Henri
571 1286 128 42 Dupont
711 1288 14 31 ?
748 1287 74 44 why
838 1300 81 22 were
940 1302 62 31 you

215 1406 73 31 And
304 1407 110 42 saying
429 1408 71 40 this,
518 1408 40 33 he
572 1409 74 33 took
662 1409 31 33 in
709 1410 48 32 his
773 1411 53 32 the
843 1413 60 32 soft
919 1414 81 33 hand

172 1466 66 32 that
254 1467 50 41 lay
320 1467 100 41 heavy
431 1480 39 21 on
487 1469 47 32 his
550 1481 75 21 arm.

215 1526 51 32 No
281 1538 120 23 answer
418 1541 85 20 came
520 1530 30 31 in
567 1531 99 32 words
679 1545 6 24 ;
702 1531 54 33 but
772 1533 52 32 the
841 1534 160 34 bounding
