1090 1740
326 84 248 22 MADEMOISELLE
597 86 137 20 ASPASIE.

882 81 52 26 257

116 157 16 31 I
149 169 50 21 am
215 171 70 21 sure
302 160 34 32 of
353 173 53 31 my
423 161 136 42 election,
577 162 61 32 and
653 162 53 32 the
722 161 137 44 Marquis
875 162 61 32 will

116 225 55 27 not
188 221 90 32 crush

191 282 51 33 He
258 283 70 41 will,
345 284 95 40 you'll
456 296 57 21 see.

191 343 105 32 You'll
307 356 50 20 see
368 345 38 31 he
417 347 124 39 won't,"
554 346 133 32 retorted
697 346 43 32 M.
757 346 176 42 Theophile,

208 404 39 32 he
263 406 93 30 won't
372 410 131 36 attempt
519 411 31 26 to
567 418 113 28 oppose

190 465 126 32 There's
341 478 40 19 no
408 466 109 42 saying
543 467 85 31 what
653 467 38 31 he
717 479 72 29 may
816 468 38 31 do
866 480 6 28 ;
896 468 38 31 he

116 536 72 31 may
204 537 39 30 go
259 526 32 31 in
306 526 45 32 for
375 526 94 42 being
491 526 83 32 what
596 527 75 42 they
686 528 58 31 call
764 540 19 19 a
802 528 131 32 Liberal.

116 585 83 33 That
213 598 80 29 man,
311 587 127 42 Dupont
462 588 37 30 de
522 588 142 41 Laporte,
681 600 72 30 may
767 588 90 32 make
873 588 61 31 him

116 647 38 32 do
172 648 176 41 something
363 649 124 40 nobody

160 710 185 32 Mardonnet
361 711 89 40 again
467 711 96 31 shook
578 710 46 32 his
645 711 87 32 head.
809 711 50 32 He
875 711 59 31 will

116 778 55 25 not
195 784 114 30 oppose
336 784 58 28 me,
419 772 72 31 take
514 784 53 29 my
587 772 85 31 word
695 771 45 32 for
831 772 39 31 he
888 784 46 21 re-

116 833 138 41 iterated,
281 845 33 20 as
340 833 39 31 he
407 833 112 31 offered
548 833 48 31 his
626 845 65 19 arm
718 838 32 26 to
776 833 47 32 his
853 845 81 20 com-

117 895 124 39 panion,
258 899 32 27 to
307 894 144 32 continue
466 894 79 31 their
560 893 88 32 walk.

161 955 90 31 After
276 966 19 20 a
318 955 60 31 few
404 959 83 37 steps
513 954 94 31 taken
631 955 31 30 in
687 954 118 40 silence,
831 955 104 31 Made-

117 1016 138 32 moiselle
287 1016 37 32 de
353 1015 214 42 Mourjonville
597 1026 85 20 came
716 1019 32 27 to
784 1026 18 19 a
837 1016 96 39 stand,

116 1077 63 33 and
216 1077 112 32 looked
364 1077 56 31 her
458 1081 82 26 stout
576 1075 98 31 friend
707 1075 131 41 through
875 1077 60 31 and

118 1137 142 40 through.

429 1197 65 32 said
531 1196 71 41 she;
762 1197 91 41 fancy
882 1197 51 32 the

116 1259 139 43 Marquis
282 1259 60 32 will
369 1264 55 26 not
449 1270 113 31 oppose
725 1259 59 30 and
814 1258 77 32 after
916 1270 16 21 a

116 1333 95 31 pause
238 1320 35 33 of
303 1332 18 21 a
348 1319 121 40 second,
472 1338 42 4 —
648 1318 85 32 there
759 1330 62 20 was
850 1331 83 20 more

116 1382 161 43 happened
298 1393 94 21 seven
416 1391 89 31 years
529 1391 58 30 ago
607 1379 75 32 than
705 1380 16 31 I
743 1379 89 33 knew
848 1380 46 41 of;
917 1381 16 31 I

116 1444 110 31 should
241 1444 61 31 like
318 1447 32 27 to
365 1443 92 31 know

160 1507 44 30 As
221 1505 60 31 this
298 1503 120 40 worthy
434 1502 67 41 pair
515 1502 110 32 moved
641 1513 48 30 on,
707 1502 41 33 M.
765 1502 166 41 Theophile

172 1572 55 14 VOL.
243 1572 16 14 I.

840 1571 9 12 s
