1090 1740
143 89 51 26 184

373 97 83 20 LOVE
480 97 64 20 THE
567 94 160 23 AVENGER.

141 172 69 33 Iioav
236 179 105 38 strong
364 186 64 21 was
452 174 53 33 the
527 173 162 33 attraction
712 170 61 33 this
793 169 72 43 lady
883 180 85 21 exer-

140 235 83 33 cised
246 248 72 20 over
342 236 70 41 him,
436 236 69 32 Iioav
520 235 38 33 he
583 234 129 44 enjoyed
735 234 56 31 her
815 243 153 32 company

139 297 61 32 and
215 297 55 32 her
286 298 222 31 conversation.

182 360 51 40 So,
251 360 30 31 in
298 360 78 42 spite
393 360 34 32 of
445 359 41 32 all
501 359 70 33 that
593 359 53 32 the
662 358 99 31 world
778 356 66 33 said
860 355 107 33 touch-

139 421 54 41 ing
215 421 51 32 the
284 422 126 42 Sphinx,
429 422 31 31 in
483 422 79 41 spite
580 421 33 32 of
635 420 53 32 the
709 419 104 43 public
839 417 127 33 scandal

138 482 101 33 which
256 483 92 41 clung
371 488 31 27 to
426 483 51 32 the
494 483 165 41 Marquis's
680 493 92 20 name
789 480 61 32 and
875 478 92 33 mode

139 544 33 32 of
193 544 58 41 life,
270 544 37 33 he
324 544 82 32 lived
428 556 85 20 more
530 544 73 32 Avith
620 544 48 31 his
684 555 69 20 own
769 542 105 42 family
890 541 76 32 than

138 604 38 32 he
192 604 60 32 had
269 605 77 32 clone
363 604 45 33 for
424 604 52 33 the
493 605 59 32 last
567 616 74 30 year
661 616 34 20 or
709 604 105 32 fifteen
830 602 134 33 months.

138 665 84 33 Thus
238 666 45 32 far
305 666 50 32 the
372 666 155 42 Dowager
550 666 37 32 de
605 665 188 32 Beauvoisin
817 664 62 32 had
896 676 70 20 suc-

137 728 112 31 ceeded
261 741 6 18 :
299 728 54 31 she
370 728 60 31 had
445 728 153 41 managed
618 732 33 27 to
666 727 79 32 have
762 727 55 32 her
840 726 126 33 brother

137 788 85 32 lured
248 789 78 31 from
350 789 47 32 his
423 789 177 31 unsociable
624 789 111 40 habits,
769 788 62 32 and
860 788 106 32 draAvn

139 849 79 32 back
227 850 65 31 into
307 850 52 32 the
376 850 126 42 spheres
512 850 101 31 Avhere
631 850 54 31 she
702 850 91 31 could
808 850 92 41 bring
911 849 56 31 her

137 911 78 32 keen
242 911 84 42 spirit
348 912 35 31 of
406 912 193 31 observation
622 916 32 27 to
675 912 75 31 bear
770 923 84 30 upon
881 911 64 31 him
960 925 6 26 ;

137 973 56 31 but
203 972 61 32 this
280 984 62 20 was
359 973 55 31 but
430 985 57 19 one
497 973 122 41 portion
636 972 34 32 of
678 972 84 32 AA^hat
773 973 54 31 she
837 973 129 32 needed.

138 1034 103 31 When
257 1035 41 31 M.
317 1034 37 32 de
370 1034 167 41 Moranges
554 1034 55 32 left
624 1034 54 31 the
698 1034 104 42 places
818 1035 32 31 in
867 1035 99 31 which

138 1095 47 32 his
225 1096 184 41 sharp-eyed
441 1096 88 31 sister
568 1096 89 31 could
696 1096 92 41 study
820 1096 73 41 him,
927 1096 39 33 he

138 1157 130 42 escaped
285 1157 77 32 from
379 1157 40 31 all
435 1157 176 32 immediate
628 1157 101 32 action
750 1168 39 21 on
806 1157 55 33 her
886 1163 80 38 part,

138 1217 61 32 and
230 1217 53 33 she
311 1217 91 32 could
431 1223 55 27 not
513 1218 102 32 follow
640 1217 64 32 him
732 1218 65 32 into
824 1218 48 32 his
897 1230 70 20 OAvn

138 1278 99 33 home.
286 1278 65 33 Her
375 1278 216 33 Avatchfulness
615 1279 75 32 then
712 1279 127 32 became
861 1292 106 21 neces-

138 1339 91 41 sarily
245 1339 137 41 indirect,
400 1351 34 21 or
450 1340 221 33 second-hand.

181 1401 67 32 The
265 1401 153 42 Dowager
433 1402 74 31 took
523 1406 32 27 to
571 1413 19 20 a
606 1401 60 32 line
684 1402 34 31 of
735 1407 140 38 strategy
892 1404 74 32 Avith

140 1462 54 31 her
221 1474 55 19 son
301 1462 110 41 which,
441 1462 60 31 had
523 1463 46 31 his
590 1463 196 42 perceptions
811 1469 54 27 not
890 1465 76 32 been

139 1533 129 29 opaque,
281 1528 83 26 must
374 1523 79 32 have
464 1523 176 32 astonished
651 1524 72 32 him.
767 1525 61 32 She
839 1525 127 33 became
