<?xml version="1.0" encoding="UTF-8"?>
<alto xmlns:xsi="http://www.w3.org/2001/XMLSchema-instance" xsi:noNamespaceSchemaLocation="http://www.bl.uk/schemas/alto/alto-1-4.xsd" xmlns:xlink="http://www.w3.org/1999/xlink">
	<Description>
		<MeasurementUnit>mm10</MeasurementUnit>
		<sourceImageInformation>
			<fileName>//head1/IN/2007-46/A0010888503.1/009786.jp2</fileName>
		</sourceImageInformation>
		<OCRProcessing ID="OCRPROCESSING_1">
			<preProcessingStep>
				<processingSoftware>
					<softwareCreator>CCS Content Conversion Specialists GmbH, Germany</softwareCreator>
					<softwareName>CCS docWORKS</softwareName>
					<softwareVersion>6.1-0.61</softwareVersion>
				</processingSoftware>
			</preProcessingStep>
			<ocrProcessingStep>
				<processingSoftware>
					<softwareCreator>ABBYY (BIT Software), Russia</softwareCreator>
					<softwareName>Finereader</softwareName>
				</processingSoftware>
			</ocrProcessingStep>
		</OCRProcessing>
	</Description>
	<Styles>
		<TextStyle ID="TXT_0" FONTSIZE="11" FONTFAMILY="Courier New"/>
		<TextStyle ID="TXT_1" FONTSIZE="9" FONTFAMILY="Courier New"/>
		<ParagraphStyle ID="PAR_LEFT" ALIGN="Left"/>
		<ParagraphStyle ID="PAR_RIGHT" ALIGN="Right"/>
		<ParagraphStyle ID="PAR_CENTER" ALIGN="Center"/>
	</Styles>
	<Layout>
		<Page ID="P250" PHYSICAL_IMG_NR="250" HEIGHT="1740" WIDTH="1090" PRINTED_IMG_NR="238" POSITION="Left" ACCURACY="74.11">
			<TopMargin ID="P250_TM00001" HPOS="0" VPOS="0" WIDTH="1089" HEIGHT="139">
				<TextBlock ID="P250_TB00001" HPOS="180" VPOS="112" WIDTH="51" HEIGHT="26" STYLEREFS="TXT_0 PAR_LEFT">
					<TextLine ID="P250_TL00001" HPOS="180" VPOS="112" WIDTH="51" HEIGHT="26">
						<String ID="P250_ST00001" HPOS="180" VPOS="112" WIDTH="51" HEIGHT="26" CONTENT="238" WC="1.00" CC="000"/>
					</TextLine>
				</TextBlock>
				<TextBlock ID="P250_TB00002" HPOS="409" VPOS="114" WIDTH="358" HEIGHT="24" STYLEREFS="TXT_1 PAR_RIGHT">
					<TextLine ID="P250_TL00002" HPOS="410" VPOS="114" WIDTH="357" HEIGHT="24">
						<String ID="P250_ST00002" HPOS="410" VPOS="118" WIDTH="83" HEIGHT="20" CONTENT="LOVE" WC="0.67" CC="6060"/>
						<SP ID="P250_SP00001" HPOS="493" VPOS="138" WIDTH="24"/>
						<String ID="P250_ST00003" HPOS="517" VPOS="117" WIDTH="64" HEIGHT="21" CONTENT="THE" WC="0.70" CC="062"/>
						<SP ID="P250_SP00002" HPOS="581" VPOS="138" WIDTH="23"/>
						<String ID="P250_ST00004" HPOS="604" VPOS="114" WIDTH="163" HEIGHT="22" CONTENT="AVENGER." WC="0.57" CC="06507382"/>
					</TextLine>
				</TextBlock>
			</TopMargin>
			<LeftMargin ID="P250_LM00001" HPOS="0" VPOS="139" WIDTH="167" HEIGHT="1442"/>
			<RightMargin ID="P250_RM00001" HPOS="1004" VPOS="139" WIDTH="85" HEIGHT="1442"/>
			<BottomMargin ID="P250_BM00001" HPOS="0" VPOS="1581" WIDTH="1089" HEIGHT="158"/>
			<PrintSpace ID="P250_PS00001" HPOS="167" VPOS="139" WIDTH="838" HEIGHT="1442">
				<TextBlock ID="P250_TB00003" HPOS="176" VPOS="187" WIDTH="829" HEIGHT="232" STYLEREFS="TXT_1 PAR_LEFT">
					<TextLine ID="P250_TL00003" HPOS="224" VPOS="188" WIDTH="781" HEIGHT="46">
						<String ID="P250_ST00005" HPOS="224" VPOS="196" WIDTH="17" HEIGHT="13" CONTENT='"' WC="0.86" CC="1"/>
						<SP ID="P250_SP00003" HPOS="241" VPOS="209" WIDTH="12"/>
						<String ID="P250_ST00006" HPOS="253" VPOS="194" WIDTH="99" HEIGHT="31" CONTENT="Harm" WC="0.70" CC="6050"/>
						<String ID="P250_ST00007" HPOS="363" VPOS="195" WIDTH="6" HEIGHT="31" CONTENT="!" WC="1.00" CC="0"/>
						<SP ID="P250_SP00004" HPOS="369" VPOS="226" WIDTH="14"/>
						<String ID="P250_ST00008" HPOS="383" VPOS="194" WIDTH="17" HEIGHT="12" CONTENT='"' WC="0.33" CC="6"/>
						<SP ID="P250_SP00005" HPOS="400" VPOS="226" WIDTH="27"/>
						<String ID="P250_ST00009" HPOS="427" VPOS="192" WIDTH="116" HEIGHT="33" CONTENT="echoed" WC="0.81" CC="307000"/>
						<SP ID="P250_SP00006" HPOS="543" VPOS="226" WIDTH="20"/>
						<String ID="P250_ST00010" HPOS="563" VPOS="191" WIDTH="48" HEIGHT="33" CONTENT="his" WC="0.44" CC="726"/>
						<SP ID="P250_SP00007" HPOS="611" VPOS="226" WIDTH="22"/>
						<String ID="P250_ST00011" HPOS="633" VPOS="191" WIDTH="106" HEIGHT="43" CONTENT="plump" WC="0.86" CC="01500"/>
						<SP ID="P250_SP00008" HPOS="739" VPOS="234" WIDTH="20"/>
						<String ID="P250_ST00012" HPOS="759" VPOS="188" WIDTH="100" HEIGHT="33" CONTENT="friend" WC="0.76" CC="232060"/>
						<SP ID="P250_SP00009" HPOS="859" VPOS="234" WIDTH="12"/>
						<String ID="P250_ST00013" HPOS="871" VPOS="202" WIDTH="7" HEIGHT="28" CONTENT=";" WC="1.00" CC="0"/>
						<SP ID="P250_SP00010" HPOS="878" VPOS="234" WIDTH="31"/>
						<String ID="P250_ST00014" HPOS="909" VPOS="189" WIDTH="18" HEIGHT="13" CONTENT='"' WC="0.95" CC="0"/>
						<SP ID="P250_SP00011" HPOS="927" VPOS="234" WIDTH="13"/>
						<String ID="P250_ST00015" HPOS="940" VPOS="198" WIDTH="65" HEIGHT="21" CONTENT="cer" SUBS_TYPE="HypPart1" SUBS_CONTENT="certainly" WC="0.92" CC="0030"/>
						<HYP CONTENT="-"/>
					</TextLine>
					<TextLine ID="P250_TL00004" HPOS="178" VPOS="250" WIDTH="827" HEIGHT="48">
						<String ID="P250_ST00016" HPOS="178" VPOS="257" WIDTH="97" HEIGHT="41" CONTENT="tainly" SUBS_TYPE="HypPart2" SUBS_CONTENT="certainly" WC="0.75" CC="006710"/>
						<SP ID="P250_SP00012" HPOS="275" VPOS="298" WIDTH="16"/>
						<String ID="P250_ST00017" HPOS="291" VPOS="261" WIDTH="61" HEIGHT="27" CONTENT="not." WC="0.64" CC="8320"/>
						<SP ID="P250_SP00013" HPOS="352" VPOS="298" WIDTH="49"/>
						<String ID="P250_ST00018" HPOS="401" VPOS="255" WIDTH="99" HEIGHT="32" CONTENT="There" WC="0.59" CC="77050"/>
						<SP ID="P250_SP00014" HPOS="500" VPOS="298" WIDTH="17"/>
						<String ID="P250_ST00019" HPOS="517" VPOS="254" WIDTH="64" HEIGHT="31" CONTENT="will" WC="0.94" CC="0110"/>
						<SP ID="P250_SP00015" HPOS="581" VPOS="298" WIDTH="24"/>
						<String ID="P250_ST00020" HPOS="605" VPOS="265" WIDTH="95" HEIGHT="20" CONTENT="never" WC="0.59" CC="70606"/>
						<SP ID="P250_SP00016" HPOS="700" VPOS="298" WIDTH="22"/>
						<String ID="P250_ST00021" HPOS="722" VPOS="253" WIDTH="38" HEIGHT="32" CONTENT="be" WC="0.82" CC="03"/>
						<SP ID="P250_SP00017" HPOS="760" VPOS="298" WIDTH="24"/>
						<String ID="P250_ST00022" HPOS="784" VPOS="263" WIDTH="60" HEIGHT="31" CONTENT="any" WC="0.77" CC="060"/>
						<SP ID="P250_SP00018" HPOS="844" VPOS="298" WIDTH="20"/>
						<String ID="P250_ST00023" HPOS="864" VPOS="251" WIDTH="87" HEIGHT="32" CONTENT="harm" WC="0.64" CC="7430"/>
						<SP ID="P250_SP00019" HPOS="951" VPOS="298" WIDTH="24"/>
						<String ID="P250_ST00024" HPOS="975" VPOS="250" WIDTH="30" HEIGHT="31" CONTENT="in" WC="0.46" CC="46"/>
					</TextLine>
					<TextLine ID="P250_TL00005" HPOS="177" VPOS="313" WIDTH="828" HEIGHT="46">
						<String ID="P250_ST00025" HPOS="177" VPOS="318" WIDTH="151" HEIGHT="41" CONTENT="anything" WC="0.59" CC="08027309"/>
						<SP ID="P250_SP00020" HPOS="328" VPOS="359" WIDTH="15"/>
						<String ID="P250_ST00026" HPOS="343" VPOS="329" WIDTH="61" HEIGHT="29" CONTENT="you" WC="0.75" CC="007"/>
						<SP ID="P250_SP00021" HPOS="404" VPOS="359" WIDTH="17"/>
						<String ID="P250_ST00027" HPOS="421" VPOS="317" WIDTH="68" HEIGHT="40" CONTENT='do,"' WC="0.86" CC="0005"/>
						<SP ID="P250_SP00022" HPOS="489" VPOS="359" WIDTH="19"/>
						<String ID="P250_ST00028" HPOS="508" VPOS="316" WIDTH="39" HEIGHT="32" CONTENT="he" WC="0.63" CC="70"/>
						<SP ID="P250_SP00023" HPOS="547" VPOS="359" WIDTH="20"/>
						<String ID="P250_ST00029" HPOS="567" VPOS="315" WIDTH="108" HEIGHT="41" CONTENT="added," WC="0.98" CC="000001"/>
						<SP ID="P250_SP00024" HPOS="675" VPOS="359" WIDTH="19"/>
						<String ID="P250_ST00030" HPOS="694" VPOS="314" WIDTH="137" HEIGHT="42" CONTENT="calming" WC="0.77" CC="0050370"/>
						<SP ID="P250_SP00025" HPOS="831" VPOS="359" WIDTH="16"/>
						<String ID="P250_ST00031" HPOS="847" VPOS="313" WIDTH="53" HEIGHT="33" CONTENT="the" WC="0.75" CC="070"/>
						<SP ID="P250_SP00026" HPOS="900" VPOS="359" WIDTH="17"/>
						<String ID="P250_ST00032" HPOS="917" VPOS="313" WIDTH="88" HEIGHT="33" CONTENT="timid" WC="0.81" CC="04040"/>
					</TextLine>
					<TextLine ID="P250_TL00006" HPOS="177" VPOS="378" WIDTH="375" HEIGHT="41">
						<String ID="P250_ST00033" HPOS="177" VPOS="379" WIDTH="177" HEIGHT="32" CONTENT="conscience" WC="0.86" CC="0062010300"/>
						<SP ID="P250_SP00027" HPOS="354" VPOS="411" WIDTH="17"/>
						<String ID="P250_ST00034" HPOS="371" VPOS="378" WIDTH="35" HEIGHT="32" CONTENT="of" WC="1.00" CC="00"/>
						<SP ID="P250_SP00028" HPOS="406" VPOS="411" WIDTH="10"/>
						<String ID="P250_ST00035" HPOS="416" VPOS="378" WIDTH="51" HEIGHT="32" CONTENT="the" WC="0.75" CC="070"/>
						<SP ID="P250_SP00029" HPOS="467" VPOS="411" WIDTH="16"/>
						<String ID="P250_ST00036" HPOS="483" VPOS="378" WIDTH="69" HEIGHT="41" CONTENT="boy." WC="0.95" CC="0100"/>
					</TextLine>
				</TextBlock>
				<TextBlock ID="P250_TB00004" HPOS="172" VPOS="435" WIDTH="832" HEIGHT="353" STYLEREFS="TXT_1 PAR_LEFT">
					<TextLine ID="P250_TL00007" HPOS="219" VPOS="436" WIDTH="785" HEIGHT="45">
						<String ID="P250_ST00037" HPOS="219" VPOS="440" WIDTH="100" HEIGHT="32" CONTENT="There" WC="0.71" CC="07060"/>
						<SP ID="P250_SP00030" HPOS="319" VPOS="472" WIDTH="26"/>
						<String ID="P250_ST00038" HPOS="345" VPOS="451" WIDTH="62" HEIGHT="20" CONTENT="Avas" WC="0.84" CC="0006"/>
						<SP ID="P250_SP00031" HPOS="407" VPOS="472" WIDTH="32"/>
						<String ID="P250_ST00039" HPOS="439" VPOS="451" WIDTH="17" HEIGHT="20" CONTENT="a" WC="1.00" CC="0"/>
						<SP ID="P250_SP00032" HPOS="456" VPOS="472" WIDTH="30"/>
						<String ID="P250_ST00040" HPOS="486" VPOS="451" WIDTH="105" HEIGHT="30" CONTENT="pause," WC="0.80" CC="007400"/>
						<SP ID="P250_SP00033" HPOS="591" VPOS="481" WIDTH="31"/>
						<String ID="P250_ST00041" HPOS="622" VPOS="439" WIDTH="110" HEIGHT="41" CONTENT="during" WC="0.54" CC="060649"/>
						<SP ID="P250_SP00034" HPOS="732" VPOS="481" WIDTH="25"/>
						<String ID="P250_ST00042" HPOS="757" VPOS="437" WIDTH="101" HEIGHT="32" CONTENT="Avhich" WC="0.51" CC="907407"/>
						<SP ID="P250_SP00035" HPOS="858" VPOS="481" WIDTH="29"/>
						<String ID="P250_ST00043" HPOS="887" VPOS="436" WIDTH="117" HEIGHT="33" CONTENT="Olivier" WC="0.67" CC="0047506"/>
					</TextLine>
					<TextLine ID="P250_TL00008" HPOS="175" VPOS="498" WIDTH="828" HEIGHT="45">
						<String ID="P250_ST00044" HPOS="175" VPOS="501" WIDTH="148" HEIGHT="42" CONTENT="accepted" WC="1.00" CC="00000000"/>
						<SP ID="P250_SP00036" HPOS="323" VPOS="543" WIDTH="15"/>
						<String ID="P250_ST00045" HPOS="338" VPOS="512" WIDTH="19" HEIGHT="21" CONTENT="a" WC="1.00" CC="0"/>
						<SP ID="P250_SP00037" HPOS="357" VPOS="543" WIDTH="15"/>
						<String ID="P250_ST00046" HPOS="372" VPOS="500" WIDTH="84" HEIGHT="42" CONTENT="cigar" WC="0.67" CC="05900"/>
						<SP ID="P250_SP00038" HPOS="456" VPOS="543" WIDTH="13"/>
						<String ID="P250_ST00047" HPOS="469" VPOS="514" WIDTH="7" HEIGHT="27" CONTENT=";" WC="0.45" CC="5"/>
						<SP ID="P250_SP00039" HPOS="476" VPOS="543" WIDTH="19"/>
						<String ID="P250_ST00048" HPOS="495" VPOS="500" WIDTH="152" HEIGHT="42" CONTENT="smoking," WC="0.71" CC="06006603"/>
						<SP ID="P250_SP00040" HPOS="647" VPOS="543" WIDTH="14"/>
						<String ID="P250_ST00049" HPOS="661" VPOS="511" WIDTH="35" HEIGHT="21" CONTENT="as" WC="0.73" CC="05"/>
						<SP ID="P250_SP00041" HPOS="696" VPOS="543" WIDTH="15"/>
						<String ID="P250_ST00050" HPOS="711" VPOS="500" WIDTH="39" HEIGHT="32" CONTENT="he" WC="0.63" CC="70"/>
						<SP ID="P250_SP00042" HPOS="750" VPOS="543" WIDTH="17"/>
						<String ID="P250_ST00051" HPOS="767" VPOS="499" WIDTH="126" HEIGHT="40" CONTENT="related," WC="0.84" CC="60500000"/>
						<SP ID="P250_SP00043" HPOS="893" VPOS="543" WIDTH="15"/>
						<String ID="P250_ST00052" HPOS="908" VPOS="498" WIDTH="95" HEIGHT="41" CONTENT="being" WC="0.84" CC="10150"/>
					</TextLine>
					<TextLine ID="P250_TL00009" HPOS="174" VPOS="560" WIDTH="827" HEIGHT="45">
						<String ID="P250_ST00053" HPOS="174" VPOS="563" WIDTH="163" HEIGHT="42" CONTENT="permitted" WC="0.92" CC="005010000"/>
						<SP ID="P250_SP00044" HPOS="337" VPOS="605" WIDTH="37"/>
						<String ID="P250_ST00054" HPOS="374" VPOS="562" WIDTH="41" HEIGHT="42" CONTENT="by" WC="0.92" CC="10"/>
						<SP ID="P250_SP00045" HPOS="415" VPOS="605" WIDTH="31"/>
						<String ID="P250_ST00055" HPOS="446" VPOS="562" WIDTH="52" HEIGHT="32" CONTENT="the" WC="0.76" CC="070"/>
						<SP ID="P250_SP00046" HPOS="498" VPOS="605" WIDTH="30"/>
						<String ID="P250_ST00056" HPOS="528" VPOS="562" WIDTH="164" HEIGHT="41" CONTENT="Dowager," WC="0.82" CC="00900110"/>
						<SP ID="P250_SP00047" HPOS="692" VPOS="605" WIDTH="41"/>
						<String ID="P250_ST00057" HPOS="733" VPOS="561" WIDTH="61" HEIGHT="32" CONTENT="and" WC="0.86" CC="040"/>
						<SP ID="P250_SP00048" HPOS="794" VPOS="605" WIDTH="31"/>
						<String ID="P250_ST00058" HPOS="825" VPOS="561" WIDTH="53" HEIGHT="32" CONTENT="the" WC="0.48" CC="374"/>
						<SP ID="P250_SP00049" HPOS="878" VPOS="605" WIDTH="32"/>
						<String ID="P250_ST00059" HPOS="910" VPOS="560" WIDTH="91" HEIGHT="32" CONTENT="Abbe" WC="0.78" CC="0260"/>
					</TextLine>
					<TextLine ID="P250_TL00010" HPOS="174" VPOS="622" WIDTH="827" HEIGHT="44">
						<String ID="P250_ST00060" HPOS="174" VPOS="625" WIDTH="156" HEIGHT="41" CONTENT="declaring" WC="0.85" CC="000200280"/>
						<SP ID="P250_SP00050" HPOS="330" VPOS="666" WIDTH="26"/>
						<String ID="P250_ST00061" HPOS="356" VPOS="624" WIDTH="23" HEIGHT="31" CONTENT="it" WC="0.45" CC="64"/>
						<SP ID="P250_SP00051" HPOS="379" VPOS="666" WIDTH="25"/>
						<String ID="P250_ST00062" HPOS="404" VPOS="635" WIDTH="18" HEIGHT="20" CONTENT="a" WC="1.00" CC="0"/>
						<SP ID="P250_SP00052" HPOS="422" VPOS="666" WIDTH="26"/>
						<String ID="P250_ST00063" HPOS="448" VPOS="627" WIDTH="80" HEIGHT="28" CONTENT="most" WC="0.85" CC="0050"/>
						<SP ID="P250_SP00053" HPOS="528" VPOS="666" WIDTH="25"/>
						<String ID="P250_ST00064" HPOS="553" VPOS="623" WIDTH="145" HEIGHT="32" CONTENT="innocent" WC="0.67" CC="46700080"/>
						<SP ID="P250_SP00054" HPOS="698" VPOS="666" WIDTH="27"/>
						<String ID="P250_ST00065" HPOS="725" VPOS="622" WIDTH="190" HEIGHT="43" CONTENT="occupation." WC="0.80" CC="00050045050"/>
						<SP ID="P250_SP00055" HPOS="915" VPOS="666" WIDTH="60"/>
						<String ID="P250_ST00066" HPOS="975" VPOS="622" WIDTH="26" HEIGHT="43" CONTENT="(I" WC="0.81" CC="30"/>
					</TextLine>
					<TextLine ID="P250_TL00011" HPOS="174" VPOS="685" WIDTH="821" HEIGHT="43">
						<String ID="P250_ST00067" HPOS="174" VPOS="687" WIDTH="78" HEIGHT="32" CONTENT="have" WC="0.65" CC="6060"/>
						<SP ID="P250_SP00056" HPOS="252" VPOS="719" WIDTH="15"/>
						<String ID="P250_ST00068" HPOS="267" VPOS="687" WIDTH="65" HEIGHT="31" CONTENT="told" WC="0.80" CC="7000"/>
						<SP ID="P250_SP00057" HPOS="332" VPOS="719" WIDTH="15"/>
						<String ID="P250_ST00069" HPOS="347" VPOS="699" WIDTH="60" HEIGHT="29" CONTENT="you" WC="0.63" CC="046"/>
						<SP ID="P250_SP00058" HPOS="407" VPOS="728" WIDTH="12"/>
						<String ID="P250_ST00070" HPOS="419" VPOS="687" WIDTH="53" HEIGHT="31" CONTENT="the" WC="0.48" CC="770"/>
						<SP ID="P250_SP00059" HPOS="472" VPOS="728" WIDTH="11"/>
						<String ID="P250_ST00071" HPOS="483" VPOS="687" WIDTH="89" HEIGHT="31" CONTENT="Abbe" WC="0.88" CC="0400"/>
						<SP ID="P250_SP00060" HPOS="572" VPOS="728" WIDTH="13"/>
						<String ID="P250_ST00072" HPOS="585" VPOS="698" WIDTH="73" HEIGHT="29" CONTENT="was," WC="0.75" CC="0063"/>
						<SP ID="P250_SP00061" HPOS="658" VPOS="728" WIDTH="14"/>
						<String ID="P250_ST00073" HPOS="672" VPOS="687" WIDTH="31" HEIGHT="31" CONTENT="in" WC="0.52" CC="54"/>
						<SP ID="P250_SP00062" HPOS="703" VPOS="728" WIDTH="11"/>
						<String ID="P250_ST00074" HPOS="714" VPOS="686" WIDTH="49" HEIGHT="32" CONTENT="his" WC="0.32" CC="765"/>
						<SP ID="P250_SP00063" HPOS="763" VPOS="728" WIDTH="17"/>
						<String ID="P250_ST00075" HPOS="780" VPOS="698" WIDTH="69" HEIGHT="20" CONTENT="own" WC="0.75" CC="105"/>
						<SP ID="P250_SP00064" HPOS="849" VPOS="728" WIDTH="12"/>
						<String ID="P250_ST00076" HPOS="861" VPOS="685" WIDTH="134" HEIGHT="43" CONTENT="opinion," WC="0.72" CC="50550022"/>
					</TextLine>
					<TextLine ID="P250_TL00012" HPOS="173" VPOS="747" WIDTH="564" HEIGHT="41">
						<String ID="P250_ST00077" HPOS="173" VPOS="760" WIDTH="18" HEIGHT="21" CONTENT="a" WC="1.00" CC="0"/>
						<SP ID="P250_SP00065" HPOS="191" VPOS="781" WIDTH="16"/>
						<String ID="P250_ST00078" HPOS="207" VPOS="760" WIDTH="72" HEIGHT="20" CONTENT="man" WC="0.47" CC="087"/>
						<SP ID="P250_SP00066" HPOS="279" VPOS="781" WIDTH="14"/>
						<String ID="P250_ST00079" HPOS="293" VPOS="748" WIDTH="69" HEIGHT="32" CONTENT="who" WC="0.42" CC="970"/>
						<SP ID="P250_SP00067" HPOS="362" VPOS="781" WIDTH="17"/>
						<String ID="P250_ST00080" HPOS="379" VPOS="753" WIDTH="82" HEIGHT="27" CONTENT="Avent" WC="0.81" CC="00053"/>
						<SP ID="P250_SP00068" HPOS="461" VPOS="781" WIDTH="17"/>
						<String ID="P250_ST00081" HPOS="478" VPOS="748" WIDTH="72" HEIGHT="31" CONTENT="with" WC="0.62" CC="7007"/>
						<SP ID="P250_SP00069" HPOS="550" VPOS="781" WIDTH="16"/>
						<String ID="P250_ST00082" HPOS="566" VPOS="748" WIDTH="45" HEIGHT="31" CONTENT="his" WC="0.37" CC="755"/>
						<SP ID="P250_SP00070" HPOS="611" VPOS="781" WIDTH="16"/>
						<String ID="P250_ST00083" HPOS="627" VPOS="747" WIDTH="110" HEIGHT="41" CONTENT="times.)" WC="0.84" CC="1200600"/>
					</TextLine>
				</TextBlock>
				<TextBlock ID="P250_TB00005" HPOS="167" VPOS="808" WIDTH="831" HEIGHT="286" STYLEREFS="TXT_1 PAR_LEFT">
					<TextLine ID="P250_TL00013" HPOS="218" VPOS="809" WIDTH="780" HEIGHT="43">
						<String ID="P250_ST00084" HPOS="218" VPOS="812" WIDTH="17" HEIGHT="14" CONTENT='"' WC="0.50" CC="4"/>
						<SP ID="P250_SP00071" HPOS="235" VPOS="826" WIDTH="12"/>
						<String ID="P250_ST00085" HPOS="247" VPOS="811" WIDTH="16" HEIGHT="31" CONTENT="I" WC="0.98" CC="0"/>
						<SP ID="P250_SP00072" HPOS="263" VPOS="842" WIDTH="12"/>
						<String ID="P250_ST00086" HPOS="275" VPOS="811" WIDTH="78" HEIGHT="31" CONTENT="have" WC="0.70" CC="7040"/>
						<SP ID="P250_SP00073" HPOS="353" VPOS="842" WIDTH="16"/>
						<String ID="P250_ST00087" HPOS="369" VPOS="810" WIDTH="135" HEIGHT="41" CONTENT="brought" WC="0.53" CC="6645071"/>
						<SP ID="P250_SP00074" HPOS="504" VPOS="851" WIDTH="16"/>
						<String ID="P250_ST00088" HPOS="520" VPOS="810" WIDTH="79" HEIGHT="31" CONTENT="back" WC="0.83" CC="1005"/>
						<SP ID="P250_SP00075" HPOS="599" VPOS="851" WIDTH="16"/>
						<String ID="P250_ST00089" HPOS="615" VPOS="810" WIDTH="53" HEIGHT="32" CONTENT="the" WC="0.76" CC="070"/>
						<SP ID="P250_SP00076" HPOS="668" VPOS="851" WIDTH="20"/>
						<String ID="P250_ST00090" HPOS="688" VPOS="810" WIDTH="81" HEIGHT="32" CONTENT="book" WC="0.67" CC="6303"/>
						<SP ID="P250_SP00077" HPOS="769" VPOS="851" WIDTH="16"/>
						<String ID="P250_ST00091" HPOS="785" VPOS="821" WIDTH="60" HEIGHT="31" CONTENT="you" WC="0.75" CC="007"/>
						<SP ID="P250_SP00078" HPOS="845" VPOS="852" WIDTH="17"/>
						<String ID="P250_ST00092" HPOS="862" VPOS="809" WIDTH="63" HEIGHT="32" CONTENT="lent" WC="0.64" CC="5017"/>
						<SP ID="P250_SP00079" HPOS="925" VPOS="852" WIDTH="22"/>
						<String ID="P250_ST00093" HPOS="947" VPOS="820" WIDTH="51" HEIGHT="20" CONTENT="me" WC="1.00" CC="00"/>
					</TextLine>
					<TextLine ID="P250_TL00014" HPOS="168" VPOS="870" WIDTH="830" HEIGHT="43">
						<String ID="P250_ST00094" HPOS="168" VPOS="871" WIDTH="65" HEIGHT="42" CONTENT="just" WC="0.79" CC="2500"/>
						<SP ID="P250_SP00080" HPOS="233" VPOS="913" WIDTH="29"/>
						<String ID="P250_ST00095" HPOS="262" VPOS="871" WIDTH="103" HEIGHT="32" CONTENT="before" WC="0.80" CC="700220"/>
						<SP ID="P250_SP00081" HPOS="365" VPOS="913" WIDTH="30"/>
						<String ID="P250_ST00096" HPOS="395" VPOS="882" WIDTH="47" HEIGHT="20" CONTENT="we" WC="0.50" CC="90"/>
						<SP ID="P250_SP00082" HPOS="442" VPOS="913" WIDTH="31"/>
						<String ID="P250_ST00097" HPOS="473" VPOS="870" WIDTH="54" HEIGHT="33" CONTENT="left" WC="0.90" CC="1200"/>
						<SP ID="P250_SP00083" HPOS="527" VPOS="913" WIDTH="39"/>
						<String ID="P250_ST00098" HPOS="566" VPOS="870" WIDTH="51" HEIGHT="32" CONTENT="the" WC="0.44" CC="573"/>
						<SP ID="P250_SP00084" HPOS="617" VPOS="913" WIDTH="41"/>
						<String ID="P250_ST00099" HPOS="658" VPOS="871" WIDTH="157" HEIGHT="41" CONTENT='country,"' WC="0.72" CC="026606020"/>
						<SP ID="P250_SP00085" HPOS="815" VPOS="913" WIDTH="33"/>
						<String ID="P250_ST00100" HPOS="848" VPOS="870" WIDTH="150" HEIGHT="32" CONTENT="observed" WC="0.78" CC="10702500"/>
					</TextLine>
					<TextLine ID="P250_TL00015" HPOS="173" VPOS="931" WIDTH="824" HEIGHT="43">
						<String ID="P250_ST00101" HPOS="173" VPOS="933" WIDTH="123" HEIGHT="40" CONTENT="Olivier," WC="0.57" CC="55643061"/>
						<SP ID="P250_SP00086" HPOS="296" VPOS="973" WIDTH="11"/>
						<String ID="P250_ST00102" HPOS="307" VPOS="932" WIDTH="108" HEIGHT="42" CONTENT="taking" WC="0.77" CC="000670"/>
						<SP ID="P250_SP00087" HPOS="415" VPOS="974" WIDTH="16"/>
						<String ID="P250_ST00103" HPOS="431" VPOS="937" WIDTH="53" HEIGHT="27" CONTENT="out" WC="0.80" CC="050"/>
						<SP ID="P250_SP00088" HPOS="484" VPOS="974" WIDTH="16"/>
						<String ID="P250_ST00104" HPOS="500" VPOS="931" WIDTH="34" HEIGHT="33" CONTENT="of" WC="1.00" CC="00"/>
						<SP ID="P250_SP00089" HPOS="534" VPOS="974" WIDTH="10"/>
						<String ID="P250_ST00105" HPOS="544" VPOS="931" WIDTH="48" HEIGHT="33" CONTENT="his" WC="0.41" CC="763"/>
						<SP ID="P250_SP00090" HPOS="592" VPOS="974" WIDTH="16"/>
						<String ID="P250_ST00106" HPOS="608" VPOS="931" WIDTH="113" HEIGHT="43" CONTENT="pocket" WC="0.84" CC="000207"/>
						<SP ID="P250_SP00091" HPOS="721" VPOS="974" WIDTH="16"/>
						<String ID="P250_ST00107" HPOS="737" VPOS="943" WIDTH="18" HEIGHT="21" CONTENT="a" WC="1.00" CC="0"/>
						<SP ID="P250_SP00092" HPOS="755" VPOS="974" WIDTH="16"/>
						<String ID="P250_ST00108" HPOS="771" VPOS="932" WIDTH="88" HEIGHT="32" CONTENT="small" WC="0.74" CC="48000"/>
						<SP ID="P250_SP00093" HPOS="859" VPOS="974" WIDTH="11"/>
						<String ID="P250_ST00109" HPOS="870" VPOS="931" WIDTH="127" HEIGHT="43" CONTENT="yellow" SUBS_TYPE="HypPart1" SUBS_CONTENT="yellowbound" WC="0.89" CC="0004300"/>
						<HYP CONTENT="-"/>
					</TextLine>
					<TextLine ID="P250_TL00016" HPOS="171" VPOS="993" WIDTH="826" HEIGHT="41">
						<String ID="P250_ST00110" HPOS="171" VPOS="993" WIDTH="103" HEIGHT="32" CONTENT="bound" SUBS_TYPE="HypPart2" SUBS_CONTENT="yellowbound" WC="0.77" CC="20630"/>
						<SP ID="P250_SP00094" HPOS="274" VPOS="1025" WIDTH="16"/>
						<String ID="P250_ST00111" HPOS="290" VPOS="994" WIDTH="130" HEIGHT="40" CONTENT="volume," WC="0.77" CC="6006001"/>
						<SP ID="P250_SP00095" HPOS="420" VPOS="1034" WIDTH="18"/>
						<String ID="P250_ST00112" HPOS="438" VPOS="993" WIDTH="67" HEIGHT="32" CONTENT="that" WC="0.41" CC="4738"/>
						<SP ID="P250_SP00096" HPOS="505" VPOS="1034" WIDTH="15"/>
						<String ID="P250_ST00113" HPOS="520" VPOS="993" WIDTH="38" HEIGHT="32" CONTENT="he" WC="0.65" CC="70"/>
						<SP ID="P250_SP00097" HPOS="558" VPOS="1034" WIDTH="17"/>
						<String ID="P250_ST00114" HPOS="575" VPOS="993" WIDTH="102" HEIGHT="32" CONTENT="would" WC="0.57" CC="90650"/>
						<SP ID="P250_SP00098" HPOS="677" VPOS="1034" WIDTH="12"/>
						<String ID="P250_ST00115" HPOS="689" VPOS="993" WIDTH="80" HEIGHT="32" CONTENT="have" WC="0.49" CC="7660"/>
						<SP ID="P250_SP00099" HPOS="769" VPOS="1034" WIDTH="16"/>
						<String ID="P250_ST00116" HPOS="785" VPOS="993" WIDTH="78" HEIGHT="32" CONTENT="been" WC="0.72" CC="5005"/>
						<SP ID="P250_SP00100" HPOS="863" VPOS="1034" WIDTH="16"/>
						<String ID="P250_ST00117" HPOS="879" VPOS="993" WIDTH="46" HEIGHT="32" CONTENT="far" WC="0.82" CC="040"/>
						<SP ID="P250_SP00101" HPOS="925" VPOS="1034" WIDTH="18"/>
						<String ID="P250_ST00118" HPOS="943" VPOS="993" WIDTH="54" HEIGHT="32" CONTENT="the" WC="0.61" CC="470"/>
					</TextLine>
					<TextLine ID="P250_TL00017" HPOS="171" VPOS="1054" WIDTH="499" HEIGHT="40">
						<String ID="P250_ST00119" HPOS="171" VPOS="1055" WIDTH="99" HEIGHT="31" CONTENT="better" WC="0.83" CC="600400"/>
						<SP ID="P250_SP00102" HPOS="270" VPOS="1086" WIDTH="15"/>
						<String ID="P250_ST00120" HPOS="285" VPOS="1054" WIDTH="46" HEIGHT="32" CONTENT="for" WC="0.70" CC="026"/>
						<SP ID="P250_SP00103" HPOS="331" VPOS="1086" WIDTH="15"/>
						<String ID="P250_ST00121" HPOS="346" VPOS="1065" WIDTH="96" HEIGHT="21" CONTENT="never" WC="0.72" CC="70600"/>
						<SP ID="P250_SP00104" HPOS="442" VPOS="1086" WIDTH="15"/>
						<String ID="P250_ST00122" HPOS="457" VPOS="1054" WIDTH="116" HEIGHT="40" CONTENT="having" WC="0.57" CC="752260"/>
						<SP ID="P250_SP00105" HPOS="573" VPOS="1094" WIDTH="15"/>
						<String ID="P250_ST00123" HPOS="588" VPOS="1054" WIDTH="82" HEIGHT="32" CONTENT="read." WC="0.75" CC="50600"/>
					</TextLine>
				</TextBlock>
				<TextBlock ID="P250_TB00006" HPOS="215" VPOS="1115" WIDTH="780" HEIGHT="41" STYLEREFS="TXT_1 PAR_CENTER">
					<TextLine ID="P250_TL00018" HPOS="216" VPOS="1115" WIDTH="779" HEIGHT="41">
						<String ID="P250_ST00124" HPOS="216" VPOS="1117" WIDTH="17" HEIGHT="13" CONTENT='"' WC="0.55" CC="4"/>
						<SP ID="P250_SP00106" HPOS="233" VPOS="1130" WIDTH="13"/>
						<String ID="P250_ST00125" HPOS="246" VPOS="1115" WIDTH="61" HEIGHT="31" CONTENT="Did" WC="1.00" CC="000"/>
						<SP ID="P250_SP00107" HPOS="307" VPOS="1146" WIDTH="16"/>
						<String ID="P250_ST00126" HPOS="323" VPOS="1127" WIDTH="59" HEIGHT="29" CONTENT="you" WC="0.77" CC="006"/>
						<SP ID="P250_SP00108" HPOS="382" VPOS="1156" WIDTH="15"/>
						<String ID="P250_ST00127" HPOS="397" VPOS="1115" WIDTH="64" HEIGHT="31" CONTENT="find" WC="0.65" CC="3370"/>
						<SP ID="P250_SP00109" HPOS="461" VPOS="1156" WIDTH="15"/>
						<String ID="P250_ST00128" HPOS="476" VPOS="1115" WIDTH="24" HEIGHT="32" CONTENT="it" WC="0.84" CC="30"/>
						<SP ID="P250_SP00110" HPOS="500" VPOS="1156" WIDTH="12"/>
						<String ID="P250_ST00129" HPOS="512" VPOS="1116" WIDTH="143" HEIGHT="40" CONTENT="amusing" WC="0.76" CC="0074500"/>
						<SP ID="P250_SP00111" HPOS="655" VPOS="1156" WIDTH="11"/>
						<String ID="P250_ST00130" HPOS="666" VPOS="1118" WIDTH="14" HEIGHT="30" CONTENT="?" WC="1.00" CC="0"/>
						<SP ID="P250_SP00112" HPOS="680" VPOS="1156" WIDTH="14"/>
						<String ID="P250_ST00131" HPOS="694" VPOS="1117" WIDTH="16" HEIGHT="12" CONTENT='"' WC="0.59" CC="4"/>
						<SP ID="P250_SP00113" HPOS="710" VPOS="1156" WIDTH="19"/>
						<String ID="P250_ST00132" HPOS="729" VPOS="1116" WIDTH="95" HEIGHT="31" CONTENT="asked" WC="0.91" CC="04000"/>
						<SP ID="P250_SP00114" HPOS="824" VPOS="1156" WIDTH="13"/>
						<String ID="P250_ST00133" HPOS="837" VPOS="1116" WIDTH="43" HEIGHT="32" CONTENT="M." WC="0.78" CC="04"/>
						<SP ID="P250_SP00115" HPOS="880" VPOS="1156" WIDTH="14"/>
						<String ID="P250_ST00134" HPOS="894" VPOS="1115" WIDTH="101" HEIGHT="32" CONTENT="Theo-" WC="0.86" CC="07000"/>
					</TextLine>
				</TextBlock>
				<TextBlock ID="P250_TB00007" HPOS="171" VPOS="1176" WIDTH="88" HEIGHT="40" STYLEREFS="TXT_1 PAR_LEFT">
					<TextLine ID="P250_TL00019" HPOS="171" VPOS="1176" WIDTH="88" HEIGHT="40">
						<String ID="P250_ST00135" HPOS="171" VPOS="1176" WIDTH="88" HEIGHT="40" CONTENT="phile." WC="0.81" CC="071300"/>
					</TextLine>
				</TextBlock>
				<TextBlock ID="P250_TB00008" HPOS="169" VPOS="1236" WIDTH="825" HEIGHT="290" STYLEREFS="TXT_1 PAR_LEFT">
					<TextLine ID="P250_TL00020" HPOS="216" VPOS="1237" WIDTH="778" HEIGHT="42">
						<String ID="P250_ST00136" HPOS="216" VPOS="1238" WIDTH="16" HEIGHT="13" CONTENT='"' WC="0.59" CC="4"/>
						<SP ID="P250_SP00116" HPOS="232" VPOS="1251" WIDTH="12"/>
						<String ID="P250_ST00137" HPOS="244" VPOS="1237" WIDTH="242" HEIGHT="42" CONTENT="Tremendously" WC="0.77" CC="020007006560"/>
						<SP ID="P250_SP00117" HPOS="486" VPOS="1279" WIDTH="14"/>
						<String ID="P250_ST00138" HPOS="500" VPOS="1239" WIDTH="6" HEIGHT="31" CONTENT="!" WC="1.00" CC="0"/>
						<SP ID="P250_SP00118" HPOS="506" VPOS="1279" WIDTH="13"/>
						<String ID="P250_ST00139" HPOS="519" VPOS="1239" WIDTH="16" HEIGHT="11" CONTENT='"' WC="0.69" CC="3"/>
						<SP ID="P250_SP00119" HPOS="535" VPOS="1279" WIDTH="27"/>
						<String ID="P250_ST00140" HPOS="562" VPOS="1238" WIDTH="160" HEIGHT="32" CONTENT="answered" WC="0.59" CC="78540700"/>
						<SP ID="P250_SP00120" HPOS="722" VPOS="1279" WIDTH="17"/>
						<String ID="P250_ST00141" HPOS="739" VPOS="1238" WIDTH="117" HEIGHT="33" CONTENT="Olivier" WC="0.67" CC="0645600"/>
						<SP ID="P250_SP00121" HPOS="856" VPOS="1279" WIDTH="14"/>
						<String ID="P250_ST00142" HPOS="870" VPOS="1252" WIDTH="6" HEIGHT="27" CONTENT=";" WC="0.61" CC="3"/>
						<SP ID="P250_SP00122" HPOS="876" VPOS="1279" WIDTH="35"/>
						<String ID="P250_ST00143" HPOS="911" VPOS="1240" WIDTH="18" HEIGHT="14" CONTENT='"' WC="0.62" CC="3"/>
						<SP ID="P250_SP00123" HPOS="929" VPOS="1279" WIDTH="14"/>
						<String ID="P250_ST00144" HPOS="943" VPOS="1239" WIDTH="51" HEIGHT="32" CONTENT="de" SUBS_TYPE="HypPart1" SUBS_CONTENT="delightful" WC="1.00" CC="000"/>
						<HYP CONTENT="-"/>
					</TextLine>
					<TextLine ID="P250_TL00021" HPOS="171" VPOS="1298" WIDTH="823" HEIGHT="42">
						<String ID="P250_ST00145" HPOS="171" VPOS="1298" WIDTH="119" HEIGHT="42" CONTENT="lightful" SUBS_TYPE="HypPart2" SUBS_CONTENT="delightful" WC="0.69" CC="50070460"/>
						<SP ID="P250_SP00124" HPOS="290" VPOS="1340" WIDTH="12"/>
						<String ID="P250_ST00146" HPOS="302" VPOS="1300" WIDTH="6" HEIGHT="30" CONTENT="!" WC="1.00" CC="0"/>
						<SP ID="P250_SP00125" HPOS="308" VPOS="1340" WIDTH="48"/>
						<String ID="P250_ST00147" HPOS="356" VPOS="1298" WIDTH="15" HEIGHT="31" CONTENT="I" WC="0.57" CC="4"/>
						<SP ID="P250_SP00126" HPOS="371" VPOS="1340" WIDTH="17"/>
						<String ID="P250_ST00148" HPOS="388" VPOS="1299" WIDTH="63" HEIGHT="31" CONTENT="lent" WC="0.80" CC="1060"/>
						<SP ID="P250_SP00127" HPOS="451" VPOS="1340" WIDTH="16"/>
						<String ID="P250_ST00149" HPOS="467" VPOS="1299" WIDTH="23" HEIGHT="31" CONTENT="it" WC="0.42" CC="55"/>
						<SP ID="P250_SP00128" HPOS="490" VPOS="1340" WIDTH="16"/>
						<String ID="P250_ST00150" HPOS="506" VPOS="1304" WIDTH="33" HEIGHT="26" CONTENT="to" WC="1.00" CC="00"/>
						<SP ID="P250_SP00129" HPOS="539" VPOS="1340" WIDTH="16"/>
						<String ID="P250_ST00151" HPOS="555" VPOS="1300" WIDTH="126" HEIGHT="40" CONTENT="Adrien," WC="0.78" CC="0003074"/>
						<SP ID="P250_SP00130" HPOS="681" VPOS="1340" WIDTH="18"/>
						<String ID="P250_ST00152" HPOS="699" VPOS="1300" WIDTH="61" HEIGHT="31" CONTENT="and" WC="0.76" CC="070"/>
						<SP ID="P250_SP00131" HPOS="760" VPOS="1340" WIDTH="16"/>
						<String ID="P250_ST00153" HPOS="776" VPOS="1305" WIDTH="32" HEIGHT="27" CONTENT="to" WC="0.77" CC="04"/>
						<SP ID="P250_SP00132" HPOS="808" VPOS="1340" WIDTH="17"/>
						<String ID="P250_ST00154" HPOS="825" VPOS="1300" WIDTH="120" HEIGHT="32" CONTENT="Gaston" WC="0.60" CC="704605"/>
						<SP ID="P250_SP00133" HPOS="945" VPOS="1340" WIDTH="13"/>
						<String ID="P250_ST00155" HPOS="958" VPOS="1301" WIDTH="36" HEIGHT="32" CONTENT="de" WC="1.00" CC="00"/>
					</TextLine>
					<TextLine ID="P250_TL00022" HPOS="170" VPOS="1359" WIDTH="824" HEIGHT="45">
						<String ID="P250_ST00156" HPOS="170" VPOS="1359" WIDTH="149" HEIGHT="32" CONTENT="Vivienne" WC="0.70" CC="40502640"/>
						<String ID="P250_ST00157" HPOS="328" VPOS="1373" WIDTH="6" HEIGHT="27" CONTENT=";" WC="0.38" CC="6"/>
						<SP ID="P250_SP00134" HPOS="334" VPOS="1400" WIDTH="12"/>
						<String ID="P250_ST00158" HPOS="346" VPOS="1360" WIDTH="93" HEIGHT="31" CONTENT="that's" WC="0.72" CC="070702"/>
						<SP ID="P250_SP00135" HPOS="439" VPOS="1400" WIDTH="10"/>
						<String ID="P250_ST00159" HPOS="449" VPOS="1360" WIDTH="70" HEIGHT="42" CONTENT="why" WC="0.75" CC="070"/>
						<SP ID="P250_SP00136" HPOS="519" VPOS="1402" WIDTH="8"/>
						<String ID="P250_ST00160" HPOS="527" VPOS="1361" WIDTH="64" HEIGHT="31" CONTENT="I've" WC="0.82" CC="1410"/>
						<SP ID="P250_SP00137" HPOS="591" VPOS="1402" WIDTH="11"/>
						<String ID="P250_ST00161" HPOS="602" VPOS="1362" WIDTH="75" HEIGHT="42" CONTENT="kept" WC="0.83" CC="6000"/>
						<SP ID="P250_SP00138" HPOS="677" VPOS="1404" WIDTH="10"/>
						<String ID="P250_ST00162" HPOS="687" VPOS="1362" WIDTH="22" HEIGHT="32" CONTENT="it" WC="0.39" CC="56"/>
						<SP ID="P250_SP00139" HPOS="709" VPOS="1404" WIDTH="7"/>
						<String ID="P250_ST00163" HPOS="716" VPOS="1373" WIDTH="33" HEIGHT="21" CONTENT="so" WC="0.80" CC="40"/>
						<SP ID="P250_SP00140" HPOS="749" VPOS="1404" WIDTH="11"/>
						<String ID="P250_ST00164" HPOS="760" VPOS="1362" WIDTH="81" HEIGHT="42" CONTENT="long." WC="1.00" CC="00000"/>
						<SP ID="P250_SP00141" HPOS="841" VPOS="1404" WIDTH="21"/>
						<String ID="P250_ST00165" HPOS="862" VPOS="1362" WIDTH="73" HEIGHT="32" CONTENT="And" WC="0.76" CC="070"/>
						<String ID="P250_ST00166" HPOS="936" VPOS="1383" WIDTH="43" HEIGHT="2" CONTENT="—" WC="0.20" CC="8"/>
						<String ID="P250_ST00167" HPOS="981" VPOS="1364" WIDTH="13" HEIGHT="11" CONTENT='"' WC="0.76" CC="2"/>
					</TextLine>
					<TextLine ID="P250_TL00023" HPOS="169" VPOS="1419" WIDTH="825" HEIGHT="46">
						<String ID="P250_ST00168" HPOS="169" VPOS="1419" WIDTH="72" HEIGHT="33" CONTENT="here" WC="0.67" CC="7040"/>
						<SP ID="P250_SP00142" HPOS="241" VPOS="1452" WIDTH="23"/>
						<String ID="P250_ST00169" HPOS="264" VPOS="1421" WIDTH="38" HEIGHT="31" CONTENT="he" WC="0.66" CC="60"/>
						<SP ID="P250_SP00143" HPOS="302" VPOS="1452" WIDTH="21"/>
						<String ID="P250_ST00170" HPOS="323" VPOS="1421" WIDTH="125" HEIGHT="41" CONTENT="paused," WC="0.81" CC="0054002"/>
						<SP ID="P250_SP00144" HPOS="448" VPOS="1462" WIDTH="19"/>
						<String ID="P250_ST00171" HPOS="467" VPOS="1422" WIDTH="60" HEIGHT="31" CONTENT="and" WC="0.81" CC="050"/>
						<SP ID="P250_SP00145" HPOS="527" VPOS="1462" WIDTH="23"/>
						<String ID="P250_ST00172" HPOS="550" VPOS="1422" WIDTH="127" HEIGHT="42" CONTENT="looking" WC="0.65" CC="6124270"/>
						<SP ID="P250_SP00146" HPOS="677" VPOS="1464" WIDTH="23"/>
						<String ID="P250_ST00173" HPOS="700" VPOS="1423" WIDTH="133" HEIGHT="42" CONTENT="straight" WC="0.73" CC="60700070"/>
						<SP ID="P250_SP00147" HPOS="833" VPOS="1465" WIDTH="21"/>
						<String ID="P250_ST00174" HPOS="854" VPOS="1424" WIDTH="64" HEIGHT="32" CONTENT="into" WC="0.83" CC="0501"/>
						<SP ID="P250_SP00148" HPOS="918" VPOS="1465" WIDTH="24"/>
						<String ID="P250_ST00175" HPOS="942" VPOS="1424" WIDTH="52" HEIGHT="32" CONTENT="the" WC="0.47" CC="661"/>
					</TextLine>
					<TextLine ID="P250_TL00024" HPOS="169" VPOS="1480" WIDTH="800" HEIGHT="46">
						<String ID="P250_ST00176" HPOS="169" VPOS="1480" WIDTH="62" HEIGHT="41" CONTENT="fire," WC="0.85" CC="00600"/>
						<SP ID="P250_SP00149" HPOS="231" VPOS="1521" WIDTH="18"/>
						<String ID="P250_ST00177" HPOS="249" VPOS="1481" WIDTH="102" HEIGHT="41" CONTENT="puffed" WC="0.91" CC="050000"/>
						<SP ID="P250_SP00150" HPOS="351" VPOS="1522" WIDTH="15"/>
						<String ID="P250_ST00178" HPOS="366" VPOS="1494" WIDTH="18" HEIGHT="19" CONTENT="a" WC="1.00" CC="0"/>
						<SP ID="P250_SP00151" HPOS="384" VPOS="1522" WIDTH="16"/>
						<String ID="P250_ST00179" HPOS="400" VPOS="1482" WIDTH="80" HEIGHT="41" CONTENT="huge" WC="0.63" CC="7700"/>
						<SP ID="P250_SP00152" HPOS="480" VPOS="1523" WIDTH="16"/>
						<String ID="P250_ST00180" HPOS="496" VPOS="1483" WIDTH="69" HEIGHT="41" CONTENT="puff" WC="0.82" CC="0700"/>
						<SP ID="P250_SP00153" HPOS="565" VPOS="1524" WIDTH="12"/>
						<String ID="P250_ST00181" HPOS="577" VPOS="1483" WIDTH="34" HEIGHT="31" CONTENT="of" WC="1.00" CC="00"/>
						<SP ID="P250_SP00154" HPOS="611" VPOS="1524" WIDTH="11"/>
						<String ID="P250_ST00182" HPOS="622" VPOS="1483" WIDTH="106" HEIGHT="33" CONTENT="smoke" WC="0.91" CC="10002"/>
						<SP ID="P250_SP00155" HPOS="728" VPOS="1524" WIDTH="16"/>
						<String ID="P250_ST00183" HPOS="744" VPOS="1483" WIDTH="80" HEIGHT="33" CONTENT="from" WC="0.77" CC="0530"/>
						<SP ID="P250_SP00156" HPOS="824" VPOS="1524" WIDTH="16"/>
						<String ID="P250_ST00184" HPOS="840" VPOS="1485" WIDTH="47" HEIGHT="31" CONTENT="his" WC="0.61" CC="703"/>
						<SP ID="P250_SP00157" HPOS="887" VPOS="1524" WIDTH="16"/>
						<String ID="P250_ST00185" HPOS="903" VPOS="1485" WIDTH="66" HEIGHT="41" CONTENT="lips." WC="0.87" CC="00050"/>
					</TextLine>
				</TextBlock>
				<TextBlock ID="P250_TB00009" HPOS="215" VPOS="1540" WIDTH="776" HEIGHT="41" STYLEREFS="TXT_1 PAR_CENTER">
					<TextLine ID="P250_TL00025" HPOS="215" VPOS="1540" WIDTH="776" HEIGHT="41">
						<String ID="P250_ST00186" HPOS="215" VPOS="1542" WIDTH="16" HEIGHT="13" CONTENT='"' WC="0.85" CC="1"/>
						<SP ID="P250_SP00158" HPOS="231" VPOS="1555" WIDTH="14"/>
						<String ID="P250_ST00187" HPOS="245" VPOS="1540" WIDTH="72" HEIGHT="32" CONTENT="And" WC="0.79" CC="060"/>
						<SP ID="P250_SP00159" HPOS="317" VPOS="1572" WIDTH="15"/>
						<String ID="P250_ST00188" HPOS="332" VPOS="1553" WIDTH="61" HEIGHT="28" CONTENT="you" WC="0.80" CC="005"/>
						<SP ID="P250_SP00160" HPOS="393" VPOS="1581" WIDTH="15"/>
						<String ID="P250_ST00189" HPOS="408" VPOS="1543" WIDTH="102" HEIGHT="31" CONTENT="would" WC="0.87" CC="00600"/>
						<SP ID="P250_SP00161" HPOS="510" VPOS="1581" WIDTH="16"/>
						<String ID="P250_ST00190" HPOS="526" VPOS="1543" WIDTH="61" HEIGHT="32" CONTENT="like" WC="0.83" CC="0050"/>
						<SP ID="P250_SP00162" HPOS="587" VPOS="1581" WIDTH="16"/>
						<String ID="P250_ST00191" HPOS="603" VPOS="1548" WIDTH="31" HEIGHT="27" CONTENT="to" WC="0.93" CC="01"/>
						<SP ID="P250_SP00163" HPOS="634" VPOS="1581" WIDTH="17"/>
						<String ID="P250_ST00192" HPOS="651" VPOS="1544" WIDTH="80" HEIGHT="32" CONTENT="have" WC="0.65" CC="7060"/>
						<SP ID="P250_SP00164" HPOS="731" VPOS="1581" WIDTH="17"/>
						<String ID="P250_ST00193" HPOS="748" VPOS="1546" WIDTH="129" HEIGHT="31" CONTENT="another" WC="0.61" CC="9300706"/>
						<SP ID="P250_SP00165" HPOS="877" VPOS="1581" WIDTH="17"/>
						<String ID="P250_ST00194" HPOS="894" VPOS="1547" WIDTH="35" HEIGHT="31" CONTENT="of" WC="1.00" CC="00"/>
						<SP ID="P250_SP00166" HPOS="929" VPOS="1581" WIDTH="11"/>
						<String ID="P250_ST00195" HPOS="940" VPOS="1547" WIDTH="51" HEIGHT="31" CONTENT="the" WC="0.62" CC="370"/>
					</TextLine>
				</TextBlock>
			</PrintSpace>
		</Page>
	</Layout>
</alto>
