1090 1740
403 112 40 21 LA
465 112 170 22 TRAV1ATA.

885 110 52 26 129

116 196 34 21 or
166 196 19 21 a
204 186 83 32 lamb
310 187 46 32 for
379 200 18 20 a
411 189 75 31 wolf
486 208 39 4 —
525 189 16 31 I
558 189 60 32 will
641 195 53 27 not
708 189 38 33 be
762 191 90 31 taken
868 191 31 31 in
915 192 22 30 if

114 246 15 31 I
146 258 57 20 can
218 247 71 43 help
305 249 32 32 it.
384 249 80 32 Now
479 250 52 32 the
553 250 187 43 Marguerite
761 251 128 32 Gautier
905 253 32 30 of

113 305 54 33 the
183 307 126 33 Nilsson
330 309 25 32 is
374 309 75 33 false
463 322 6 28 ;
487 311 24 31 it
534 311 24 31 is
584 312 166 42 somebody
766 312 61 32 else
841 326 6 27 ;
864 312 23 32 it
906 312 25 32 is

112 368 54 32 the
197 370 93 32 violin
320 371 67 32 that
418 371 25 32 is
474 383 17 21 a
521 372 85 32 flute.
652 373 65 31 The
744 373 185 42 Marguerite

117 431 130 32 Gautier
272 443 61 31 you
359 444 51 21 are
436 444 33 21 so
491 433 144 32 charmed
650 433 83 41 with,
758 434 25 31 is
806 445 18 20 a
845 446 83 30 pure,

110 493 288 44 well-brought-up,
423 494 111 33 honest
555 507 105 30 young
681 495 80 42 lady,
783 495 68 32 who
874 495 54 31 has

109 553 60 33 had
184 554 84 33 what
283 555 26 32 is
326 555 96 32 called
438 568 39 19 an
494 556 165 32 adventure
662 576 42 3 —
706 556 52 32 she
779 556 55 31 has
850 556 77 31 been

105 615 197 33 unfortunate
323 617 32 31 in
379 617 68 32 love
448 636 43 4 —
491 617 56 32 but
574 618 53 31 she
651 618 25 31 is
700 622 54 27 not
784 630 17 19 a
825 618 100 31 Dame

105 689 63 19 aux

147 738 101 32 Count
265 739 127 41 Dupont
408 740 120 32 nodded
543 740 47 31 his
607 744 100 28 assent,

177 800 96 31 What
284 801 6 31 !
308 812 68 29 you,
394 805 61 36 too,
473 813 91 29 agree
580 801 75 31 with
677 802 42 31 M.
738 801 45 32 de.
797 801 120 31 Moran-

100 872 55 28 ges
166 863 15 30 ?
228 862 167 31 exclaimed
410 862 52 32 the
478 863 148 32 Duchess.

176 922 15 31 I
221 923 79 31 can't
341 923 71 41 help
613 923 156 32 answered
799 923 96 31 Henri
909 935 3 27 ;

131 981 84 32 what
230 982 38 32 he
285 994 69 29 says
370 983 27 31 is

172 1043 91 41 Well,
281 1044 83 31 what
379 1044 25 31 is
420 1045 24 31 it
456 1044 74 32 then
546 1044 67 32 that
628 1044 24 32 is
665 1044 136 41 wanting
816 1044 31 31 in
862 1044 49 31 the

94 1104 127 32 Nilsson
233 1106 14 31 ?
314 1105 133 42 pursued
486 1105 142 32 Madame
667 1105 37 31 de
745 1105 165 40 Varignan,

94 1166 126 41 turning
235 1166 97 32 round
353 1178 34 20 so
403 1178 33 19 as
462 1171 32 27 to
521 1166 137 32 confront
683 1166 52 32 the
751 1166 114 31 talkers
881 1171 30 26 at

92 1227 53 31 the
160 1227 80 31 back
257 1227 34 31 of
302 1227 51 31 the
370 1227 68 31 box.

134 1287 67 31 The
216 1287 88 32 three
325 1299 70 20 men
417 1288 113 31 looked
546 1292 32 27 at
602 1287 74 32 each
693 1287 86 32 other
795 1287 110 40 signifi-

88 1349 103 40 cantly
203 1361 6 27 ;
234 1348 68 40 and,
320 1348 73 31 with
409 1360 18 19 a
442 1349 117 40 cynical
572 1348 94 40 smile,
668 1367 44 4 —

163 1409 74 32 Just
252 1408 84 32 what
351 1409 15 30 I
383 1413 110 27 cannot
509 1409 120 41 explain
641 1413 30 26 to
681 1420 69 29 you,
763 1409 139 32 Madame

85 1470 30 33 la
337 1469 115 42 replied
472 1469 42 31 M.
540 1469 36 32 de
591 1470 172 40 Moranges,
781 1470 121 42 bowing

83 1532 66 31 low.

138 1598 52 16 VOL.
204 1598 14 16 I.

802 1598 14 14 K
