1090 1740
469 96 121 21 CLATRE.

888 93 51 26 209

121 181 116 21 sorrow
247 184 6 28 ;
282 171 87 33 there
396 184 62 21 was
489 173 128 40 trouble,
651 173 121 32 evident
802 174 119 32 trouble
933 188 5 26 ;

120 230 56 33 but
199 232 34 31 of
251 238 110 36 regret,
380 245 33 20 or
436 233 35 32 of
487 234 100 32 better
610 234 104 42 things
738 234 200 41 overthroAvn,

124 292 35 31 of
178 292 75 43 high
275 294 187 42 aspirations
485 295 62 32 laid
569 295 68 41 low,
656 295 85 32 there
765 296 121 32 seemed
900 308 38 20 no

121 358 94 28 trace.

165 415 99 32 Claire
281 415 51 32 did
347 421 55 27 not
413 416 68 32 first
492 416 57 32 ask
565 417 34 31 of
609 417 54 32 her
679 430 67 19 own
758 419 163 41 judgment
933 432 5 20 :

121 475 83 32 Does
226 475 38 32 he
284 475 69 32 love
377 476 79 33 her?
477 476 58 32 but
555 476 74 33 with
651 477 52 32 the
725 478 100 32 divine
850 479 93 31 belief

121 535 35 32 of
174 548 120 20 woman
319 537 31 30 in
374 537 52 32 the
448 537 238 42 all-compelling
706 550 104 30 power
826 539 34 31 of
877 540 61 31 real

120 597 77 40 love,
216 597 53 32 she
293 597 132 33 scanned
450 610 92 30 every
557 598 117 32 feature
691 599 34 31 of
743 599 141 32 Madame
902 600 36 31 de

121 658 188 33 Mottefort's
333 659 74 41 face,
436 660 60 31 and
520 659 35 32 of
574 672 92 30 every
680 661 61 31 line
766 661 60 31 and
847 673 92 30 every

120 719 71 32 look
208 719 102 40 asked,
328 719 82 32 Does
427 719 53 33 she
496 720 69 32 love
580 720 63 32 him
652 722 15 30 ?

164 780 67 33 The
254 780 174 42 something
452 780 100 33 which
572 781 54 32 lies
650 785 32 28 at
701 781 51 32 the
776 781 117 32 bottom
909 781 32 32 of

121 841 107 42 nearly
244 853 92 30 every
353 842 147 31 woman's
523 841 95 40 heart,
637 842 59 31 and
715 842 107 40 which,
840 842 26 31 if
884 842 53 31 she

121 903 39 32 be
187 914 19 20 a
231 907 67 27 true
324 903 60 31 and
409 914 76 30 pure
513 914 128 29 woman,
662 903 61 31 and
745 903 26 31 if
789 903 53 31 she
857 904 81 41 truly

121 965 77 39 love,
216 964 62 31 will
293 968 54 27 not
369 963 127 32 mislead
518 963 63 41 her,
599 975 77 30 gave
692 964 98 31 Claire
807 976 18 19 a
844 976 94 30 nega-

121 1025 64 32 tive
210 1036 127 20 answer.
385 1024 86 32 Then
499 1023 53 33 she
576 1024 73 32 read
673 1024 52 32 the
749 1024 64 32 face
837 1024 100 32 before

121 1086 55 32 her
200 1085 74 32 with
301 1085 128 32 another
453 1084 111 42 feeling
575 1098 7 27 ;
605 1084 74 32 with
699 1084 65 32 that
780 1085 34 31 of
830 1085 64 42 pity
895 1105 43 2 —

121 1148 66 41 pity
203 1147 45 31 for
263 1146 73 32 him.

166 1208 71 40 She,
254 1207 102 33 Claire
380 1207 38 31 de
444 1206 162 41 ClaAreuil,
623 1206 32 32 in
671 1206 52 32 the
742 1207 75 42 days
833 1207 33 31 of
884 1206 52 32 her

120 1268 144 40 freedom,
282 1268 32 31 in
328 1267 53 32 the
398 1267 76 42 days
491 1266 34 33 of
535 1266 55 33 her
606 1266 144 33 innocent
766 1267 170 42 cousinship

121 1329 74 32 with
219 1329 114 40 Victor,
362 1328 60 31 and
447 1327 33 32 of
500 1327 55 32 her
582 1332 102 35 sweet,
708 1332 92 27 sweet
824 1327 111 41 dream,

121 1392 55 32 she
192 1390 62 32 had
269 1391 78 31 been
364 1389 119 42 worthy
499 1388 34 32 of
550 1388 72 41 him,
640 1388 60 32 and
723 1388 61 32 this
809 1400 126 29 woman,

120 1453 103 32 whom
247 1452 39 32 he
313 1450 98 41 loved,
430 1461 63 20 was
517 1453 62 28 not.
624 1448 115 33 Whom
763 1449 38 32 he
826 1449 110 32 loved?

120 1515 65 32 Yes
196 1515 7 32 !
219 1514 67 32 that
302 1525 63 20 was
378 1524 33 20 so
413 1531 43 5 —
457 1523 92 29 every
559 1510 92 42 proof
662 1522 61 20 was
736 1510 200 42 forthcoming

176 1583 52 15 VOL.
242 1583 14 15 I.

842 1580 12 14 p
