1090 1740
172 112 52 26 244

400 119 82 20 LOVE
506 119 64 20 THE
592 116 160 22 AVENGER.

172 195 87 32 made
294 200 61 35 out,
389 194 122 32 seemed
548 204 85 20 more
671 191 93 43 sharp
802 201 78 21 even
918 188 74 32 than

172 256 79 31 bold.

245 316 59 32 We
320 327 57 21 can
393 316 38 31 sit
447 316 89 31 down
552 314 73 32 here
637 328 7 27 ;
667 325 46 21 we
730 325 51 21 are
798 313 83 42 quite
895 317 54 27 out
965 312 34 32 of

173 377 52 32 the
241 389 68 30 way
324 377 35 31 of
380 388 60 30 any
456 377 113 31 Easter
852 373 66 33 said
934 373 61 32 this

173 450 121 30 person,
312 438 32 31 in
360 438 101 32 whose
485 438 91 31 harsh
599 437 87 32 voice
709 437 26 32 is
751 435 143 33 revealed
910 440 32 27 to
958 446 37 21 us

173 510 55 20 our
250 498 106 41 friend,
382 498 225 32 Mademoiselle
628 498 132 42 Aspasie
782 498 37 31 de
836 496 158 43 Mourjon-

174 560 77 32 ville.
290 560 65 31 The
366 571 70 20 man
449 559 67 32 who
529 571 62 19 was
603 559 72 32 thus
686 558 165 33 addressed
864 558 128 42 obeyed,

173 621 61 31 and
249 621 51 32 the
323 621 107 41 couple
454 625 47 27 sat
516 621 90 31 down
625 632 82 31 upon
730 632 18 20 a
771 620 100 32 bench
894 620 31 31 in
941 619 52 32 the

173 683 112 31 middle
301 682 34 32 of
346 682 52 32 the
413 682 172 41 unpeopled
601 693 127 21 avenue.

248 743 80 31 Well
341 743 6 32 !
380 743 60 31 and
461 743 70 32 how
552 743 51 31 did
628 754 53 30 my
701 743 177 42 worshipful
903 743 90 32 sister

173 809 105 37 accept
294 804 53 32 the
367 804 105 32 notion
491 804 35 32 of
547 804 91 41 being
660 809 70 28 torn
755 816 87 30 away
858 804 78 33 from
953 804 40 32 all

173 865 54 32 her
256 865 138 32 barbaric
431 865 146 32 admirers
589 866 15 31 ?
667 865 95 32 asked
795 865 54 32 she
880 865 34 32 of
940 865 53 33 the

174 926 142 42 speckled
337 926 68 41 veil,
428 938 35 20 as
488 938 75 20 soon
589 938 34 21 as
647 926 54 33 she
721 926 61 33 had
803 927 113 32 settled
939 927 54 32 her

173 986 91 33 skirts
279 992 32 27 to
326 986 56 33 her
397 987 196 32 satisfaction.

248 1047 118 43 Accept
377 1049 14 31 ?
442 1048 144 43 repeated
600 1048 55 32 her
671 1049 189 42 companion,
910 1049 80 42 why,

174 1108 15 31 I
217 1108 132 41 thought
375 1108 15 32 I
421 1108 60 33 had
507 1109 161 42 explained
691 1114 31 27 to
747 1121 61 31 you
842 1110 69 31 that
938 1110 53 32 she

173 1180 63 20 Avas
266 1168 52 32 the
351 1169 65 32 first
446 1174 31 28 to
509 1170 69 42 pine
615 1170 62 32 and
708 1171 104 32 sicken
843 1176 32 27 to
906 1184 85 20 come

172 1229 78 30 back

365 1291 37 32 do
426 1303 60 31 you
515 1304 99 30 mean,
898 1295 93 33 inter-

173 1352 110 42 rupted
316 1353 225 33 Mademoiselle
571 1355 140 41 Aspasie,
746 1356 75 32 with
856 1362 135 28 extreme

173 1413 140 43 surprise.
533 1416 54 32 she
617 1417 62 31 will
708 1422 54 37 get
791 1430 40 20 no
861 1419 130 40 boyards

173 1473 89 34 here!
296 1475 81 33 she's
405 1477 127 41 terribly
561 1477 89 33 faded
689 1490 78 30 now,
800 1479 52 33 the
891 1481 100 42 lovely

174 1535 128 32 Camille
313 1537 6 30 !
