1090 1740
400 96 64 21 THE
487 97 129 20 APPEAL.

881 94 32 26 33

138 168 67 33 The
229 169 71 33 look
321 183 62 21 was
403 184 18 20 a
436 172 72 41 dull,
527 173 101 42 stupid
644 184 65 28 one,
725 173 74 32 with
815 174 99 32 which

94 228 172 34 Madeleine
282 231 120 43 Raynal
425 233 102 32 stared
542 234 68 31 first
625 239 32 27 at
671 234 54 32 the
740 234 100 32 medal
855 234 59 32 and

95 289 75 33 then
194 295 31 27 at
248 291 39 32 its
310 292 96 42 giver,
430 294 61 31 and
513 294 101 32 before
637 295 54 32 she
715 295 88 32 could
819 295 95 31 thank

96 351 52 32 the
163 352 92 33 latter
271 353 53 33 she
340 366 64 21 was
419 366 89 29 gone.

139 413 104 33 When
258 415 170 33 Madeleine
451 416 132 33 reached
604 416 54 33 the
682 417 187 43 stable-yard
891 417 23 32 it

95 486 63 20 was
174 475 129 42 raining.
351 476 61 33 She
428 482 55 37 put
504 477 54 32 her
574 477 50 32 old
640 489 75 31 grey
731 477 95 32 shawl
842 489 72 21 over

95 535 55 32 her
165 536 89 41 head,
273 537 60 32 and
356 543 83 26 went
461 538 133 32 towards
613 538 52 32 the
688 543 71 37 gate
784 538 130 42 opening

96 609 39 19 on
150 597 51 32 the
218 598 83 31 road.

138 659 46 31 As
201 659 54 32 she
270 659 112 42 passed
396 659 103 32 before
523 671 38 20 an
586 671 77 30 open
679 659 81 41 door,
778 660 53 32 she
847 671 66 31 per-

96 719 105 32 ceived
223 724 64 27 two
311 731 106 31 young
439 731 71 21 men
532 720 144 42 standing
698 725 30 27 at
750 720 31 33 it.
829 720 84 42 They

94 792 80 21 were
190 781 32 31 in
237 781 102 41 riding
354 786 145 35 costume,
517 781 103 32 rather
631 781 194 43 bespattered
841 781 72 32 with

94 842 83 41 mud,
209 842 61 32 and
296 854 82 20 were
403 842 180 42 apparently
609 842 56 32 but
688 842 67 42 just
786 842 125 32 arrived.

94 902 85 43 Why
201 902 54 33 she
280 902 86 33 stood
389 902 68 41 still,
483 902 89 33 when
595 902 54 33 she
672 914 85 21 came
781 902 77 32 close
881 908 32 26 to

92 963 96 40 them,
207 963 54 33 she
278 963 50 32 did
343 968 55 28 not
413 963 116 33 herself
539 963 99 33 know.

166 1025 82 33 Who
279 1037 51 20 are
361 1037 61 31 you
433 1027 15 30 ?
510 1025 61 32 said
604 1036 56 21 one
691 1024 34 33 of
748 1025 52 32 the
830 1030 61 27 two
905 1039 6 27 ;

123 1088 101 32 where
252 1087 39 32 do
323 1099 60 30 you
411 1099 85 20 come
522 1086 76 32 from
610 1088 14 30 ?
668 1086 47 32 Do
742 1098 62 30 you
831 1091 80 26 want

91 1161 121 30 anyone
228 1149 72 32 here
312 1150 14 31 ?

140 1211 62 33 She
218 1222 85 20 came
320 1210 107 40 closer,
444 1210 61 31 and
521 1209 81 32 drew
618 1209 54 31 her
688 1208 95 32 shawl
798 1208 113 42 tighter

91 1283 76 21 over
196 1271 55 32 her
278 1271 88 40 head,
469 1282 49 19 am
544 1270 53 31 the
622 1270 122 31 Widow
767 1269 143 42 Raynal's

94 1333 152 41 daughter
268 1332 78 32 from
370 1332 43 32 St.
601 1330 53 32 she
676 1329 123 42 replied,
852 1330 59 31 and

90 1394 16 32 I
122 1405 50 21 am

166 1454 146 40 Starving
324 1454 7 31 !
391 1452 115 32 echoed
535 1451 38 31 he
600 1450 70 32 who
696 1450 60 32 had
787 1450 122 43 already

91 1516 124 42 spoken,
248 1515 56 31 but
326 1517 54 28 not
401 1513 32 31 in
456 1524 19 20 a
498 1511 196 43 particularly
716 1510 73 33 kind
819 1515 68 28 tone
900 1524 7 27 ;

146 1583 52 16 VOL.
216 1582 17 16 I.
809 1578 14 15 D
