1090 1740
878 97 32 25 27

396 103 63 19 THE
481 102 131 20 APPEAL.

89 179 77 32 reuil
196 191 94 20 never
319 181 74 31 took
423 181 54 31 her
509 193 71 29 eyes
611 180 78 32 from
718 181 195 32 Madeleine's

89 241 77 40 face,
195 241 56 32 but
281 242 97 41 gazed
409 247 32 27 at
470 242 55 33 her
551 242 73 32 with
656 254 39 21 an
725 242 98 33 intent
853 243 60 32 and

91 303 120 32 curious
227 314 84 29 gaze.

134 364 90 32 After
239 375 19 21 a
273 364 85 32 short
373 375 95 30 pause
484 364 30 32 in
529 364 53 33 the
598 364 210 33 conversation
821 377 5 19 :
829 383 42 3 —

289 437 57 21 can
370 426 16 32 I
409 426 39 32 do
474 430 33 28 to
533 425 70 43 help
774 425 64 33 said
860 425 51 32 the

93 486 161 41 Countess,
273 487 278 43 compassionately
564 501 7 27 ;
628 487 83 32 what
729 499 61 20 was
806 487 24 31 it
852 498 59 31 you

92 558 85 20 came
193 552 31 26 to
241 547 55 31 ask
312 547 34 31 of
356 559 49 19 me

133 607 174 33 Madeleine
339 608 102 32 stared
477 608 31 32 in
547 612 197 36 amazement,
777 607 45 33 for
859 607 52 33 the

92 669 128 43 original
243 670 100 42 object
365 669 35 32 of
429 670 55 31 her
506 669 73 32 visit
608 669 61 32 had
696 670 78 31 been
806 668 105 33 driven

91 730 215 42 momentarily
329 734 53 28 out
414 730 34 31 of
471 730 55 32 her
555 730 88 40 head,
675 731 60 30 and
757 730 53 31 the
840 741 71 20 con-

92 791 171 32 sciousness
280 791 34 32 of
331 792 55 31 her
404 791 109 32 fearful
536 791 94 32 needs
645 791 134 42 brought
794 790 24 32 it
832 790 79 32 back

89 858 33 27 to
146 853 56 31 her
217 853 76 31 with
321 865 17 19 a
365 853 105 31 shock.
518 852 61 32 She
602 852 138 40 blushed,
758 851 60 32 and
840 850 71 33 then

90 915 112 31 turned
217 914 78 41 pale,
313 914 68 40 and,
400 914 138 41 clasping
553 913 55 32 her
624 912 100 32 hands
740 912 148 42 together,

167 976 59 39 Oh,
243 976 144 31 Madame
398 976 31 30 la
647 973 183 33 stammered
847 973 62 40 she,

122 1037 72 32 take
210 1049 50 20 me
275 1037 64 31 into
355 1048 77 28 your

133 1098 144 32 Madame
294 1098 37 32 de
348 1098 154 31 Clavreuil
525 1101 56 37 put
603 1108 89 30 away
707 1096 55 31 her
781 1095 129 32 embroi-

89 1159 76 42 dery
179 1159 105 40 frame,
303 1159 60 32 and
378 1159 110 31 turned
504 1158 55 32 her
575 1158 83 31 chair
673 1157 67 32 half
751 1156 106 41 round,
877 1168 33 20 so

89 1232 34 21 as
139 1220 77 40 fully
231 1225 31 27 to
278 1220 81 32 front
375 1220 53 32 the
445 1219 181 41 supplicant.

166 1281 84 32 Take
281 1292 62 31 you
365 1280 62 32 into
458 1292 53 29 my
535 1279 115 32 service
663 1280 13 30 ?
744 1277 53 32 she
835 1277 73 41 said,

89 1342 106 42 kindly
209 1355 7 27 ;
282 1341 65 40 but,
372 1353 54 30 my
452 1352 74 31 poor
556 1340 68 42 girl,
649 1339 83 31 what
762 1350 57 20 can
849 1350 59 30 you

133 1466 45 31 At
193 1464 61 32 this
271 1463 139 43 question
426 1463 172 32 Madeleine
614 1462 124 32 revived
761 1473 33 21 as
810 1467 31 27 at
856 1462 52 32 the

89 1531 124 29 contact
229 1525 34 33 of
273 1537 19 20 a
306 1536 99 29 vague
421 1524 88 41 hope.
