1090 1740
850 90 35 26 41

313 96 61 20 OUT
398 96 41 20 ON
462 97 63 19 THE
548 97 92 19 ROAD.

68 169 54 33 her
145 169 46 33 far
215 182 91 20 more.
354 171 51 31 He
427 171 69 32 who
519 171 196 42 pronounced
739 171 54 32 her
813 172 75 41 ugly

67 231 52 32 did
134 236 54 28 not
204 232 133 42 provoke
358 232 54 32 her
434 244 137 29 rancour,
590 233 124 32 because
736 233 39 32 he
791 233 97 32 called

68 293 55 32 her
139 305 42 29 so,
199 293 46 32 for
261 293 53 32 she
331 294 51 31 did
397 299 54 26 not
463 295 118 31 believe
592 295 63 31 him
670 294 64 43 (she
750 294 138 32 believed

68 354 53 32 the
146 355 94 40 other,
258 355 69 31 who
350 355 66 32 said
438 355 55 32 she
509 356 89 31 could
616 356 124 32 achieve
764 356 121 41 beauty)

68 435 43 5 —
113 416 54 32 she
183 416 92 32 hated
289 416 65 32 him
368 417 131 31 because
521 416 38 32 he
583 417 110 31 denied
713 421 31 28 to
767 417 55 32 her
836 417 52 31 the

68 489 105 20 means
198 477 145 42 whereby
360 478 52 31 the
433 478 113 41 beauty
562 478 88 31 could
673 478 38 31 be
736 477 151 33 achieved.

69 539 50 32 He
136 539 129 32 doomed
279 539 55 32 her
349 545 32 26 to
397 539 135 41 ugliness
548 539 77 32 from
640 539 55 32 her
709 539 102 39 needs,
829 539 60 32 and

68 600 119 32 therein
202 600 39 32 he
258 600 94 42 spoke
368 600 108 40 Truth,
494 600 60 32 and
570 600 50 32 the
643 600 86 32 truth
747 600 72 42 only
833 600 56 32 has

69 673 104 30 power
198 666 32 27 to
257 661 129 42 impress
413 661 191 42 profoundly.
659 661 51 31 He
737 660 60 32 had
824 661 65 31 said

69 722 67 32 that
161 734 17 20 a
205 722 118 42 sloppy,
341 721 235 42 draggle-tailed
591 721 67 42 girl,
675 721 74 32 with
770 732 19 21 a
807 721 80 41 dirty

69 782 98 32 shawl
182 782 97 32 round
301 782 55 33 her
378 782 88 39 head,
483 793 64 21 was
571 787 52 27 not
646 793 18 21 a
683 793 128 29 woman,
830 782 59 32 and

71 844 54 32 she
140 843 55 33 felt
209 843 68 33 that
291 848 31 27 to
339 843 38 33 be
393 848 76 36 true,
494 843 60 32 and
577 843 67 31 that
669 842 54 32 she
738 854 64 20 was
822 843 66 31 that

72 904 67 42 girl.
186 904 66 32 The
269 904 86 32 other
371 904 61 32 had
445 904 65 32 said
522 904 54 32 she
588 915 64 20 was
665 904 72 41 only
749 904 120 41 hungry
881 916 6 28 ;

72 965 23 32 it
110 976 63 21 was
189 970 78 35 true,
285 964 54 33 she
356 976 63 20 was
434 964 131 43 hungry.
612 964 50 32 He
678 964 61 32 had
756 964 64 32 said
835 964 54 32 her

71 1026 114 42 beauty
201 1025 102 33 would
318 1025 37 33 be
372 1031 149 37 apparent
536 1025 26 32 if
581 1025 53 32 she
650 1036 79 22 were
747 1025 142 42 properly

70 1086 51 32 fed
132 1088 7 30 !
163 1086 70 32 who
250 1097 62 21 was
328 1086 87 32 there
430 1091 32 27 to
478 1086 67 32 feed
560 1086 55 32 her
625 1087 14 31 ?

114 1148 15 31 I
161 1159 55 30 say
241 1147 101 42 again,
374 1158 46 21 we
446 1158 80 21 none
549 1146 35 32 of
603 1158 36 20 us
659 1146 83 32 rebel
769 1146 120 41 against

69 1209 107 32 Truth.
224 1208 60 32 We
300 1208 82 43 deny
396 1208 24 32 it
434 1213 31 27 to
482 1208 39 32 be
537 1207 51 33 the
604 1207 93 32 truth.
744 1207 62 32 But
821 1207 68 31 Ma-

69 1270 119 33 deleine
205 1269 89 32 could
310 1274 54 27 not
380 1269 88 42 deny.
495 1269 66 32 The
571 1268 95 32 belief
675 1268 53 32 she
741 1267 148 32 accorded

70 1337 32 27 to
118 1331 53 32 the
187 1342 72 20 man
275 1330 69 32 who
370 1329 62 33 had
459 1328 138 34 affirmed
620 1328 55 32 her
699 1327 137 42 capacity
859 1327 34 32 of

70 1393 115 41 beauty
201 1402 64 21 was
281 1401 18 21 a
313 1395 113 27 matter
449 1389 33 33 of
504 1389 92 32 Faith
611 1389 60 31 and
686 1387 139 41 Instinct,
842 1388 47 32 for

70 1453 55 33 she
141 1451 61 32 had
222 1450 111 43 hardly
356 1461 72 21 ever
454 1461 71 21 seen
551 1449 55 31 her
632 1460 69 20 own
724 1448 65 32 face
813 1448 31 32 in
870 1461 20 20 a

69 1514 93 41 glass,
192 1512 61 33 and
279 1511 56 33 her
364 1511 85 32 mind
472 1510 61 32 had
558 1521 92 21 never
675 1509 78 33 been
779 1509 110 32 turned
