1090 1740
153 118 52 25 298

383 125 83 19 LOVE
489 125 65 19 THE
576 123 163 21 AVENGER.

151 206 32 27 to
214 201 37 32 be
289 201 170 42 impressed
485 201 43 41 by
559 212 17 20 a
606 197 149 35 beautiful
794 197 96 39 voice,
922 196 60 33 and

152 262 148 33 Claudine
316 263 61 31 had
394 274 38 20 an
449 261 250 41 unmistakeably
714 258 152 34 beautiful
883 270 67 21 one.

196 324 67 33 One
280 324 68 43 day,
366 336 33 21 as
422 324 16 32 I
454 324 79 32 have
557 324 74 40 said,
648 323 62 32 this
727 322 86 32 voice
830 319 152 34 trembled

151 386 72 32 Avith
239 386 133 43 passion,
393 386 61 32 and
469 385 52 33 the
537 386 67 32 first
620 390 72 28 note
709 385 36 32 of
766 396 20 21 a
806 383 96 34 chord
918 394 64 21 was

151 448 105 31 struck
287 448 102 32 which
421 453 33 27 at
480 448 65 32 first
576 447 69 32 died
673 458 89 31 away
793 446 31 32 in
858 445 121 33 silence.

152 508 116 32 Olivier
291 521 63 20 Avas
382 521 34 21 as
441 513 53 38 yet
521 508 132 33 careless
679 507 35 32 of
736 506 161 42 Claudine,
925 506 57 33 but

151 569 149 33 Claudine
315 582 64 20 was
394 570 140 41 changed
550 569 132 32 towards
701 569 126 33 Olivier.

195 631 115 34 Olivier
325 631 60 33 had
401 637 55 36 got
478 637 32 27 to
526 632 39 32 be
587 632 53 31 the
658 631 82 42 daily
755 631 108 32 visitor
879 636 33 26 at
927 630 53 32 the

151 694 94 33 Hotel
258 694 37 32 de
311 694 175 40 Moranges,
504 694 61 31 and
587 693 48 32 his
656 693 90 32 uncle
764 693 123 32 seemed
902 692 79 32 used

150 761 31 27 to
196 755 48 33 his
256 766 155 31 presence.
460 755 50 31 He
523 755 122 31 seemed
656 766 77 20 even
746 759 32 27 to
795 754 79 32 have
885 754 94 32 taken

151 828 17 21 a
185 821 63 28 sort
271 815 34 32 of
325 815 96 42 liking
443 820 32 27 to
499 815 72 40 him,
590 815 61 32 and
676 815 90 32 when
786 816 43 32 M.
852 815 39 32 de
913 816 68 31 Mo-

151 888 110 31 ranges
288 876 152 41 arranged
466 876 53 32 the
545 876 141 42 splendid
713 876 61 33 fete
801 876 39 33 he
866 875 117 33 offered

151 945 31 26 to
206 939 47 31 his
279 938 183 42 Hungarian
489 943 99 37 guest,
618 938 24 32 it
669 951 63 19 was
759 938 126 32 natural
914 937 68 33 that

152 1000 148 32 Claudine
317 998 110 33 should
443 999 38 32 be
498 1000 141 31 confided
655 1005 31 26 to
704 1000 125 32 Olivier.
877 999 105 32 When

151 1061 133 42 evening
309 1073 85 20 came
412 1073 48 28 on,
477 1062 43 31 M.
539 1061 37 32 de
601 1062 186 31 Beauvoisin
807 1066 48 27 sat
871 1061 42 42 by
929 1060 53 33 the

153 1123 119 42 Sphinx
299 1127 32 27 at
352 1123 53 31 the
429 1134 153 30 gorgeous
607 1123 107 32 dinner
738 1123 144 42 presided
909 1135 76 20 over

151 1186 41 41 by
223 1185 49 32 his
299 1184 98 32 uncle.
454 1184 61 33 She
543 1197 64 19 was
635 1185 170 42 singularly
832 1184 150 33 beautiful

151 1246 70 32 that
246 1245 99 41 night,
367 1246 56 31 but
449 1246 88 31 silent
563 1246 122 42 beyond
712 1246 55 32 her
791 1251 93 28 wont.
933 1246 51 33 On

151 1307 51 32 the
219 1307 86 32 other
322 1306 62 32 side
401 1306 34 31 of
457 1306 55 32 her
528 1311 48 27 sat
595 1307 53 31 the
665 1307 187 42 Hungarian
869 1307 114 41 Count,

151 1368 61 33 and
227 1368 52 32 the
294 1368 137 32 remarks
447 1368 40 32 he
507 1368 164 41 permitted
687 1369 129 32 himself
828 1381 83 31 upon
927 1369 57 32 her

152 1431 115 40 beauty
283 1440 78 21 were
378 1428 75 33 such
464 1440 34 21 as
513 1434 32 27 to
562 1441 89 21 rouse
666 1429 116 33 Olivier
792 1431 65 31 into
869 1431 116 42 paying

154 1489 130 32 unusual
300 1489 152 32 attention
468 1495 32 26 to
517 1490 64 31 her.

198 1552 101 32 When
334 1552 52 32 the
420 1553 136 40 banquet
587 1564 63 20 was
681 1565 83 28 over,
793 1554 53 33 the
883 1555 99 34 whole
