1090 1740
301 101 106 21 ALONE
430 103 37 19 IN
489 103 63 19 THE
575 102 120 20 WORLD.

873 97 33 25 63

163 176 59 41 Oh,
235 177 129 41 mother,
376 178 120 31 mother
508 179 7 31 !
571 178 54 31 she
641 178 82 31 cried
736 191 7 27 ;
853 182 54 27 not

86 242 56 38 put
172 250 50 21 me
251 239 79 32 from
359 241 79 40 you!
500 239 101 32 Think
631 239 68 32 that
722 239 15 31 I
760 250 49 20 am
832 250 76 31 your

87 311 79 30 own,
185 301 72 41 only
273 301 79 32 child
365 314 7 28 ;
395 302 88 31 think
506 301 70 32 how
591 313 105 30 young
722 301 15 31 I
765 313 57 29 am,
848 301 60 31 and

86 360 72 33 how
174 362 77 31 hard
274 362 23 32 it
319 362 26 32 is
367 367 34 27 to
423 362 104 41 forego
544 363 40 31 all
605 362 171 42 happiness.
824 362 84 42 Help

86 434 60 28 me,
163 423 120 32 mother
296 424 6 32 !
348 424 116 38 Listen,
481 423 60 32 and
556 424 43 31 let
614 435 49 20 me
678 423 53 31 tell
732 442 42 5 —

130 483 143 32 Madame
311 483 37 32 de
379 483 154 33 Clavreuil
568 483 115 31 started
716 483 88 40 back,
837 483 68 41 and,

87 544 128 41 holding
230 544 55 32 her
301 544 151 41 daughter
468 549 32 27 at
517 543 214 42 arm's-length
732 563 43 3 —

163 605 96 32 What
271 605 26 32 is
308 605 41 32 all
358 605 62 32 this
429 605 159 41 absurdity
599 607 14 30 ?
665 604 54 32 she
729 604 180 41 demanded,

88 667 125 41 sternly.
306 667 63 31 Are
406 678 61 30 you
496 666 133 41 raving?
673 665 98 32 What
800 666 26 31 is
848 665 61 32 this

86 727 74 42 folly
172 728 14 32 ?
231 728 153 41 Probably
409 728 51 31 the
486 728 95 31 result
608 726 34 32 of
659 726 89 32 those
771 726 137 32 abomin-

88 789 69 31 able
174 789 131 41 English
320 789 115 39 novels,
447 788 101 32 which
563 789 75 31 Mrs.
656 787 138 32 Griffiths
810 787 99 41 ought

89 861 94 20 never
197 854 33 27 to
253 850 79 31 have
347 849 165 42 permitted
534 861 61 29 you
610 853 32 28 to
657 849 80 32 read.
784 849 59 31 Let
857 860 51 20 me

89 921 95 20 never
207 910 73 32 hear
305 909 88 41 again
408 909 100 31 words
524 909 35 31 of
576 908 62 32 this
661 909 83 32 kind.
790 909 119 41 Happi-

89 982 80 28 ness,
200 970 110 32 indeed
323 971 6 31 !
390 970 175 41 Happiness
595 969 129 32 consists
754 969 31 31 in
816 969 93 41 doing

89 1043 77 29 your
189 1031 77 42 duty
276 1043 9 28 ;
308 1030 60 32 and
390 1030 53 32 the
467 1042 55 20 one
539 1031 75 40 duty
631 1030 33 32 of
681 1042 18 20 a
714 1030 58 41 girl
788 1030 26 31 is
837 1030 72 31 obe-

89 1091 105 33 dience
209 1096 33 28 to
257 1092 55 31 her

132 1153 37 30 In
180 1152 147 42 speaking
343 1164 33 19 as
393 1152 54 31 she
464 1150 58 42 did,
540 1151 144 31 Madame
701 1150 36 32 de
754 1150 154 33 Clavreuil

87 1225 64 21 was
182 1214 111 41 simply
323 1213 155 40 following
506 1212 52 32 the
588 1212 144 41 teaching
761 1211 53 32 she
848 1211 60 31 had

87 1275 149 32 received.
284 1274 67 32 Her
384 1274 88 31 heart
493 1273 102 32 would
632 1273 78 31 have
747 1272 161 42 prompted

86 1336 57 33 her
158 1341 33 26 to
207 1336 99 38 listen,
323 1336 55 31 but
394 1335 53 31 she
464 1335 92 31 dared
571 1339 62 27 not.

132 1396 101 34 Claire
256 1396 56 32 felt
334 1395 55 32 her
412 1407 67 20 case
495 1407 64 20 was
581 1394 148 42 hopeless.
776 1393 61 33 She
860 1405 48 21 re-

87 1457 104 34 leased
206 1457 55 32 her
276 1456 72 31 hold
364 1468 82 29 upon
461 1456 55 31 her
536 1455 146 31 mother's
704 1454 91 32 hand.
842 1454 66 32 The

88 1519 80 33 flush
196 1517 145 34 subsided
362 1529 83 29 upon
468 1517 55 31 her
544 1516 73 41 face,
634 1516 52 32 the
713 1515 58 43 lips
794 1515 111 42 closed,
