1090 1740
392 99 22 20 A
436 98 84 21 REAL
541 99 127 21 WOMAN.

904 94 31 26 71

165 174 42 32 M.
226 175 36 31 de
279 174 138 33 Varades
440 186 64 20 Avas
525 175 148 32 absorbed
695 175 31 31 in
749 175 52 32 the
821 175 114 32 inward

124 236 235 42 contemplation
389 236 34 31 of
448 235 47 32 his
522 236 99 32 future
644 236 171 42 happiness,
847 239 88 30 when

123 297 40 31 he
183 309 63 20 was
268 297 108 31 hurled
398 297 117 31 several
530 297 61 32 feet
606 298 32 30 in
654 298 133 31 advance
803 309 72 20 over
889 298 46 31 his

124 359 118 31 faithful
257 358 160 32 Arabian's
440 358 87 41 head,
545 359 60 31 and
619 359 39 31 he
674 359 60 32 had
748 360 110 41 passed
873 360 62 31 into

124 420 129 41 eternity
268 419 100 32 before
384 420 182 41 awakening
582 421 77 31 from
673 421 47 31 his
736 421 111 32 dream.
886 421 49 31 He

122 481 118 31 neither
257 481 94 40 spoke
366 492 56 20 nor
436 481 147 31 breathed
598 493 92 21 more.

165 541 53 31 All
234 553 61 19 was
312 553 79 19 over.

164 601 98 31 There
285 601 26 31 is
338 613 18 19 a
375 606 137 37 mystery
531 602 100 31 wThich
655 602 51 31 the
726 602 94 31 Avorld
844 614 92 20 never

121 661 133 32 fathoms
269 662 32 31 in
317 662 39 31 all
373 662 126 41 feelings
514 663 100 31 which
630 663 52 31 the
698 663 94 31 Avorld
808 668 128 27 esteems

122 724 166 40 excessive,
317 723 66 31 that
408 724 35 40 is,
471 724 99 31 which
596 736 39 29 go
662 724 121 41 beyond
807 725 38 31 its
867 725 68 31 ken.

122 784 142 31 Madame
281 784 180 31 Beaudouin
488 784 51 31 did
559 789 53 26 not
637 796 82 20 seem
743 790 31 26 to
795 785 90 31 suffer
907 786 29 30 in

123 845 52 31 the
198 845 164 41 particular
384 856 69 29 way
475 845 32 30 in
529 845 98 31 AAdiich
649 845 52 31 the
725 857 139 20 common
881 858 55 19 run

124 905 34 32 of
175 917 72 19 men
277 905 61 31 and
367 916 119 20 women
516 905 98 31 suffer.
672 906 61 30 For
759 918 83 19 some
864 906 72 32 time

124 965 78 31 after
227 965 189 42 Raymond's
446 964 101 41 death,
577 965 52 31 she
663 965 80 31 lived
770 965 166 43 absolutely

123 1025 96 41 alone,
235 1025 105 42 seeing
353 1037 40 20 no
409 1025 95 42 living
520 1030 144 35 creature,
682 1025 117 32 neither
815 1026 121 32 brother

121 1098 56 20 nor
202 1086 216 40 sister-in-law,
443 1097 56 20 nor
522 1097 59 30 any
605 1086 30 31 of
655 1086 88 31 those
766 1086 67 32 who
857 1099 79 20 were

120 1147 55 31 her
197 1150 121 28 nearest
340 1146 31 32 in
395 1146 138 32 affection
558 1157 33 20 or
616 1146 94 32 blood.
757 1147 72 31 And
852 1147 82 41 then,

120 1207 90 31 when
226 1206 108 43 people
355 1217 62 21 saw
439 1206 55 32 her
510 1206 99 41 again,
630 1206 86 32 there
737 1217 62 21 was
815 1219 38 20 no
869 1219 67 31 per-

120 1267 131 43 ceptible
268 1267 116 42 change
400 1266 30 32 in
446 1267 62 39 her,
521 1266 73 42 they
610 1266 139 41 thought.
787 1266 59 33 She
862 1278 71 28 was,

119 1328 142 43 perhaps,
290 1340 18 20 a
334 1328 94 32 shade
450 1328 94 42 paler,
562 1327 60 32 and
643 1338 84 20 more
751 1327 88 32 silent
860 1327 75 32 than

119 1390 111 39 before,
248 1388 60 33 and
324 1389 116 42 subject
456 1393 32 27 to
503 1389 50 31 fits
570 1388 35 32 of
616 1388 192 40 abstraction,
826 1388 109 42 during

118 1451 100 32 which
250 1462 18 20 a
300 1449 77 33 faint
406 1449 155 33 reflection
584 1449 33 31 of
645 1449 53 31 the
732 1448 100 33 divine
857 1449 77 42 light

119 1512 100 33 which
242 1511 62 32 had
327 1522 74 21 once
426 1509 156 33 illumined
607 1509 64 39 her,
696 1509 61 32 and
780 1520 62 22 was
864 1521 69 22 now
