1090 1740
271 106 171 21 IMITATION
465 107 275 20 RESPECTABILITY.

865 103 53 24 153

96 180 138 42 Antique
250 182 119 43 Beauty
386 182 59 32 and
461 182 129 33 Modern
613 182 153 42 Thought,
784 182 53 33 the
853 194 67 21 sex-

97 242 71 40 less,
201 243 127 41 ageless,
359 243 130 43 product
519 243 34 32 of
575 243 52 33 the
659 248 119 28 contact
808 243 34 33 of
859 248 61 28 two

97 304 121 33 worlds.
265 305 83 32 Here
365 316 62 21 was
441 304 54 33 the
516 305 102 32 model
633 305 94 32 found
738 319 7 27 ;
769 305 72 32 here
857 317 63 20 was

97 364 54 32 the
167 365 133 40 possible
316 365 178 32 realization
510 365 34 32 of
561 365 51 32 the
629 366 116 31 artistic
762 366 112 32 dream.

143 426 97 32 Henri
257 427 137 41 Dupont,
412 425 69 33 who
497 437 64 21 was
577 438 18 20 a
610 438 139 31 younger
765 427 61 31 and
841 439 18 19 a
875 427 46 31 far

97 487 62 32 less
185 488 200 42 experienced
411 499 72 20 man
506 487 75 32 than
607 487 54 32 the
688 488 146 41 Marquis,
860 488 60 31 had

99 549 111 42 simply
236 549 142 31 reverted
402 553 33 27 to
463 560 18 20 a
506 549 114 31 known
646 553 83 38 type,
759 549 60 31 and
842 549 78 31 been

99 609 158 32 reminded
284 610 34 31 of
345 610 51 31 the
428 609 137 33 Medusa.
611 610 43 32 M.
688 610 36 31 de
755 610 165 41 Moranges

100 671 110 41 sought
235 671 53 31 the
312 670 77 32 form
405 670 45 32 for
478 682 38 19 an
540 670 83 41 Idea,
641 671 60 30 and
721 671 94 31 found
837 672 31 40 it,
886 683 34 20 as

99 733 38 31 he
153 732 129 41 fancied,
300 732 31 31 in
355 732 53 31 the
436 732 99 41 sharp,
553 744 75 29 pure
650 732 130 32 outlines
799 733 60 31 and
874 733 47 31 in-

99 793 119 41 tensely
245 793 115 41 painful
385 793 176 41 expression
588 792 34 31 of
641 804 18 19 a
682 792 65 31 face
773 792 147 43 suddenly

99 854 135 40 brought
248 853 97 31 under
361 852 47 32 his
423 852 108 32 notice.

145 914 66 31 The
227 913 66 31 first
308 913 180 42 impression
504 924 63 20 was
579 912 107 42 purely
699 912 122 33 artistic.
855 914 64 31 The

102 975 115 31 second
232 986 63 20 was
312 974 34 31 of
365 986 18 19 a
398 986 74 28 Arery
489 973 199 41 complicated
704 978 114 28 nature.

145 1037 102 31 When
279 1037 51 31 the
358 1035 121 33 Widow
510 1036 143 41 Raynal's
684 1036 151 41 daughter
860 1035 60 32 had

101 1099 78 32 been
203 1098 148 42 proATided
374 1098 43 41 by
439 1098 53 31 the
519 1098 207 41 housekeeper
751 1103 31 26 at
806 1098 114 32 Suave-

100 1165 80 26 terre
200 1159 74 31 with
298 1159 56 41 dry
369 1159 61 31 and
455 1158 108 32 decent
588 1158 144 41 clothing,
750 1158 61 31 and
831 1158 89 32 when

102 1221 54 33 she
171 1221 62 32 had
257 1221 117 42 supped
401 1221 60 31 and
489 1221 88 42 slept,
595 1221 60 31 and
679 1232 86 21 came
780 1220 51 33 the
848 1226 72 26 next

100 1283 144 41 morning
259 1287 31 27 to
308 1282 94 42 speak
417 1287 32 27 to
472 1281 55 33 her
549 1282 198 39 benefactors,
764 1281 53 32 the
834 1281 86 32 effect

101 1343 156 43 produced
284 1354 38 20 on
345 1342 52 32 the
424 1347 115 27 master
561 1342 34 32 of
614 1342 52 32 the
689 1342 94 32 house
805 1342 60 31 and
881 1353 39 21 on

101 1404 46 32 his
164 1403 106 32 visitor
285 1415 64 20 was
366 1414 18 20 a
399 1414 75 29 very
489 1403 138 32 different
644 1414 66 21 one.

144 1464 68 32 The
228 1463 111 33 former
354 1475 63 20 was
434 1463 104 32 struck
557 1463 71 42 only
651 1463 41 42 by
706 1463 55 32 her
776 1475 67 20 wan
860 1463 59 33 and

100 1525 171 33 exhausted
312 1536 188 30 appearance
513 1538 7 27 ;
558 1524 55 32 her
650 1524 97 42 pallor
777 1524 58 33 and
865 1525 55 32 her
