1090 1740
873 99 52 24 241

319 101 165 23 MONSIEUR
506 103 206 21 MARDONNET.

106 175 182 34 allowances
298 189 51 21 are
361 183 116 38 scanty,
493 180 60 31 and
567 179 79 32 have
658 184 31 28 to
705 180 38 31 be
760 179 167 32 accounted

106 236 56 41 for,
180 249 92 31 every
288 239 135 42 farthing
438 241 34 31 of
482 241 87 32 them
582 243 5 31 !

165 299 107 41 'Well,
312 312 48 20 we
397 302 90 31 could
523 314 40 29 go
763 302 165 42 suggested

109 359 123 33 Olivier.
311 362 45 31 To
376 362 89 42 begin
481 364 84 40 with,
582 376 47 19 we
650 364 89 31 could
754 368 53 36 get
822 375 60 30 you
897 367 33 28 to

108 422 64 42 buy
187 434 37 20 us
240 435 19 19 a
275 424 140 41 splendid
438 425 136 41 bouquet
589 425 47 32 for
651 425 54 32 her
705 445 44 3 —
750 425 75 32 each
841 425 34 31 of
895 437 35 19 us

110 484 90 31 could
226 484 72 41 give
324 490 53 27 ten
401 485 109 33 francs.
557 486 30 31 A
613 486 136 41 bouquet
780 486 33 31 of
834 486 96 41 thirty

109 544 103 32 francs
226 546 5 31 !
286 546 97 41 urged
407 546 125 40 Olivier,
559 547 144 40 thinking
726 547 83 31 what
831 546 100 31 lavish

110 607 200 41 expenditure
333 607 68 32 that
425 619 71 21 was.
624 608 134 41 bouquet
781 607 34 32 of
836 607 96 41 thirty

109 667 119 33 francs!
260 680 46 20 we
333 669 91 31 could
459 680 130 30 manage
619 669 68 31 that
716 669 138 31 between
885 680 45 28 us,

111 729 76 31 each
203 728 107 41 giving
325 733 52 27 ten
393 729 111 32 francs.
550 729 16 31 I
589 729 89 32 could
698 734 126 27 account
839 729 46 31 for
907 729 25 31 it

112 793 30 27 at
164 789 53 31 the
240 790 60 31 end
322 789 34 32 of
376 789 52 32 the
451 790 108 31 month
581 790 40 41 by
637 790 117 41 buying
778 801 18 20 a
818 790 61 30 box
902 789 32 31 of

112 850 139 31 bonbons
275 850 34 31 of
328 850 59 31 five
410 850 99 32 francs
531 850 45 32 for
599 851 88 31 Aunt
707 850 223 39 d'Herincourt,

114 910 61 31 and
190 910 122 41 putting
327 910 25 31 it
368 910 90 32 down

157 970 76 32 Alas
246 972 6 30 !
285 970 170 42 Theophile
479 971 183 32 Mardonnet
684 971 61 32 had
767 983 19 20 a
805 970 126 42 lengthy

114 1031 197 41 explanation
323 1036 32 26 to
371 1031 71 41 give
459 1043 81 30 upon
553 1032 52 31 the
618 1032 142 32 financial
778 1032 152 32 combina-

113 1092 82 32 tions
211 1092 69 31 that
295 1092 101 30 would
411 1092 38 31 be
472 1092 144 41 requisite
639 1093 31 31 in
687 1105 68 20 case
778 1093 38 31 he
836 1093 94 31 intro-

114 1153 98 32 duced
230 1153 87 31 these
333 1152 116 32 lawless
466 1165 104 29 young
584 1154 174 41 gentlemen
773 1159 30 27 to
820 1166 57 19 one
901 1154 32 31 of

113 1214 53 32 the
182 1214 140 41 reigning
339 1218 77 27 stars
433 1214 34 31 of
488 1214 66 31 that
570 1215 105 41 period
687 1228 7 27 ;
721 1215 55 31 but
792 1215 138 32 Olivier's

114 1275 85 32 mind
217 1275 121 31 seemed
353 1275 89 30 made
459 1287 48 29 up,
522 1275 60 31 and
598 1275 51 32 the
665 1287 83 20 more
765 1275 165 41 objections

114 1348 81 21 were
206 1337 100 38 made,
323 1336 54 32 the
393 1336 59 31 less
467 1336 38 31 he
522 1336 128 32 listened
665 1341 31 27 to
712 1336 92 33 them.

157 1398 52 32 He
225 1397 114 42 agreed
348 1402 31 27 to
390 1397 188 41 everything.
623 1397 65 31 The
704 1397 71 42 plan
791 1397 140 32 involved

112 1472 20 19 a
157 1464 99 27 secret
279 1469 103 32 egress
405 1458 78 31 from
505 1458 53 31 the
581 1458 95 32 Hotel
695 1458 36 32 de
747 1458 183 32 Beauvoisin

113 1522 77 32 after
206 1532 93 30 every
315 1531 57 21 one
388 1531 62 21 Avas
464 1519 99 42 asleep
579 1524 30 27 at
624 1519 96 42 night,
735 1519 60 33 and
804 1532 18 20 a
836 1524 94 28 secret

169 1589 51 14 VOL.
239 1589 14 14 I.

834 1587 13 14 r.
