1090 1740
871 99 52 24 203

455 101 113 21 CLAIRE,

100 183 64 22 was
189 175 140 42 severely
350 177 150 32 wounded
524 177 31 31 in
579 177 53 33 the
656 177 69 33 duel
750 177 39 33 he
814 178 109 42 fought

102 235 75 31 with
204 237 41 32 M.
275 238 37 31 de
336 238 161 32 Mottefort
513 252 7 27 ;
555 238 38 32 he
621 250 62 21 was
714 239 130 41 blamed,
872 251 53 20 ex-

102 298 103 40 cused,
225 299 197 40 condemned,
446 299 155 41 absolved,
622 300 56 32 but
695 299 230 43 immoderately

99 357 106 32 talked
227 359 102 31 about.
375 359 52 31 He
451 359 178 41 exchanged
651 359 63 33 into
736 372 19 20 a
773 359 152 43 regiment

102 419 128 33 ordered
246 420 44 32 off
307 425 32 27 to
355 420 137 42 Algeria,
511 420 100 32 where
634 420 46 33 his
701 433 90 20 name
807 421 117 42 figured

99 480 148 32 foremost
263 481 29 31 in
309 481 106 42 nearly
431 492 93 31 every
541 481 87 32 order
644 481 34 32 of
694 482 52 32 the
762 481 60 42 day
834 495 6 27 ;
864 481 61 33 and

100 541 131 32 whither
248 542 111 31 Berthe
381 542 38 31 de
441 542 160 31 Mottefort
619 542 142 32 followed
775 542 73 40 him,
866 542 60 32 and

100 602 131 42 partook
250 602 33 33 of
301 602 47 33 his
372 602 89 33 fame.
508 602 89 43 They
616 615 80 20 were
720 603 152 43 supposed
894 608 31 27 to

101 663 70 33 lead
195 675 18 20 a
237 663 141 43 pleasant
403 664 51 32 life
466 678 7 27 ;
499 664 61 32 and
583 664 52 32 the
660 664 68 32 love
753 664 87 32 these
864 669 62 27 two

100 724 56 33 felt
193 725 47 32 for
278 725 75 32 each
392 724 87 33 other
513 724 62 32 had
612 736 32 20 so
678 725 172 32 vindicated
888 725 38 32 its

100 785 153 42 strength,
282 785 68 32 that
378 785 23 32 it
428 796 64 21 was
523 785 148 32 admitted
696 797 38 20 on
762 785 40 32 all
828 785 98 32 hands

101 847 70 31 that
187 846 109 32 Victor
311 858 64 20 was
398 858 57 20 one
478 845 33 32 of
528 845 52 32 the
600 845 59 33 few
675 845 67 33 who
758 845 61 33 had
834 846 92 32 found

103 908 166 41 happiness
285 908 31 31 in
332 919 39 20 an
387 907 86 32 illicit
489 907 188 32 connection.

147 970 30 31 It
198 981 65 19 was
285 980 116 30 wrong,
428 968 55 32 but
507 968 166 32 successful
698 980 34 20 so
756 968 53 32 far.
855 969 72 31 And

103 1030 112 41 Claire,
248 1029 104 32 whose
379 1029 69 32 love
482 1041 63 20 was
578 1029 76 32 born
688 1029 30 31 in
753 1029 173 42 ignorance,

103 1092 91 32 loved
220 1103 39 19 on
287 1090 89 32 when
408 1090 165 42 ignorance
602 1089 60 32 had
693 1091 114 31 ceased.
854 1092 71 40 Yes,

104 1153 104 32 Claire
231 1151 92 32 loved
347 1163 39 19 on
398 1164 6 27 ;
431 1150 61 32 and
515 1150 130 42 nothing
666 1151 30 31 in
718 1151 54 31 her
795 1151 88 31 mode
899 1151 33 31 of

103 1213 51 32 life
182 1211 162 43 separated
370 1210 56 32 her
452 1210 78 32 from
560 1210 54 32 her
644 1210 78 33 love.
779 1211 60 32 She
865 1222 62 20 was

104 1273 166 44 preserved
286 1272 78 32 from
381 1271 40 33 all
441 1271 88 32 harm
548 1271 60 31 and
629 1270 77 32 from
723 1271 39 32 all
778 1272 150 42 suspicion

104 1336 43 41 by
173 1334 56 32 her
259 1333 162 41 marriage,
450 1332 60 32 and
539 1332 42 42 by
605 1331 52 33 the
690 1332 154 32 character
875 1333 53 31 she

106 1395 111 33 edified
238 1394 47 32 for
305 1393 124 32 herself.
476 1392 67 33 Her
566 1398 146 37 apparent
732 1393 99 32 duties
849 1405 79 20 were

108 1470 33 21 so
167 1455 213 44 scrupulously
405 1454 180 43 performed,
612 1454 54 32 she
690 1467 64 19 was
777 1467 33 20 so
833 1457 97 31 unim-

107 1518 169 44 peachable
298 1517 31 31 in
350 1516 56 32 her
428 1516 130 31 conduct
579 1527 34 20 as
629 1516 77 41 wife,
725 1517 127 41 mother,
870 1518 60 31 and
