1090 1740
402 109 69 21 TWO
493 109 135 21 POWERS.

872 107 56 25 283

104 179 54 33 she
183 181 149 43 believed,
356 186 153 31 mastered
532 197 18 20 a
572 186 152 42 thorough
746 186 181 44 knowledge

104 241 36 31 of
149 241 56 33 her
221 243 176 43 adversary,
416 245 53 33 she
485 246 157 33 advanced
657 259 18 20 a
691 252 66 36 step
773 248 124 34 further.

268 306 6 32 !
325 307 65 31 said
413 307 62 40 she,
526 319 45 21 we
587 308 91 33 know
702 309 73 32 each
797 310 94 41 other,
909 311 17 31 I

216 366 93 41 (Mile,
339 368 37 31 de
406 368 213 42 Mourjonville
643 381 64 20 was
736 382 83 20 more
850 371 76 32 than

101 437 73 20 ever
198 428 188 41 perplexed).
556 441 75 30 poor
864 434 61 31 and

100 486 63 33 into
178 488 61 32 this
256 489 202 32 exclamation
471 490 51 32 the
533 490 153 43 Dowager
697 492 98 32 threw
811 505 18 20 a
841 494 83 41 large

101 552 127 27 amount
245 548 34 31 of
291 548 156 32 Christian
460 550 252 31 commiseration.

146 609 125 31 "Don't
293 609 144 42 imagine,
736 612 187 32 vouchsafed

100 669 63 42 she,
195 670 77 31 with
311 670 147 41 dignified
488 672 154 39 kindness,
705 672 66 32 that
806 672 31 32 in
868 685 55 20 our

97 731 107 42 family
234 744 47 19 we
313 732 38 32 do
378 737 55 27 not
463 732 93 32 know
581 733 70 32 how
677 738 32 27 to
741 733 181 43 distinguish

97 792 142 32 between
266 793 89 31 those
371 793 70 31 who
466 805 50 20 are
532 794 53 31 the
611 794 179 33 misfortune
814 795 33 32 of
868 807 54 20 our

96 858 124 28 nearest
250 854 61 31 and
338 854 129 40 dearest,
497 854 60 32 and
580 854 87 33 those
697 854 78 41 who,
802 866 38 21 on
868 855 55 32 the

96 920 154 36 contrary,
275 915 78 32 have
377 915 78 32 been
480 915 122 42 obliged
624 916 40 41 by
686 915 234 33 circumstances

95 981 33 27 to
144 987 88 21 serve
255 976 105 32 where
383 976 75 41 they
475 981 112 27 cannot
598 981 115 27 esteem
728 989 6 27 ;
758 988 46 20 we
828 977 40 31 all
890 977 34 32 of

95 1048 36 21 us
146 1036 93 33 know
254 1036 149 43 perfectly
416 1036 68 33 Avell
499 1049 77 30 your
592 1037 89 32 claim
695 1042 32 27 to
737 1037 181 42 indulgence

95 1119 43 2 —
139 1103 32 27 to
195 1098 226 32 consideration
421 1118 44 3 —
466 1098 60 32 and
548 1110 48 20 we
623 1110 52 20 are
702 1098 129 43 rejoiced
854 1099 65 31 that

93 1171 53 31 my
177 1159 147 43 unhappy
353 1159 127 32 brother
510 1158 110 33 should
653 1159 77 32 have
762 1159 94 32 found
885 1171 33 20 so

94 1221 202 42 trustworthy
312 1233 19 19 a
345 1232 113 31 person
472 1225 32 27 to
521 1220 119 42 preside
658 1232 72 20 over
745 1220 47 32 his
809 1220 110 32 house-

92 1283 81 41 hold,
201 1283 71 40 and,
296 1282 34 32 of
353 1294 116 28 course,
487 1281 31 32 in
545 1293 18 20 a
587 1281 115 32 certain
725 1281 121 42 degree,
869 1282 48 31 his

134 1406 90 32 After
265 1405 62 32 this
369 1404 156 43 preamble
564 1404 51 31 the
647 1404 154 41 Dowager
834 1404 81 32 drew

90 1467 133 43 Aspasie
240 1467 65 32 into
330 1478 18 20 a
371 1466 221 39 conversation,
610 1465 31 31 in
664 1465 98 32 w-hich
786 1465 51 32 the
853 1470 61 28 two

89 1531 102 40 points
216 1530 90 31 made
333 1529 82 32 clear
437 1533 32 28 to
493 1528 52 32 the
572 1528 117 32 latter's
716 1528 83 32 mind
823 1540 90 29 were,
