1090 1740
146 94 34 27 68

377 101 82 21 LOVE
482 101 62 21 THE
567 99 160 23 AVENGER.

145 179 133 42 African,
296 192 19 20 a
338 192 105 31 young
462 191 72 21 man
558 179 104 32 whose
685 175 130 44 exploits
840 184 83 22 were
938 171 30 32 in

145 253 91 31 every
251 242 116 40 mouth,
382 242 60 32 and
457 241 102 32 whose
571 240 80 33 fame
667 238 83 33 filled
766 236 41 33 all
819 234 149 43 Algerian

144 303 151 33 bulletins.
343 304 62 31 But
420 303 51 32 the
488 303 101 42 purity
606 302 34 32 of
659 301 48 32 his
729 300 159 32 character
903 307 65 21 was

144 377 34 20 as
193 365 118 32 famous
334 377 33 21 as
388 365 47 32 his
460 377 138 29 courage,
616 363 61 32 and
692 362 40 32 all
748 373 71 21 men
836 358 73 34 held
924 369 44 31 up

142 427 162 41 Raymond
319 438 34 21 as
369 438 38 21 an
424 427 147 41 example.

185 488 59 32 His
265 488 180 32 admiration
469 488 46 32 for
539 487 142 32 Madame
702 483 180 34 Beaudouin
904 493 62 21 was

143 549 205 42 undisguised.
395 549 84 43 Why
496 549 110 32 should
627 549 38 32 he
683 546 133 34 descend
839 550 32 27 to
894 544 72 32 hide

142 611 75 31 such
233 616 94 27 sweet
341 623 75 31 pure
432 611 132 42 worship
576 613 14 29 ?
622 611 30 31 It
668 609 90 33 could
773 609 57 32 but
845 608 121 31 honour

141 671 63 32 him
220 672 60 31 and
303 672 62 32 her.
412 673 62 30 But
499 683 17 20 a
542 672 58 42 day
618 683 85 20 came
721 670 92 33 when
828 670 52 32 the
897 669 66 40 fair,

142 733 136 42 serenely
289 733 60 31 still
360 737 208 27 countenance
585 732 35 32 of
631 732 193 32 Clementine
834 731 131 32 beamed

140 794 74 31 with
231 794 74 32 such
331 806 19 19 a
374 794 100 31 divine
497 794 183 42 brightness,
697 793 68 32 that
780 793 54 32 the
849 797 116 27 merest

140 854 160 32 looker-on
330 854 53 32 felt
406 855 54 31 her
490 859 31 27 to
552 855 38 30 be
620 853 215 43 transfigured.
883 852 82 33 That

141 914 59 43 day
216 915 161 42 Raymond
396 915 37 32 de
449 914 138 33 Varades
610 915 146 31 returned
778 919 32 27 to
825 914 138 42 Algeria,

140 974 147 42 although
314 975 38 32 he
373 975 61 32 had
455 975 60 32 still
537 980 61 27 tAvo
623 975 124 32 months
768 987 84 20 more
875 975 90 32 leave

140 1040 32 28 at
187 1036 47 32 his
250 1037 143 42 disposal.
440 1038 65 32 The
527 1038 135 42 glorious
678 1039 78 41 light
775 1039 118 32 burned
913 1051 49 28 on,

140 1097 60 32 and
224 1098 108 32 waned
356 1104 61 35 not,
434 1111 82 29 upon
538 1099 220 32 Clementine's
778 1100 102 40 lovely
896 1100 66 32 face

139 1178 42 3 —
182 1158 52 32 the
250 1159 78 41 light
350 1171 34 20 as
400 1160 33 31 of
454 1172 17 19 a
499 1172 55 19 sun
571 1160 76 40 that,
666 1173 76 20 once
758 1161 90 41 risen,
860 1162 101 31 would

139 1232 93 20 never
248 1225 54 28 set.
346 1222 62 32 She
424 1222 119 32 walked
559 1228 141 36 amongst
715 1235 81 29 men,
813 1228 100 38 Avrapt
929 1235 32 20 as

140 1281 23 32 it
178 1293 79 20 were
283 1281 32 32 in
338 1293 18 20 a
383 1294 106 20 serene
511 1288 131 38 ecstacy,
661 1283 60 33 and
736 1284 55 32 her
807 1285 104 42 purity
928 1296 33 21 as

139 1343 91 31 much
246 1354 33 20 as
295 1343 55 32 her
365 1344 161 32 loveliness
542 1344 172 43 compelled
725 1345 82 32 their
819 1346 141 41 homage.

183 1403 99 32 There
306 1416 79 20 Avere
411 1416 39 20 no
475 1410 86 37 petty
586 1406 203 43 subterfuges,
806 1419 41 20 no
869 1419 92 21 mean

140 1465 231 41 concealments,
399 1466 52 32 the
478 1466 70 32 love
574 1466 94 33 shone
695 1467 81 33 forth
799 1468 31 32 in
858 1469 41 32 all
922 1469 39 32 its

139 1525 160 41 grandeur,
314 1526 135 33 shielded
466 1527 70 42 only
552 1528 41 41 by
609 1528 52 33 the
677 1529 88 40 glory
782 1529 35 32 of
836 1530 39 32 its
891 1542 70 20 own
