1090 1740
293 95 170 22 IMITATION
487 96 273 22 RESPECTABILITY.

879 94 50 25 161

111 181 58 21 one
200 170 63 33 iota
288 172 32 31 in
343 178 127 26 matters
498 173 33 32 of
549 178 91 36 taste,
667 175 60 31 and
749 174 90 33 while
862 181 68 26 out-

111 231 111 42 raging
238 233 109 32 Virtue
371 239 31 26 at
423 245 93 30 every
538 234 87 40 hour,
651 235 59 32 and
730 235 31 32 in
782 236 50 31 the
857 248 73 30 very

111 291 111 42 depths
244 293 35 31 of
299 294 46 31 his
369 295 185 40 conscience,
571 295 47 32 his
640 296 137 32 outward
801 296 50 32 life
868 309 62 19 was

111 353 133 33 devoted
263 359 31 27 to
312 355 53 32 the
387 355 179 42 scrupulous
586 356 133 43 worship
741 357 33 31 of
790 357 51 32 the
861 358 68 40 idol,

112 415 195 32 Seemliness.

154 475 142 32 Madame
313 476 147 32 Claudine
482 488 71 28 was,
571 488 34 20 as
620 477 23 31 it
658 477 55 32 has
729 477 77 33 been
819 479 107 39 stated,

107 536 54 32 the
191 537 158 41 presiding
378 537 84 42 deity
495 538 35 31 of
554 538 53 31 the
637 538 169 32 household
822 553 7 27 ;
868 540 59 31 and

107 598 83 31 what
206 609 18 20 a
239 598 170 32 household
421 599 7 32 !
470 598 94 32 From
581 598 71 33 attic
668 604 32 27 to
716 600 100 40 cellar,
835 612 92 30 every

109 659 91 33 detail
224 659 97 33 defied
345 661 144 42 scrutiny,
508 672 93 31 every
622 662 113 31 service
758 674 63 19 was
845 675 82 19 com-

107 720 91 42 plete.
246 720 140 43 Severity
407 733 63 20 was
490 721 53 32 the
564 721 101 42 ruling
691 722 233 33 characteristic.

107 781 187 42 Equipages,
326 782 129 40 liveries,
487 782 157 41 furniture,
676 783 81 41 plate
759 803 42 3 —
802 783 39 31 all
863 796 63 19 was

108 852 105 21 severe
225 855 7 26 ;
255 841 58 32 but
330 841 33 32 of
376 841 75 32 such
466 853 19 20 a
501 842 137 42 splendid
657 843 133 42 severity
803 844 6 31 !
855 845 72 30 And

107 902 32 31 in
155 902 67 32 that
238 902 98 33 whole
356 902 178 40 household,
552 902 39 32 all
613 914 63 21 was
698 915 32 20 so
754 903 99 43 nicely
868 905 59 30 cal-

108 963 122 33 culated
255 963 69 32 that
349 963 54 32 the
427 963 140 41 slightest
588 963 219 41 derangement
828 965 98 31 would

106 1023 78 32 have
212 1023 111 32 caused
348 1023 198 32 incalculable
574 1023 165 33 confusion.
785 1024 62 32 But
873 1036 52 21 no-

106 1086 90 42 thing
211 1098 64 19 was
290 1098 72 20 ever
376 1087 113 30 known
504 1091 33 26 to
558 1086 78 31 have
658 1086 77 32 been
752 1087 154 41 deranged
918 1101 6 25 ;

107 1147 223 41 derangement
347 1147 34 31 of
392 1159 60 30 any
466 1147 74 31 kind
556 1147 100 31 would
671 1147 79 31 have
766 1147 76 32 been
855 1160 71 19 con-

106 1214 85 36 trary
215 1213 33 27 to
272 1208 54 32 the
349 1208 162 32 traditions
537 1208 33 31 of
592 1208 52 32 the
675 1208 102 32 house.
823 1209 101 31 When

106 1270 143 31 Madame
260 1270 149 31 Claudine
425 1281 62 19 was
500 1270 168 41 appointed
682 1274 32 26 to
724 1269 52 31 the
789 1270 135 30 Favour-

106 1330 119 42 iteship,
243 1330 22 31 it
281 1330 146 31 occurred
448 1330 30 30 in
496 1342 18 19 a
530 1330 92 41 quiet,
641 1330 114 41 seemly
770 1341 77 30 way,
866 1330 59 31 and

106 1404 63 20 was
185 1392 172 42 altogether
373 1404 18 19 a
405 1392 188 31 transaction
608 1391 55 31 full
678 1391 34 31 of
723 1391 123 42 dignity,
864 1393 59 30 and

106 1454 26 32 if
144 1454 54 32 she
214 1454 61 31 had
290 1453 53 32 the
358 1453 144 41 requisite
518 1452 162 42 aptitudes,
697 1452 85 32 there
805 1465 63 20 was
884 1465 39 20 no

105 1527 110 21 reason
225 1515 72 41 why
309 1514 145 33 Madame
465 1514 147 33 Claudine
623 1513 97 42 might
730 1518 53 27 not
798 1514 123 33 become

161 1582 50 15 A'OL.
231 1582 14 15 I.

823 1581 17 14 II
