1090 1740
896 90 50 26 231

341 93 165 23 MONSIEUR
528 94 206 22 MARDONNET.

130 186 44 5 —
174 168 73 32 Had
277 169 114 33 Olivier
414 182 60 31 any
497 171 168 42 principle?
709 172 59 32 No.
815 172 72 31 Had
909 172 38 31 he

130 241 61 30 any
218 234 234 30 amusements?
495 233 59 32 No.
599 233 62 32 Did
687 233 38 32 he
752 238 82 26 want
863 235 85 40 any?

129 290 61 33 No.
237 291 77 32 Was
337 291 38 33 he
397 292 147 42 perfectly
560 293 125 42 healthy
701 293 60 32 and
776 294 143 41 vigorous
930 296 15 30 ?

130 351 74 33 Yes.
251 352 75 32 Was
341 353 39 31 he
402 358 123 27 content
541 354 74 31 with
636 354 47 32 his
699 355 161 41 vegetable
875 355 50 31 life
935 357 13 29 ?

130 413 74 32 Yes.
251 414 77 31 Was
353 414 65 31 that
440 415 130 31 because
593 415 39 31 he
654 416 90 31 knew
764 428 40 19 no
825 416 99 31 better
936 417 13 30 ?

130 474 72 32 Yes.
249 474 90 40 Well,
362 474 83 41 then,
462 474 38 32 he
517 481 84 25 must
626 476 37 31 be
689 476 89 32 made
803 480 31 28 to
859 476 89 31 know

130 535 107 40 better,
265 535 67 32 that
362 547 63 20 was
456 536 47 32 all.
565 536 72 31 And
666 541 33 26 to
728 536 61 31 this
819 537 69 30 task
919 536 32 31 of

130 595 115 32 mental
284 595 225 43 improvement
550 596 169 42 Theophile
764 597 184 31 Mardonnet

130 661 46 27 set
191 656 127 32 himself
336 657 74 31 with
432 657 52 32 the
500 657 98 32 whole
620 669 105 30 power
747 658 60 31 and
822 658 125 32 volition

131 717 34 32 of
176 717 48 32 his
240 729 106 20 coarse
362 722 118 36 nature,
498 718 61 31 and
581 718 68 31 that
663 729 63 20 was
743 730 17 19 a
776 718 79 42 good
870 719 77 39 deal,

131 778 61 32 and
218 777 39 33 he
282 778 169 32 succeeded
474 778 123 42 beyond
617 778 82 32 what
725 778 39 32 he
790 778 62 32 had
877 790 73 20 ven-

131 839 90 31 tured
235 843 33 27 to
284 838 173 40 anticipate.

175 900 31 31 A
229 910 74 31 very
325 898 60 33 few
408 899 169 41 fragments
599 898 33 32 of
652 898 210 33 conversation
878 899 71 32 with

133 960 117 33 Olivier
275 960 143 43 (brought
441 960 92 32 about
555 959 31 32 in
608 959 53 32 the
684 959 77 33 back
782 960 121 42 parlour
919 960 32 32 of

131 1023 54 31 the
202 1026 70 38 post
287 1021 97 42 office)
400 1021 124 32 sufficed
538 1026 32 27 to
584 1020 84 33 show
678 1025 32 28 to
726 1021 41 32 M.
782 1021 167 42 Theophile

131 1084 82 31 what
238 1095 63 19 was
318 1083 54 31 the
397 1082 112 32 calibre
538 1081 33 32 of
591 1081 52 32 the
667 1081 76 32 lad's
765 1081 83 32 mind
859 1095 7 27 ;
890 1082 59 31 and

132 1144 24 32 it
171 1155 64 20 was
251 1144 56 31 but
322 1147 51 27 too
397 1154 73 30 easy
485 1142 46 32 for
545 1141 63 32 him
630 1146 32 27 to
684 1141 119 32 fashion
817 1141 53 32 the
886 1153 62 20 raw

131 1204 141 32 material
296 1204 34 31 of
350 1203 99 32 which
472 1203 39 32 he
538 1202 94 33 found
655 1202 126 33 himself
802 1202 147 43 suddenly

131 1265 171 43 possessed.
349 1265 51 31 He
422 1264 101 42 began
547 1264 41 42 by
614 1264 123 41 lending
764 1263 62 32 him
853 1264 95 32 books

132 1328 61 31 and
218 1327 89 41 plays
333 1330 32 27 to
392 1326 81 39 read,
499 1325 100 31 which
622 1324 52 32 the
701 1325 60 41 boy
788 1325 161 31 concealed

131 1384 76 33 with
240 1383 166 33 admirable
446 1382 159 42 dexterity,
638 1382 151 31 devoured
826 1382 45 31 till
909 1384 38 31 he

130 1447 91 31 knew
251 1445 99 32 whole
380 1456 95 30 pages
506 1444 34 31 of
576 1443 84 32 them
690 1443 41 42 by
759 1443 97 40 heart,
887 1444 60 31 and

130 1506 154 40 returned,
309 1505 130 32 without
461 1516 61 30 any
544 1516 55 20 one
623 1504 114 32 around
767 1504 62 31 him
855 1504 92 42 being
