<?xml version="1.0" encoding="UTF-8"?>
<alto xmlns:xsi="http://www.w3.org/2001/XMLSchema-instance" xsi:noNamespaceSchemaLocation="http://www.bl.uk/schemas/alto/alto-1-4.xsd" xmlns:xlink="http://www.w3.org/1999/xlink">
	<Description>
		<MeasurementUnit>mm10</MeasurementUnit>
		<sourceImageInformation>
			<fileName>//head1/IN/2007-46/A0010888503.1/009722.jp2</fileName>
		</sourceImageInformation>
		<OCRProcessing ID="OCRPROCESSING_1">
			<preProcessingStep>
				<processingSoftware>
					<softwareCreator>CCS Content Conversion Specialists GmbH, Germany</softwareCreator>
					<softwareName>CCS docWORKS</softwareName>
					<softwareVersion>6.1-0.61</softwareVersion>
				</processingSoftware>
			</preProcessingStep>
			<ocrProcessingStep>
				<processingSoftware>
					<softwareCreator>ABBYY (BIT Software), Russia</softwareCreator>
					<softwareName>Finereader</softwareName>
				</processingSoftware>
			</ocrProcessingStep>
		</OCRProcessing>
	</Description>
	<Styles>
		<TextStyle ID="TXT_0" FONTSIZE="11" FONTFAMILY="Courier New"/>
		<TextStyle ID="TXT_1" FONTSIZE="10" FONTFAMILY="Courier New"/>
		<ParagraphStyle ID="PAR_LEFT" ALIGN="Left"/>
		<ParagraphStyle ID="PAR_RIGHT" ALIGN="Right"/>
	</Styles>
	<Layout>
		<Page ID="P186" PHYSICAL_IMG_NR="186" HEIGHT="1740" WIDTH="1090" PRINTED_IMG_NR="174" POSITION="Left" ACCURACY="70.03">
			<TopMargin ID="P186_TM00001" HPOS="0" VPOS="0" WIDTH="1089" HEIGHT="123">
				<TextBlock ID="P186_TB00001" HPOS="172" VPOS="95" WIDTH="53" HEIGHT="26" STYLEREFS="TXT_0 PAR_LEFT">
					<TextLine ID="P186_TL00001" HPOS="172" VPOS="95" WIDTH="53" HEIGHT="26">
						<String ID="P186_ST00001" HPOS="172" VPOS="95" WIDTH="53" HEIGHT="26" CONTENT="174" WC="1.00" CC="000"/>
					</TextLine>
				</TextBlock>
				<TextBlock ID="P186_TB00002" HPOS="403" VPOS="101" WIDTH="354" HEIGHT="22" STYLEREFS="TXT_1 PAR_RIGHT">
					<TextLine ID="P186_TL00002" HPOS="403" VPOS="102" WIDTH="354" HEIGHT="21">
						<String ID="P186_ST00002" HPOS="403" VPOS="102" WIDTH="83" HEIGHT="21" CONTENT="LOVE" WC="0.59" CC="5370"/>
						<SP ID="P186_SP00001" HPOS="486" VPOS="123" WIDTH="22"/>
						<String ID="P186_ST00003" HPOS="508" VPOS="103" WIDTH="65" HEIGHT="20" CONTENT="THE" WC="0.75" CC="060"/>
						<SP ID="P186_SP00002" HPOS="573" VPOS="123" WIDTH="23"/>
						<String ID="P186_ST00004" HPOS="596" VPOS="102" WIDTH="161" HEIGHT="21" CONTENT="AVENGER." WC="0.78" CC="03706000"/>
					</TextLine>
				</TextBlock>
			</TopMargin>
			<LeftMargin ID="P186_LM00001" HPOS="0" VPOS="123" WIDTH="159" HEIGHT="1450"/>
			<RightMargin ID="P186_RM00001" HPOS="1005" VPOS="123" WIDTH="84" HEIGHT="1450"/>
			<BottomMargin ID="P186_BM00001" HPOS="0" VPOS="1573" WIDTH="1089" HEIGHT="166"/>
			<PrintSpace ID="P186_PS00001" HPOS="159" VPOS="123" WIDTH="846" HEIGHT="1450">
				<TextBlock ID="P186_TB00003" HPOS="171" VPOS="176" WIDTH="833" HEIGHT="106" STYLEREFS="TXT_1 PAR_LEFT">
					<TextLine ID="P186_TL00003" HPOS="176" VPOS="177" WIDTH="828" HEIGHT="46">
						<String ID="P186_ST00005" HPOS="176" VPOS="191" WIDTH="98" HEIGHT="22" CONTENT="sneer." WC="0.69" CC="470070"/>
						<SP ID="P186_SP00003" HPOS="274" VPOS="213" WIDTH="49"/>
						<String ID="P186_ST00006" HPOS="323" VPOS="182" WIDTH="17" HEIGHT="14" CONTENT='"' WC="0.54" CC="4"/>
						<SP ID="P186_SP00004" HPOS="340" VPOS="213" WIDTH="13"/>
						<String ID="P186_ST00007" HPOS="353" VPOS="180" WIDTH="104" HEIGHT="33" CONTENT="When" WC="0.65" CC="0706"/>
						<SP ID="P186_SP00005" HPOS="457" VPOS="213" WIDTH="15"/>
						<String ID="P186_ST00008" HPOS="472" VPOS="180" WIDTH="75" HEIGHT="43" CONTENT="they" WC="0.67" CC="5700"/>
						<SP ID="P186_SP00006" HPOS="547" VPOS="223" WIDTH="16"/>
						<String ID="P186_ST00009" HPOS="563" VPOS="192" WIDTH="51" HEIGHT="21" CONTENT="are" WC="0.77" CC="060"/>
						<SP ID="P186_SP00007" HPOS="614" VPOS="223" WIDTH="18"/>
						<String ID="P186_ST00010" HPOS="632" VPOS="191" WIDTH="76" HEIGHT="21" CONTENT="once" WC="0.77" CC="4400"/>
						<SP ID="P186_SP00008" HPOS="708" VPOS="223" WIDTH="18"/>
						<String ID="P186_ST00011" HPOS="726" VPOS="183" WIDTH="68" HEIGHT="29" CONTENT="cast" WC="0.83" CC="0060"/>
						<SP ID="P186_SP00009" HPOS="794" VPOS="223" WIDTH="24"/>
						<String ID="P186_ST00012" HPOS="818" VPOS="178" WIDTH="49" HEIGHT="40" CONTENT="off," WC="0.82" CC="1221"/>
						<SP ID="P186_SP00010" HPOS="867" VPOS="223" WIDTH="18"/>
						<String ID="P186_ST00013" HPOS="885" VPOS="177" WIDTH="119" HEIGHT="43" CONTENT="they're" WC="0.73" CC="0700217"/>
					</TextLine>
					<TextLine ID="P186_TL00004" HPOS="172" VPOS="241" WIDTH="182" HEIGHT="41">
						<String ID="P186_ST00014" HPOS="172" VPOS="241" WIDTH="182" HEIGHT="41" CONTENT='forgotten."' WC="0.72" CC="20600450604"/>
					</TextLine>
				</TextBlock>
				<TextBlock ID="P186_TB00004" HPOS="217" VPOS="301" WIDTH="680" HEIGHT="43" STYLEREFS="TXT_1 PAR_LEFT">
					<TextLine ID="P186_TL00005" HPOS="217" VPOS="301" WIDTH="680" HEIGHT="43">
						<String ID="P186_ST00015" HPOS="217" VPOS="304" WIDTH="99" HEIGHT="31" CONTENT='"You' WC="0.50" CC="4447"/>
						<SP ID="P186_SP00011" HPOS="316" VPOS="335" WIDTH="15"/>
						<String ID="P186_ST00016" HPOS="331" VPOS="303" WIDTH="90" HEIGHT="31" CONTENT="think" WC="0.50" CC="77270"/>
						<SP ID="P186_SP00012" HPOS="421" VPOS="335" WIDTH="17"/>
						<String ID="P186_ST00017" HPOS="438" VPOS="304" WIDTH="81" HEIGHT="31" CONTENT='so?"' WC="0.72" CC="6004"/>
						<SP ID="P186_SP00013" HPOS="519" VPOS="335" WIDTH="20"/>
						<String ID="P186_ST00018" HPOS="539" VPOS="302" WIDTH="179" HEIGHT="42" CONTENT="questioned" WC="0.73" CC="0626060500"/>
						<SP ID="P186_SP00014" HPOS="718" VPOS="344" WIDTH="18"/>
						<String ID="P186_ST00019" HPOS="736" VPOS="301" WIDTH="161" HEIGHT="33" CONTENT="Claudine." WC="0.74" CC="620603200"/>
					</TextLine>
				</TextBlock>
				<TextBlock ID="P186_TB00005" HPOS="166" VPOS="362" WIDTH="839" HEIGHT="107" STYLEREFS="TXT_1 PAR_LEFT">
					<TextLine ID="P186_TL00006" HPOS="215" VPOS="362" WIDTH="790" HEIGHT="45">
						<String ID="P186_ST00020" HPOS="215" VPOS="365" WIDTH="230" HEIGHT="32" CONTENT="Mademoiselle" WC="0.78" CC="000503550310"/>
						<SP ID="P186_SP00015" HPOS="445" VPOS="397" WIDTH="27"/>
						<String ID="P186_ST00021" HPOS="472" VPOS="365" WIDTH="133" HEIGHT="42" CONTENT="Aspasie" WC="0.72" CC="0700660"/>
						<SP ID="P186_SP00016" HPOS="605" VPOS="407" WIDTH="31"/>
						<String ID="P186_ST00022" HPOS="636" VPOS="364" WIDTH="135" HEIGHT="42" CONTENT="laughed" WC="0.65" CC="0170707"/>
						<SP ID="P186_SP00017" HPOS="771" VPOS="407" WIDTH="31"/>
						<String ID="P186_ST00023" HPOS="802" VPOS="375" WIDTH="20" HEIGHT="20" CONTENT="a" WC="1.00" CC="0"/>
						<SP ID="P186_SP00018" HPOS="822" VPOS="407" WIDTH="24"/>
						<String ID="P186_ST00024" HPOS="846" VPOS="362" WIDTH="97" HEIGHT="43" CONTENT="laugh" WC="0.54" CC="70707"/>
						<SP ID="P186_SP00019" HPOS="943" VPOS="407" WIDTH="29"/>
						<String ID="P186_ST00025" HPOS="972" VPOS="363" WIDTH="33" HEIGHT="32" CONTENT="of" WC="0.85" CC="20"/>
					</TextLine>
					<TextLine ID="P186_TL00007" HPOS="166" VPOS="432" WIDTH="170" HEIGHT="37">
						<String ID="P186_ST00026" HPOS="166" VPOS="432" WIDTH="170" HEIGHT="37" CONTENT="contempt." WC="0.67" CC="707008050"/>
					</TextLine>
				</TextBlock>
				<TextBlock ID="P186_TB00006" HPOS="161" VPOS="486" WIDTH="838" HEIGHT="655" STYLEREFS="TXT_1 PAR_LEFT">
					<TextLine ID="P186_TL00008" HPOS="216" VPOS="487" WIDTH="783" HEIGHT="42">
						<String ID="P186_ST00027" HPOS="216" VPOS="489" WIDTH="130" HEIGHT="32" CONTENT='"Think' WC="0.62" CC="407370"/>
						<SP ID="P186_SP00020" HPOS="346" VPOS="521" WIDTH="17"/>
						<String ID="P186_ST00028" HPOS="363" VPOS="489" WIDTH="86" HEIGHT="32" CONTENT='so?"' WC="0.58" CC="5073"/>
						<SP ID="P186_SP00021" HPOS="449" VPOS="521" WIDTH="26"/>
						<String ID="P186_ST00029" HPOS="475" VPOS="489" WIDTH="54" HEIGHT="31" CONTENT="she" WC="0.52" CC="670"/>
						<SP ID="P186_SP00022" HPOS="529" VPOS="521" WIDTH="23"/>
						<String ID="P186_ST00030" HPOS="552" VPOS="488" WIDTH="142" HEIGHT="32" CONTENT="retorted." WC="0.74" CC="610095000"/>
						<SP ID="P186_SP00023" HPOS="694" VPOS="521" WIDTH="51"/>
						<String ID="P186_ST00031" HPOS="745" VPOS="488" WIDTH="105" HEIGHT="40" CONTENT='"Yes,' WC="0.64" CC="63043"/>
						<SP ID="P186_SP00024" HPOS="850" VPOS="528" WIDTH="19"/>
						<String ID="P186_ST00032" HPOS="869" VPOS="487" WIDTH="16" HEIGHT="31" CONTENT="I" WC="0.63" CC="3"/>
						<SP ID="P186_SP00025" HPOS="885" VPOS="528" WIDTH="24"/>
						<String ID="P186_ST00033" HPOS="909" VPOS="487" WIDTH="90" HEIGHT="42" CONTENT="fancy" WC="0.42" CC="09719"/>
					</TextLine>
					<TextLine ID="P186_TL00009" HPOS="169" VPOS="549" WIDTH="830" HEIGHT="42">
						<String ID="P186_ST00034" HPOS="169" VPOS="551" WIDTH="15" HEIGHT="31" CONTENT="I" WC="0.72" CC="2"/>
						<SP ID="P186_SP00026" HPOS="184" VPOS="582" WIDTH="16"/>
						<String ID="P186_ST00035" HPOS="200" VPOS="550" WIDTH="46" HEIGHT="33" CONTENT="do." WC="1.00" CC="000"/>
						<SP ID="P186_SP00027" HPOS="246" VPOS="583" WIDTH="57"/>
						<String ID="P186_ST00036" HPOS="303" VPOS="550" WIDTH="50" HEIGHT="31" CONTENT="No" WC="1.00" CC="00"/>
						<SP ID="P186_SP00028" HPOS="353" VPOS="583" WIDTH="23"/>
						<String ID="P186_ST00037" HPOS="376" VPOS="561" WIDTH="56" HEIGHT="20" CONTENT="one" WC="0.72" CC="061"/>
						<SP ID="P186_SP00029" HPOS="432" VPOS="583" WIDTH="25"/>
						<String ID="P186_ST00038" HPOS="457" VPOS="550" WIDTH="54" HEIGHT="31" CONTENT="has" WC="0.40" CC="754"/>
						<SP ID="P186_SP00030" HPOS="511" VPOS="583" WIDTH="24"/>
						<String ID="P186_ST00039" HPOS="535" VPOS="554" WIDTH="52" HEIGHT="37" CONTENT="got" WC="0.79" CC="005"/>
						<SP ID="P186_SP00031" HPOS="587" VPOS="591" WIDTH="25"/>
						<String ID="P186_ST00040" HPOS="612" VPOS="561" WIDTH="61" HEIGHT="30" CONTENT="any" WC="0.85" CC="040"/>
						<SP ID="P186_SP00032" HPOS="673" VPOS="591" WIDTH="24"/>
						<String ID="P186_ST00041" HPOS="697" VPOS="553" WIDTH="71" HEIGHT="38" CONTENT="past" WC="0.46" CC="7534"/>
						<SP ID="P186_SP00033" HPOS="768" VPOS="591" WIDTH="24"/>
						<String ID="P186_ST00042" HPOS="792" VPOS="561" WIDTH="80" HEIGHT="29" CONTENT="now," WC="0.83" CC="3002"/>
						<SP ID="P186_SP00034" HPOS="872" VPOS="591" WIDTH="29"/>
						<String ID="P186_ST00043" HPOS="901" VPOS="549" WIDTH="98" HEIGHT="32" CONTENT="thank" WC="0.55" CC="87060"/>
					</TextLine>
					<TextLine ID="P186_TL00010" HPOS="168" VPOS="610" WIDTH="830" HEIGHT="43">
						<String ID="P186_ST00044" HPOS="168" VPOS="612" WIDTH="71" HEIGHT="32" CONTENT="God" WC="0.73" CC="700"/>
						<String ID="P186_ST00045" HPOS="252" VPOS="612" WIDTH="6" HEIGHT="32" CONTENT="!" WC="0.54" CC="4"/>
						<SP ID="P186_SP00035" HPOS="258" VPOS="644" WIDTH="46"/>
						<String ID="P186_ST00046" HPOS="304" VPOS="611" WIDTH="30" HEIGHT="31" CONTENT="A" WC="1.00" CC="0"/>
						<SP ID="P186_SP00036" HPOS="334" VPOS="644" WIDTH="23"/>
						<String ID="P186_ST00047" HPOS="357" VPOS="610" WIDTH="80" HEIGHT="42" CONTENT="good" WC="1.00" CC="0000"/>
						<SP ID="P186_SP00037" HPOS="437" VPOS="652" WIDTH="23"/>
						<String ID="P186_ST00048" HPOS="460" VPOS="615" WIDTH="70" HEIGHT="38" CONTENT="past" WC="0.86" CC="0040"/>
						<SP ID="P186_SP00038" HPOS="530" VPOS="653" WIDTH="24"/>
						<String ID="P186_ST00049" HPOS="554" VPOS="611" WIDTH="85" HEIGHT="31" CONTENT="don't" WC="0.69" CC="00644"/>
						<SP ID="P186_SP00039" HPOS="639" VPOS="653" WIDTH="22"/>
						<String ID="P186_ST00050" HPOS="661" VPOS="611" WIDTH="123" HEIGHT="39" CONTENT="benefit," WC="0.70" CC="70601160"/>
						<SP ID="P186_SP00040" HPOS="784" VPOS="653" WIDTH="27"/>
						<String ID="P186_ST00051" HPOS="811" VPOS="610" WIDTH="62" HEIGHT="32" CONTENT="and" WC="0.85" CC="040"/>
						<SP ID="P186_SP00041" HPOS="873" VPOS="653" WIDTH="23"/>
						<String ID="P186_ST00052" HPOS="896" VPOS="622" WIDTH="19" HEIGHT="20" CONTENT="a" WC="1.00" CC="0"/>
						<SP ID="P186_SP00042" HPOS="915" VPOS="653" WIDTH="22"/>
						<String ID="P186_ST00053" HPOS="937" VPOS="611" WIDTH="61" HEIGHT="32" CONTENT="bad" WC="0.76" CC="700"/>
					</TextLine>
					<TextLine ID="P186_TL00011" HPOS="167" VPOS="671" WIDTH="829" HEIGHT="44">
						<String ID="P186_ST00054" HPOS="167" VPOS="677" WIDTH="70" HEIGHT="38" CONTENT="past" WC="0.75" CC="0054"/>
						<SP ID="P186_SP00043" HPOS="237" VPOS="715" WIDTH="28"/>
						<String ID="P186_ST00055" HPOS="265" VPOS="672" WIDTH="84" HEIGHT="32" CONTENT="don't" WC="0.80" CC="00504"/>
						<SP ID="P186_SP00044" HPOS="349" VPOS="715" WIDTH="25"/>
						<String ID="P186_ST00056" HPOS="374" VPOS="671" WIDTH="73" HEIGHT="33" CONTENT="hurt" WC="0.39" CC="7663"/>
						<SP ID="P186_SP00045" HPOS="447" VPOS="715" WIDTH="25"/>
						<String ID="P186_ST00057" HPOS="472" VPOS="684" WIDTH="60" HEIGHT="30" CONTENT="you" WC="0.71" CC="017"/>
						<String ID="P186_ST00058" HPOS="546" VPOS="686" WIDTH="5" HEIGHT="26" CONTENT=";" WC="0.98" CC="0"/>
						<String ID="P186_ST00059" HPOS="555" VPOS="691" WIDTH="41" HEIGHT="4" CONTENT="—" WC="0.20" CC="8"/>
						<String ID="P186_ST00060" HPOS="598" VPOS="671" WIDTH="61" HEIGHT="33" CONTENT="and" WC="0.86" CC="040"/>
						<SP ID="P186_SP00046" HPOS="659" VPOS="715" WIDTH="31"/>
						<String ID="P186_ST00061" HPOS="690" VPOS="671" WIDTH="83" HEIGHT="42" CONTENT="right" WC="0.37" CC="51976"/>
						<SP ID="P186_SP00047" HPOS="773" VPOS="715" WIDTH="31"/>
						<String ID="P186_ST00062" HPOS="804" VPOS="671" WIDTH="94" HEIGHT="42" CONTENT="lucky" WC="0.68" CC="46130"/>
						<SP ID="P186_SP00048" HPOS="898" VPOS="715" WIDTH="24"/>
						<String ID="P186_ST00063" HPOS="922" VPOS="671" WIDTH="25" HEIGHT="33" CONTENT="it" WC="0.78" CC="40"/>
						<SP ID="P186_SP00049" HPOS="947" VPOS="715" WIDTH="25"/>
						<String ID="P186_ST00064" HPOS="972" VPOS="671" WIDTH="24" HEIGHT="33" CONTENT="is" WC="0.48" CC="45"/>
					</TextLine>
					<TextLine ID="P186_TL00012" HPOS="166" VPOS="733" WIDTH="828" HEIGHT="43">
						<String ID="P186_ST00065" HPOS="166" VPOS="734" WIDTH="69" HEIGHT="31" CONTENT="that" WC="0.51" CC="6705"/>
						<SP ID="P186_SP00050" HPOS="235" VPOS="765" WIDTH="11"/>
						<String ID="P186_ST00066" HPOS="246" VPOS="734" WIDTH="23" HEIGHT="31" CONTENT="it" WC="0.35" CC="56"/>
						<SP ID="P186_SP00051" HPOS="269" VPOS="765" WIDTH="15"/>
						<String ID="P186_ST00067" HPOS="284" VPOS="734" WIDTH="25" HEIGHT="31" CONTENT="is" WC="0.47" CC="45"/>
						<SP ID="P186_SP00052" HPOS="309" VPOS="765" WIDTH="17"/>
						<String ID="P186_ST00068" HPOS="326" VPOS="745" WIDTH="41" HEIGHT="20" CONTENT="so." WC="0.83" CC="500"/>
						<SP ID="P186_SP00053" HPOS="367" VPOS="765" WIDTH="48"/>
						<String ID="P186_ST00069" HPOS="415" VPOS="733" WIDTH="114" HEIGHT="43" CONTENT="People" WC="0.84" CC="620000"/>
						<SP ID="P186_SP00054" HPOS="529" VPOS="776" WIDTH="12"/>
						<String ID="P186_ST00070" HPOS="541" VPOS="733" WIDTH="66" HEIGHT="42" CONTENT="just" WC="0.55" CC="1762"/>
						<SP ID="P186_SP00055" HPOS="607" VPOS="776" WIDTH="11"/>
						<String ID="P186_ST00071" HPOS="618" VPOS="734" WIDTH="61" HEIGHT="31" CONTENT="live" WC="0.68" CC="4070"/>
						<SP ID="P186_SP00056" HPOS="679" VPOS="776" WIDTH="17"/>
						<String ID="P186_ST00072" HPOS="696" VPOS="745" WIDTH="38" HEIGHT="20" CONTENT="on" WC="0.69" CC="06"/>
						<SP ID="P186_SP00057" HPOS="734" VPOS="776" WIDTH="17"/>
						<String ID="P186_ST00073" HPOS="751" VPOS="733" WIDTH="84" HEIGHT="32" CONTENT="Avhat" WC="0.69" CC="00752"/>
						<SP ID="P186_SP00058" HPOS="835" VPOS="776" WIDTH="16"/>
						<String ID="P186_ST00074" HPOS="851" VPOS="733" WIDTH="75" HEIGHT="43" CONTENT="they" WC="0.64" CC="6700"/>
						<SP ID="P186_SP00059" HPOS="926" VPOS="776" WIDTH="16"/>
						<String ID="P186_ST00075" HPOS="942" VPOS="745" WIDTH="52" HEIGHT="21" CONTENT="are" WC="0.93" CC="010"/>
					</TextLine>
					<TextLine ID="P186_TL00013" HPOS="166" VPOS="795" WIDTH="828" HEIGHT="42">
						<String ID="P186_ST00076" HPOS="166" VPOS="800" WIDTH="32" HEIGHT="26" CONTENT="at" WC="0.78" CC="04"/>
						<SP ID="P186_SP00060" HPOS="198" VPOS="826" WIDTH="16"/>
						<String ID="P186_ST00077" HPOS="214" VPOS="795" WIDTH="52" HEIGHT="31" CONTENT="the" WC="0.48" CC="870"/>
						<SP ID="P186_SP00061" HPOS="266" VPOS="826" WIDTH="16"/>
						<String ID="P186_ST00078" HPOS="282" VPOS="799" WIDTH="122" HEIGHT="38" CONTENT="present" WC="0.71" CC="0607150"/>
						<SP ID="P186_SP00062" HPOS="404" VPOS="837" WIDTH="16"/>
						<String ID="P186_ST00079" HPOS="420" VPOS="800" WIDTH="145" HEIGHT="35" CONTENT="moment," WC="0.78" CC="0500432"/>
						<SP ID="P186_SP00063" HPOS="565" VPOS="837" WIDTH="20"/>
						<String ID="P186_ST00080" HPOS="585" VPOS="795" WIDTH="61" HEIGHT="31" CONTENT="and" WC="0.72" CC="080"/>
						<SP ID="P186_SP00064" HPOS="646" VPOS="837" WIDTH="21"/>
						<String ID="P186_ST00081" HPOS="667" VPOS="795" WIDTH="22" HEIGHT="31" CONTENT="it" WC="0.59" CC="52"/>
						<SP ID="P186_SP00065" HPOS="689" VPOS="837" WIDTH="18"/>
						<String ID="P186_ST00082" HPOS="707" VPOS="795" WIDTH="26" HEIGHT="31" CONTENT="is" WC="0.39" CC="56"/>
						<SP ID="P186_SP00066" HPOS="733" VPOS="837" WIDTH="21"/>
						<String ID="P186_ST00083" HPOS="754" VPOS="795" WIDTH="81" HEIGHT="31" CONTENT="their" WC="0.51" CC="47335"/>
						<SP ID="P186_SP00067" HPOS="835" VPOS="837" WIDTH="15"/>
						<String ID="P186_ST00084" HPOS="850" VPOS="795" WIDTH="144" HEIGHT="32" CONTENT="business" WC="0.51" CC="75067165"/>
					</TextLine>
					<TextLine ID="P186_TL00014" HPOS="165" VPOS="856" WIDTH="829" HEIGHT="42">
						<String ID="P186_ST00085" HPOS="165" VPOS="861" WIDTH="33" HEIGHT="26" CONTENT="to" WC="0.54" CC="53"/>
						<SP ID="P186_SP00068" HPOS="198" VPOS="887" WIDTH="25"/>
						<String ID="P186_ST00086" HPOS="223" VPOS="868" WIDTH="50" HEIGHT="19" CONTENT="see" WC="0.81" CC="500"/>
						<SP ID="P186_SP00069" HPOS="273" VPOS="887" WIDTH="22"/>
						<String ID="P186_ST00087" HPOS="295" VPOS="856" WIDTH="69" HEIGHT="31" CONTENT="that" WC="0.62" CC="4703"/>
						<SP ID="P186_SP00070" HPOS="364" VPOS="887" WIDTH="22"/>
						<String ID="P186_ST00088" HPOS="386" VPOS="856" WIDTH="74" HEIGHT="42" CONTENT="they" WC="0.70" CC="4700"/>
						<SP ID="P186_SP00071" HPOS="460" VPOS="898" WIDTH="22"/>
						<String ID="P186_ST00089" HPOS="482" VPOS="856" WIDTH="92" HEIGHT="31" CONTENT="make" WC="0.75" CC="9000"/>
						<SP ID="P186_SP00072" HPOS="574" VPOS="898" WIDTH="24"/>
						<String ID="P186_ST00090" HPOS="598" VPOS="856" WIDTH="81" HEIGHT="31" CONTENT="their" WC="0.47" CC="67056"/>
						<SP ID="P186_SP00073" HPOS="679" VPOS="898" WIDTH="26"/>
						<String ID="P186_ST00091" HPOS="705" VPOS="861" WIDTH="124" HEIGHT="37" CONTENT="present" WC="0.70" CC="0506071"/>
						<SP ID="P186_SP00074" HPOS="829" VPOS="898" WIDTH="25"/>
						<String ID="P186_ST00092" HPOS="854" VPOS="862" WIDTH="140" HEIGHT="27" CONTENT="moment" WC="0.85" CC="020060"/>
					</TextLine>
					<TextLine ID="P186_TL00015" HPOS="165" VPOS="918" WIDTH="827" HEIGHT="44">
						<String ID="P186_ST00093" HPOS="165" VPOS="930" WIDTH="18" HEIGHT="19" CONTENT="a" WC="1.00" CC="0"/>
						<SP ID="P186_SP00075" HPOS="183" VPOS="949" WIDTH="22"/>
						<String ID="P186_ST00094" HPOS="205" VPOS="930" WIDTH="183" HEIGHT="30" CONTENT="prosperous" WC="0.76" CC="0004007065"/>
						<SP ID="P186_SP00076" HPOS="388" VPOS="960" WIDTH="25"/>
						<String ID="P186_ST00095" HPOS="413" VPOS="930" WIDTH="65" HEIGHT="29" CONTENT="one," WC="0.66" CC="4801"/>
						<SP ID="P186_SP00077" HPOS="478" VPOS="960" WIDTH="30"/>
						<String ID="P186_ST00096" HPOS="508" VPOS="918" WIDTH="61" HEIGHT="31" CONTENT="and" WC="0.78" CC="060"/>
						<SP ID="P186_SP00078" HPOS="569" VPOS="960" WIDTH="22"/>
						<String ID="P186_ST00097" HPOS="591" VPOS="918" WIDTH="80" HEIGHT="32" CONTENT="have" WC="0.52" CC="6560"/>
						<SP ID="P186_SP00079" HPOS="671" VPOS="960" WIDTH="24"/>
						<String ID="P186_ST00098" HPOS="695" VPOS="919" WIDTH="108" HEIGHT="41" CONTENT="plenty" WC="0.68" CC="040860"/>
						<SP ID="P186_SP00080" HPOS="803" VPOS="960" WIDTH="26"/>
						<String ID="P186_ST00099" HPOS="829" VPOS="919" WIDTH="34" HEIGHT="32" CONTENT="of" WC="0.89" CC="20"/>
						<SP ID="P186_SP00081" HPOS="863" VPOS="960" WIDTH="20"/>
						<String ID="P186_ST00100" HPOS="883" VPOS="931" WIDTH="109" HEIGHT="31" CONTENT="every" SUBS_TYPE="HypPart1" SUBS_CONTENT="everything," WC="0.75" CC="070402"/>
						<HYP CONTENT="-"/>
					</TextLine>
					<TextLine ID="P186_TL00016" HPOS="165" VPOS="979" WIDTH="827" HEIGHT="43">
						<String ID="P186_ST00101" HPOS="165" VPOS="980" WIDTH="97" HEIGHT="40" CONTENT="thing," SUBS_TYPE="HypPart2" SUBS_CONTENT="everything," WC="0.57" CC="076092"/>
						<SP ID="P186_SP00082" HPOS="262" VPOS="1020" WIDTH="19"/>
						<String ID="P186_ST00102" HPOS="281" VPOS="979" WIDTH="59" HEIGHT="32" CONTENT="and" WC="0.77" CC="060"/>
						<SP ID="P186_SP00083" HPOS="340" VPOS="1020" WIDTH="23"/>
						<String ID="P186_ST00103" HPOS="363" VPOS="991" WIDTH="50" HEIGHT="20" CONTENT="are" WC="0.50" CC="860"/>
						<SP ID="P186_SP00084" HPOS="413" VPOS="1020" WIDTH="16"/>
						<String ID="P186_ST00104" HPOS="429" VPOS="979" WIDTH="73" HEIGHT="32" CONTENT="wise" WC="0.48" CC="9460"/>
						<SP ID="P186_SP00085" HPOS="502" VPOS="1020" WIDTH="25"/>
						<String ID="P186_ST00105" HPOS="527" VPOS="980" WIDTH="124" HEIGHT="40" CONTENT="enough" WC="0.78" CC="000507"/>
						<SP ID="P186_SP00086" HPOS="651" VPOS="1020" WIDTH="24"/>
						<String ID="P186_ST00106" HPOS="675" VPOS="985" WIDTH="31" HEIGHT="26" CONTENT="to" WC="1.00" CC="00"/>
						<SP ID="P186_SP00087" HPOS="706" VPOS="1020" WIDTH="24"/>
						<String ID="P186_ST00107" HPOS="730" VPOS="980" WIDTH="52" HEIGHT="42" CONTENT="lay" WC="0.88" CC="300"/>
						<SP ID="P186_SP00088" HPOS="782" VPOS="1022" WIDTH="15"/>
						<String ID="P186_ST00108" HPOS="797" VPOS="981" WIDTH="51" HEIGHT="41" CONTENT="by," WC="0.73" CC="502"/>
						<SP ID="P186_SP00089" HPOS="848" VPOS="1022" WIDTH="20"/>
						<String ID="P186_ST00109" HPOS="868" VPOS="992" WIDTH="33" HEIGHT="21" CONTENT="so" WC="0.66" CC="60"/>
						<SP ID="P186_SP00090" HPOS="901" VPOS="1022" WIDTH="21"/>
						<String ID="P186_ST00110" HPOS="922" VPOS="981" WIDTH="70" HEIGHT="33" CONTENT="that" WC="0.55" CC="6703"/>
					</TextLine>
					<TextLine ID="P186_TL00017" HPOS="163" VPOS="1041" WIDTH="829" HEIGHT="44">
						<String ID="P186_ST00111" HPOS="163" VPOS="1041" WIDTH="52" HEIGHT="30" CONTENT="the" WC="0.65" CC="270"/>
						<SP ID="P186_SP00091" HPOS="215" VPOS="1071" WIDTH="24"/>
						<String ID="P186_ST00112" HPOS="239" VPOS="1045" WIDTH="123" HEIGHT="37" CONTENT="present" WC="0.74" CC="0704060"/>
						<SP ID="P186_SP00092" HPOS="362" VPOS="1082" WIDTH="24"/>
						<String ID="P186_ST00113" HPOS="386" VPOS="1052" WIDTH="72" HEIGHT="30" CONTENT="may" WC="1.00" CC="000"/>
						<SP ID="P186_SP00093" HPOS="458" VPOS="1082" WIDTH="28"/>
						<String ID="P186_ST00114" HPOS="486" VPOS="1042" WIDTH="122" HEIGHT="39" CONTENT="endure," WC="0.72" CC="0704402"/>
						<SP ID="P186_SP00094" HPOS="608" VPOS="1082" WIDTH="27"/>
						<String ID="P186_ST00115" HPOS="635" VPOS="1042" WIDTH="61" HEIGHT="31" CONTENT="and" WC="0.83" CC="040"/>
						<SP ID="P186_SP00095" HPOS="696" VPOS="1082" WIDTH="27"/>
						<String ID="P186_ST00116" HPOS="723" VPOS="1042" WIDTH="50" HEIGHT="32" CONTENT="the" WC="0.67" CC="270"/>
						<SP ID="P186_SP00096" HPOS="773" VPOS="1082" WIDTH="26"/>
						<String ID="P186_ST00117" HPOS="799" VPOS="1047" WIDTH="70" HEIGHT="38" CONTENT="past" WC="0.67" CC="0353"/>
						<SP ID="P186_SP00097" HPOS="869" VPOS="1085" WIDTH="27"/>
						<String ID="P186_ST00118" HPOS="896" VPOS="1055" WIDTH="96" HEIGHT="20" CONTENT="never" WC="0.69" CC="70502"/>
					</TextLine>
					<TextLine ID="P186_TL00018" HPOS="164" VPOS="1101" WIDTH="313" HEIGHT="40">
						<String ID="P186_ST00119" HPOS="164" VPOS="1113" WIDTH="84" HEIGHT="19" CONTENT="come" WC="0.77" CC="0080"/>
						<SP ID="P186_SP00098" HPOS="248" VPOS="1132" WIDTH="16"/>
						<String ID="P186_ST00120" HPOS="264" VPOS="1101" WIDTH="77" HEIGHT="31" CONTENT="back" WC="0.77" CC="0026"/>
						<SP ID="P186_SP00099" HPOS="341" VPOS="1132" WIDTH="17"/>
						<String ID="P186_ST00121" HPOS="358" VPOS="1101" WIDTH="119" HEIGHT="40" CONTENT='again."' WC="0.71" CC="0006507"/>
					</TextLine>
				</TextBlock>
				<TextBlock ID="P186_TB00007" HPOS="159" VPOS="1161" WIDTH="829" HEIGHT="287" STYLEREFS="TXT_1 PAR_LEFT">
					<TextLine ID="P186_TL00019" HPOS="204" VPOS="1162" WIDTH="784" HEIGHT="42">
						<String ID="P186_ST00122" HPOS="204" VPOS="1162" WIDTH="228" HEIGHT="32" CONTENT="Mademoiselle" WC="0.91" CC="000000160030"/>
						<SP ID="P186_SP00100" HPOS="432" VPOS="1194" WIDTH="25"/>
						<String ID="P186_ST00123" HPOS="457" VPOS="1162" WIDTH="129" HEIGHT="42" CONTENT="Aspasie" WC="0.75" CC="0600640"/>
						<SP ID="P186_SP00101" HPOS="586" VPOS="1204" WIDTH="25"/>
						<String ID="P186_ST00124" HPOS="611" VPOS="1163" WIDTH="172" HEIGHT="33" CONTENT="inculcated" WC="0.82" CC="1106200500"/>
						<SP ID="P186_SP00102" HPOS="783" VPOS="1204" WIDTH="19"/>
						<String ID="P186_ST00125" HPOS="802" VPOS="1165" WIDTH="62" HEIGHT="31" CONTENT="this" WC="0.35" CC="8737"/>
						<SP ID="P186_SP00103" HPOS="864" VPOS="1204" WIDTH="22"/>
						<String ID="P186_ST00126" HPOS="886" VPOS="1166" WIDTH="102" HEIGHT="32" CONTENT="lesson" WC="0.66" CC="406603"/>
					</TextLine>
					<TextLine ID="P186_TL00020" HPOS="162" VPOS="1224" WIDTH="826" HEIGHT="44">
						<String ID="P186_ST00127" HPOS="162" VPOS="1224" WIDTH="74" HEIGHT="31" CONTENT="with" WC="0.29" CC="9557"/>
						<SP ID="P186_SP00104" HPOS="236" VPOS="1255" WIDTH="30"/>
						<String ID="P186_ST00128" HPOS="266" VPOS="1224" WIDTH="183" HEIGHT="41" CONTENT="apparently" WC="0.76" CC="6000507400"/>
						<SP ID="P186_SP00105" HPOS="449" VPOS="1265" WIDTH="31"/>
						<String ID="P186_ST00129" HPOS="480" VPOS="1228" WIDTH="107" HEIGHT="38" CONTENT="strong" WC="0.70" CC="607040"/>
						<SP ID="P186_SP00106" HPOS="587" VPOS="1266" WIDTH="30"/>
						<String ID="P186_ST00130" HPOS="617" VPOS="1225" WIDTH="182" HEIGHT="42" CONTENT="conviction," WC="0.71" CC="00795040040"/>
						<SP ID="P186_SP00107" HPOS="799" VPOS="1267" WIDTH="34"/>
						<String ID="P186_ST00131" HPOS="833" VPOS="1227" WIDTH="69" HEIGHT="41" CONTENT="and," WC="0.80" CC="0403"/>
						<SP ID="P186_SP00108" HPOS="902" VPOS="1268" WIDTH="34"/>
						<String ID="P186_ST00132" HPOS="936" VPOS="1229" WIDTH="52" HEIGHT="31" CONTENT="de" SUBS_TYPE="HypPart1" SUBS_CONTENT="developing" WC="0.76" CC="700"/>
						<HYP CONTENT="-"/>
					</TextLine>
					<TextLine ID="P186_TL00021" HPOS="160" VPOS="1285" WIDTH="827" HEIGHT="44">
						<String ID="P186_ST00133" HPOS="160" VPOS="1285" WIDTH="144" HEIGHT="41" CONTENT="veloping" SUBS_TYPE="HypPart2" SUBS_CONTENT="developing" WC="0.79" CC="70400400"/>
						<SP ID="P186_SP00109" HPOS="304" VPOS="1326" WIDTH="22"/>
						<String ID="P186_ST00134" HPOS="326" VPOS="1285" WIDTH="52" HEIGHT="31" CONTENT="the" WC="0.58" CC="570"/>
						<SP ID="P186_SP00110" HPOS="378" VPOS="1326" WIDTH="23"/>
						<String ID="P186_ST00135" HPOS="401" VPOS="1285" WIDTH="103" HEIGHT="31" CONTENT="theme" WC="0.81" CC="07001"/>
						<SP ID="P186_SP00111" HPOS="504" VPOS="1326" WIDTH="24"/>
						<String ID="P186_ST00136" HPOS="528" VPOS="1285" WIDTH="233" HEIGHT="44" CONTENT="complacently," WC="0.83" CC="0007000060502"/>
						<SP ID="P186_SP00112" HPOS="761" VPOS="1329" WIDTH="29"/>
						<String ID="P186_ST00137" HPOS="790" VPOS="1287" WIDTH="100" HEIGHT="33" CONTENT="added" WC="1.00" CC="00000"/>
						<SP ID="P186_SP00113" HPOS="890" VPOS="1329" WIDTH="27"/>
						<String ID="P186_ST00138" HPOS="917" VPOS="1289" WIDTH="70" HEIGHT="32" CONTENT="that" WC="0.73" CC="3700"/>
					</TextLine>
					<TextLine ID="P186_TL00022" HPOS="160" VPOS="1345" WIDTH="826" HEIGHT="43">
						<String ID="P186_ST00139" HPOS="160" VPOS="1345" WIDTH="200" HEIGHT="43" CONTENT="personalties" WC="0.76" CC="006505000603"/>
						<SP ID="P186_SP00114" HPOS="360" VPOS="1388" WIDTH="22"/>
						<String ID="P186_ST00140" HPOS="382" VPOS="1345" WIDTH="34" HEIGHT="32" CONTENT="of" WC="0.77" CC="04"/>
						<SP ID="P186_SP00115" HPOS="416" VPOS="1388" WIDTH="18"/>
						<String ID="P186_ST00141" HPOS="434" VPOS="1345" WIDTH="137" HEIGHT="34" CONTENT="intrinsic" WC="0.69" CC="660011650"/>
						<SP ID="P186_SP00116" HPOS="571" VPOS="1388" WIDTH="15"/>
						<String ID="P186_ST00142" HPOS="586" VPOS="1347" WIDTH="100" HEIGHT="32" CONTENT="worth" WC="0.77" CC="02017"/>
						<SP ID="P186_SP00117" HPOS="686" VPOS="1388" WIDTH="15"/>
						<String ID="P186_ST00143" HPOS="701" VPOS="1360" WIDTH="82" HEIGHT="21" CONTENT="were" WC="0.87" CC="0050"/>
						<SP ID="P186_SP00118" HPOS="783" VPOS="1388" WIDTH="16"/>
						<String ID="P186_ST00144" HPOS="799" VPOS="1349" WIDTH="85" HEIGHT="33" CONTENT="what" WC="0.56" CC="9700"/>
						<SP ID="P186_SP00119" HPOS="884" VPOS="1388" WIDTH="22"/>
						<String ID="P186_ST00145" HPOS="906" VPOS="1362" WIDTH="80" HEIGHT="21" CONTENT="were" WC="0.60" CC="9050"/>
					</TextLine>
					<TextLine ID="P186_TL00023" HPOS="159" VPOS="1407" WIDTH="386" HEIGHT="41">
						<String ID="P186_ST00146" HPOS="159" VPOS="1412" WIDTH="34" HEIGHT="26" CONTENT="to" WC="0.58" CC="80"/>
						<SP ID="P186_SP00120" HPOS="193" VPOS="1438" WIDTH="14"/>
						<String ID="P186_ST00147" HPOS="207" VPOS="1407" WIDTH="39" HEIGHT="32" CONTENT="be" WC="0.56" CC="71"/>
						<SP ID="P186_SP00121" HPOS="246" VPOS="1439" WIDTH="14"/>
						<String ID="P186_ST00148" HPOS="260" VPOS="1407" WIDTH="115" HEIGHT="41" CONTENT="mostly" WC="0.74" CC="035130"/>
						<SP ID="P186_SP00122" HPOS="375" VPOS="1448" WIDTH="15"/>
						<String ID="P186_ST00149" HPOS="390" VPOS="1407" WIDTH="100" HEIGHT="32" CONTENT="aimed" WC="0.89" CC="05000"/>
						<SP ID="P186_SP00123" HPOS="490" VPOS="1448" WIDTH="16"/>
						<String ID="P186_ST00150" HPOS="506" VPOS="1413" WIDTH="39" HEIGHT="27" CONTENT="at." WC="0.84" CC="040"/>
					</TextLine>
				</TextBlock>
				<TextBlock ID="P186_TB00008" HPOS="160" VPOS="1468" WIDTH="826" HEIGHT="105" STYLEREFS="TXT_1 PAR_LEFT">
					<TextLine ID="P186_TL00024" HPOS="204" VPOS="1468" WIDTH="779" HEIGHT="49">
						<String ID="P186_ST00151" HPOS="204" VPOS="1468" WIDTH="70" HEIGHT="32" CONTENT='"M.' WC="0.85" CC="400"/>
						<SP ID="P186_SP00124" HPOS="274" VPOS="1500" WIDTH="25"/>
						<String ID="P186_ST00152" HPOS="299" VPOS="1468" WIDTH="28" HEIGHT="32" CONTENT="le" WC="0.57" CC="62"/>
						<SP ID="P186_SP00125" HPOS="327" VPOS="1500" WIDTH="23"/>
						<String ID="P186_ST00153" HPOS="350" VPOS="1469" WIDTH="169" HEIGHT="42" CONTENT='Marquis,"' WC="0.68" CC="005066503"/>
						<SP ID="P186_SP00126" HPOS="519" VPOS="1511" WIDTH="26"/>
						<String ID="P186_ST00154" HPOS="545" VPOS="1470" WIDTH="111" HEIGHT="42" CONTENT="opined" WC="0.80" CC="006500"/>
						<SP ID="P186_SP00127" HPOS="656" VPOS="1512" WIDTH="23"/>
						<String ID="P186_ST00155" HPOS="679" VPOS="1472" WIDTH="63" HEIGHT="40" CONTENT="she," WC="0.63" CC="6700"/>
						<SP ID="P186_SP00128" HPOS="742" VPOS="1512" WIDTH="26"/>
						<String ID="P186_ST00156" HPOS="768" VPOS="1474" WIDTH="215" HEIGHT="43" CONTENT="approvingly," WC="0.69" CC="000536570602"/>
					</TextLine>
					<TextLine ID="P186_TL00025" HPOS="160" VPOS="1529" WIDTH="826" HEIGHT="44">
						<String ID="P186_ST00157" HPOS="160" VPOS="1530" WIDTH="18" HEIGHT="14" CONTENT='"' WC="0.55" CC="4"/>
						<SP ID="P186_SP00129" HPOS="178" VPOS="1544" WIDTH="13"/>
						<String ID="P186_ST00158" HPOS="191" VPOS="1529" WIDTH="24" HEIGHT="32" CONTENT="is" WC="0.51" CC="36"/>
						<SP ID="P186_SP00130" HPOS="215" VPOS="1561" WIDTH="17"/>
						<String ID="P186_ST00159" HPOS="232" VPOS="1541" WIDTH="38" HEIGHT="20" CONTENT="an" WC="0.65" CC="06"/>
						<SP ID="P186_SP00131" HPOS="270" VPOS="1561" WIDTH="17"/>
						<String ID="P186_ST00160" HPOS="287" VPOS="1530" WIDTH="139" HEIGHT="42" CONTENT="example" WC="0.78" CC="0920030"/>
						<SP ID="P186_SP00132" HPOS="426" VPOS="1572" WIDTH="24"/>
						<String ID="P186_ST00161" HPOS="450" VPOS="1531" WIDTH="30" HEIGHT="31" CONTENT="in" WC="0.77" CC="04"/>
						<SP ID="P186_SP00133" HPOS="480" VPOS="1572" WIDTH="24"/>
						<String ID="P186_ST00162" HPOS="504" VPOS="1531" WIDTH="68" HEIGHT="32" CONTENT="that" WC="0.57" CC="2742"/>
						<SP ID="P186_SP00134" HPOS="572" VPOS="1572" WIDTH="22"/>
						<String ID="P186_ST00163" HPOS="594" VPOS="1538" WIDTH="168" HEIGHT="35" CONTENT="respect—" WC="0.80" CC="00600018"/>
						<String ID="P186_ST00164" HPOS="763" VPOS="1534" WIDTH="40" HEIGHT="32" CONTENT="all" WC="0.77" CC="060"/>
						<SP ID="P186_SP00135" HPOS="803" VPOS="1573" WIDTH="24"/>
						<String ID="P186_ST00165" HPOS="827" VPOS="1534" WIDTH="46" HEIGHT="32" CONTENT="his" WC="0.52" CC="751"/>
						<SP ID="P186_SP00136" HPOS="873" VPOS="1573" WIDTH="16"/>
						<String ID="P186_ST00166" HPOS="889" VPOS="1539" WIDTH="97" HEIGHT="29" CONTENT="tastes" WC="0.73" CC="305105"/>
					</TextLine>
				</TextBlock>
			</PrintSpace>
		</Page>
	</Layout>
</alto>
