1090 1740
874 99 33 25 35

395 101 63 21 THE
481 102 129 21 APPEAL.

92 176 125 41 Olivier,
257 177 72 41 only
366 188 51 21 see
453 177 53 33 the
543 178 123 43 muddy,
705 178 204 42 insignificant

92 238 175 42 colouring;
298 238 55 33 but
383 238 68 33 feed
480 239 52 32 the
562 240 60 42 girl
650 240 77 41 well,
760 240 59 31 and
849 252 60 30 you

92 300 102 32 would
218 312 73 20 soon
322 312 50 20 see
398 300 69 32 how
494 301 84 32 she'd
605 313 85 21 come
715 306 62 28 out.
824 301 85 33 She's

93 361 72 42 only

169 422 101 31 Br-r-r
278 422 7 32 !
329 422 171 42 responded
514 422 38 32 he
564 423 69 31 who
644 422 61 32 had
721 422 77 32 been
814 423 95 31 called

92 482 126 33 Olivier.
308 483 16 31 I
354 483 79 32 have
462 495 39 19 no
526 487 79 28 taste
632 483 156 32 whatever
816 483 46 31 for
892 495 18 19 a

92 546 122 41 hungry
241 545 133 32 heroine.
423 546 16 31 I
468 546 55 31 tell
551 557 63 30 you
643 545 25 32 it
697 546 24 31 is
753 545 71 41 only
849 557 60 29 you

92 606 105 31 artists
228 606 68 31 who
328 618 51 20 see
401 606 114 42 beauty
537 606 31 31 in
599 618 75 29 your
697 607 128 39 dreams,
850 606 60 31 and

92 667 162 31 distribute
274 667 25 31 it
320 671 32 27 to
375 666 88 32 those
487 667 68 31 who
578 666 78 32 have
678 678 40 20 no
740 671 83 27 trace
839 667 34 31 of
887 667 23 31 it

93 729 32 30 in
140 729 194 32 themselves.
381 728 135 40 Besides,
533 728 69 31 how
618 739 56 20 can
696 740 19 19 a
737 739 120 20 woman
871 728 39 31 be

93 790 164 31 otherwise
279 789 76 32 than
379 789 74 41 ugly
474 788 103 32 unless
601 788 53 32 she
677 788 26 32 is
726 789 123 32 dressed
862 801 7 20 :
892 801 19 20 a

94 851 119 42 sloppy,
230 851 125 40 ragged,
374 849 234 42 draggle-tailed
630 849 58 41 girl
708 849 74 31 with
798 861 18 20 a
832 850 78 41 dirty

95 912 98 31 shawl
216 923 72 20 over
311 911 54 31 her
388 910 79 32 head
489 911 26 31 is
535 915 54 27 not
612 922 18 20 a
653 921 127 21 woman.
827 911 82 31 Bah!

94 984 54 30 my
164 972 72 32 dear
252 972 107 39 Henri,
377 971 24 32 it
416 971 118 42 maybe
549 971 77 31 hard
642 970 59 32 and
712 970 196 41 unchristian,

94 1033 63 31 and
180 1033 40 31 all
243 1032 67 32 that
334 1037 62 27 sort
423 1032 33 32 of
484 1032 96 40 thing,
605 1031 55 32 but
684 1030 50 33 the
760 1042 73 30 poor
859 1042 50 20 are

92 1095 116 41 always

780 1585 15 15 D
811 1581 11 19 2
