1090 1740
141 120 53 25 218

372 128 83 20 LOVE
477 128 66 20 THE
565 127 162 21 AVENGER.

144 205 34 32 of
204 205 221 32 unachievable
453 204 164 42 happiness
630 217 6 27 ;
661 203 60 32 and
749 203 54 31 she
830 202 61 31 had
919 206 53 27 too

141 266 129 43 usefully
295 267 78 42 busy
389 278 18 20 a
427 266 50 32 life
501 271 31 27 to
557 265 90 33 alloAv
672 265 36 32 of
726 277 61 30 any
804 264 166 33 sentimen-

140 328 96 42 tality,
255 328 34 32 of
307 341 61 29 any
384 328 60 31 idle
460 327 202 43 melancholy.
712 327 78 41 Still,
813 339 35 20 as
866 326 103 33 Claire

140 402 64 19 Avas
229 402 19 19 a
274 395 68 27 true
370 402 129 28 woman,
532 389 104 42 loving
665 389 62 31 and
757 388 116 41 tender,
906 388 62 32 and

140 451 117 32 formed
273 452 41 41 by
329 457 108 26 nature
453 456 32 27 to
500 451 115 32 radiate
632 463 74 20 over
729 450 52 33 the
804 451 165 41 plenteous

135 514 71 41 joys
231 513 34 32 of
284 525 18 20 a
328 514 104 41 happy
459 514 99 39 home,
587 513 86 32 there
704 525 81 20 were
811 518 156 27 moments

140 574 89 32 Avhen
259 575 53 31 the
339 575 121 32 failures
491 575 34 31 of
554 575 55 32 her
639 575 49 31 life
720 586 81 20 Avere
831 575 135 41 brought

140 635 89 33 home
256 641 32 27 to
311 635 62 42 her,
390 636 61 32 and
476 636 90 32 when
589 635 53 33 the
666 636 243 32 heart-sickness
935 636 37 32 of

140 697 265 42 discouragement
430 698 101 31 seized
560 698 62 32 her.
681 698 101 31 These
809 703 155 26 moments

139 771 79 20 Avere
234 772 68 19 rare
317 760 62 31 and
395 760 190 41 short-lived,
609 760 61 31 and
693 761 55 30 she
764 760 123 42 quickly
902 760 63 32 and

139 820 124 42 bravely
289 822 199 30 surmounted
518 821 95 41 them,
646 821 61 31 and
738 825 48 27 set
816 827 31 25 to
879 820 86 34 work

137 882 91 40 again
244 882 172 40 cheerfully.

182 943 67 33 One
280 944 35 31 of
341 944 53 31 the
425 949 91 27 worst
549 944 35 31 of
616 944 88 32 these
735 949 152 27 moments
919 944 46 32 for

137 1005 99 32 Claire
252 1005 61 32 had
334 1005 78 32 been
439 1005 53 32 the
519 1005 93 42 being
637 1005 135 42 brought
797 1005 65 32 into
887 1005 76 33 such

138 1066 149 42 suddenly
304 1066 79 32 close
400 1072 122 27 contact
538 1067 72 32 Avith
626 1067 146 32 Madame
795 1067 36 32 de
847 1067 116 32 Motte-

137 1126 59 32 fort
212 1138 39 21 on
267 1127 90 32 Good
373 1128 124 42 Friday,
514 1128 46 32 for
584 1133 31 27 to
640 1129 53 31 the
717 1128 115 43 feeling
858 1128 33 32 of
908 1128 57 32 her

138 1199 69 20 own
223 1188 161 32 loneliness
400 1189 61 31 had
477 1190 77 31 been
574 1190 100 31 added
697 1190 52 31 the
765 1190 198 42 involuntary

137 1248 175 33 conviction
336 1249 68 32 that
427 1249 135 32 Victor's
589 1251 50 31 life
662 1263 64 19 was
747 1252 127 40 wasted,
900 1251 63 32 and

137 1309 108 41 Claire,
273 1310 69 32 avIio
370 1311 89 31 could
485 1316 116 27 master
631 1312 55 32 her
713 1325 69 19 own
814 1313 56 41 ills,
898 1326 66 19 Avas

136 1372 87 31 weak
246 1376 33 27 at
306 1373 162 41 accepting
483 1374 88 32 those
597 1375 69 31 that
691 1375 108 32 should
815 1375 71 33 visit
908 1375 56 32 her

136 1433 115 32 cousin.
299 1434 62 32 She
388 1435 96 31 shook
511 1436 44 31 off
573 1436 55 33 her
655 1449 69 20 own
749 1437 129 42 trouble,
908 1437 55 32 but

135 1493 126 42 anxiety
288 1494 46 32 for
361 1495 46 31 his
433 1496 53 31 left
509 1508 18 20 a
554 1497 112 43 deeper
693 1498 88 32 mark
808 1498 74 32 than
908 1499 55 32 she

135 1553 115 32 herself
268 1567 62 19 Avas
347 1567 100 20 aware
465 1557 37 30 of.
