1090 1740
147 98 51 26 100

377 104 81 20 LOVE
481 103 64 21 THE
569 100 161 23 AVENGER.

404 179 193 43 interrupted
628 177 146 33 Madame
803 176 38 32 de
873 175 102 32 Beau-

143 242 107 41 voisin,
387 253 61 31 you
472 240 112 42 regard
606 239 53 33 the
683 237 238 34 establishment
946 235 34 32 of

143 304 84 32 one's
254 304 134 32 children
413 304 31 31 in
467 303 53 32 the
543 302 78 42 light
645 301 34 32 of
699 313 17 20 a
737 300 192 33 deliverance
931 318 44 3 —

142 370 81 28 most
249 376 127 32 persons
401 365 38 32 do
441 385 43 2 —
485 365 15 31 I
522 365 86 31 don't
624 377 7 28 ;
655 363 60 33 and
732 363 16 32 I
770 366 108 39 repeat
893 361 33 42 it,
951 360 28 32 if

142 428 15 31 I
174 439 50 20 am
242 432 55 27 not
315 427 154 32 mistaken
471 447 43 2 —
515 426 100 32 which
638 426 16 32 I
675 437 95 21 never
786 437 64 20 was
871 424 32 31 in
919 435 54 30 my

142 488 49 32 life
193 508 43 3 —
237 500 46 20 we
306 488 79 32 shall
404 488 78 32 have
505 499 19 20 a
541 487 76 32 hard
633 486 75 33 time
730 486 35 33 of
783 486 23 32 it
826 491 33 27 to
880 486 92 32 make

142 550 100 32 Claire
259 562 41 28 go
317 562 55 20 our
388 550 98 40 waj'."

217 613 62 30 But
301 612 15 31 I
334 612 96 41 really
451 611 79 32 have
557 623 40 19 no
625 623 69 30 way
718 610 31 32 in

141 672 138 40 objected
295 673 144 30 Madame
456 672 37 31 de
510 672 156 32 Clavreuil
682 672 116 40 gently.

184 733 66 32 The
267 733 155 42 Marquise
444 733 150 41 surveyed
615 733 55 31 her
697 733 40 32 all
764 745 73 20 over
859 733 74 32 Avith
953 745 18 20 a

140 794 108 40 glance
265 794 34 31 of
310 799 156 35 contempt
481 794 102 32 Avhich
599 794 53 32 she
670 794 51 31 did
737 799 55 27 not
808 807 59 20 see.

215 856 114 32 Indeed
397 855 53 32 she
467 855 144 32 retorted.
689 856 92 38 Well,
798 856 16 32 I
830 856 88 33 have.
954 857 15 32 I

141 917 38 32 do
203 923 55 27 not
282 917 108 33 intend
417 918 66 32 that
505 917 52 33 the
584 917 197 42 magnificent
812 918 119 33 fortune
954 920 15 31 I

140 978 78 32 have
241 978 93 42 given
358 979 100 32 Claire
482 979 52 32 the
566 980 177 42 enjoyment
769 980 34 32 of
830 981 78 32 shall
930 982 39 32 be

214 1102 62 31 But
286 1102 101 41 surely
400 1102 115 32 Olivier
527 1103 62 31 will
603 1115 50 20 see
663 1109 31 26 to
820 1105 147 33 observed

141 1163 143 31 Madame
301 1163 37 31 de
356 1163 161 31 Clavreuil.

405 1225 170 32 exclaimed
590 1225 53 33 the
666 1226 167 43 Marquise,
851 1227 76 33 with
951 1240 18 20 a

141 1285 86 31 smile
247 1285 34 31 of
301 1285 164 32 disdainful
489 1286 142 42 surprise.
710 1287 90 42 Well,
820 1289 14 31 I
859 1289 110 33 should

141 1346 77 32 have
235 1347 93 41 given
352 1347 63 31 him
433 1359 17 20 a
476 1352 123 37 strange
622 1348 163 33 education
802 1350 30 42 if,
851 1350 118 44 having

141 1420 49 21 me
206 1408 45 32 for
267 1420 17 21 a
300 1409 128 39 mother,
446 1409 39 33 he
503 1409 108 33 should
628 1411 105 33 dream
753 1412 34 32 of
798 1414 171 34 manasinc

141 1469 47 33 his
210 1482 68 20 own
305 1470 101 33 affairs
419 1485 7 28 ;
450 1471 55 32 but
533 1472 22 33 it
580 1474 102 31 would
704 1474 38 32 be
770 1486 17 20 a
814 1475 67 42 pity
900 1475 69 33 that

142 1530 47 33 his
219 1531 68 33 wife
315 1532 108 32 should
454 1534 90 32 make
576 1546 59 31 any
666 1535 67 42 silly
761 1541 142 36 attempts
934 1542 33 27 to
