1090 1740
202 71 34 27 80

435 78 83 21 LOVE
540 78 65 21 THE
627 75 161 24 AVENGER.

203 156 121 33 seemed
338 160 32 28 to
394 167 85 21 come
500 155 78 32 from
597 165 84 21 some
705 150 185 44 mysterious
911 159 118 30 source,

202 217 60 33 and
285 216 151 34 savoured
455 228 33 21 as
511 216 23 33 it
550 227 81 22 Avere
653 215 36 33 of
705 212 210 42 immortality.
963 211 68 32 Her

203 278 93 43 dress,
314 279 34 32 of
358 291 19 20 a
392 291 75 30 very
481 278 70 43 pale
573 275 243 35 saw-coloured
831 273 117 44 poplin,
965 283 66 22 was

202 346 31 27 at
249 353 75 20 once
341 353 104 20 severe
461 339 61 33 and
544 339 207 43 picturesque,
768 338 54 32 the
846 347 100 32 upper
961 338 70 39 part

202 403 102 41 fitting
319 403 74 32 Avith
410 403 149 42 exquisite
575 400 163 45 precision,
756 399 55 33 the
835 399 96 32 lower
945 397 86 32 flow-

203 465 53 42 ing
271 465 64 32 into
350 465 65 32 rich
439 465 139 41 swelling
601 463 164 42 draperies,
783 473 35 20 as
841 460 31 32 in
892 471 18 21 a
926 459 106 33 Vene-

202 526 63 32 tian
290 526 126 42 picture.
463 525 83 33 Over
573 525 52 32 the
652 524 106 42 glossy
785 533 105 21 waves
915 520 36 33 of
976 520 56 33 her

203 587 142 32 chestnut
367 586 67 33 hair
458 586 51 43 lay
525 597 19 21 a
557 586 143 43 fauchon
720 584 35 33 of
775 584 51 32 old
849 582 179 44 point-lace,

203 648 135 42 meeting
367 648 96 32 under
493 647 52 33 the
577 647 80 41 chin,
687 647 60 31 and
777 645 169 41 encircling
976 644 55 32 the

204 714 93 27 sweet
318 709 64 32 face
407 708 33 33 of
457 708 53 33 the
526 719 115 22 wearer
656 707 75 33 with
755 719 18 20 a
794 711 83 28 most
893 705 137 43 graceful

204 770 120 41 setting.

246 832 29 30 It
300 831 118 31 calmed
444 842 70 31 you,
532 831 30 31 in
588 830 79 43 spite
689 830 33 32 of
738 829 145 43 yourself,
901 835 32 27 to
954 829 74 32 look

203 903 83 31 upon
299 892 87 31 Aunt
402 891 199 41 Clementine,
621 891 59 32 and
705 891 53 32 the
780 890 134 43 serenity
930 890 35 33 of
976 890 53 33 her

204 953 98 32 Avhole
323 953 92 42 being
440 953 122 32 seemed
584 964 34 20 as
645 952 120 43 though
788 952 22 32 it
832 952 102 43 might
950 952 79 32 calm

204 1014 110 31 almost
330 1026 60 28 any
405 1014 117 32 inward
538 1019 103 27 storm.

247 1076 61 31 But
324 1087 50 20 ere
391 1075 54 32 she
461 1075 62 32 had
545 1075 138 32 released
703 1075 55 32 her
777 1075 87 32 niece
885 1075 79 32 from
979 1075 52 33 the

205 1137 140 32 embrace
369 1137 32 30 in
422 1136 101 32 which
550 1136 62 41 she,
642 1148 39 20 on
708 1137 56 31 her
791 1141 153 37 entrance,
978 1149 53 20 en-

205 1198 102 32 folded
322 1197 63 41 her,
397 1198 143 31 Madame
557 1198 180 32 Beaudouin
755 1210 63 20 saw
827 1199 70 32 that
913 1199 41 32 all
965 1210 66 21 was

206 1264 53 27 not
275 1259 82 41 right
373 1259 74 32 with
463 1259 110 33 Claire.

251 1320 61 34 She
335 1320 141 32 resumed
498 1320 56 32 her
571 1332 69 20 own
664 1326 66 28 seat
753 1321 127 44 quietly,
905 1322 127 43 looking

208 1381 71 32 with
302 1381 108 32 tender
430 1386 192 28 earnestness
645 1387 33 27 at
701 1381 55 33 her
783 1382 94 42 niece,
906 1383 69 32 who
1000 1388 32 28 at

207 1443 65 31 first
287 1442 73 33 bent
376 1442 88 33 down
479 1448 33 27 to
528 1454 101 21 caress
645 1454 18 21 a
683 1443 182 43 greyhound
882 1444 69 32 who
968 1457 64 20 was

208 1504 136 42 sleeping
366 1504 102 32 before
491 1504 53 32 the
567 1504 63 42 fire,
648 1505 60 31 and
724 1504 75 33 then
824 1505 83 32 drew
932 1518 18 20 a
972 1506 59 33 low
