1090 1740
405 105 82 20 LOVE
509 103 65 22 THE
597 100 161 23 AVENGER.

171 102 33 25 10

172 186 77 40 law;
275 184 38 32 he
343 183 61 32 had
436 192 86 21 come
553 189 102 22 across
685 177 54 32 the
769 174 77 43 path
879 172 34 33 of
939 171 64 33 this

172 258 83 31 poor,
275 244 137 42 striving,
433 243 112 32 honest
560 251 131 28 woman,
708 237 63 33 and
786 234 134 34 doomed
947 233 56 32 her

173 313 32 27 to
230 305 156 33 incurable
410 304 122 41 miser}',
559 301 61 32 and
647 300 51 32 the
724 299 72 41 only
824 297 85 32 child
934 295 69 33 that

172 381 62 21 was
265 368 52 32 left
344 367 85 32 them
437 385 43 4 —
487 377 17 20 a
529 364 57 42 girl
595 382 42 4 —
644 367 32 27 to
702 360 77 33 total
809 357 191 35 destitution.

172 431 52 32 All
249 430 70 40 this,
344 429 61 32 and
428 439 77 20 even
528 437 94 28 more,
648 424 61 32 had
737 421 119 34 Claude
881 419 121 43 Raynal

172 494 87 38 done,
283 492 55 32 but
363 491 38 32 he
426 489 61 32 had
514 489 78 31 been
617 486 53 33 the
694 496 108 21 means
830 483 35 32 of
885 482 117 41 raising

171 553 62 33 this
249 553 147 32 woman's
419 550 187 33 self-esteem
630 553 32 27 to
685 547 53 32 the
764 546 126 41 highest
913 544 88 43 point

172 616 23 31 it
210 615 89 32 could
315 614 97 33 attain
433 614 31 32 in
487 624 34 21 so
537 612 126 32 humble
687 622 19 20 a
730 610 110 42 sphere
863 620 35 21 as
918 608 82 40 hers,

171 677 62 31 and
255 677 54 31 she
332 688 62 20 was
419 675 109 32 tender
543 674 34 33 of
595 674 65 32 him
675 673 48 32 for
738 672 53 32 the
815 670 186 43 superiority

172 738 38 31 he
234 749 79 30 gave
338 738 63 31 her.
450 736 114 43 People
595 735 30 32 in
658 735 61 32 this
747 733 135 43 position
908 733 93 31 know

171 800 131 40 nothing
315 799 34 32 of
360 799 95 31 moral
472 810 33 20 or
517 798 118 32 mental
651 808 168 32 processes,
833 796 57 32 but
906 795 95 42 dimly

171 860 59 32 feel
244 860 119 32 results.
393 859 144 33 Claude's
553 857 254 43 unenlightened,
826 856 175 43 struggling

172 921 68 32 wife
256 921 61 31 had
332 933 41 20 no
389 921 231 31 consciousness
641 920 35 32 of
694 920 85 31 what
795 931 64 20 was
875 919 127 42 passing

172 982 106 31 within
294 982 64 40 her,
375 982 56 31 but
447 982 54 32 she
518 986 102 28 strove
642 982 62 31 and
728 981 133 32 suffered
876 981 47 32 for
945 981 56 32 her

172 1043 154 31 wretched
349 1042 141 32 husband
513 1043 73 31 with
603 1055 18 19 a
645 1043 94 31 brave
755 1043 157 32 maternal
934 1048 68 27 ten-

172 1104 124 32 derness
310 1116 6 27 ;
341 1103 61 31 and
425 1103 90 32 when
536 1104 39 31 he
599 1104 50 41 lay
669 1104 77 32 dead
774 1105 104 32 before
901 1105 56 32 her
958 1124 44 3 —

172 1165 87 39 dead,
283 1169 32 27 at
338 1165 68 39 last,
424 1164 78 32 from
524 1165 213 33 drunkenness
739 1185 41 3 —
783 1166 55 32 she
855 1166 55 33 felt
932 1167 69 32 that

172 1226 54 32 the
250 1226 85 32 chief
357 1237 91 21 cause
476 1226 34 32 of
536 1226 55 33 her
621 1232 89 37 great
741 1228 109 41 worth,
884 1228 34 32 of
945 1229 56 32 her

172 1287 152 43 womanly
337 1287 109 41 worth,
464 1287 61 32 had
537 1287 158 43 departed,
713 1289 61 31 and
790 1290 55 32 she
862 1290 138 40 grieved.

216 1348 127 33 Besides
364 1348 40 33 all
431 1348 70 41 this,
525 1353 61 37 too,
612 1349 51 32 the
686 1352 101 30 man's
810 1351 105 33 illness
939 1353 62 32 had

173 1414 65 28 cost
255 1421 120 32 money,
387 1410 45 32 for
448 1410 25 32 it
488 1410 61 32 had
564 1410 99 33 lasted
680 1412 72 42 long
764 1413 78 32 after
854 1415 147 42 repeated

174 1471 119 31 attacks
310 1471 33 32 of
355 1472 144 31 delirium
515 1478 128 26 tremens
662 1473 62 32 had
741 1475 160 33 enfeebled
917 1476 64 32 him
993 1491 7 27 ;

174 1532 60 31 and
249 1532 47 31 his
312 1532 105 39 burial,
431 1533 99 32 which
543 1534 52 32 the
612 1535 109 32 widow
733 1536 141 33 resolved
890 1537 111 34 should
