1090 1740
139 101 52 26 290

367 108 82 20 LOVE
472 108 65 20 THE
560 105 161 23 AVENGER.

138 185 89 43 forty,
258 185 61 33 and
349 197 61 30 you
440 185 94 32 won't
564 183 44 32 fill
639 187 54 28 out
693 202 44 3 —
739 181 76 32 dark
842 191 121 21 women

136 246 90 41 don't,
244 257 120 22 women
380 245 35 32 of
436 257 54 20 our
638 243 63 43 (the
725 241 157 44 Marquise
898 252 65 22 was

136 319 33 21 so
185 319 93 31 eager
293 307 68 33 that
376 306 54 32 she
444 310 83 28 went
543 305 32 32 in
590 305 47 32 for
653 304 83 32 what
758 304 54 32 she
828 302 135 43 thought

135 368 237 33 condescension
385 368 31 41 !),
483 379 120 20 Avomen
628 366 36 32 of
692 378 56 20 our
774 364 75 33 kind
876 363 86 33 don't

134 432 148 41 improve.
328 430 15 31 I
366 429 91 32 know
478 429 175 41 Moranges.
701 427 104 32 When
826 438 62 30 you
908 429 53 38 get

134 497 31 27 to
196 492 70 32 look
293 491 60 32 like
378 503 38 19 an
442 489 131 43 English
604 489 50 33 old
679 489 91 41 maid,
800 489 70 33 lean
896 488 63 33 and

132 555 135 41 angular,
284 565 33 20 as
333 565 60 30 you
410 552 61 31 will
488 551 47 42 do,
554 551 38 32 he
609 551 61 32 will
692 550 127 44 politely
836 549 122 34 dismiss

132 623 60 31 you
194 630 41 5 —
237 611 39 33 he
292 611 60 32 will
375 611 80 32 have
478 610 69 32 nice
570 610 124 42 looking
716 621 122 21 women
862 609 31 31 in
909 609 48 31 his

132 672 240 40 establishment,
390 672 66 41 rely
471 683 83 30 upon
566 671 76 32 that.
692 671 89 40 Now,
796 683 62 30 you
874 683 51 20 are
938 683 19 20 a

131 732 144 43 practical
291 744 110 31 person
425 743 33 21 as
474 732 15 31 I
507 743 59 29 am,
584 731 62 32 and
668 732 201 41 respectable,
893 732 63 32 and

129 793 79 33 have
224 806 94 20 never
341 793 90 33 cared
447 793 46 32 for
517 793 53 32 the
587 792 91 32 sinful
694 793 130 32 vanities
849 793 35 32 of
902 793 53 33 the

130 855 75 32 lives
239 855 49 32 led
320 855 41 43 by
384 854 76 33 such
488 859 154 28 creatures
670 866 33 21 as
731 854 69 33 that
823 866 130 29 woman,

129 915 149 33 therefore
294 916 24 32 it
340 916 135 32 behoves
490 927 61 31 you
575 920 29 28 to
620 915 73 33 take
717 927 68 21 care
809 915 34 33 of
863 928 92 31 your-

205 1036 72 31 And
293 1036 141 32 Madame
459 1036 31 32 la
506 1036 158 42 Marquise
682 1036 62 32 will
768 1036 71 43 help
855 1048 49 21 me
922 1042 31 27 to

130 1097 37 32 do
184 1108 33 21 so
228 1098 15 31 ?
287 1097 168 40 suggested
470 1097 139 40 Aspasie.

273 1158 68 33 idea
356 1158 103 32 would
575 1158 136 43 rejoined
733 1159 53 32 the
808 1160 147 42 practical

129 1219 161 42 Dowager,
341 1219 67 32 that
419 1231 61 30 you
497 1219 108 32 should
621 1220 38 32 be
674 1220 131 32 enabled
818 1225 32 28 to
862 1222 92 32 retire

129 1291 83 30 upon
245 1291 38 20 an
315 1279 228 42 independence
574 1280 35 32 of
638 1292 55 31 say
723 1281 68 32 four
830 1294 33 19 or
893 1283 61 31 five

129 1340 152 33 thousand
297 1340 98 33 francs
419 1352 107 31 a-year
543 1341 33 32 of
598 1354 78 30 your
698 1355 69 20 own
769 1363 43 4 —
813 1344 100 32 which
929 1344 26 32 is

129 1401 51 33 the
196 1401 110 33 double
323 1401 35 33 of
369 1401 83 33 what
467 1403 15 31 I
499 1415 94 30 prove
609 1408 33 28 to
658 1416 62 30 you
736 1405 68 32 that
819 1417 61 30 you
897 1417 58 22 can

129 1475 71 19 ever
222 1463 79 42 hope
317 1467 32 28 to
372 1464 72 41 gain
458 1478 6 27 ;
466 1483 44 5 —
510 1476 47 21 we
582 1465 65 32 said
671 1471 54 28 ten
740 1478 90 31 years
846 1472 32 28 at
894 1468 61 32 five

128 1523 151 32 thousand
294 1523 99 32 francs
