1090 1740
403 92 49 19 MY
475 91 143 20 NEPHEAV.

867 87 53 24 175

100 178 54 21 are
171 179 33 20 so
221 168 83 32 solid.
351 169 14 30 I
381 168 89 31 know
492 168 53 32 the
569 169 149 41 objection
741 170 90 31 made
847 169 25 31 is
889 175 31 26 to

101 227 80 33 their
204 229 148 42 austerity
352 249 43 3 —
396 229 68 41 and,
481 229 31 31 in
535 241 83 20 some
643 230 120 41 degree,
781 231 15 30 I
819 231 101 31 would

102 291 115 41 myself
243 291 98 41 object
370 295 32 27 to
432 291 67 31 that
523 296 51 26 too
587 304 6 28 ;
626 292 54 31 but
706 292 47 31 his
778 304 57 29 age
859 292 61 31 and

104 351 161 32 education
288 356 128 27 account
438 351 47 31 for
508 364 17 19 a
547 353 82 40 good
645 352 74 32 deal.
767 352 66 32 The
849 365 70 19 men

104 412 35 31 of
160 413 47 31 his
230 413 59 41 day
304 425 79 19 were
407 424 84 20 more
508 413 124 40 serious,
651 414 60 31 and
733 414 71 31 held
825 418 32 27 to
872 426 48 19 re-

103 486 74 29 pose
193 475 59 31 and
269 475 152 41 quietness
444 486 32 20 as
492 479 33 27 to
541 486 17 20 a
574 475 92 42 proof
678 475 34 32 of
729 475 81 42 good
824 481 79 27 taste
912 490 7 27 ;

101 534 65 41 but,
183 535 142 32 however
340 535 68 32 that
422 547 71 30 may
508 536 47 39 be,
573 536 84 31 there
679 536 25 31 is
725 548 39 19 no
781 536 95 32 doubt
892 536 32 32 of

100 595 52 31 the
179 596 77 31 solid
286 596 203 41 genuineness
519 596 35 31 of
580 596 189 41 everything.
823 597 95 31 What

100 656 91 41 plate,
209 657 61 31 and
285 657 90 39 linen,
394 657 60 31 and
466 657 147 32 furniture
625 670 5 27 ;
649 657 80 31 what
744 658 156 31 valuables
911 658 6 32 !

101 715 60 41 Ah,
186 728 60 29 you
270 728 50 19 are
343 728 18 19 a
384 716 152 32 fortunate
563 729 118 28 person,
707 717 150 32 Madame.
904 718 15 30 I

100 775 86 32 don't
202 787 55 31 say
272 788 61 30 you
357 776 85 31 don't
465 776 126 31 deserve
614 788 75 30 your
712 777 69 31 luck
782 797 42 3 —
825 778 55 31 but
896 778 24 31 it

100 836 27 31 is
142 836 73 31 luck
231 837 40 30 all
286 837 52 31 the
360 849 83 19 same
445 856 41 3 —
488 837 70 31 luck
580 837 68 31 that
670 838 106 30 makes
791 849 60 29 you
867 838 52 31 the

103 897 98 40 object
217 897 34 31 of
262 897 153 31 universal

146 958 149 31 Claudine
320 958 127 31 listened
471 958 129 41 silently,
625 958 54 31 but
702 957 72 32 with
796 958 122 32 evident

103 1019 196 40 satisfaction,
317 1023 31 27 to
370 1019 61 31 this
453 1019 98 42 praise
568 1018 34 32 of
618 1018 56 32 her
695 1018 79 42 good
790 1018 127 33 fortune.

101 1080 88 32 After
205 1092 18 19 a
243 1092 104 30 pause,
365 1081 109 40 during
490 1080 100 31 which
612 1080 55 31 her
688 1092 145 29 memory,
850 1093 68 29 per-

99 1140 86 42 haps,
209 1140 131 32 recalled
364 1145 32 26 to
424 1140 54 31 her
504 1140 52 31 the
582 1145 167 26 comments
777 1141 53 31 she
856 1141 61 32 had

99 1201 105 41 heard,
221 1202 54 31 the
290 1201 89 42 night
398 1201 111 41 before,
527 1213 82 30 upon
629 1201 53 32 her
698 1214 69 19 own
790 1215 127 29 appear-

100 1275 73 18 ance
188 1276 5 17 :

173 1324 82 31 How
278 1335 53 29 my
342 1323 108 42 jewels
473 1335 51 20 are
547 1323 154 32 devoured
720 1324 42 40 by
776 1323 52 33 the
845 1336 71 30 eyes

98 1385 35 32 of
155 1385 42 31 all
221 1384 88 32 those
336 1384 59 31 fine
578 1384 52 32 she
661 1385 176 32 remarked:

97 1447 84 31 can't
211 1446 71 42 help
314 1445 103 42 seeing
447 1445 52 32 the
530 1446 152 31 sensation
712 1445 72 42 they
815 1451 98 28 create

95 1508 165 32 whenever
276 1508 16 31 I
308 1519 80 20 wear
403 1507 94 32 them.
543 1508 98 31 There
652 1519 62 20 was
728 1519 56 21 one
793 1519 118 21 woman
