1090 1740
176 108 33 25 16

408 113 82 20 LOVE
514 113 63 20 THE
601 110 160 23 AVENGER.

174 189 146 32 over-due
346 200 84 20 more
453 188 74 32 than
562 198 19 22 a
612 187 114 40 month,
752 185 54 33 the
830 184 172 44 proprietor

174 250 73 32 took
278 250 46 32 his
350 249 188 43 precedence
570 248 34 33 of
627 248 88 33 other
746 247 160 40 creditors,
939 246 63 33 and

173 311 109 32 seized.
329 311 46 31 As
395 310 53 32 the
469 321 76 32 poor
563 309 129 33 wooden
712 308 101 41 coffin,
837 308 98 32 borne
959 319 41 21 on

172 385 57 20 one
245 374 99 30 man's
361 372 150 40 shoulder,
527 383 62 20 was
600 370 119 32 carried
730 375 54 27 out
800 369 35 33 of
845 369 52 33 the
909 369 87 44 shop,

170 435 52 33 the
234 435 100 32 bailiff
345 434 118 32 walked
478 434 65 31 into
559 433 32 41 it,
609 432 61 33 and
685 432 74 32 took
775 431 176 43 possession
968 431 34 32 of

169 496 40 32 all
224 496 26 32 it
266 496 171 40 contained,
455 499 110 37 except
582 507 57 20 one
651 494 69 32 bed.

211 557 102 33 When
337 557 171 32 Madeleine
541 568 86 21 came
662 557 91 31 home
786 556 79 33 from
890 557 104 42 seeing

168 619 54 32 her
245 619 147 32 mother's
422 619 132 32 remains
587 623 58 39 put
677 619 63 32 into
769 618 52 33 the
849 630 144 21 common

167 692 93 30 grave
284 680 33 32 of
345 692 139 31 paupers,
510 680 55 32 she
588 680 94 32 found
706 680 53 32 the
782 692 72 21 men
879 681 34 31 of
932 681 59 32 law

166 745 32 27 at
220 741 79 32 their
321 742 79 41 grim
432 741 84 32 work
530 755 7 28 ;
567 741 100 32 which
700 753 63 20 was
787 754 76 20 soon
879 742 111 41 ended,

165 802 86 32 there
267 814 62 20 was
341 814 32 20 so
389 802 78 32 little
483 807 33 27 to
532 802 88 33 seize.
659 803 67 32 The
737 804 171 42 proprietor
924 817 66 20 was

166 867 54 27 not
235 874 19 20 a
268 863 60 32 bad
349 875 80 30 man,
448 864 60 32 and
523 864 39 32 he
579 864 65 32 said
659 864 53 32 the
728 865 58 41 girl
803 865 101 42 might
920 871 70 38 stay

164 935 19 20 a
197 923 58 33 few
271 924 83 42 days.
402 925 62 32 She
488 926 79 31 tried
582 930 31 27 to
630 925 38 32 do
685 937 33 21 so
727 939 7 27 ;
759 927 70 40 and,
847 926 54 33 .for
924 932 63 28 two

164 984 84 42 days,
262 985 165 32 continued
442 991 31 27 to
490 991 50 27 eat
549 987 52 32 the
613 987 88 32 small
716 988 136 32 remains
868 988 35 33 of
914 988 73 33 food

162 1045 55 31 she
233 1046 89 31 could
337 1046 71 32 find.
455 1047 62 32 She
533 1048 132 42 thought
681 1049 67 32 that
764 1049 85 42 grief
860 1050 47 32 for
930 1051 55 32 her

162 1107 145 32 mother's
334 1108 60 32 loss
411 1110 164 40 possessed
595 1110 54 32 her
663 1124 7 27 ;
695 1123 33 19 so
745 1111 24 32 it
786 1112 51 31 did
862 1113 47 32 till
932 1114 53 33 the

162 1168 111 31 animal
290 1173 99 28 wants
415 1181 94 22 came.
558 1171 61 32 But
646 1171 53 32 the
725 1172 67 32 cold
822 1174 35 42 (it
879 1186 65 21 was
968 1187 18 21 a

162 1230 89 41 sharp
278 1229 187 43 November)
498 1231 132 43 pinched
660 1233 74 42 her;
769 1234 61 32 and
863 1235 121 43 hunger

160 1291 130 41 gnawed
313 1297 32 27 at
369 1292 63 41 her,
450 1293 60 32 and
526 1293 52 33 the
595 1295 147 33 darkness
761 1296 62 32 and
850 1297 133 34 solitude

158 1352 172 41 frightened
345 1352 64 42 her,
429 1354 69 41 and,
516 1366 39 20 on
571 1355 52 32 the
648 1356 104 32 fourth
769 1357 69 43 day,
856 1358 55 33 she
924 1371 56 21 ran

158 1418 61 34 out,
244 1413 123 43 leaving
389 1415 53 32 the
467 1416 75 32 door
566 1429 79 30 open
670 1418 114 33 behind
812 1418 64 43 her,
909 1422 71 41 and,

159 1474 119 42 darting
296 1487 73 20 over
390 1477 52 31 the
467 1477 159 33 threshold
654 1479 33 32 of
708 1491 18 21 a
752 1480 228 38 neighbouring

156 1535 143 43 dwelling
316 1537 62 42 (the
394 1538 77 33 little
495 1540 237 34 sabot-maker's
756 1542 77 42 shop
857 1544 41 40 by
921 1545 54 34 the
