1090 1740
388 106 23 21 A
433 106 84 21 REAL
538 107 128 20 WOMAN.

899 103 31 25 67

117 193 95 21 never
234 182 79 32 have
336 182 131 32 married
482 183 72 32 him.
602 184 49 31 He
667 184 80 32 lived
762 184 58 31 five
836 196 96 30 years,

118 243 113 42 during
246 243 98 33 which
361 243 38 33 he
420 256 62 20 was
499 250 83 27 wont
597 250 33 27 to
649 258 54 29 say
723 247 155 41 solemnly,
895 247 38 31 he

120 304 61 33 had
211 305 111 31 known
353 305 144 32 Paradise
528 318 81 30 upon
639 307 61 31 this
730 307 94 32 earth.
884 308 50 31 He

120 365 80 40 died,
224 365 123 41 leaving
376 366 182 42 everything
584 367 38 31 he
652 368 161 41 possessed
834 372 31 27 to
888 368 47 30 his

123 426 116 40 widow,
256 425 76 33 with
347 437 102 31 power
462 431 32 27 to
517 427 85 32 leave
625 428 23 31 it
669 433 31 26 at
722 428 54 32 her
791 428 90 32 death
902 433 33 26 to

122 487 210 32 whomsoever
355 487 53 32 she
432 487 98 32 chose.
577 488 49 31 He
653 488 61 31 had
733 500 39 20 no
792 489 143 31 relations

122 559 108 21 nearer
259 547 75 33 than
361 548 121 32 cousins
512 548 85 32 three
628 560 33 20 or
691 549 66 31 four
779 550 88 31 times
890 561 46 19 re-

123 609 121 40 moved,
261 609 100 31 whom
377 609 39 32 he
436 609 134 42 scarcely
585 610 97 41 knew,
700 610 59 31 and
775 610 67 32 who
858 623 78 19 were

123 671 40 30 all
185 671 73 30 rich.

168 732 143 31 Madame
324 732 179 31 Beaudouin
519 744 71 29 was,
608 732 158 41 therefore,
785 738 30 26 at
830 733 107 40 thirty-

124 796 71 36 two,
213 804 57 19 one
295 792 33 31 of
346 792 53 31 the
420 796 80 27 most
523 792 136 31 enviable
680 793 96 41 prizes
795 793 31 30 in
845 793 91 31 Paris.

126 852 77 31 Rich
220 857 32 26 to
277 863 18 20 a
318 851 82 42 quite
423 851 129 32 unusual
575 852 109 41 degree
706 853 116 41 (people
837 853 101 30 talked

127 913 35 31 of
187 917 61 27 two
275 924 33 20 or
338 912 85 32 three
453 912 138 32 hundred
620 912 150 32 thousand
799 913 99 31 francs
922 925 16 19 a

125 972 97 43 year),
240 972 60 33 and
316 972 148 33 beautiful
480 972 203 42 exceedingly.
723 973 61 32 But
799 973 139 32 Madame

128 1033 179 32 Beaudouin
330 1045 63 21 was
424 1038 53 27 not
506 1038 31 27 to
565 1033 37 32 be
625 1033 113 40 Avooed,
764 1033 44 32 for
831 1034 24 31 it
876 1045 62 20 was

125 1094 164 31 rumoured
305 1094 67 31 that
387 1094 142 31 Madame
545 1094 175 31 Beaudouin
736 1105 61 20 was
814 1106 75 19 won.

170 1155 96 32 What
281 1166 63 21 was
366 1154 138 33 believed
526 1159 31 27 at
572 1154 41 33 M.
631 1154 203 33 Beaudouin's
850 1155 88 32 death

123 1227 65 20 -was
203 1216 62 31 this
278 1229 6 18 :
287 1235 42 4 —

170 1278 125 41 Among
322 1277 52 32 the
400 1288 75 31 very
493 1277 83 41 large
603 1277 89 32 circle
724 1276 33 32 of
782 1281 103 37 guests
907 1281 31 27 to

125 1340 103 31 whom
265 1339 53 32 the
352 1339 175 42 hospitality
565 1339 33 31 of
629 1339 42 31 M.
703 1339 59 31 and
798 1338 140 32 Madame

126 1400 178 32 Beaudouin
331 1411 62 20 was
423 1399 113 42 always
565 1399 94 41 freely
690 1399 157 40 extended,
883 1411 55 20 one

125 1473 65 20 was
206 1461 161 42 especially
379 1460 167 32 remarked.
582 1460 160 41 Raymond
753 1460 37 31 de
803 1460 135 32 Varades

123 1535 65 19 was
219 1535 19 19 a
267 1522 121 41 captain
423 1533 81 30 upon
534 1520 230 32 Lamoriciere's
795 1520 76 41 staff,
900 1532 38 20 an

816 1588 12 13 F
843 1583 11 18 2
