<?xml version="1.0" encoding="UTF-8"?>
<alto xmlns:xsi="http://www.w3.org/2001/XMLSchema-instance" xsi:noNamespaceSchemaLocation="http://www.bl.uk/schemas/alto/alto-1-4.xsd" xmlns:xlink="http://www.w3.org/1999/xlink">
	<Description>
		<MeasurementUnit>mm10</MeasurementUnit>
		<sourceImageInformation>
			<fileName>//head1/IN/2007-46/A0010888503.1/009578.jp2</fileName>
		</sourceImageInformation>
		<OCRProcessing ID="OCRPROCESSING_1">
			<preProcessingStep>
				<processingSoftware>
					<softwareCreator>CCS Content Conversion Specialists GmbH, Germany</softwareCreator>
					<softwareName>CCS docWORKS</softwareName>
					<softwareVersion>6.1-0.61</softwareVersion>
				</processingSoftware>
			</preProcessingStep>
			<ocrProcessingStep>
				<processingSoftware>
					<softwareCreator>ABBYY (BIT Software), Russia</softwareCreator>
					<softwareName>Finereader</softwareName>
				</processingSoftware>
			</ocrProcessingStep>
		</OCRProcessing>
	</Description>
	<Styles>
		<TextStyle ID="TXT_0" FONTSIZE="11" FONTFAMILY="Courier New"/>
		<TextStyle ID="TXT_1" FONTSIZE="10" FONTFAMILY="Courier New"/>
		<ParagraphStyle ID="PAR_LEFT" ALIGN="Left"/>
		<ParagraphStyle ID="PAR_RIGHT" ALIGN="Right"/>
		<ParagraphStyle ID="PAR_CENTER" ALIGN="Center"/>
	</Styles>
	<Layout>
		<Page ID="P42" PHYSICAL_IMG_NR="42" HEIGHT="1740" WIDTH="1090" PRINTED_IMG_NR="30" POSITION="Left" ACCURACY="75.96">
			<TopMargin ID="P42_TM00001" HPOS="0" VPOS="0" WIDTH="1089" HEIGHT="118">
				<TextBlock ID="P42_TB00001" HPOS="160" VPOS="91" WIDTH="34" HEIGHT="25" STYLEREFS="TXT_0 PAR_LEFT">
					<TextLine ID="P42_TL00001" HPOS="160" VPOS="91" WIDTH="34" HEIGHT="25">
						<String ID="P42_ST00001" HPOS="160" VPOS="91" WIDTH="34" HEIGHT="25" CONTENT="30" WC="1.00" CC="00"/>
					</TextLine>
				</TextBlock>
				<TextBlock ID="P42_TB00002" HPOS="392" VPOS="93" WIDTH="353" HEIGHT="23" STYLEREFS="TXT_1 PAR_RIGHT">
					<TextLine ID="P42_TL00002" HPOS="394" VPOS="93" WIDTH="351" HEIGHT="23">
						<String ID="P42_ST00002" HPOS="394" VPOS="95" WIDTH="81" HEIGHT="21" CONTENT="LOVE" WC="0.76" CC="5004"/>
						<SP ID="P42_SP00001" HPOS="475" VPOS="116" WIDTH="24"/>
						<String ID="P42_ST00003" HPOS="499" VPOS="95" WIDTH="63" HEIGHT="21" CONTENT="THE" WC="0.60" CC="065"/>
						<SP ID="P42_SP00002" HPOS="562" VPOS="116" WIDTH="24"/>
						<String ID="P42_ST00004" HPOS="586" VPOS="93" WIDTH="159" HEIGHT="23" CONTENT="AVENGER." WC="0.72" CC="00306370"/>
					</TextLine>
				</TextBlock>
			</TopMargin>
			<LeftMargin ID="P42_LM00001" HPOS="0" VPOS="118" WIDTH="146" HEIGHT="1450"/>
			<RightMargin ID="P42_RM00001" HPOS="988" VPOS="118" WIDTH="101" HEIGHT="1450"/>
			<BottomMargin ID="P42_BM00001" HPOS="0" VPOS="1568" WIDTH="1089" HEIGHT="171"/>
			<PrintSpace ID="P42_PS00001" HPOS="146" VPOS="118" WIDTH="842" HEIGHT="1450">
				<TextBlock ID="P42_TB00003" HPOS="152" VPOS="166" WIDTH="836" HEIGHT="533" STYLEREFS="TXT_1 PAR_LEFT">
					<TextLine ID="P42_TL00003" HPOS="158" VPOS="167" WIDTH="830" HEIGHT="47">
						<String ID="P42_ST00005" HPOS="158" VPOS="174" WIDTH="46" HEIGHT="32" CONTENT="for" WC="0.74" CC="033"/>
						<SP ID="P42_SP00003" HPOS="204" VPOS="206" WIDTH="23"/>
						<String ID="P42_ST00006" HPOS="227" VPOS="186" WIDTH="55" HEIGHT="20" CONTENT="our" WC="0.68" CC="360"/>
						<SP ID="P42_SP00004" HPOS="282" VPOS="206" WIDTH="24"/>
						<String ID="P42_ST00007" HPOS="306" VPOS="173" WIDTH="101" HEIGHT="32" CONTENT="divine" WC="0.69" CC="043550"/>
						<SP ID="P42_SP00005" HPOS="407" VPOS="206" WIDTH="18"/>
						<String ID="P42_ST00008" HPOS="425" VPOS="173" WIDTH="137" HEIGHT="41" CONTENT="religion." WC="0.62" CC="602505372"/>
						<SP ID="P42_SP00006" HPOS="562" VPOS="214" WIDTH="47"/>
						<String ID="P42_ST00009" HPOS="609" VPOS="172" WIDTH="72" HEIGHT="31" CONTENT="You" WC="0.73" CC="106"/>
						<SP ID="P42_SP00007" HPOS="681" VPOS="214" WIDTH="24"/>
						<String ID="P42_ST00010" HPOS="705" VPOS="171" WIDTH="80" HEIGHT="32" CONTENT="have" WC="0.81" CC="7000"/>
						<SP ID="P42_SP00008" HPOS="785" VPOS="214" WIDTH="26"/>
						<String ID="P42_ST00011" HPOS="811" VPOS="173" WIDTH="48" HEIGHT="28" CONTENT="set" WC="0.84" CC="400"/>
						<SP ID="P42_SP00009" HPOS="859" VPOS="214" WIDTH="26"/>
						<String ID="P42_ST00012" HPOS="885" VPOS="180" WIDTH="19" HEIGHT="20" CONTENT="a" WC="0.06" CC="9"/>
						<SP ID="P42_SP00010" HPOS="904" VPOS="214" WIDTH="22"/>
						<String ID="P42_ST00013" HPOS="926" VPOS="167" WIDTH="62" HEIGHT="32" CONTENT="bad" WC="0.75" CC="700"/>
					</TextLine>
					<TextLine ID="P42_TL00004" HPOS="159" VPOS="230" WIDTH="828" HEIGHT="49">
						<String ID="P42_ST00014" HPOS="159" VPOS="236" WIDTH="147" HEIGHT="43" CONTENT="example," WC="0.96" CC="00000002"/>
						<SP ID="P42_SP00011" HPOS="306" VPOS="279" WIDTH="33"/>
						<String ID="P42_ST00015" HPOS="339" VPOS="234" WIDTH="191" HEIGHT="41" CONTENT="Madeleine;" WC="0.84" CC="0000005405"/>
						<SP ID="P42_SP00012" HPOS="530" VPOS="279" WIDTH="38"/>
						<String ID="P42_ST00016" HPOS="568" VPOS="233" WIDTH="25" HEIGHT="32" CONTENT="it" WC="0.78" CC="40"/>
						<SP ID="P42_SP00013" HPOS="593" VPOS="279" WIDTH="30"/>
						<String ID="P42_ST00017" HPOS="623" VPOS="244" WIDTH="65" HEIGHT="21" CONTENT="was" WC="0.79" CC="006"/>
						<SP ID="P42_SP00014" HPOS="688" VPOS="279" WIDTH="38"/>
						<String ID="P42_ST00018" HPOS="726" VPOS="230" WIDTH="163" HEIGHT="34" CONTENT="remarked" WC="0.79" CC="60005300"/>
						<SP ID="P42_SP00015" HPOS="889" VPOS="279" WIDTH="30"/>
						<String ID="P42_ST00019" HPOS="919" VPOS="230" WIDTH="68" HEIGHT="32" CONTENT="that" WC="0.71" CC="4700"/>
					</TextLine>
					<TextLine ID="P42_TL00005" HPOS="157" VPOS="293" WIDTH="830" HEIGHT="50">
						<String ID="P42_ST00020" HPOS="157" VPOS="312" WIDTH="61" HEIGHT="30" CONTENT="you" WC="0.71" CC="016"/>
						<SP ID="P42_SP00016" HPOS="218" VPOS="342" WIDTH="15"/>
						<String ID="P42_ST00021" HPOS="233" VPOS="300" WIDTH="110" HEIGHT="43" CONTENT="passed" WC="0.87" CC="003400"/>
						<SP ID="P42_SP00017" HPOS="343" VPOS="343" WIDTH="15"/>
						<String ID="P42_ST00022" HPOS="358" VPOS="298" WIDTH="135" HEIGHT="43" CONTENT="through" WC="0.66" CC="0602707"/>
						<SP ID="P42_SP00018" HPOS="493" VPOS="343" WIDTH="23"/>
						<String ID="P42_ST00023" HPOS="516" VPOS="309" WIDTH="78" HEIGHT="32" CONTENT="your" WC="0.67" CC="0065"/>
						<SP ID="P42_SP00019" HPOS="594" VPOS="343" WIDTH="14"/>
						<String ID="P42_ST00024" HPOS="608" VPOS="297" WIDTH="67" HEIGHT="32" CONTENT="first" WC="0.68" CC="11760"/>
						<SP ID="P42_SP00020" HPOS="675" VPOS="343" WIDTH="23"/>
						<String ID="P42_ST00025" HPOS="698" VPOS="295" WIDTH="198" HEIGHT="34" CONTENT="communion" WC="0.76" CC="000046414"/>
						<SP ID="P42_SP00021" HPOS="896" VPOS="343" WIDTH="16"/>
						<String ID="P42_ST00026" HPOS="912" VPOS="293" WIDTH="75" HEIGHT="32" CONTENT="with" WC="0.75" CC="0207"/>
					</TextLine>
					<TextLine ID="P42_TL00006" HPOS="156" VPOS="358" WIDTH="830" HEIGHT="44">
						<String ID="P42_ST00027" HPOS="156" VPOS="362" WIDTH="202" HEIGHT="40" CONTENT="indifference," WC="0.87" CC="2400000306000"/>
						<SP ID="P42_SP00022" HPOS="358" VPOS="402" WIDTH="18"/>
						<String ID="P42_ST00028" HPOS="376" VPOS="361" WIDTH="60" HEIGHT="32" CONTENT="and" WC="0.82" CC="050"/>
						<SP ID="P42_SP00023" HPOS="436" VPOS="402" WIDTH="27"/>
						<String ID="P42_ST00029" HPOS="463" VPOS="360" WIDTH="46" HEIGHT="32" CONTENT="for" WC="0.88" CC="003"/>
						<SP ID="P42_SP00024" HPOS="509" VPOS="402" WIDTH="22"/>
						<String ID="P42_ST00030" HPOS="531" VPOS="364" WIDTH="61" HEIGHT="28" CONTENT="two" WC="1.00" CC="000"/>
						<SP ID="P42_SP00025" HPOS="592" VPOS="402" WIDTH="26"/>
						<String ID="P42_ST00031" HPOS="618" VPOS="371" WIDTH="90" HEIGHT="31" CONTENT="years" WC="0.81" CC="00062"/>
						<SP ID="P42_SP00026" HPOS="708" VPOS="402" WIDTH="26"/>
						<String ID="P42_ST00032" HPOS="734" VPOS="370" WIDTH="62" HEIGHT="31" CONTENT="you" WC="0.76" CC="006"/>
						<SP ID="P42_SP00027" HPOS="796" VPOS="402" WIDTH="26"/>
						<String ID="P42_ST00033" HPOS="822" VPOS="358" WIDTH="81" HEIGHT="32" CONTENT="have" WC="0.63" CC="7070"/>
						<SP ID="P42_SP00028" HPOS="903" VPOS="402" WIDTH="28"/>
						<String ID="P42_ST00034" HPOS="931" VPOS="361" WIDTH="55" HEIGHT="27" CONTENT="not" WC="0.66" CC="730"/>
					</TextLine>
					<TextLine ID="P42_TL00007" HPOS="155" VPOS="418" WIDTH="829" HEIGHT="45">
						<String ID="P42_ST00035" HPOS="155" VPOS="423" WIDTH="78" HEIGHT="32" CONTENT="been" WC="0.74" CC="6003"/>
						<SP ID="P42_SP00029" HPOS="233" VPOS="455" WIDTH="24"/>
						<String ID="P42_ST00036" HPOS="257" VPOS="427" WIDTH="31" HEIGHT="28" CONTENT="to" WC="1.00" CC="00"/>
						<SP ID="P42_SP00030" HPOS="288" VPOS="455" WIDTH="27"/>
						<String ID="P42_ST00037" HPOS="315" VPOS="422" WIDTH="178" HEIGHT="32" CONTENT="confession." WC="0.78" CC="00530035402"/>
						<SP ID="P42_SP00031" HPOS="493" VPOS="455" WIDTH="56"/>
						<String ID="P42_ST00038" HPOS="549" VPOS="421" WIDTH="56" HEIGHT="42" CONTENT="My" WC="1.00" CC="00"/>
						<SP ID="P42_SP00032" HPOS="605" VPOS="463" WIDTH="24"/>
						<String ID="P42_ST00039" HPOS="629" VPOS="431" WIDTH="77" HEIGHT="32" CONTENT="poor" WC="0.84" CC="0023"/>
						<SP ID="P42_SP00033" HPOS="706" VPOS="463" WIDTH="23"/>
						<String ID="P42_ST00040" HPOS="729" VPOS="419" WIDTH="69" HEIGHT="43" CONTENT="girl," WC="0.75" CC="06320"/>
						<SP ID="P42_SP00034" HPOS="798" VPOS="463" WIDTH="27"/>
						<String ID="P42_ST00041" HPOS="825" VPOS="419" WIDTH="26" HEIGHT="32" CONTENT="if" WC="0.91" CC="10"/>
						<SP ID="P42_SP00035" HPOS="851" VPOS="463" WIDTH="19"/>
						<String ID="P42_ST00042" HPOS="870" VPOS="419" WIDTH="16" HEIGHT="31" CONTENT="I" WC="0.78" CC="2"/>
						<SP ID="P42_SP00036" HPOS="886" VPOS="463" WIDTH="24"/>
						<String ID="P42_ST00043" HPOS="910" VPOS="418" WIDTH="74" HEIGHT="32" CONTENT="took" WC="0.83" CC="6000"/>
					</TextLine>
					<TextLine ID="P42_TL00008" HPOS="153" VPOS="479" WIDTH="831" HEIGHT="47">
						<String ID="P42_ST00044" HPOS="153" VPOS="496" WIDTH="62" HEIGHT="29" CONTENT="you" WC="0.68" CC="027"/>
						<SP ID="P42_SP00037" HPOS="215" VPOS="525" WIDTH="27"/>
						<String ID="P42_ST00045" HPOS="242" VPOS="484" WIDTH="63" HEIGHT="32" CONTENT="into" WC="0.73" CC="5004"/>
						<SP ID="P42_SP00038" HPOS="305" VPOS="525" WIDTH="26"/>
						<String ID="P42_ST00046" HPOS="331" VPOS="496" WIDTH="53" HEIGHT="30" CONTENT="my" WC="1.00" CC="00"/>
						<SP ID="P42_SP00039" HPOS="384" VPOS="526" WIDTH="15"/>
						<String ID="P42_ST00047" HPOS="399" VPOS="484" WIDTH="95" HEIGHT="31" CONTENT="house" WC="0.70" CC="70340"/>
						<SP ID="P42_SP00040" HPOS="494" VPOS="526" WIDTH="22"/>
						<String ID="P42_ST00048" HPOS="516" VPOS="483" WIDTH="15" HEIGHT="31" CONTENT="I" WC="0.57" CC="4"/>
						<SP ID="P42_SP00041" HPOS="531" VPOS="526" WIDTH="24"/>
						<String ID="P42_ST00049" HPOS="555" VPOS="481" WIDTH="109" HEIGHT="33" CONTENT="should" WC="0.68" CC="570600"/>
						<SP ID="P42_SP00042" HPOS="664" VPOS="526" WIDTH="27"/>
						<String ID="P42_ST00050" HPOS="691" VPOS="481" WIDTH="38" HEIGHT="32" CONTENT="be" WC="1.00" CC="00"/>
						<SP ID="P42_SP00043" HPOS="729" VPOS="526" WIDTH="26"/>
						<String ID="P42_ST00051" HPOS="755" VPOS="481" WIDTH="97" HEIGHT="43" CONTENT="flying" WC="0.71" CC="110570"/>
						<SP ID="P42_SP00044" HPOS="852" VPOS="526" WIDTH="25"/>
						<String ID="P42_ST00052" HPOS="877" VPOS="480" WIDTH="31" HEIGHT="32" CONTENT="in" WC="0.55" CC="26"/>
						<SP ID="P42_SP00045" HPOS="908" VPOS="526" WIDTH="24"/>
						<String ID="P42_ST00053" HPOS="932" VPOS="479" WIDTH="52" HEIGHT="33" CONTENT="the" WC="0.75" CC="070"/>
					</TextLine>
					<TextLine ID="P42_TL00009" HPOS="155" VPOS="542" WIDTH="827" HEIGHT="46">
						<String ID="P42_ST00054" HPOS="155" VPOS="546" WIDTH="66" HEIGHT="32" CONTENT="face" WC="1.00" CC="0000"/>
						<SP ID="P42_SP00046" HPOS="221" VPOS="578" WIDTH="26"/>
						<String ID="P42_ST00055" HPOS="247" VPOS="546" WIDTH="33" HEIGHT="32" CONTENT="of" WC="0.80" CC="40"/>
						<SP ID="P42_SP00047" HPOS="280" VPOS="578" WIDTH="25"/>
						<String ID="P42_ST00056" HPOS="305" VPOS="557" WIDTH="53" HEIGHT="31" CONTENT="my" WC="1.00" CC="00"/>
						<SP ID="P42_SP00048" HPOS="358" VPOS="588" WIDTH="22"/>
						<String ID="P42_ST00057" HPOS="380" VPOS="546" WIDTH="85" HEIGHT="41" CONTENT="duty," WC="0.88" CC="05000"/>
						<SP ID="P42_SP00049" HPOS="465" VPOS="588" WIDTH="27"/>
						<String ID="P42_ST00058" HPOS="492" VPOS="545" WIDTH="60" HEIGHT="31" CONTENT="and" WC="0.89" CC="030"/>
						<SP ID="P42_SP00050" HPOS="552" VPOS="588" WIDTH="31"/>
						<String ID="P42_ST00059" HPOS="583" VPOS="544" WIDTH="93" HEIGHT="41" CONTENT="doing" WC="0.70" CC="03370"/>
						<SP ID="P42_SP00051" HPOS="676" VPOS="588" WIDTH="24"/>
						<String ID="P42_ST00060" HPOS="700" VPOS="555" WIDTH="39" HEIGHT="20" CONTENT="an" WC="0.49" CC="36"/>
						<SP ID="P42_SP00052" HPOS="739" VPOS="588" WIDTH="28"/>
						<String ID="P42_ST00061" HPOS="767" VPOS="543" WIDTH="151" HEIGHT="42" CONTENT="injustice." WC="0.72" CC="5525601000"/>
						<SP ID="P42_SP00053" HPOS="918" VPOS="588" WIDTH="49"/>
						<String ID="P42_ST00062" HPOS="967" VPOS="542" WIDTH="15" HEIGHT="31" CONTENT="I" WC="0.69" CC="3"/>
					</TextLine>
					<TextLine ID="P42_TL00010" HPOS="153" VPOS="605" WIDTH="825" HEIGHT="44">
						<String ID="P42_ST00063" HPOS="153" VPOS="607" WIDTH="80" HEIGHT="32" CONTENT="have" WC="0.81" CC="7000"/>
						<SP ID="P42_SP00054" HPOS="233" VPOS="639" WIDTH="16"/>
						<String ID="P42_ST00064" HPOS="249" VPOS="619" WIDTH="19" HEIGHT="20" CONTENT="a" WC="1.00" CC="0"/>
						<SP ID="P42_SP00055" HPOS="268" VPOS="639" WIDTH="16"/>
						<String ID="P42_ST00065" HPOS="284" VPOS="606" WIDTH="151" HEIGHT="43" CONTENT="daughter" WC="0.74" CC="00707006"/>
						<String ID="P42_ST00066" HPOS="446" VPOS="619" WIDTH="6" HEIGHT="27" CONTENT=";" WC="1.00" CC="0"/>
						<SP ID="P42_SP00056" HPOS="452" VPOS="649" WIDTH="25"/>
						<String ID="P42_ST00067" HPOS="477" VPOS="618" WIDTH="52" HEIGHT="30" CONTENT="my" WC="1.00" CC="00"/>
						<SP ID="P42_SP00057" HPOS="529" VPOS="649" WIDTH="16"/>
						<String ID="P42_ST00068" HPOS="545" VPOS="606" WIDTH="83" HEIGHT="32" CONTENT="maid" WC="0.84" CC="0060"/>
						<SP ID="P42_SP00058" HPOS="628" VPOS="649" WIDTH="27"/>
						<String ID="P42_ST00069" HPOS="655" VPOS="605" WIDTH="124" HEIGHT="32" CONTENT="attends" WC="0.82" CC="0600104"/>
						<SP ID="P42_SP00059" HPOS="779" VPOS="649" WIDTH="27"/>
						<String ID="P42_ST00070" HPOS="806" VPOS="616" WIDTH="84" HEIGHT="31" CONTENT="upon" WC="0.68" CC="0803"/>
						<SP ID="P42_SP00060" HPOS="890" VPOS="649" WIDTH="25"/>
						<String ID="P42_ST00071" HPOS="915" VPOS="605" WIDTH="63" HEIGHT="32" CONTENT="her." WC="0.67" CC="7050"/>
					</TextLine>
					<TextLine ID="P42_TL00011" HPOS="153" VPOS="667" WIDTH="400" HEIGHT="32">
						<String ID="P42_ST00072" HPOS="153" VPOS="668" WIDTH="15" HEIGHT="31" CONTENT="I" WC="0.88" CC="1"/>
						<SP ID="P42_SP00061" HPOS="168" VPOS="699" WIDTH="17"/>
						<String ID="P42_ST00073" HPOS="185" VPOS="668" WIDTH="90" HEIGHT="31" CONTENT="could" WC="0.79" CC="03700"/>
						<SP ID="P42_SP00062" HPOS="275" VPOS="699" WIDTH="15"/>
						<String ID="P42_ST00074" HPOS="290" VPOS="673" WIDTH="53" HEIGHT="26" CONTENT="not" WC="0.79" CC="600"/>
						<SP ID="P42_SP00063" HPOS="343" VPOS="699" WIDTH="15"/>
						<String ID="P42_ST00075" HPOS="358" VPOS="667" WIDTH="88" HEIGHT="32" CONTENT="allow" WC="0.97" CC="01000"/>
						<SP ID="P42_SP00064" HPOS="446" VPOS="699" WIDTH="91"/>
						<String ID="P42_ST00076" HPOS="537" VPOS="668" WIDTH="16" HEIGHT="11" CONTENT='"' WC="0.72" CC="2"/>
					</TextLine>
				</TextBlock>
				<TextBlock ID="P42_TB00004" HPOS="149" VPOS="727" WIDTH="828" HEIGHT="156" STYLEREFS="TXT_1 PAR_LEFT">
					<TextLine ID="P42_TL00012" HPOS="198" VPOS="728" WIDTH="779" HEIGHT="42">
						<String ID="P42_ST00077" HPOS="198" VPOS="731" WIDTH="17" HEIGHT="13" CONTENT='"' WC="0.55" CC="4"/>
						<SP ID="P42_SP00065" HPOS="215" VPOS="744" WIDTH="14"/>
						<String ID="P42_ST00078" HPOS="229" VPOS="729" WIDTH="142" HEIGHT="32" CONTENT="Madame" WC="1.00" CC="000000"/>
						<SP ID="P42_SP00066" HPOS="371" VPOS="761" WIDTH="17"/>
						<String ID="P42_ST00079" HPOS="388" VPOS="729" WIDTH="30" HEIGHT="32" CONTENT="la" WC="0.91" CC="10"/>
						<SP ID="P42_SP00067" HPOS="418" VPOS="761" WIDTH="16"/>
						<String ID="P42_ST00080" HPOS="434" VPOS="729" WIDTH="191" HEIGHT="40" CONTENT='Comtesse,"' WC="0.76" CC="6400044003"/>
						<SP ID="P42_SP00068" HPOS="625" VPOS="769" WIDTH="18"/>
						<String ID="P42_ST00081" HPOS="643" VPOS="728" WIDTH="88" HEIGHT="32" CONTENT="burst" WC="0.49" CC="76640"/>
						<SP ID="P42_SP00069" HPOS="731" VPOS="769" WIDTH="15"/>
						<String ID="P42_ST00082" HPOS="746" VPOS="728" WIDTH="82" HEIGHT="32" CONTENT="forth" WC="0.72" CC="00507"/>
						<SP ID="P42_SP00070" HPOS="828" VPOS="769" WIDTH="14"/>
						<String ID="P42_ST00083" HPOS="842" VPOS="728" WIDTH="52" HEIGHT="32" CONTENT="the" WC="0.75" CC="070"/>
						<SP ID="P42_SP00071" HPOS="894" VPOS="769" WIDTH="16"/>
						<String ID="P42_ST00084" HPOS="910" VPOS="728" WIDTH="67" HEIGHT="42" CONTENT="girl," WC="0.91" CC="00011"/>
					</TextLine>
					<TextLine ID="P42_TL00013" HPOS="153" VPOS="790" WIDTH="824" HEIGHT="43">
						<String ID="P42_ST00085" HPOS="153" VPOS="791" WIDTH="73" HEIGHT="32" CONTENT="with" WC="0.81" CC="0007"/>
						<SP ID="P42_SP00072" HPOS="226" VPOS="823" WIDTH="16"/>
						<String ID="P42_ST00086" HPOS="242" VPOS="791" WIDTH="116" HEIGHT="32" CONTENT="sudden" WC="0.58" CC="550607"/>
						<SP ID="P42_SP00073" HPOS="358" VPOS="823" WIDTH="23"/>
						<String ID="P42_ST00087" HPOS="381" VPOS="791" WIDTH="63" HEIGHT="40" CONTENT="fire," WC="0.84" CC="00700"/>
						<SP ID="P42_SP00074" HPOS="444" VPOS="831" WIDTH="27"/>
						<String ID="P42_ST00088" HPOS="471" VPOS="792" WIDTH="17" HEIGHT="13" CONTENT='"' WC="0.66" CC="3"/>
						<SP ID="P42_SP00075" HPOS="488" VPOS="831" WIDTH="13"/>
						<String ID="P42_ST00089" HPOS="501" VPOS="802" WIDTH="40" HEIGHT="20" CONTENT="no" WC="0.58" CC="80"/>
						<SP ID="P42_SP00076" HPOS="541" VPOS="831" WIDTH="27"/>
						<String ID="P42_ST00090" HPOS="568" VPOS="802" WIDTH="58" HEIGHT="20" CONTENT="one" WC="0.68" CC="440"/>
						<SP ID="P42_SP00077" HPOS="626" VPOS="831" WIDTH="24"/>
						<String ID="P42_ST00091" HPOS="650" VPOS="790" WIDTH="96" HEIGHT="42" CONTENT="living" WC="0.68" CC="044360"/>
						<SP ID="P42_SP00078" HPOS="746" VPOS="832" WIDTH="16"/>
						<String ID="P42_ST00092" HPOS="762" VPOS="801" WIDTH="57" HEIGHT="21" CONTENT="can" WC="0.75" CC="007"/>
						<SP ID="P42_SP00079" HPOS="819" VPOS="832" WIDTH="29"/>
						<String ID="P42_ST00093" HPOS="848" VPOS="801" WIDTH="54" HEIGHT="32" CONTENT="say" WC="0.47" CC="509"/>
						<SP ID="P42_SP00080" HPOS="902" VPOS="833" WIDTH="16"/>
						<String ID="P42_ST00094" HPOS="918" VPOS="802" WIDTH="59" HEIGHT="31" CONTENT="any" WC="0.75" CC="070"/>
					</TextLine>
					<TextLine ID="P42_TL00014" HPOS="150" VPOS="852" WIDTH="234" HEIGHT="31">
						<String ID="P42_ST00095" HPOS="150" VPOS="852" WIDTH="87" HEIGHT="31" CONTENT="harm" WC="0.41" CC="7690"/>
						<SP ID="P42_SP00081" HPOS="237" VPOS="883" WIDTH="17"/>
						<String ID="P42_ST00096" HPOS="254" VPOS="852" WIDTH="34" HEIGHT="31" CONTENT="of" WC="1.00" CC="00"/>
						<SP ID="P42_SP00082" HPOS="288" VPOS="883" WIDTH="17"/>
						<String ID="P42_ST00097" HPOS="305" VPOS="852" WIDTH="79" HEIGHT="31" CONTENT='me."' WC="0.84" CC="0023"/>
					</TextLine>
				</TextBlock>
				<TextBlock ID="P42_TB00005" HPOS="148" VPOS="911" WIDTH="828" HEIGHT="286" STYLEREFS="TXT_1 PAR_LEFT">
					<TextLine ID="P42_TL00015" HPOS="196" VPOS="911" WIDTH="780" HEIGHT="42">
						<String ID="P42_ST00098" HPOS="196" VPOS="914" WIDTH="17" HEIGHT="13" CONTENT='"' WC="0.53" CC="4"/>
						<SP ID="P42_SP00083" HPOS="213" VPOS="927" WIDTH="14"/>
						<String ID="P42_ST00099" HPOS="227" VPOS="913" WIDTH="37" HEIGHT="31" CONTENT="In" WC="0.54" CC="27"/>
						<SP ID="P42_SP00084" HPOS="264" VPOS="944" WIDTH="16"/>
						<String ID="P42_ST00100" HPOS="280" VPOS="925" WIDTH="17" HEIGHT="19" CONTENT="a" WC="1.00" CC="0"/>
						<SP ID="P42_SP00085" HPOS="297" VPOS="944" WIDTH="16"/>
						<String ID="P42_ST00101" HPOS="313" VPOS="913" WIDTH="115" HEIGHT="31" CONTENT="certain" WC="0.75" CC="0070027"/>
						<SP ID="P42_SP00086" HPOS="428" VPOS="944" WIDTH="24"/>
						<String ID="P42_ST00102" HPOS="452" VPOS="924" WIDTH="95" HEIGHT="26" CONTENT="sense," WC="0.62" CC="606404"/>
						<SP ID="P42_SP00087" HPOS="547" VPOS="950" WIDTH="21"/>
						<String ID="P42_ST00103" HPOS="568" VPOS="923" WIDTH="89" HEIGHT="29" CONTENT="none," WC="0.66" CC="72700"/>
						<SP ID="P42_SP00088" HPOS="657" VPOS="952" WIDTH="26"/>
						<String ID="P42_ST00104" HPOS="683" VPOS="911" WIDTH="205" HEIGHT="42" CONTENT='Madeleine,"' WC="0.80" CC="00006052024"/>
						<SP ID="P42_SP00089" HPOS="888" VPOS="953" WIDTH="26"/>
						<String ID="P42_ST00105" HPOS="914" VPOS="924" WIDTH="62" HEIGHT="20" CONTENT="was" WC="0.95" CC="001"/>
					</TextLine>
					<TextLine ID="P42_TL00016" HPOS="149" VPOS="973" WIDTH="827" HEIGHT="42">
						<String ID="P42_ST00106" HPOS="149" VPOS="973" WIDTH="52" HEIGHT="32" CONTENT="the" WC="0.64" CC="370"/>
						<SP ID="P42_SP00090" HPOS="201" VPOS="1005" WIDTH="24"/>
						<String ID="P42_ST00107" HPOS="225" VPOS="974" WIDTH="103" HEIGHT="41" CONTENT="reply;" WC="0.86" CC="000502"/>
						<SP ID="P42_SP00091" HPOS="328" VPOS="1015" WIDTH="27"/>
						<String ID="P42_ST00108" HPOS="355" VPOS="975" WIDTH="18" HEIGHT="13" CONTENT='"' WC="0.65" CC="3"/>
						<SP ID="P42_SP00092" HPOS="373" VPOS="1015" WIDTH="12"/>
						<String ID="P42_ST00109" HPOS="385" VPOS="974" WIDTH="56" HEIGHT="31" CONTENT="but" WC="0.64" CC="550"/>
						<SP ID="P42_SP00093" HPOS="441" VPOS="1015" WIDTH="16"/>
						<String ID="P42_ST00110" HPOS="457" VPOS="973" WIDTH="15" HEIGHT="31" CONTENT="I" WC="0.63" CC="3"/>
						<SP ID="P42_SP00094" HPOS="472" VPOS="1015" WIDTH="17"/>
						<String ID="P42_ST00111" HPOS="489" VPOS="973" WIDTH="109" HEIGHT="32" CONTENT="should" WC="0.70" CC="470500"/>
						<SP ID="P42_SP00095" HPOS="598" VPOS="1015" WIDTH="23"/>
						<String ID="P42_ST00112" HPOS="621" VPOS="973" WIDTH="38" HEIGHT="32" CONTENT="be" WC="0.65" CC="70"/>
						<SP ID="P42_SP00096" HPOS="659" VPOS="1015" WIDTH="24"/>
						<String ID="P42_ST00113" HPOS="683" VPOS="974" WIDTH="174" HEIGHT="41" CONTENT="rewarding" WC="0.81" CC="000060460"/>
						<SP ID="P42_SP00097" HPOS="857" VPOS="1015" WIDTH="20"/>
						<String ID="P42_ST00114" HPOS="877" VPOS="986" WIDTH="20" HEIGHT="19" CONTENT="a" WC="1.00" CC="0"/>
						<SP ID="P42_SP00098" HPOS="897" VPOS="1015" WIDTH="14"/>
						<String ID="P42_ST00115" HPOS="911" VPOS="986" WIDTH="65" HEIGHT="20" CONTENT="ma" SUBS_TYPE="HypPart1" SUBS_CONTENT="manifest" WC="0.96" CC="001"/>
						<HYP CONTENT="-"/>
					</TextLine>
					<TextLine ID="P42_TL00017" HPOS="148" VPOS="1035" WIDTH="828" HEIGHT="42">
						<String ID="P42_ST00116" HPOS="148" VPOS="1035" WIDTH="92" HEIGHT="32" CONTENT="nifest" SUBS_TYPE="HypPart2" SUBS_CONTENT="manifest" WC="0.74" CC="720050"/>
						<SP ID="P42_SP00099" HPOS="240" VPOS="1067" WIDTH="22"/>
						<String ID="P42_ST00117" HPOS="262" VPOS="1035" WIDTH="118" HEIGHT="41" CONTENT="neglect" WC="0.92" CC="3001000"/>
						<SP ID="P42_SP00100" HPOS="380" VPOS="1076" WIDTH="22"/>
						<String ID="P42_ST00118" HPOS="402" VPOS="1035" WIDTH="34" HEIGHT="31" CONTENT="of" WC="0.85" CC="20"/>
						<SP ID="P42_SP00101" HPOS="436" VPOS="1076" WIDTH="19"/>
						<String ID="P42_ST00119" HPOS="455" VPOS="1035" WIDTH="143" HEIGHT="41" CONTENT="religious" WC="0.75" CC="010205163"/>
						<SP ID="P42_SP00102" HPOS="598" VPOS="1076" WIDTH="25"/>
						<String ID="P42_ST00120" HPOS="623" VPOS="1035" WIDTH="99" HEIGHT="32" CONTENT="duties" WC="0.79" CC="060104"/>
						<SP ID="P42_SP00103" HPOS="722" VPOS="1076" WIDTH="24"/>
						<String ID="P42_ST00121" HPOS="746" VPOS="1035" WIDTH="26" HEIGHT="32" CONTENT="if" WC="0.81" CC="30"/>
						<SP ID="P42_SP00104" HPOS="772" VPOS="1076" WIDTH="20"/>
						<String ID="P42_ST00122" HPOS="792" VPOS="1036" WIDTH="15" HEIGHT="31" CONTENT="I" WC="0.62" CC="3"/>
						<SP ID="P42_SP00105" HPOS="807" VPOS="1076" WIDTH="27"/>
						<String ID="P42_ST00123" HPOS="834" VPOS="1037" WIDTH="142" HEIGHT="40" CONTENT="engaged" WC="0.75" CC="0700900"/>
					</TextLine>
					<TextLine ID="P42_TL00018" HPOS="149" VPOS="1095" WIDTH="827" HEIGHT="43">
						<String ID="P42_ST00124" HPOS="149" VPOS="1107" WIDTH="61" HEIGHT="29" CONTENT="you" WC="0.80" CC="005"/>
						<SP ID="P42_SP00106" HPOS="210" VPOS="1136" WIDTH="16"/>
						<String ID="P42_ST00125" HPOS="226" VPOS="1095" WIDTH="31" HEIGHT="31" CONTENT="in" WC="0.47" CC="46"/>
						<SP ID="P42_SP00107" HPOS="257" VPOS="1136" WIDTH="15"/>
						<String ID="P42_ST00126" HPOS="272" VPOS="1107" WIDTH="53" HEIGHT="30" CONTENT="my" WC="1.00" CC="00"/>
						<SP ID="P42_SP00108" HPOS="325" VPOS="1137" WIDTH="15"/>
						<String ID="P42_ST00127" HPOS="340" VPOS="1095" WIDTH="124" HEIGHT="33" CONTENT="service." WC="0.74" CC="52631000"/>
						<SP ID="P42_SP00109" HPOS="464" VPOS="1137" WIDTH="48"/>
						<String ID="P42_ST00128" HPOS="512" VPOS="1096" WIDTH="15" HEIGHT="30" CONTENT="I" WC="1.00" CC="0"/>
						<SP ID="P42_SP00110" HPOS="527" VPOS="1137" WIDTH="25"/>
						<String ID="P42_ST00129" HPOS="552" VPOS="1095" WIDTH="89" HEIGHT="41" CONTENT="have," WC="0.84" CC="70000"/>
						<SP ID="P42_SP00111" HPOS="641" VPOS="1137" WIDTH="17"/>
						<String ID="P42_ST00130" HPOS="658" VPOS="1107" WIDTH="172" HEIGHT="29" CONTENT="moreover," WC="0.92" CC="005000001"/>
						<SP ID="P42_SP00112" HPOS="830" VPOS="1137" WIDTH="17"/>
						<String ID="P42_ST00131" HPOS="847" VPOS="1096" WIDTH="129" HEIGHT="42" CONTENT="already" WC="0.73" CC="0560600"/>
					</TextLine>
					<TextLine ID="P42_TL00019" HPOS="149" VPOS="1156" WIDTH="746" HEIGHT="41">
						<String ID="P42_ST00132" HPOS="149" VPOS="1157" WIDTH="153" HEIGHT="40" CONTENT="promised" WC="0.76" CC="06006600"/>
						<SP ID="P42_SP00113" HPOS="302" VPOS="1197" WIDTH="17"/>
						<String ID="P42_ST00133" HPOS="319" VPOS="1156" WIDTH="147" HEIGHT="32" CONTENT="Celeste's" WC="0.62" CC="708070045"/>
						<SP ID="P42_SP00114" HPOS="466" VPOS="1197" WIDTH="15"/>
						<String ID="P42_ST00134" HPOS="481" VPOS="1156" WIDTH="87" HEIGHT="41" CONTENT="place" WC="0.92" CC="04000"/>
						<SP ID="P42_SP00115" HPOS="568" VPOS="1197" WIDTH="16"/>
						<String ID="P42_ST00135" HPOS="584" VPOS="1161" WIDTH="33" HEIGHT="27" CONTENT="to" WC="0.71" CC="50"/>
						<SP ID="P42_SP00116" HPOS="617" VPOS="1197" WIDTH="16"/>
						<String ID="P42_ST00136" HPOS="633" VPOS="1157" WIDTH="122" HEIGHT="32" CONTENT="Justine" WC="0.72" CC="0530630"/>
						<SP ID="P42_SP00117" HPOS="755" VPOS="1197" WIDTH="18"/>
						<String ID="P42_ST00137" HPOS="773" VPOS="1158" WIDTH="122" HEIGHT="32" CONTENT='Vaud."' WC="0.73" CC="604202"/>
					</TextLine>
				</TextBlock>
				<TextBlock ID="P42_TB00006" HPOS="193" VPOS="1216" WIDTH="778" HEIGHT="42" STYLEREFS="TXT_1 PAR_CENTER">
					<TextLine ID="P42_TL00020" HPOS="194" VPOS="1217" WIDTH="777" HEIGHT="41">
						<String ID="P42_ST00138" HPOS="194" VPOS="1217" WIDTH="75" HEIGHT="32" CONTENT='"To' WC="0.92" CC="001"/>
						<SP ID="P42_SP00118" HPOS="269" VPOS="1249" WIDTH="23"/>
						<String ID="P42_ST00139" HPOS="292" VPOS="1217" WIDTH="123" HEIGHT="32" CONTENT="Justine" WC="0.67" CC="0550470"/>
						<SP ID="P42_SP00119" HPOS="415" VPOS="1249" WIDTH="25"/>
						<String ID="P42_ST00140" HPOS="440" VPOS="1217" WIDTH="139" HEIGHT="32" CONTENT='Vaud!"' WC="0.59" CC="606406"/>
						<SP ID="P42_SP00120" HPOS="579" VPOS="1249" WIDTH="27"/>
						<String ID="P42_ST00141" HPOS="606" VPOS="1217" WIDTH="169" HEIGHT="41" CONTENT="ejaculated" WC="0.85" CC="2200530000"/>
						<SP ID="P42_SP00121" HPOS="775" VPOS="1258" WIDTH="24"/>
						<String ID="P42_ST00142" HPOS="799" VPOS="1219" WIDTH="172" HEIGHT="33" CONTENT="Madeleine" WC="0.87" CC="000000244"/>
					</TextLine>
				</TextBlock>
				<TextBlock ID="P42_TB00007" HPOS="146" VPOS="1277" WIDTH="825" HEIGHT="104" STYLEREFS="TXT_1 PAR_LEFT">
					<TextLine ID="P42_TL00021" HPOS="146" VPOS="1278" WIDTH="825" HEIGHT="43">
						<String ID="P42_ST00143" HPOS="146" VPOS="1298" WIDTH="44" HEIGHT="3" CONTENT="—" WC="0.20" CC="8"/>
						<String ID="P42_ST00144" HPOS="192" VPOS="1280" WIDTH="56" HEIGHT="30" CONTENT='"to' WC="0.77" CC="402"/>
						<SP ID="P42_SP00122" HPOS="248" VPOS="1310" WIDTH="21"/>
						<String ID="P42_ST00145" HPOS="269" VPOS="1278" WIDTH="53" HEIGHT="32" CONTENT="the" WC="0.75" CC="070"/>
						<SP ID="P42_SP00123" HPOS="322" VPOS="1310" WIDTH="16"/>
						<String ID="P42_ST00146" HPOS="338" VPOS="1278" WIDTH="152" HEIGHT="41" CONTENT="daughter" WC="0.46" CC="90697206"/>
						<SP ID="P42_SP00124" HPOS="490" VPOS="1319" WIDTH="24"/>
						<String ID="P42_ST00147" HPOS="514" VPOS="1278" WIDTH="34" HEIGHT="32" CONTENT="of" WC="1.00" CC="00"/>
						<SP ID="P42_SP00125" HPOS="548" VPOS="1319" WIDTH="18"/>
						<String ID="P42_ST00148" HPOS="566" VPOS="1278" WIDTH="52" HEIGHT="32" CONTENT="the" WC="0.60" CC="470"/>
						<SP ID="P42_SP00126" HPOS="618" VPOS="1319" WIDTH="25"/>
						<String ID="P42_ST00149" HPOS="643" VPOS="1284" WIDTH="168" HEIGHT="37" CONTENT="carpenter," WC="0.87" CC="0060020020"/>
						<SP ID="P42_SP00127" HPOS="811" VPOS="1321" WIDTH="19"/>
						<String ID="P42_ST00150" HPOS="830" VPOS="1280" WIDTH="69" HEIGHT="33" CONTENT="who" WC="0.45" CC="970"/>
						<SP ID="P42_SP00128" HPOS="899" VPOS="1321" WIDTH="17"/>
						<String ID="P42_ST00151" HPOS="916" VPOS="1281" WIDTH="55" HEIGHT="32" CONTENT="has" WC="0.53" CC="706"/>
					</TextLine>
					<TextLine ID="P42_TL00022" HPOS="147" VPOS="1341" WIDTH="565" HEIGHT="40">
						<String ID="P42_ST00152" HPOS="147" VPOS="1341" WIDTH="77" HEIGHT="32" CONTENT="been" WC="0.73" CC="4006"/>
						<SP ID="P42_SP00129" HPOS="224" VPOS="1373" WIDTH="17"/>
						<String ID="P42_ST00153" HPOS="241" VPOS="1341" WIDTH="106" HEIGHT="40" CONTENT="saving" WC="0.60" CC="625530"/>
						<SP ID="P42_SP00130" HPOS="347" VPOS="1381" WIDTH="15"/>
						<String ID="P42_ST00154" HPOS="362" VPOS="1352" WIDTH="112" HEIGHT="29" CONTENT="money" WC="0.90" CC="01300"/>
						<SP ID="P42_SP00131" HPOS="474" VPOS="1381" WIDTH="16"/>
						<String ID="P42_ST00155" HPOS="490" VPOS="1341" WIDTH="41" HEIGHT="31" CONTENT="all" WC="0.80" CC="050"/>
						<SP ID="P42_SP00132" HPOS="531" VPOS="1381" WIDTH="15"/>
						<String ID="P42_ST00156" HPOS="546" VPOS="1341" WIDTH="48" HEIGHT="32" CONTENT="his" WC="0.71" CC="710"/>
						<SP ID="P42_SP00133" HPOS="594" VPOS="1381" WIDTH="15"/>
						<String ID="P42_ST00157" HPOS="609" VPOS="1341" WIDTH="51" HEIGHT="33" CONTENT="life" WC="0.84" CC="6000"/>
						<SP ID="P42_SP00134" HPOS="660" VPOS="1381" WIDTH="10"/>
						<String ID="P42_ST00158" HPOS="670" VPOS="1343" WIDTH="14" HEIGHT="31" CONTENT="?" WC="1.00" CC="0"/>
						<SP ID="P42_SP00135" HPOS="684" VPOS="1381" WIDTH="12"/>
						<String ID="P42_ST00159" HPOS="696" VPOS="1342" WIDTH="16" HEIGHT="13" CONTENT='"' WC="0.87" CC="1"/>
					</TextLine>
				</TextBlock>
				<TextBlock ID="P42_TB00008" HPOS="146" VPOS="1400" WIDTH="825" HEIGHT="168" STYLEREFS="TXT_1 PAR_LEFT">
					<TextLine ID="P42_TL00023" HPOS="192" VPOS="1401" WIDTH="779" HEIGHT="47">
						<String ID="P42_ST00160" HPOS="192" VPOS="1401" WIDTH="96" HEIGHT="32" CONTENT='"And' WC="0.99" CC="0000"/>
						<SP ID="P42_SP00136" HPOS="288" VPOS="1433" WIDTH="30"/>
						<String ID="P42_ST00161" HPOS="318" VPOS="1401" WIDTH="69" HEIGHT="32" CONTENT="who" WC="0.67" CC="072"/>
						<SP ID="P42_SP00137" HPOS="387" VPOS="1433" WIDTH="25"/>
						<String ID="P42_ST00162" HPOS="412" VPOS="1401" WIDTH="25" HEIGHT="32" CONTENT="is" WC="0.64" CC="15"/>
						<SP ID="P42_SP00138" HPOS="437" VPOS="1433" WIDTH="26"/>
						<String ID="P42_ST00163" HPOS="463" VPOS="1413" WIDTH="18" HEIGHT="20" CONTENT="a" WC="1.00" CC="0"/>
						<SP ID="P42_SP00139" HPOS="481" VPOS="1433" WIDTH="25"/>
						<String ID="P42_ST00164" HPOS="506" VPOS="1401" WIDTH="101" HEIGHT="33" CONTENT="model" WC="0.94" CC="00002"/>
						<SP ID="P42_SP00140" HPOS="607" VPOS="1434" WIDTH="29"/>
						<String ID="P42_ST00165" HPOS="636" VPOS="1402" WIDTH="34" HEIGHT="33" CONTENT="of" WC="0.73" CC="50"/>
						<SP ID="P42_SP00141" HPOS="670" VPOS="1435" WIDTH="25"/>
						<String ID="P42_ST00166" HPOS="695" VPOS="1403" WIDTH="115" HEIGHT="43" CONTENT='piety,"' WC="0.83" CC="0600031"/>
						<SP ID="P42_SP00142" HPOS="810" VPOS="1446" WIDTH="27"/>
						<String ID="P42_ST00167" HPOS="837" VPOS="1406" WIDTH="134" HEIGHT="42" CONTENT="rejoined" WC="0.75" CC="60006700"/>
					</TextLine>
					<TextLine ID="P42_TL00024" HPOS="147" VPOS="1462" WIDTH="822" HEIGHT="46">
						<String ID="P42_ST00168" HPOS="147" VPOS="1462" WIDTH="141" HEIGHT="31" CONTENT="Madame" WC="0.55" CC="207960"/>
						<SP ID="P42_SP00143" HPOS="288" VPOS="1493" WIDTH="27"/>
						<String ID="P42_ST00169" HPOS="315" VPOS="1462" WIDTH="37" HEIGHT="32" CONTENT="de" WC="0.63" CC="70"/>
						<SP ID="P42_SP00144" HPOS="352" VPOS="1494" WIDTH="25"/>
						<String ID="P42_ST00170" HPOS="377" VPOS="1462" WIDTH="163" HEIGHT="33" CONTENT="Clavreuil." WC="0.68" CC="5007107352"/>
						<SP ID="P42_SP00145" HPOS="540" VPOS="1495" WIDTH="49"/>
						<String ID="P42_ST00171" HPOS="589" VPOS="1464" WIDTH="17" HEIGHT="14" CONTENT='"' WC="0.53" CC="4"/>
						<SP ID="P42_SP00146" HPOS="606" VPOS="1495" WIDTH="12"/>
						<String ID="P42_ST00172" HPOS="618" VPOS="1463" WIDTH="71" HEIGHT="42" CONTENT="But," WC="0.68" CC="5600"/>
						<SP ID="P42_SP00147" HPOS="689" VPOS="1505" WIDTH="22"/>
						<String ID="P42_ST00173" HPOS="711" VPOS="1476" WIDTH="54" HEIGHT="31" CONTENT="my" WC="1.00" CC="00"/>
						<SP ID="P42_SP00148" HPOS="765" VPOS="1507" WIDTH="16"/>
						<String ID="P42_ST00174" HPOS="781" VPOS="1466" WIDTH="74" HEIGHT="32" CONTENT="dear" WC="1.00" CC="0000"/>
						<SP ID="P42_SP00149" HPOS="855" VPOS="1507" WIDTH="23"/>
						<String ID="P42_ST00175" HPOS="878" VPOS="1468" WIDTH="91" HEIGHT="40" CONTENT="child," WC="0.65" CC="472600"/>
					</TextLine>
					<TextLine ID="P42_TL00025" HPOS="147" VPOS="1523" WIDTH="824" HEIGHT="45">
						<String ID="P42_ST00176" HPOS="147" VPOS="1523" WIDTH="14" HEIGHT="31" CONTENT="I" WC="1.00" CC="0"/>
						<SP ID="P42_SP00150" HPOS="161" VPOS="1554" WIDTH="16"/>
						<String ID="P42_ST00177" HPOS="177" VPOS="1523" WIDTH="60" HEIGHT="31" CONTENT="will" WC="0.85" CC="0104"/>
						<SP ID="P42_SP00151" HPOS="237" VPOS="1554" WIDTH="17"/>
						<String ID="P42_ST00178" HPOS="254" VPOS="1534" WIDTH="85" HEIGHT="21" CONTENT="come" WC="0.91" CC="0003"/>
						<SP ID="P42_SP00152" HPOS="339" VPOS="1555" WIDTH="16"/>
						<String ID="P42_ST00179" HPOS="355" VPOS="1528" WIDTH="32" HEIGHT="27" CONTENT="to" WC="0.93" CC="01"/>
						<SP ID="P42_SP00153" HPOS="387" VPOS="1555" WIDTH="16"/>
						<String ID="P42_ST00180" HPOS="403" VPOS="1535" WIDTH="77" HEIGHT="31" CONTENT="your" WC="0.63" CC="0077"/>
						<SP ID="P42_SP00154" HPOS="480" VPOS="1566" WIDTH="16"/>
						<String ID="P42_ST00181" HPOS="496" VPOS="1523" WIDTH="49" HEIGHT="33" CONTENT="aid" WC="0.55" CC="930"/>
						<SP ID="P42_SP00155" HPOS="545" VPOS="1566" WIDTH="17"/>
						<String ID="P42_ST00182" HPOS="562" VPOS="1524" WIDTH="72" HEIGHT="43" CONTENT="also," WC="0.77" CC="02502"/>
						<SP ID="P42_SP00156" HPOS="634" VPOS="1567" WIDTH="16"/>
						<String ID="P42_ST00183" HPOS="650" VPOS="1525" WIDTH="120" HEIGHT="43" CONTENT="though" WC="0.45" CC="070797"/>
						<SP ID="P42_SP00157" HPOS="770" VPOS="1568" WIDTH="18"/>
						<String ID="P42_ST00184" HPOS="788" VPOS="1528" WIDTH="30" HEIGHT="32" CONTENT="in" WC="0.53" CC="53"/>
						<SP ID="P42_SP00158" HPOS="818" VPOS="1568" WIDTH="22"/>
						<String ID="P42_ST00185" HPOS="840" VPOS="1529" WIDTH="131" HEIGHT="33" CONTENT="another" WC="0.75" CC="0600702"/>
					</TextLine>
				</TextBlock>
			</PrintSpace>
		</Page>
	</Layout>
</alto>
