1090 1740
122 86 33 24 24

356 90 81 20 LOVE
461 90 63 20 THE
547 88 160 22 AVENGER.

121 180 63 21 was
209 169 107 32 shown
343 167 182 42 everything
553 165 150 33 breathed
728 163 131 34 comfort
889 161 61 33 and

121 230 137 43 peaceful
283 230 173 42 happiness.
518 229 101 32 There
644 239 64 20 was
732 224 132 34 warmth
889 223 61 33 and

119 292 52 32 the
187 292 136 43 perfume
337 291 35 32 of
384 295 94 28 sweet
494 291 129 40 flowers,
642 289 62 33 and
719 299 76 32 pure
808 298 121 21 women
942 299 6 27 ;

119 353 60 33 and
202 365 38 20 no
259 353 137 42 goodlier
419 352 84 42 sight
521 351 90 33 could
637 351 39 32 be
693 349 70 33 well
791 347 157 43 imagined

117 415 74 32 than
218 415 144 32 Madame
389 415 37 32 de
452 414 156 33 Clavreuil
630 414 136 41 bending
794 424 75 20 over
891 411 56 32 her

117 476 190 43 embroidery
323 476 106 40 frame,
449 487 39 20 on
504 475 99 32 which
627 474 124 43 glowed
779 485 19 21 a
824 472 122 43 magni-

115 538 92 32 ficent
233 537 127 42 priestly
384 537 86 41 stole,
495 537 61 32 and
583 537 55 31 her
660 548 106 31 young
789 535 158 42 daughter

114 598 110 41 Claire,
242 598 69 32 who
335 610 63 20 was
421 598 128 42 reading
567 598 91 31 aloud
682 603 33 26 to
739 597 54 32 her
815 596 53 33 the
893 596 52 32 life

114 660 34 32 of
167 661 43 32 St.
229 660 160 32 Elizabeth
406 659 34 32 of
460 660 161 40 Hungary.

156 721 101 32 When
267 721 172 32 Madeleine
450 721 136 40 entered,
599 721 52 32 the
662 721 154 32 Countess
829 719 113 33 looked

112 794 41 29 up
163 781 77 32 from
256 782 55 31 her
327 782 200 41 embroidery,
539 782 55 32 her
610 781 152 42 daughter
777 781 63 32 laid
850 782 92 31 down

111 842 54 32 her
180 842 81 32 book
277 854 82 30 upon
375 843 53 31 the
444 843 91 32 table.
574 842 81 32 Both
671 842 96 32 ladies
783 842 111 32 looked
910 847 32 27 at

110 902 53 32 the
188 903 212 41 unattractive,
417 903 265 42 meanly-dressed
708 903 68 41 girl,
800 903 61 32 and
886 903 55 32 she

111 964 54 32 felt
191 964 66 32 that
279 965 41 31 all
345 976 142 30 courage,
504 965 60 31 and
591 965 107 42 nearly
715 965 39 32 all
771 965 170 33 coherence

110 1024 35 32 of
163 1025 131 41 thought
320 1025 62 32 had
407 1026 147 41 departed
570 1026 79 32 from
673 1026 64 33 her.
786 1027 63 33 She
874 1027 66 32 told

110 1084 53 33 her
180 1089 83 37 story
279 1086 120 40 lamely.

185 1146 84 42 Why
285 1147 51 31 did
351 1148 43 31 M.
419 1148 27 31 le
463 1148 81 32 Cure
561 1159 94 21 never
671 1148 96 43 speak
788 1154 31 27 to
842 1161 50 21 me
909 1150 33 32 of

108 1218 77 30 your
200 1207 129 40 mother,
342 1219 53 31 my
404 1220 75 30 poor
639 1209 141 43 inquired
791 1211 145 33 Madame

109 1268 37 31 de
163 1268 163 40 Clavreuil,
339 1269 73 32 with
424 1281 19 20 a
458 1270 177 41 gentleness
651 1271 36 32 of
697 1276 73 28 tone
787 1273 61 31 and
864 1273 72 33 look

107 1328 68 32 that
191 1329 99 42 ought
314 1335 32 27 to
367 1330 79 33 have
462 1332 194 42 encouraged
678 1332 54 33 the
759 1334 175 42 petitioner,

108 1389 54 31 but
178 1389 51 32 did
245 1395 55 27 not
316 1391 37 31 do
371 1403 41 19 so.

163 1450 77 33 'We
266 1453 134 42 scarcely
425 1453 89 33 knew
661 1468 64 22 was
750 1457 53 34 the
826 1460 106 42 reply;

190 1523 94 21 never
299 1524 85 22 came
400 1519 32 27 to
