1090 1740
151 96 34 25 28

385 102 81 19 LOVE
490 102 63 19 THE
577 100 161 21 AVENGER.

231 177 91 32 What
353 190 56 19 can
433 178 15 31 I
472 178 38 31 do
523 179 13 31 ?
602 177 54 32 she
679 175 155 44 repeated,
868 175 113 33 almost

149 239 116 43 briskly
278 253 7 27 ;
342 240 15 31 I
382 252 56 20 can
463 240 73 32 read
563 240 61 32 and
648 239 89 33 write
758 238 80 42 well,
856 237 62 33 and
941 237 40 32 do

149 301 151 42 anything
315 302 30 31 in
361 302 53 32 the
430 313 68 31 way
516 302 34 32 of
568 301 94 34 work.
712 301 49 33 Oh
773 302 6 32 !

149 362 55 32 she
227 363 172 40 continued,
419 363 209 40 emboldened,
646 363 61 32 and
730 362 125 42 coming
870 373 109 20 nearer

149 427 31 28 to
204 423 53 32 the
274 424 162 40 Countess,
589 435 50 21 me
665 435 35 21 as
732 435 79 30 your
837 422 84 33 maid
948 422 31 32 in

149 484 87 41 place
253 484 33 33 of
298 485 229 32 Mademoiselle
545 485 131 40 Celeste,
694 485 71 32 who
782 485 25 32 is
825 497 33 20 so

193 546 66 32 The
290 546 149 43 difficulty
462 559 63 19 was
557 547 209 41 surmounted,
798 546 53 32 the
884 551 95 27 worst

150 619 63 20 was
230 608 77 32 done
322 622 6 27 ;
354 608 54 32 she
424 608 61 32 had
501 609 90 32 made
606 609 52 32 the
674 613 137 38 request,
829 608 60 32 and
905 620 72 20 now

149 669 55 32 she
215 670 101 31 would
333 670 137 42 struggle
486 670 77 31 hard
580 675 33 27 to
630 671 104 31 obtain
751 671 32 32 it.
831 670 145 32 Madame

149 729 38 32 de
209 730 182 32 Clavreuil's
414 731 66 32 first
507 731 183 42 impression
718 731 61 32 had
806 731 78 32 been
912 731 65 33 evi-

149 790 107 42 dently
271 802 58 21 one
345 791 35 31 of
397 791 94 32 blank
508 792 143 41 surprise,
678 792 61 31 and
756 791 55 32 she
827 792 150 42 instantly

149 852 156 41 repressed
331 853 31 32 it.
410 853 30 31 It
466 865 63 20 was
554 854 171 32 succeeded
751 854 43 42 by
809 865 19 21 a
850 854 73 32 look
949 853 33 33 of

149 913 72 41 pain
238 914 60 31 and
313 913 74 41 pity.

223 975 65 32 The
304 975 87 42 place
408 975 33 32 of
461 975 99 42 lady's
585 976 83 32 maid
689 976 30 32 in
735 976 88 33 Paris
842 976 72 44 (and
933 989 44 20 we

150 1035 77 32 shall
251 1035 37 32 be
313 1035 86 32 there
422 1041 75 27 next
512 1036 97 42 week)
628 1037 139 42 requires
784 1037 193 43 experience,

149 1095 100 32 which
272 1108 61 29 you
359 1096 79 32 have
580 1097 149 33 observed
757 1098 64 41 she,
850 1100 127 42 gently;

228 1157 103 31 would
356 1157 39 32 be
418 1157 177 42 impossible
620 1158 47 33 for
692 1171 62 31 you
778 1164 33 27 to
836 1160 79 32 fulfil
939 1161 39 32 its

192 1279 44 31 At
259 1278 53 32 the
329 1279 84 32 word
439 1280 186 42 impossible,
643 1281 53 33 the
713 1282 99 34 whole
837 1296 90 22 sense
949 1285 33 33 of

148 1339 55 32 her
219 1340 145 32 destitute
380 1341 132 42 position
529 1342 114 32 rushed
668 1344 80 32 back
769 1357 83 31 upon
869 1347 108 33 Made-

148 1401 88 40 leine,
254 1401 60 32 and
330 1402 63 32 lent
408 1402 56 33 her
488 1415 39 20 an
543 1417 117 30 energy
676 1406 102 34 which
795 1419 65 21 was
875 1414 56 28 not
946 1410 32 32 in

149 1462 54 33 her
219 1465 166 41 every-day
401 1471 116 28 nature.

226 1523 48 33 Oh
287 1526 5 31 !
507 1528 53 33 she
574 1530 90 42 cried,
679 1531 204 45 desperately,
926 1539 50 37 try
