1090 1740
885 104 51 27 267

401 110 63 20 THE
488 110 157 20 DOWAGER,

116 184 178 42 servatoire,
331 186 60 31 and
429 199 106 20 scenes
568 200 78 29 sung
675 188 41 42 by
747 188 100 31 Faure
879 187 59 32 and

118 247 52 32 the

196 310 82 32 How
293 310 190 33 abominable
496 312 6 31 !
527 311 84 32 what
627 323 62 20 was
711 311 53 32 the
787 311 100 43 object
909 310 33 33 of

118 371 24 31 it
158 371 42 32 all
211 373 14 31 ?
279 373 171 31 exclaimed
465 373 52 31 the
533 385 98 29 angry
646 374 162 40 Dowager.

195 433 46 32 To
268 433 85 32 show
380 446 18 19 a
424 434 183 41 Hungarian
633 434 103 31 Count
760 434 33 31 of
815 433 47 32 his
888 444 50 21 ac-

119 494 191 42 quaintance,
334 495 67 42 just
427 495 119 31 arrived
572 495 77 31 from
680 495 104 41 Pesth,
812 495 84 32 what
921 507 17 19 a

118 555 122 32 French
263 556 177 41 gentleman
463 568 57 19 can
536 556 38 31 do
590 556 90 31 when
700 555 39 32 he
760 560 62 27 sets
846 556 92 31 about

116 616 23 31 it
152 630 7 27 ;
183 617 58 31 but
258 617 117 32 Olivier
394 629 56 20 can
465 617 52 32 tell
532 629 61 30 you
608 629 84 19 more
709 617 34 31 of
760 617 53 31 the
831 616 106 32 details

114 678 38 31 of
169 678 68 32 that
260 678 75 32 than
357 679 16 30 I
396 691 66 28 can,
487 679 46 31 for
553 679 38 31 he
614 679 62 31 had
690 683 31 27 to
738 679 72 41 play
825 678 51 32 the
893 682 44 28 at-

115 739 120 33 tentive
251 740 52 32 the
319 740 99 32 whole
440 740 73 31 time
536 744 31 27 to
591 739 156 40 Claudine,
772 740 165 40 Moranges

116 801 94 41 being
227 801 131 31 devoted
373 806 32 27 to
421 801 47 31 his
485 801 182 41 Hungarian
690 805 98 36 guest.
835 800 15 31 I
865 800 72 31 took

117 862 113 41 charge
255 862 35 31 of
307 873 53 30 my
375 862 98 31 friend
489 862 130 41 Aspasie
641 861 150 41 Mourjon,
816 860 60 31 and
898 860 39 32 do

116 928 54 27 not
202 923 30 32 in
263 923 53 32 the
346 923 76 32 least
460 923 151 41 complain
646 922 33 31 of
711 934 53 29 my
793 922 44 31 lot
838 941 43 3 —
882 922 55 31 ask

118 984 124 41 Olivier,
260 984 39 33 he
315 984 63 32 will
394 984 53 32 tell
462 995 61 30 you
539 984 49 39 all,
606 984 16 30 I
637 988 83 27 must

158 1046 82 41 And,
270 1057 33 21 so
335 1045 117 42 saying,
481 1045 39 32 he
552 1045 153 42 departed,
734 1045 122 41 leaving
884 1045 50 32 the

114 1108 157 41 Dowager
311 1106 184 32 dissatisfied
533 1105 73 33 Avith
647 1105 113 33 Olivier
799 1105 45 33 for
881 1111 53 27 not

114 1168 116 42 having
261 1168 64 31 told
355 1168 55 31 her
440 1167 84 32 what
554 1167 24 32 it
610 1167 121 32 seemed
760 1166 85 33 there
876 1167 58 32 had

113 1231 78 31 been
207 1235 32 27 to
255 1230 61 32 tell.
