1090 1740
188 107 33 25 12

421 113 81 19 LOVE
526 112 64 20 THE
613 109 161 22 AVENGER.

187 190 144 43 marbles)
349 203 18 20 a
382 202 128 20 manner
531 189 35 32 of
585 187 182 42 wine-shop,
786 186 61 32 and
871 186 30 31 in
918 197 18 20 a
953 184 64 33 side

187 264 85 21 room
288 252 88 33 there
392 263 81 21 were
490 256 61 27 two
575 263 33 19 or
631 250 87 32 three
736 248 101 33 tables
856 252 34 28 at
913 247 103 32 which

185 314 53 32 the
254 314 78 32 wine
349 314 35 32 of
402 313 51 33 the
470 317 131 37 country
618 312 92 32 could
733 311 39 32 be
800 310 109 41 drunk,
927 309 89 43 pipes

186 376 134 38 smoked,
338 375 61 32 and
414 375 52 32 the
486 374 96 33 Siecle
597 374 82 32 read.

228 437 64 31 But
308 448 56 20 one
381 437 67 42 day,
461 436 53 32 the
526 447 145 32 progress
685 435 34 33 of
731 446 56 21 our
802 446 58 30 age
877 434 138 32 asserted

184 498 89 42 itself,
292 499 60 31 and
374 498 52 32 the
452 498 95 32 house
563 497 76 32 with
655 509 18 19 a
690 497 141 42 balcony,
850 495 60 33 and
926 495 89 33 three

184 560 118 40 stories,
327 560 60 32 and
411 572 19 19 a
453 559 105 42 bright
583 559 70 31 blue
682 558 79 42 sign,
786 569 69 21 rose
878 569 43 31 up
940 569 75 20 over

182 621 54 32 the
266 633 77 30 way,
376 621 60 32 and
466 621 53 31 the
551 620 96 32 Hotel
679 620 38 32 de
744 620 145 41 l'Europe
926 631 88 20 over-

182 683 152 32 whelmed
354 683 53 32 the
426 682 162 32 miserable
606 681 238 43 drinking-shop
862 682 148 42 opposite.

182 744 66 32 The
274 744 96 32 Hotel
396 744 37 32 de
461 744 146 42 l'Europe
634 744 119 43 opened
778 755 18 21 a
821 744 64 42 cafe
909 744 103 32 where

182 805 142 32 absinthe
341 817 62 20 was
422 810 32 27 to
476 805 38 32 be
535 805 71 40 had,
624 806 60 32 and
701 805 135 33 wherein
853 817 19 21 a
888 810 126 28 counter

182 865 35 31 of
229 865 121 42 shining
370 865 66 33 zinc
455 865 148 33 mirrored
623 866 87 32 itself
720 866 31 32 in
768 879 19 19 a
801 866 85 42 glass
902 866 75 32 with
994 877 18 21 a

181 925 72 41 gold
268 925 104 41 frame,
391 926 59 31 and
466 926 53 32 the
535 926 75 42 days
627 926 35 32 of
673 926 52 33 the
738 927 175 42 wine-shop
929 937 83 22 were

182 986 176 30 numbered.

224 1046 66 32 The
306 1047 110 32 widow
433 1048 158 41 struggled
620 1049 71 41 still,
709 1049 47 32 for
772 1049 23 32 it
811 1062 64 20 was
900 1051 31 31 in
955 1051 56 33 her

182 1112 110 27 nature
319 1112 31 27 to
378 1108 38 32 do
441 1108 56 33 her
525 1114 134 37 utmost;
684 1111 56 31 but
766 1111 55 32 she
849 1113 162 42 struggled

182 1167 109 43 feebly,
309 1168 55 41 for,
381 1169 32 32 in
437 1169 52 33 the
505 1170 68 32 first
589 1170 96 43 place,
703 1171 53 32 the
773 1172 77 32 flesh
867 1185 65 20 was
955 1180 56 27 not

182 1229 89 41 equal
297 1234 32 27 to
356 1230 52 32 the
425 1230 70 41 will,
513 1231 69 41 and,
609 1232 31 31 in
665 1232 52 32 the
745 1238 84 36 next,
849 1235 54 32 she
919 1235 92 33 knew

182 1289 116 32 herself
309 1291 200 42 vanquished.
557 1292 67 32 The
641 1294 87 41 spirit
739 1294 34 31 of
784 1295 53 33 the
853 1296 77 32 time
948 1296 63 33 had

181 1350 111 32 beaten
308 1351 63 41 her,
390 1352 61 32 and
467 1352 54 32 she
538 1353 162 43 despaired
715 1355 133 34 without
861 1357 150 44 knowing

181 1412 79 42 why.
309 1412 61 33 She
397 1414 103 32 stared
525 1416 137 41 stupidly
690 1421 32 28 at
746 1417 53 33 the
830 1418 54 43 big
911 1420 99 34 house

182 1472 96 42 rising
302 1485 41 31 up
359 1474 103 33 before
480 1475 65 42 her,
563 1488 63 21 was
642 1477 146 42 ignorant
813 1480 35 31 of
870 1481 38 32 its
936 1494 74 21 con-

183 1533 121 33 nection
320 1535 74 32 with
410 1537 143 43 railways
574 1539 60 31 and
658 1551 154 30 progress,
830 1542 58 32 but
900 1543 110 34 bowed
