1090 1740
308 87 165 23 MONSIEUR
496 89 205 21 MARDONNET.

863 84 51 26 237

94 160 98 42 really
207 161 26 32 is
249 174 75 30 very
343 163 75 33 kind
435 164 33 32 of
478 176 61 30 you
554 169 32 27 to
603 169 107 27 mount
724 176 41 31 up
781 176 54 30 my
850 164 66 32 four

95 220 66 43 pair
183 222 33 31 of
238 224 98 39 stairs,
360 224 61 32 and
443 229 32 27 to
498 225 136 32 contrive
657 229 29 28 to
711 237 117 30 escape,
854 229 60 36 too,

95 282 80 32 from
197 284 52 32 the
273 285 109 32 thralls
405 285 32 32 in
452 286 100 32 which
567 298 61 30 you
651 298 51 20 are
717 286 72 32 held
802 300 5 27 ;

99 344 83 41 (here
195 345 42 32 M.
255 345 170 43 Theophile
441 358 78 30 gave
540 358 19 20 a
581 347 138 31 cautious
742 347 175 42 expression

96 409 32 28 to
155 406 48 32 his
227 406 96 41 voice)
457 419 51 20 are
531 408 145 42 certainly
698 409 113 41 tightly
835 409 81 31 held.

99 467 45 32 Of
155 478 116 31 course,
288 468 15 32 I
319 469 101 31 would
443 473 52 27 not
509 473 128 27 venture
658 474 32 26 to
707 470 129 31 criticise
859 482 59 29 any

99 533 116 37 system
245 529 132 43 adopted
407 530 41 41 by
473 541 33 20 so
537 530 135 42 superior
701 542 18 19 a
744 542 110 30 person
884 542 34 20 as

98 589 144 32 Madame
272 590 30 31 la
333 590 156 42 Marquise
503 604 6 27 ;
540 590 57 32 but
627 591 60 31 still
723 591 51 31 the
801 591 61 32 fact
894 592 24 30 is

100 651 123 40 certain,
255 663 61 30 you
354 663 52 20 are
444 651 114 42 tightly
722 652 196 42 propounded

100 712 194 31 Mardonnet.

303 773 171 42 responded
485 773 52 32 the
549 785 104 30 young
664 774 137 41 Marquis
813 787 5 27 ;
865 774 56 31 but

102 848 62 30 you
180 848 51 19 see
248 836 83 31 what
345 836 105 31 makes
465 836 23 31 it
503 835 141 31 bearable
659 835 35 40 is,
708 835 66 31 that
789 835 24 31 it
828 835 24 31 is
868 835 53 31 the

104 908 84 20 same
204 897 46 31 for
269 897 47 31 all.
364 896 79 31 Now
459 895 86 32 there
564 906 60 29 are,
641 906 34 20 as
697 895 16 30 I
730 895 72 40 said,
819 895 102 41 Roger

104 957 60 32 and
184 957 126 40 Adrien,
334 957 62 30 and
415 968 17 19 a
448 956 78 41 heap
541 967 84 19 more
641 955 16 31 I
674 955 87 31 could
776 955 143 40 mention,

103 1019 119 40 they're
238 1018 42 31 all
295 1017 133 41 brought
440 1029 41 29 up
492 1017 67 41 just
574 1016 31 31 in
619 1015 52 32 the
688 1027 84 20 same

179 1080 73 31 And
272 1080 74 41 they
362 1079 40 32 all
426 1078 33 32 of
477 1078 86 31 them
585 1089 129 29 manage
736 1082 32 26 to
793 1077 87 31 elude
904 1088 18 19 a

103 1141 79 33 little
197 1140 53 33 the
266 1140 77 43 yoke
364 1140 68 32 that
454 1140 25 31 is
501 1143 55 38 put
575 1150 83 30 upon
681 1138 80 32 their
779 1138 93 32 necks
883 1139 14 30 ?

103 1201 167 43 suggested
295 1201 107 41 mildly
429 1201 41 31 M.
503 1199 179 42 Theophile,
710 1199 72 31 with
818 1210 18 20 a
859 1198 67 31 half

104 1262 214 41 interrogative
334 1267 81 27 tone.

178 1324 91 41 Well,
292 1324 67 43 just
381 1335 18 21 a
550 1322 114 42 replied
680 1322 122 39 Olivier,
852 1332 69 21 now

103 1387 62 33 and
179 1386 84 40 then,
281 1384 61 33 and
362 1384 65 43 just
443 1389 32 27 to
495 1383 79 32 have
591 1394 17 20 a
625 1388 62 26 sort
711 1383 33 31 of
766 1382 112 41 feeling
894 1382 32 31 of

102 1450 94 40 being
222 1448 64 31 free
312 1446 46 32 for
385 1457 39 20 an
451 1444 77 32 hour
553 1456 33 20 or
611 1449 70 28 tAvo.
728 1444 126 32 There's
884 1455 39 20 no

103 1515 89 37 great
207 1510 88 31 harm
307 1508 31 31 in
354 1507 74 39 that,
446 1506 77 32 after
