1090 1740
875 109 50 24 261

391 115 63 21 THE
478 115 166 21 DOWAGER.

106 189 99 42 knew,
231 195 31 27 to
287 204 18 19 a
326 192 133 41 perilous
485 196 79 28 state
590 192 33 31 of
641 191 114 41 things,
779 203 32 20 as
832 191 46 31 far
894 203 32 20 as

107 253 129 40 regards
259 254 134 31 finances
408 267 6 27 ;
448 254 59 30 and
529 253 52 32 the
604 253 129 40 fortune,
751 253 99 31 which
873 253 53 31 she

108 311 61 33 had
193 313 189 32 determined
404 314 106 31 should
531 314 133 32 descend
686 314 188 42 unimpaired
897 318 30 27 to

106 373 56 32 her
190 375 164 40 grandson,
382 375 121 31 seemed
528 375 31 30 in
583 387 18 20 a
625 375 94 42 likely
739 387 68 30 way
826 380 32 26 to
879 375 46 40 be,

108 447 110 21 sooner
241 448 34 20 or
297 437 85 39 later,
409 437 173 31 SAvalloAved
604 448 42 30 up
667 437 41 42 by
728 437 199 32 unavoidable

106 497 76 30 ruin.

150 558 143 31 Madame
332 558 36 31 de
407 558 183 31 Beauvoisin
629 569 63 20 saw
728 569 40 21 no
808 570 116 30 escape,

106 630 72 20 save
220 619 30 30 in
291 619 52 31 the
384 619 173 42 possibility
599 619 34 31 of
669 619 163 42 detaching
872 619 56 32 her

106 679 125 32 brother
254 679 78 32 from
355 680 53 31 the
433 680 129 42 Sphinx.
608 680 62 31 But
691 680 69 32 how
780 692 63 20 was
867 680 60 32 this

105 745 33 27 to
159 740 39 32 be
220 740 155 42 managed
387 742 13 31 ?
446 740 66 33 The
537 741 66 31 first
625 741 153 42 necessity
797 753 72 26 was,
893 753 34 20 as

106 815 46 21 we
175 803 81 32 have
281 803 74 41 said,
378 807 32 27 to
433 802 38 32 be
494 802 186 42 thoroughly
697 803 68 31 well
780 802 147 32 informed

107 877 34 20 as
163 870 32 27 to
218 865 53 32 the
294 865 148 30 minutest
465 863 106 32 details
595 863 34 32 of
649 864 80 42 daily
749 863 50 32 life
823 869 30 26 at
875 864 52 31 the

107 928 98 31 Hotel
244 928 37 31 de
320 927 176 40 Moranges.
552 926 62 31 But
647 926 54 31 the
735 925 193 32 information

107 989 92 41 given
226 993 32 27 to
284 988 56 31 her
365 988 43 41 by
433 987 123 40 Olivier,
583 986 77 32 after
685 986 53 32 she
763 986 60 32 had
850 999 78 28 gone

106 1050 54 33 the
187 1050 107 41 length
322 1049 33 31 of
382 1048 141 41 advising
552 1048 63 30 him
644 1052 33 26 to
707 1048 144 31 cultivate
880 1048 48 31 his

106 1111 116 32 uncle's
254 1110 115 41 society
396 1110 31 30 in
453 1109 52 31 the
532 1108 125 31 interior
686 1108 140 41 presided
857 1120 72 19 over

107 1173 42 42 by
180 1171 158 40 Claudine,
371 1182 65 20 was
469 1169 234 41 unsatisfactory
733 1169 30 30 in
794 1169 52 31 the
877 1181 51 19 ex-

108 1242 106 27 treme.
271 1237 28 30 It
322 1235 119 42 plainly
463 1233 134 32 resulted
621 1232 77 32 from
723 1232 41 32 all
789 1233 140 32 Olivier's

108 1304 118 37 reports
262 1298 67 31 that
364 1296 52 31 the
453 1295 124 31 interior
609 1293 34 32 of
675 1293 52 32 the
763 1293 94 32 Hotel
893 1294 36 32 de

109 1360 168 41 Moranges
301 1370 72 27 was,
400 1360 110 37 except
540 1355 45 31 for
614 1354 40 32 its
681 1354 170 42 splendour,
877 1354 52 32 the

111 1422 139 42 quietest,
278 1425 82 27 most
387 1417 187 40 uneventful,
603 1416 68 40 and,
702 1415 116 41 indeed,
850 1421 79 26 most

110 1488 120 28 austere
246 1482 69 31 that
331 1480 89 33 could
435 1480 37 31 be
488 1478 154 41 imagined
643 1497 42 3 —
687 1489 18 19 a
716 1482 121 37 pattern
850 1482 29 27 to
891 1478 38 32 be

108 1543 140 33 imitated
270 1544 42 39 by
327 1541 54 33 the
398 1545 83 28 most
503 1539 271 42 unexceptionable
790 1538 135 33 families.
