1090 1740
186 109 51 26 160

419 115 83 20 LOVE
525 115 64 20 THE
613 112 152 23 AVENGER

182 193 156 33 remained
362 205 35 20 as
421 193 74 40 they
512 204 87 21 were.
646 192 63 31 But
733 188 152 34 Claudine
908 186 63 33 had
995 199 18 20 a

182 267 187 29 companion.

224 318 99 31 There
339 328 64 21 was
419 317 30 31 in
474 316 42 33 M.
542 316 37 32 de
596 316 166 40 Moranges
785 313 68 33 that
869 311 141 43 undying

180 391 88 19 sense
291 378 34 31 of
343 378 53 32 the
419 377 190 43 respectable
626 376 101 33 which
748 387 96 20 never
868 374 107 32 leaves
991 385 19 20 a

181 440 200 41 Frenchman,
420 440 61 31 and
519 439 74 32 Avith
631 437 100 33 which
765 437 52 32 the
849 435 159 44 perpetual

179 501 138 32 business
333 500 34 32 of
386 500 46 32 his
456 500 50 32 life
530 500 25 31 is
575 504 32 27 to
631 497 151 33 reconcile
798 497 54 33 the
868 501 82 28 most
966 496 41 32 ir-

177 563 219 32 reconcilable
412 562 112 41 things.
567 561 98 32 What
680 572 100 20 seems
796 559 113 42 fitting,
921 558 85 32 what

177 635 99 20 seems
291 635 151 30 proper—
445 623 68 32 that
534 623 26 31 is
580 622 53 32 the
655 621 149 32 domestic
828 620 131 42 religion
975 619 35 33 of

176 684 53 32 the
252 684 98 32 whole
377 696 79 28 race,
483 684 59 32 and
566 683 76 32 from
668 683 69 32 that
763 682 78 32 faith
871 681 133 42 nothing

176 745 56 33 has
256 757 72 21 ever
350 746 126 31 weaned
491 746 84 31 them
577 765 43 3 —
621 749 56 27 not
701 756 77 20 even
801 744 53 31 the
878 743 125 32 scaffold

175 807 34 32 of
227 807 52 31 the
304 807 101 41 Reign
430 807 34 31 of
483 807 119 40 Terror,
620 818 56 19 nor
701 805 54 32 the
781 805 168 32 Saturnalia
971 805 37 32 of

175 867 51 32 the
260 867 132 42 goddess
422 868 131 32 Reason.
610 867 30 32 A
670 867 224 32 Frenchman's
916 867 86 31 mind

172 948 43 4 —
216 929 48 32 his
276 929 96 32 entire
385 934 108 27 nature
496 948 39 3 —
539 940 51 21 are
604 928 198 40 con-centric,
813 932 56 28 not
879 939 123 21 ec-cen-

173 990 56 32 tric
246 1004 7 27 ;
277 990 39 32 he
331 990 116 32 revolts
474 989 78 33 from
577 989 40 33 all
636 989 197 42 eccentricity
858 1000 33 21 as
907 989 92 31 unfit-

172 1051 76 42 ting,
265 1051 167 42 unseemly,
450 1050 60 33 and
533 1050 157 33 whatever
712 1050 47 33 his
781 1055 65 28 acts
861 1062 73 30 may
950 1050 48 40 be,

172 1113 37 31 he
235 1113 149 31 contrives
410 1124 33 20 so
464 1117 33 27 to
523 1112 94 42 shape
635 1112 86 32 them
745 1112 70 32 that
830 1112 75 42 they
922 1111 77 32 shall

171 1174 38 31 be
237 1173 71 32 shut
331 1174 30 30 in
389 1174 106 30 Avithin
518 1173 51 32 the
592 1174 71 31 bars
691 1174 34 31 of
743 1174 52 31 the
817 1174 181 31 Procrustes

171 1235 58 30 bed
253 1234 34 31 of
307 1235 42 30 les
373 1247 211 18 convenances.

213 1296 81 32 Now
314 1309 39 19 no
379 1301 127 27 amount
531 1297 35 31 of
590 1297 169 42 preaching
789 1298 103 32 would
917 1298 78 32 have

170 1358 90 31 made
276 1359 41 31 M.
336 1358 37 32 de
398 1359 166 41 Moranges
585 1359 120 32 abstain
726 1359 79 33 from
820 1360 53 32 the
897 1360 98 32 indul-

170 1431 96 29 gence
294 1419 34 32 of
347 1431 60 30 any
434 1431 56 20 one
515 1419 33 32 of
569 1419 49 33 his
635 1421 82 32 vices
732 1435 7 27 ;
763 1422 56 31 but
839 1421 54 33 the
913 1427 82 27 most

171 1480 159 32 unlimited
371 1480 181 43 indulgence
595 1482 34 31 of
662 1482 87 33 these
781 1483 82 32 vices
900 1496 95 20 never

170 1541 116 31 carried
309 1541 62 32 him
397 1553 96 29 away,
519 1554 95 20 never
645 1543 89 32 made
766 1543 63 32 him
861 1546 133 32 concede
