1090 1740
348 107 141 21 MADAME
512 108 167 20 CLAUDINE.

866 104 52 26 147

104 183 67 32 fails
188 184 85 32 them
297 185 24 32 is
344 185 52 31 the
420 185 138 41 capacity
574 189 31 27 to
628 185 38 31 be
686 185 71 41 free,
775 196 33 20 as
823 185 31 31 in
869 185 52 32 the

105 244 94 32 loAver
226 245 124 42 spheres
376 245 83 31 what
485 245 67 31 fails
582 246 26 30 is
638 245 51 31 the
720 245 88 40 clear,
839 245 83 32 well-

109 306 119 32 defined
258 306 179 42 knowledge
469 306 35 32 of
536 306 52 31 the
618 311 67 27 true
717 307 59 31 and
806 306 33 32 of
871 306 51 31 the

108 367 91 41 right.

152 429 103 31 When
282 429 51 31 the
358 428 76 31 hour
459 428 33 31 of
510 429 181 40 temptation
712 440 111 29 comes,
839 428 83 32 there

109 490 25 31 is
164 489 130 41 nothing
323 494 31 26 to
385 489 52 31 fall
468 489 79 31 back
576 501 91 29 upon.
717 490 70 30 Evil
817 489 26 31 is
872 488 50 32 the

109 550 113 41 refuge,
238 551 140 30 between
393 550 100 32 which
509 550 60 31 and
585 550 122 40 suicide,
724 550 127 41 nothing
867 549 34 31 is.

153 611 73 31 And
252 611 74 31 then
358 611 122 41 Society
512 623 126 29 appears
670 611 75 30 with
774 611 38 30 its
842 610 83 31 well-

110 677 113 35 meant,
242 672 69 41 silly
329 672 158 40 remedies,
513 673 167 40 applicable
700 677 32 26 to
754 671 52 32 the
831 670 93 38 effect,

111 733 61 32 and
187 733 122 40 leaving
328 732 53 31 the
405 744 90 20 cause
516 733 183 31 untouched.
745 731 72 32 And
837 731 88 31 when

111 793 25 31 it
160 793 55 31 has
241 796 33 27 to
299 792 154 31 chronicle
475 792 52 31 the
547 792 159 42 perpetual
729 792 152 31 reversion
896 796 31 27 to

114 854 46 30 sin
186 852 35 32 of
237 853 40 31 its
302 857 191 37 momentary
518 857 145 36 converts,
681 853 22 31 it
727 864 106 20 moans
854 864 72 19 over

113 914 53 32 the
195 913 185 42 ingratitude
409 913 33 31 of
468 913 113 31 human
611 918 114 35 nature,
757 913 52 31 the
837 913 90 41 dege-

115 986 111 30 neracy
253 973 34 32 of
306 985 54 20 our
387 986 66 29 age,
481 974 60 31 and
566 974 52 31 the
643 974 136 41 strength
807 973 33 32 of
859 974 66 40 evil,

110 1035 63 42 just
198 1046 34 20 as
259 1034 213 42 octogenarian
498 1034 175 32 absolutists
698 1034 130 32 twaddle
855 1047 71 19 over

114 1096 52 31 the
183 1095 143 31 manifest
341 1095 117 41 victory
471 1094 33 32 of
514 1095 52 31 the
583 1095 80 31 devil
678 1095 31 31 in
725 1095 51 31 the
793 1096 134 31 ad\Tance

116 1157 34 32 of
177 1156 134 42 political
348 1156 116 41 liberty.
524 1156 62 42 Try
624 1156 157 31 education
825 1168 33 20 as
894 1157 33 31 in

116 1217 143 32 America
259 1237 44 3 —
304 1216 161 32 Avdiolesale
476 1230 7 27 ;
508 1216 62 32 real
587 1216 76 32 bond
676 1216 66 43 fide
758 1217 166 41 education,

114 1279 43 41 by
187 1277 100 32 which
321 1277 53 32 the
412 1277 135 42 superior
584 1277 101 42 utility
722 1277 33 32 of
786 1278 80 40 good
902 1278 26 32 is

118 1338 162 33 mastered.
351 1337 103 32 Teach
492 1337 52 32 the
582 1337 85 32 truth
706 1337 34 32 of
781 1339 127 41 religion
919 1353 8 27 ;

116 1398 182 42 strengthen
328 1397 77 32 faith
443 1397 41 42 by
518 1397 178 41 knowledge
708 1411 7 26 ;
754 1397 84 33 show
875 1399 51 31 the

114 1462 85 42 piety
215 1459 34 32 of
266 1458 64 41 toil,
348 1458 60 32 and
430 1458 103 42 boldly
547 1458 149 42 proclaim
715 1458 52 32 the
782 1459 71 32 bare
869 1460 59 31 fact

114 1523 68 31 that
198 1521 188 33 Providence
403 1520 72 32 does
501 1524 55 28 not
580 1519 99 33 desert
700 1520 85 32 those
806 1521 67 32 who
890 1522 38 31 do

806 1589 13 14 L
835 1585 10 18 2
