1090 1740
323 112 124 23 CHORDS
471 114 85 22 THAT
579 115 147 22 VIBRATE.

882 111 51 27 297

111 185 100 33 which
223 186 62 32 will
301 187 122 44 happen
440 190 90 32 when
545 190 53 33 the
614 196 114 37 system
739 191 33 32 of
785 191 149 43 marriage

114 246 233 45 (consequently
361 250 55 32 the
439 251 94 32 social
556 251 126 44 system)
701 253 25 31 is
741 253 97 32 based
853 264 81 31 upon

112 308 53 31 the
182 309 156 33 exclusion
355 312 34 30 of
399 312 79 31 love.

156 370 135 42 Though
307 372 100 32 Claire
432 383 62 22 was
510 385 34 20 as
567 374 101 43 lovely
684 386 33 20 as
740 375 23 31 it
785 375 62 32 had
866 387 71 20 ever

112 431 94 33 fallen
222 438 33 26 to
271 433 52 32 the
339 433 44 32 lot
400 433 34 33 of
452 446 19 20 a
486 446 121 20 woman
622 440 32 26 to
670 435 46 41 be,
734 436 55 32 she
805 447 64 20 was
885 441 52 26 not

113 493 103 42 lovely
231 499 33 27 to
287 494 56 33 her
366 494 151 42 husband,
534 495 47 32 for
604 496 54 31 she
681 496 91 32 loved
794 496 64 32 him
874 503 61 34 not,

114 555 59 31 and
189 566 63 21 Avas
267 560 55 27 not
338 555 119 33 trained
472 562 32 26 to
520 556 89 32 think
625 557 24 31 it
664 569 108 30 wrong
786 561 33 28 to
835 569 102 30 marry

114 615 130 33 wdthout
260 616 78 41 love,
355 617 56 32 but
427 629 40 19 on
487 617 52 32 the
555 623 151 37 contrary.
750 618 97 32 What
863 619 74 31 then

114 677 91 32 could
220 677 127 33 become
364 678 35 31 of
410 678 86 32 these
512 683 61 27 two
583 681 14 29 ?

160 739 117 32 Olivier
300 739 134 42 thought
457 740 49 31 life
528 752 18 19 a
562 740 63 31 dull
641 740 62 41 job,
719 740 55 32 but
790 745 54 27 not
863 752 75 29 very

113 801 96 31 much
234 813 86 20 more
348 813 33 20 so
412 802 82 31 since
521 802 47 31 his
595 802 159 40 marriage.
801 802 50 31 He
877 802 61 31 had

114 862 97 32 found
238 867 52 27 out
314 863 71 31 how
410 867 33 27 to
471 863 122 31 deceive
625 863 45 31 his
701 863 173 40 guardians,
907 863 31 30 in

115 924 85 42 early
217 924 84 42 days,
320 924 61 32 and
396 924 138 31 whether
548 924 48 30 his
612 923 69 32 wife
702 934 34 20 or
751 923 46 32 his
819 924 119 31 mother

114 997 81 21 were
211 985 53 33 the
281 985 147 33 deceived
450 990 100 38 party,
569 985 51 31 did
635 989 54 27 not
710 984 92 32 much
817 990 119 35 matter,

115 1059 34 20 so
166 1047 73 42 long
255 1059 34 20 as
305 1047 39 32 he
360 1058 64 21 was
439 1046 64 32 free
523 1051 32 27 to
572 1046 38 31 do
625 1046 156 32 whatever
803 1046 39 31 he
858 1046 80 31 liked

115 1108 130 32 without
261 1120 61 31 any
338 1107 210 43 disagreeable
566 1107 118 31 results.
771 1106 167 32 Whatever

115 1170 39 31 he
327 1170 66 31 Yes
407 1170 6 31 !
433 1169 57 32 but
502 1168 52 32 did
566 1167 115 33 Olivier
693 1167 59 32 like
765 1167 148 42 anything
924 1168 14 31 ?

115 1231 92 41 Well,
240 1231 88 31 there
359 1241 64 20 was
461 1229 53 32 the
544 1228 57 32 rub
611 1248 43 2 —
664 1228 61 32 and
758 1239 53 20 our
841 1227 97 31 friend

115 1292 132 42 Aspasie
275 1303 64 20 was
366 1291 83 42 right
475 1290 31 32 in
530 1289 55 33 her
608 1289 205 42 appreciation
841 1288 33 31 of
894 1288 42 32 M.

116 1355 37 32 de
182 1352 195 34 Beauvoisin.
426 1351 50 32 He
504 1351 105 32 rather
633 1350 81 32 liked
739 1349 106 41 music,
873 1360 65 21 cer-

114 1415 99 42 tainly
236 1427 19 19 a
277 1413 166 44 particular
468 1411 75 33 kind
565 1411 34 32 of
620 1410 106 41 music,
750 1410 67 32 that
839 1410 99 32 which

115 1476 150 43 appealed
289 1475 96 42 solely
408 1479 30 26 to
461 1473 53 31 the
537 1483 114 29 senses,
676 1483 34 20 or
733 1482 86 21 came
841 1471 96 33 under

113 1538 54 31 the
183 1537 82 32 head
281 1537 35 32 of
337 1547 84 21 mere
444 1538 200 28 amusement.
692 1532 49 33 He
763 1544 62 21 was
848 1533 89 32 liable
