1090 1740
870 90 51 26 301

310 94 123 22 CHORDS
457 96 85 20 THAT
565 96 147 20 VIBRATE.

100 175 146 34 moment,
271 169 57 33 but
351 170 69 32 that
442 176 137 27 moment
601 184 73 29 may
689 171 120 42 destroy
824 183 19 19 a
861 171 59 40 life,

99 230 62 33 and
190 230 24 33 it
241 242 102 21 comes
371 232 112 31 almost
508 233 147 41 certainly
681 244 83 20 once.
811 232 29 31 It
862 231 60 32 had

100 302 86 22 come
202 291 47 32 for
266 291 115 33 Olivier
397 292 36 32 de
450 293 193 31 Beauvoisin.

144 353 30 31 A
199 352 100 42 heavy
324 353 195 43 atmosphere
544 354 149 42 gathered
716 354 97 32 round
836 354 86 31 those

101 418 62 28 two
179 425 35 20 as
229 413 75 42 they
321 418 48 27 sat
392 414 63 32 side
470 414 42 42 by
529 414 62 32 side
608 414 143 42 listening
766 414 31 31 in
813 414 110 32 silence

101 479 33 28 to
150 474 172 42 dangerous
337 474 108 38 music,
461 475 61 31 and
536 474 52 32 the
603 486 76 31 very
694 475 45 31 air
753 475 84 31 filled
852 474 72 32 with

103 536 137 42 perfume
257 536 61 31 and
332 536 221 42 love-charged
569 536 94 31 looks.

179 598 16 31 I
210 597 92 42 fancy
319 596 212 33 connoisseurs
547 597 89 31 think
652 597 54 31 her
726 596 124 42 singing
872 597 53 31 ad-

279 659 73 40 said,
378 659 107 41 slowly
500 659 60 31 and
583 658 165 42 languidly,
768 658 157 41 Claudine,

105 732 34 20 as
155 720 120 42 though
299 720 54 32 she
376 720 55 32 felt
455 719 54 32 she
526 719 97 41 ought
644 724 33 27 to
696 719 94 42 speak
803 732 7 28 ;
872 719 55 31 but

105 782 71 32 how
191 782 102 40 coldly
309 782 53 31 she
379 782 85 40 sings
474 782 7 31 !

227 843 103 31 would
359 843 102 31 rather
491 842 74 31 hear
589 853 61 30 you
813 840 114 42 replied

107 904 122 40 Olivier,
247 904 31 32 in
293 916 19 20 a
329 904 139 40 whisper.

151 965 86 42 Why
264 964 51 32 did
338 964 40 32 he
402 964 96 42 speak
523 975 34 21 so
580 964 83 31 low?
718 962 50 32 He
795 961 134 32 couldn't

108 1025 71 42 tell;
210 1025 56 32 but
289 1025 38 32 he
352 1025 134 32 couldn't
513 1024 79 31 have
619 1023 116 42 spoken
755 1022 105 31 louder
884 1021 47 32 for

109 1087 52 31 the
177 1086 52 32 life
247 1086 34 32 of
288 1086 72 32 him.

153 1147 140 33 Another
307 1147 74 40 long
397 1146 110 32 silence
519 1158 6 28 ;
558 1145 60 32 and
633 1144 80 40 then,
717 1163 42 3 —

188 1208 67 33 One
271 1208 103 32 would
389 1207 96 41 really
500 1206 88 32 think
603 1216 77 30 your
702 1203 105 40 friend,
829 1202 101 33 Count

111 1271 136 41 Dupont,
257 1281 64 20 was
337 1268 116 44 paying
470 1272 88 27 court
572 1271 33 27 to
785 1263 145 32 observed

112 1331 159 40 Claudine,
285 1331 31 31 in
332 1329 54 33 the
403 1339 83 21 same
503 1327 75 31 slow
593 1325 61 32 and
670 1323 164 43 oppressed
849 1328 79 27 tone.

243 1396 32 27 at
291 1390 62 32 him
365 1404 7 26 ;
389 1389 70 32 how
471 1386 150 34 absorbed
636 1385 38 32 he
687 1396 98 21 seems
797 1384 42 42 by

187 1453 51 31 He
254 1452 62 31 will
338 1461 96 22 never
449 1460 61 31 pay
526 1451 85 28 court
633 1451 31 27 to
850 1455 80 20 mur-

112 1514 109 33 mured
238 1512 115 34 Olivier
366 1525 7 26 ;
436 1510 39 31 he
491 1509 26 31 is
