1090 1740
164 99 52 25 128

395 103 81 21 LOVE
500 102 64 21 THE
588 100 159 22 AVENGER.

449 179 151 33 observed
611 178 52 33 the
678 176 152 40 Duchess,
881 173 71 32 that
967 172 25 32 is

164 256 33 21 so
222 244 61 32 like
307 255 61 31 you
395 255 89 28 men;
523 254 61 30 you
609 252 52 20 are
686 238 77 33 such
789 236 122 34 realists
913 255 43 3 —
959 246 33 20 so

163 305 136 42 wanting
329 304 31 32 in
390 304 40 32 all
461 303 137 42 delicacy
628 302 61 32 and
720 301 31 31 in
783 299 41 33 all
855 297 136 43 genuine

164 368 179 32 refinement
374 366 34 32 of
436 370 81 28 taste
547 365 103 32 where
682 374 121 21 women
834 372 54 21 are
920 371 72 21 con-

239 492 14 30 I
269 491 61 41 beg
344 501 78 31 your
437 489 126 42 pardon,
583 488 144 32 Madame
750 487 30 32 la

163 553 135 32 retorted
320 552 54 32 the
398 550 136 42 Marquis
558 550 37 32 de
618 550 167 41 Moranges
799 561 7 28 ;
864 547 86 32 there
966 545 27 33 is

164 625 39 21 no
219 625 72 20 man
306 613 70 31 Avho
393 613 73 31 does
490 616 53 27 not
567 611 176 42 appreciate
759 615 68 26 true
844 608 146 42 delicacy,

163 680 67 27 true
246 674 179 33 refinement
440 687 6 27 ;
470 674 55 31 but
541 685 47 20 Ave
604 673 92 31 know
711 672 54 31 the
783 674 98 29 secret
897 669 35 33 of
943 668 50 33 life

164 737 30 31 in
225 736 39 32 its
290 735 122 33 various
439 735 121 42 phases,
593 734 61 32 and
685 733 84 32 don't
799 732 61 31 like
888 735 33 28 to
952 730 39 32 be

164 797 138 32 cheated.
349 796 66 32 The
442 796 125 41 general
592 795 103 42 public
722 795 78 31 likes
825 799 33 27 to
882 793 39 32 be
944 792 49 32 in-

164 858 143 40 terested,
335 857 121 40 moved,
489 857 168 43 impressed
687 857 42 41 by
759 857 53 31 the
843 855 150 32 incidents

166 919 31 31 in
229 931 17 20 a
276 918 172 32 Traviata's
487 918 61 40 life,
579 918 75 32 than
682 917 109 41 Avhich,
823 916 170 43 generally,

164 980 131 42 nothing
305 992 56 19 can
371 980 37 31 be
418 980 61 32 less
491 979 184 43 interesting
683 993 6 27 ;
703 979 62 32 and
774 984 32 27 to
818 978 104 33 obtain
932 978 61 33 this

164 1042 95 32 result
274 1042 24 31 it
313 1041 55 32 has
385 1053 142 20 recourse
542 1046 33 27 to
596 1053 19 19 a
627 1041 100 32 deceit
728 1061 43 2 —
772 1040 23 32 it
810 1040 137 32 fashions
962 1045 31 27 to

164 1103 85 31 itself
261 1115 17 19 a
288 1107 138 27 creature
439 1102 66 32 that
517 1114 94 20 never
622 1102 119 32 existed
742 1122 43 3 —
787 1103 83 31 can't

238 1163 81 32 How
360 1163 98 32 moral
499 1176 53 29 my
583 1164 89 31 uncle
711 1164 26 31 is
748 1165 6 31 !
815 1163 179 32 murmured

167 1225 125 32 Olivier.

241 1286 100 32 Moral
355 1287 7 32 !
411 1286 116 32 echoed
549 1287 42 32 M.
611 1287 37 31 de
669 1288 176 41 Moranges,
864 1288 132 42 shaking

164 1348 48 32 his
228 1348 79 31 head
321 1360 7 27 ;
383 1348 78 40 well,
479 1359 94 21 never
595 1348 85 32 mind
694 1362 6 27 ;
724 1348 16 33 I
763 1348 80 34 have
864 1349 132 43 nothing

166 1410 119 42 against
308 1409 169 41 Traviatas,
495 1410 119 32 neither
638 1423 50 19 am
713 1411 15 31 I
754 1423 40 20 an
816 1412 180 32 unbeliever

167 1472 31 31 in
225 1484 17 19 a
265 1471 64 32 real
351 1471 141 33 affection
519 1472 31 31 in
574 1485 19 19 a
608 1475 148 30 woman's
783 1473 98 41 heart,
899 1475 57 31 but
981 1475 15 31 I

167 1537 111 28 cannot
301 1533 128 33 tolerate
445 1546 18 20 a
479 1534 76 32 wolf
573 1535 94 41 being
682 1535 95 32 taken
800 1535 47 32 for
865 1547 18 20 a
899 1535 94 41 lamb,
