1090 1740
149 97 50 26 136

381 104 82 20 LOVE
488 104 64 20 THE
574 102 162 22 AVENGER.

190 182 30 32 A
236 182 74 43 pink
326 182 78 32 flush
421 182 110 43 spread
546 182 47 32 for
616 193 58 21 one
692 179 114 34 second
827 190 73 21 over
922 177 55 33 the

147 243 68 42 pale
238 243 141 41 features,
405 242 60 33 and
487 243 78 33 from
589 242 52 33 the
665 242 102 42 dusky
790 252 130 22 caverns
945 240 34 31 of

145 306 87 32 those
260 311 123 36 strange
411 317 80 30 eyes,
522 318 19 19 a
563 306 108 41 glance
698 305 70 31 shot
796 303 82 33 forth
906 303 68 33 that

145 373 81 26 Avent
242 367 177 41 Avandering
436 379 72 20 over
524 367 39 32 all
580 367 89 32 those
685 366 127 33 around.

219 430 99 31 There
335 441 55 20 can
410 429 38 32 be
464 441 40 19 no
524 429 95 32 doubt
635 429 95 31 about
753 428 55 32 her

145 491 185 31 vouchsafed
342 491 42 31 M.
399 490 37 32 de
453 491 193 31 Beauvoisin.

185 552 102 33 When
326 552 51 32 the
416 552 103 32 crowd
555 552 62 31 had
655 552 107 41 nearly
800 551 167 43 dispersed,

357 612 173 43 Avhispered
561 613 103 32 Count
696 614 138 42 Dupont,
863 612 104 43 laying

140 677 46 30 his
202 675 82 31 hand
308 686 39 20 on
363 674 46 32 his
433 673 124 33 friend's
574 686 73 28 arm,
673 686 34 20 as
722 674 75 43 they
815 675 90 31 stood
922 674 45 32 for

140 749 38 19 an
195 736 114 31 instant
324 746 73 21 near
414 734 74 33 each
505 734 97 41 other,
653 735 15 32 I
685 735 93 32 know
794 735 55 32 her
862 737 6 31 !
898 736 69 31 that

141 799 24 30 is
188 797 53 32 the
265 796 57 42 girl
337 808 61 30 you
421 795 61 33 and
506 796 14 31 I
545 808 74 20 once
644 808 64 20 saw
723 797 31 31 in
777 797 53 32 the
855 798 112 32 stable-

138 859 76 42 yard
230 863 31 26 at
278 857 163 32 Clavreuil.
490 857 62 32 She
568 858 25 31 is
611 862 32 27 to
659 858 39 32 be
714 860 181 40 recognised
912 865 54 27 out

139 921 34 29 of
184 932 19 18 a
217 919 115 31 million
343 919 6 31 !

182 981 114 32 Olivier
312 980 156 41 shrugged
491 980 47 32 his
558 981 160 33 shoulders
742 982 31 32 in
790 982 120 33 disdain
935 984 33 32 of

137 1043 51 32 the
204 1042 162 31 ridiculous
384 1043 198 39 supposition.
