1090 1740
866 108 31 25 51

298 111 105 21 ALONE
426 112 35 20 IN
484 113 62 19 THE
569 113 119 19 WORLD.

82 186 98 33 father
194 198 65 21 was
281 187 52 33 the
356 187 78 33 limit
455 193 34 27 to
511 188 100 32 which
635 188 153 32 tolerance
811 189 88 31 could

82 248 39 32 be
137 248 128 33 allowed
278 253 32 28 to
332 249 113 32 stretch
458 263 7 28 ;
490 250 60 31 and
567 250 100 41 when,
684 250 118 42 shortly
824 250 75 31 after

81 309 53 32 the
151 309 182 33 Revolution
357 309 34 33 of
408 310 165 43 February,
590 311 171 36 Re-action,
777 322 34 20 as
833 311 24 31 it
872 311 26 31 is

82 371 127 40 termed,
226 371 197 42 deliberately
447 376 46 27 set
516 371 39 41 in,
573 372 96 31 Marie
693 373 37 30 de
746 372 151 40 Lancour,

82 432 75 31 then
168 432 157 32 Comtesse
336 432 38 31 de
388 432 163 41 Clavreuil,
563 444 83 30 grew
659 433 193 32 accustomed
866 438 33 26 to

82 492 74 32 hear
178 493 55 31 her
256 493 99 32 father
377 493 116 42 spoken
517 493 33 31 of
569 493 41 42 by
625 493 87 32 those
739 494 53 31 she
819 494 80 41 daily

82 554 82 31 lived
187 553 83 42 with,
298 565 33 20 as
356 566 19 20 a
394 566 71 20 man
485 554 103 32 whose
614 554 139 42 example
779 566 63 20 was
866 566 33 20 so

82 615 183 31 lamentable
288 615 67 31 that
375 615 47 31 his
444 626 90 20 name
557 615 109 31 should
688 619 52 27 not
762 615 38 32 be
815 627 84 20 men-

82 677 105 31 tioned
196 676 210 42 unguardedly
415 677 104 31 before
528 688 104 30 young
641 677 116 41 people.
784 677 115 31 Herein

82 737 60 41 lay,
159 737 83 41 then,
259 737 52 32 the
334 737 177 32 misfortune
535 737 33 32 of
590 738 141 31 Madame
748 737 36 32 de
808 738 91 32 Clav-

82 799 104 31 reuil's
207 799 51 31 life
272 811 6 19 :
303 798 54 32 she
382 810 65 20 was
473 798 134 41 brought
630 810 42 30 up
699 798 30 31 in
750 798 63 32 fear
840 799 59 31 and

82 857 175 42 trembling,
289 857 59 32 and
378 857 52 31 the
456 861 167 27 narrowest
658 857 152 42 prejudice
840 857 59 31 and

83 924 82 27 most
180 918 149 33 senseless
351 918 164 32 resistance
535 922 33 27 to
586 918 40 31 all
641 919 121 31 natural
773 918 126 42 feelings

83 980 60 31 and
158 979 175 33 tendencies
349 991 79 20 were
444 979 137 42 imposed
600 991 81 30 upon
696 979 54 32 her
766 979 133 32 authori-

81 1041 128 41 tatively
224 1052 34 20 as
281 1052 18 20 a
322 1040 82 42 duty.
451 1040 71 40 Yes,
539 1051 19 20 a
581 1040 76 42 duty
667 1054 6 27 ;
696 1040 46 31 for
764 1040 35 31 of
817 1040 81 32 what

81 1102 192 32 derelictions
296 1101 60 32 and
379 1101 200 40 weaknesses,
596 1100 35 32 of
646 1101 82 32 what
749 1101 70 41 sins,
837 1113 61 30 nay

80 1176 78 20 even
181 1164 118 39 crimes,
315 1163 99 41 might
436 1166 55 28 not
513 1162 54 32 the
591 1162 152 42 daughter
767 1163 58 30 and
845 1163 51 31 the

80 1225 179 37 grandchild
276 1225 33 32 of
320 1225 52 32 the
388 1225 182 32 too-famous
586 1225 43 31 M.
647 1224 37 31 de
702 1224 142 31 Lancour
859 1224 37 30 be

78 1287 153 42 naturally
252 1286 122 42 guilty?
419 1286 40 33 So
485 1286 67 31 that
577 1285 141 31 Madame
744 1285 36 30 de
806 1284 90 31 Clav-

78 1347 85 40 reuil,
175 1347 101 32 whom
286 1351 107 27 nature
406 1346 61 32 had
476 1346 89 32 made
578 1357 18 20 a
610 1345 155 40 thorough
776 1356 119 19 woman

78 1430 42 2 —
121 1408 83 41 fond,
215 1407 83 41 kind,
309 1407 167 42 indulgent,
495 1411 93 28 sweet
603 1406 60 31 and
674 1405 56 32 fair
745 1405 31 31 in
786 1405 65 32 soul
862 1417 33 20 as

77 1471 31 31 in
124 1470 63 32 face
189 1490 43 2 —
233 1469 60 32 had
309 1469 85 40 been,
408 1468 41 42 by
464 1468 52 32 the
531 1479 128 20 manner
671 1467 34 32 of
715 1467 54 32 her
784 1467 110 32 educa-

76 1531 73 39 tion,
175 1529 201 33 transformed
406 1529 63 31 into
500 1540 19 21 a
547 1527 115 43 species
693 1527 34 32 of
762 1528 132 31 terrified

770 1595 14 14 e
798 1593 11 16 a
