1090 1740
336 432 202 31 CHAPTER
560 433 52 30 VI.

323 528 63 21 OUT
409 528 33 21 IN
465 528 65 21 THE
553 527 67 22 SUN.

106 602 123 32 Claire
256 614 64 20 was
344 603 55 31 her
430 604 98 30 aunt's
558 603 238 41 god-daughter,
821 604 60 31 and

61 664 139 42 tenderly
231 664 145 32 attached
405 669 32 27 to
469 665 74 31 each
581 665 87 31 other
696 676 82 20 were
807 670 75 26 aunt

61 725 61 31 and
151 725 94 32 niece.
308 725 138 42 Perhaps
476 725 143 32 Madame
654 725 37 32 de
729 725 152 33 Clavreuil

61 786 101 42 might
184 786 80 31 have
287 786 100 31 feared
416 786 53 31 the
491 797 137 30 memory
652 786 33 31 of
702 786 55 31 her
779 786 102 31 sister-

61 847 132 31 in-law's
215 846 148 31 romantic
386 851 78 37 past,
490 847 61 31 had
573 847 24 31 it
619 851 54 26 not
694 847 85 39 been,
805 847 74 39 first,

61 908 69 31 that
154 907 218 32 Clementine's
404 907 138 31 outward
571 919 126 19 manner
721 907 34 31 of
774 907 107 41 taking

62 967 69 32 that
153 972 69 36 past
237 967 61 31 had
320 967 78 31 been
417 967 125 31 decided
557 967 41 41 by
613 967 52 31 the
684 968 95 30 world
794 972 32 27 to
842 968 38 31 be

62 1028 115 41 utterly
193 1028 192 31 unromantic
397 1040 7 28 ;
420 1028 69 40 and,
504 1028 154 41 secondly,
669 1028 69 31 that
754 1028 125 42 worldly

59 1089 155 42 prudence
241 1089 125 31 forbade
398 1100 60 30 any
481 1088 235 41 apprehensions
747 1089 133 32 directed

59 1150 135 32 towards
217 1161 18 19 a
258 1149 126 31 relative
408 1148 68 32 who
499 1148 60 32 had
580 1161 39 19 an
637 1160 160 20 enormous
820 1149 59 31 for-

59 1217 74 25 tune
156 1216 32 26 to
211 1211 94 31 leave.

103 1272 91 32 Some
210 1282 127 30 persons
354 1270 138 32 affirmed
507 1270 67 31 that
588 1270 61 31 this
662 1281 62 20 was
739 1270 53 31 the
809 1270 69 41 only

59 1333 69 42 sign
159 1332 34 32 of
219 1332 181 31 calculation
431 1343 72 20 ever
529 1331 107 31 shown
664 1330 41 42 by
735 1330 143 32 Madame

57 1393 190 39 Beaudouin,
277 1392 60 31 and
364 1392 64 31 said
453 1392 78 40 that,
557 1392 31 30 in
610 1391 87 31 order
720 1395 32 27 to
771 1403 107 20 ensure

56 1460 33 28 to
111 1454 118 33 herself
254 1454 53 31 the
330 1453 139 41 frequent
500 1452 249 42 companionship
773 1452 34 32 of
823 1453 55 32 her

56 1517 96 39 niece,
178 1515 54 32 she
262 1526 64 20 was
348 1514 32 31 in
409 1513 53 32 the
488 1513 84 32 habit
595 1512 35 32 of
653 1512 132 43 keeping
807 1525 68 30 per-
