1090 1740
407 109 64 20 THE
494 109 208 21 DEPUTATION.

911 104 52 27 273

141 181 139 34 thinkers
307 189 33 26 at
364 183 48 33 his
439 184 79 32 back
538 198 5 19 :
578 185 78 41 well,
682 185 16 31 I
725 185 84 32 don't
834 189 52 38 yet
912 197 49 20 see

143 243 84 32 what
264 244 26 32 is
323 249 32 28 to
387 245 37 32 be
459 246 77 32 done
567 246 75 32 with
672 246 64 31 him
748 260 6 27 ;
787 246 65 32 he's
889 258 72 30 very

143 309 108 37 strong
273 310 29 27 at
327 306 195 42 Combeville,
541 308 60 31 and
623 307 65 32 he's
711 312 52 37 got
787 320 83 19 some
893 319 68 30 sup-

141 371 120 37 porters
289 371 32 27 at
343 368 159 42 Malleray,
527 369 120 31 besides
671 380 19 20 a
713 369 80 41 good
816 380 92 30 many
931 368 30 31 in

216 488 106 40 What,
340 489 31 31 in
386 501 53 29 my
642 490 80 31 cried
737 490 52 32 the
804 490 143 40 Marquis.

215 549 73 41 Yes,
320 561 95 20 never
444 549 85 32 mind
559 550 76 40 that,
667 550 47 31 it's
751 555 53 26 not
842 551 118 41 against

138 612 134 31 Bouvier
294 612 68 31 that
384 612 16 31 I
422 612 79 31 need
523 624 77 29 your
626 612 80 42 help.
767 614 61 30 But
850 613 110 31 there's

135 672 133 32 another
289 672 168 32 candidate.
504 672 66 32 The
586 673 68 31 Due
671 674 37 30 de
723 673 150 33 Vivienne
889 673 69 39 will,

137 734 15 30 I
168 733 127 40 believe,
312 733 90 40 bring
418 733 120 32 Gaston

214 795 60 31 His
290 795 130 40 nephew
431 796 15 30 ?

213 855 65 32 Yes
291 868 7 27 ;
323 855 61 31 and
407 855 54 31 the
483 855 82 41 plan,
585 855 16 31 I
616 855 99 41 fancy,
741 855 34 40 is,
801 859 32 27 to
857 867 98 30 marry

138 916 119 32 Gaston
283 920 33 27 to
344 916 48 30 his
419 915 106 31 cousin
541 916 167 40 Herminie,
728 916 61 30 and
815 928 33 18 so
874 916 81 31 unite

136 978 32 31 in
192 989 56 20 one
273 977 51 31 the
349 981 62 27 two
433 988 162 20 enormous
620 976 134 32 fortunes
771 976 33 31 of
822 976 51 32 the
895 981 60 27 two

354 1098 177 31 murmured
561 1098 52 31 the
643 1098 144 41 Marquis,
826 1098 128 41 rubbing

133 1160 48 33 his
208 1160 71 32 chin
300 1160 74 31 with
398 1160 48 30 his
469 1159 82 31 hand
578 1158 60 32 and
662 1159 119 41 pulling
799 1159 87 30 down
907 1159 46 31 his

132 1221 107 33 nether
275 1221 42 42 lip
355 1221 139 31 between
532 1219 46 31 his
609 1219 97 41 finger
739 1219 60 31 and
836 1219 115 32 thumb.

163 1282 89 33 Bless
279 1293 53 31 my
348 1282 66 31 soul
427 1282 6 31 !
489 1280 164 32 continued
678 1280 38 31 he
730 1293 7 28 ;
792 1280 72 41 why
886 1281 67 31 that

130 1343 104 33 would
264 1343 71 42 give
362 1343 118 32 Gaston
511 1354 57 19 one
601 1341 60 41 day
682 1346 61 26 two
766 1341 131 32 millions
919 1354 32 19 a-

130 1417 74 30 year
206 1424 42 4 —
249 1405 94 32 that's
359 1414 161 23 enormous
533 1403 7 33 !

205 1466 63 32 Yes
283 1481 6 26 ;
322 1465 61 32 and
413 1464 60 33 add
496 1470 32 26 to
559 1464 68 32 that
655 1463 50 33 the

130 1528 149 32 observed
301 1528 53 31 the
378 1527 161 40 Dowager,
575 1524 124 42 leaning
729 1525 145 33 forwards
903 1530 45 28 to-

186 1596 52 14 VOL.
252 1596 14 14 I.

853 1592 13 14 T
