1090 1740
180 98 35 25 48

413 104 82 20 LOVE
519 105 63 19 THE
605 101 161 23 AVENGER.

181 192 93 31 every
290 181 75 32 door
379 186 32 28 to
427 181 38 33 be
488 181 103 32 closed
607 181 30 31 in
661 180 53 32 the
731 179 66 32 face
814 177 35 33 of
864 177 53 33 the
933 176 77 44 pair.

180 243 37 31 In
233 243 51 33 the
300 243 131 33 absence
448 243 35 32 of
500 243 40 32 all
557 243 158 39 assertion,
733 241 76 41 hint,
829 251 35 21 or
880 238 130 33 surmise

179 310 33 27 to
239 304 52 33 the
318 310 148 38 contrary,
488 305 22 32 it
532 316 84 31 grew
640 310 31 27 to
695 304 39 32 be
759 315 39 21 an
822 300 188 35 established

179 366 62 32 fact
265 366 68 33 that
356 367 130 42 nothing
514 367 90 32 could
633 367 38 31 be
696 377 85 21 more
812 362 197 42 thoroughly,

179 428 171 42 absolutely
364 429 191 42 respectable
579 429 75 31 than
669 427 43 34 M.
731 427 61 32 and
808 426 146 33 Madame
971 425 39 32 de

179 490 162 31 Clavreuil.

222 550 75 32 This
327 551 25 31 is
383 563 18 19 a
430 551 88 41 thing
549 550 182 42 sufficiently
762 560 187 21 uncommon
977 548 30 32 in

179 612 117 32 France
319 617 32 27 to
374 612 38 32 be
435 612 204 40 noteworthy.

222 673 66 32 The
313 673 108 32 Comte
444 674 87 32 Rene
562 674 36 32 de
632 672 155 33 Clavreuil
812 683 64 20 was
908 671 34 32 of
968 683 39 19 an

179 734 121 32 ancient
322 735 61 31 and
405 735 232 41 distinguished,
654 734 27 31 if
698 738 55 28 not
776 733 122 42 exactly
922 733 85 31 illus-

178 795 104 40 trious,
307 795 104 42 family
422 809 6 27 ;
460 796 100 31 which
591 807 72 30 may
689 795 39 32 be
759 795 113 32 almost
902 794 107 32 exclu-

179 856 95 43 sively
305 856 71 33 held
405 862 32 27 to
468 857 96 42 imply
588 857 69 32 that
687 856 48 33 his
760 861 159 28 ancestors
945 855 63 32 had

178 918 143 43 formerly
344 918 110 43 fought
477 919 31 31 in
530 919 53 32 the
609 919 115 32 service
748 918 35 32 of
801 918 51 32 the
873 917 77 43 king
965 917 43 43 by

179 991 51 20 sea
246 979 60 32 and
322 979 80 32 land.
449 980 41 31 M.
510 980 38 31 de
569 980 156 32 Clavreuil
743 979 63 32 had
826 991 40 20 no
886 979 121 32 fortune

178 1041 157 31 whatever
346 1055 6 27 ;
378 1053 33 19 so
427 1041 68 32 that
517 1041 48 32 his
589 1041 89 32 sister
696 1041 82 43 (they
802 1053 80 20 were
907 1041 99 41 alone,

178 1101 125 32 himself
314 1102 60 31 and
384 1102 231 32 Mademoiselle
632 1102 201 41 Clementine)
851 1102 61 32 had
928 1103 79 32 been

179 1162 170 42 altogether
360 1162 130 32 without
505 1174 19 20 a
536 1163 114 42 dowry,
665 1164 60 31 and
742 1164 38 32 he
797 1164 61 31 had
873 1164 134 32 married

179 1235 18 20 a
219 1228 88 37 great
331 1223 124 42 heiress,
483 1224 231 33 Mademoiselle
733 1225 37 32 de
797 1226 153 41 Lancour,
976 1226 34 32 of

179 1285 122 40 equally
317 1285 81 40 good
412 1285 84 32 birth
509 1286 74 31 with
599 1286 131 33 himself.

221 1347 65 31 Ten
310 1358 33 20 or
359 1347 111 32 twelve
488 1359 89 29 years
593 1347 77 33 after
692 1348 63 32 this
771 1348 163 43 marriage,
946 1350 59 31 and

178 1407 89 32 when
282 1407 52 32 the
358 1407 62 32 sole
442 1407 81 32 child
538 1408 77 32 born
632 1408 34 33 of
681 1408 24 34 it
720 1421 63 21 was
805 1411 95 32 about
920 1412 85 42 eight

179 1480 33 22 or
227 1469 72 33 nine
314 1480 91 31 years
422 1469 33 33 of
473 1481 66 31 age,
557 1470 23 32 it
603 1472 145 32 occurred
771 1477 31 28 to
825 1484 19 21 a
859 1473 146 34 bachelor

179 1530 105 33 cousin
303 1530 35 33 of
349 1532 41 32 M.
416 1532 36 31 de
477 1532 162 33 Clavreuil'
644 1545 14 20 s
681 1533 79 41 who,
786 1534 41 40 by
842 1535 53 33 the
914 1535 91 34 thou-
