1090 1740
156 113 55 25 154

393 120 81 20 LOVE
498 120 63 20 THE
586 118 160 22 AVENGER.

156 197 180 31 emaciation
368 197 88 42 fairly
487 196 175 43 frightened
689 195 64 32 him
768 208 5 19 :
809 194 53 32 the
894 193 90 32 latter

155 269 64 20 saAV
241 258 45 32 far
310 258 123 42 beyond
459 258 39 32 all
523 258 94 40 these,
635 257 61 33 and
713 269 64 20 Avas
801 254 183 43 irresistibly

156 319 159 30 attracted.

199 381 65 32 The
280 381 59 42 girl
355 393 63 20 Avas
434 393 104 31 young
554 381 132 42 enough,
705 380 30 32 in
752 380 79 43 spite
849 379 34 33 of
901 378 84 34 what

153 443 55 32 she
236 443 60 31 had
321 443 138 41 suffered,
484 448 32 27 to
540 443 71 32 look
635 444 98 31 better
749 454 78 20 even
850 442 42 42 by
909 441 75 42 day-

154 504 78 42 light
248 504 73 32 than
337 505 169 42 lamplight,
525 505 61 31 and
600 505 83 31 what
694 503 103 33 would
813 502 171 42 inevitably

154 566 37 32 be
208 566 55 32 her
278 566 100 33 future
399 567 113 41 beauty
529 567 138 32 asserted
690 566 87 32 itself
794 566 32 31 in
851 565 77 42 spite
953 563 34 32 of

153 626 56 33 her
225 627 130 41 squalor.

197 689 65 32 The
285 689 138 42 Marquis
451 689 180 31 scrutinised
654 689 55 32 her
733 700 33 21 as
790 688 120 42 though
927 688 53 32 she

152 749 62 32 had
229 750 77 31 been
323 761 18 20 a
357 750 126 40 picture.

315 822 82 32 wrap
414 811 68 32 that
497 811 98 32 round
720 811 66 33 said
807 812 47 40 he,
873 811 108 42 taking

153 884 18 20 a
201 884 91 20 cover
319 872 35 32 of
384 871 131 33 crimson
548 872 58 32 silk
637 872 78 32 from
743 884 17 20 a
791 873 93 40 table,
919 872 62 32 and

153 934 160 42 tendering
327 933 25 32 it
367 938 32 27 to
415 933 63 41 her,
497 934 61 31 and
575 933 91 32 when
683 934 55 32 she
762 934 61 31 had
841 934 79 32 clone
937 946 43 29 so,

153 995 154 41 throAving
323 995 51 32 the
391 995 78 32 folds
485 996 81 31 back
582 995 79 32 from
677 996 55 31 her
748 996 89 40 head,
840 1016 44 3 —

228 1057 63 31 Yes
303 1058 5 31 !
354 1057 39 31 he
410 1057 107 41 added,
532 1058 163 41 musingly,
714 1058 61 31 and
788 1070 33 20 as
835 1059 25 31 if
872 1059 109 42 speak-

154 1118 54 41 ing
224 1122 31 27 to
272 1118 129 40 himself,
450 1118 55 32 her
520 1119 122 31 natural
663 1119 203 42 background
886 1120 26 32 is
927 1120 54 33 red

157 1197 40 5 —
197 1191 19 19 a
231 1179 76 42 deep
325 1179 102 31 Titian
443 1180 54 30 red
509 1193 6 26 ;
539 1180 53 32 the
608 1180 69 42 pale
694 1181 56 31 fair
766 1181 93 41 lights
876 1182 35 32 of
928 1182 53 32 the

155 1241 69 31 skin
254 1241 60 31 and
344 1241 67 31 hair
441 1241 110 32 detach
582 1241 189 33 themselves
807 1255 33 19 so
878 1244 103 42 finely,

154 1302 99 33 Avhilst
280 1302 52 33 the
358 1302 76 32 dark
459 1302 196 43 brown-gold
683 1303 33 32 of
735 1304 52 32 the
816 1317 72 29 eyes
913 1306 68 32 har-

153 1363 132 31 monises
302 1375 33 19 so

197 1425 72 32 And
294 1425 74 32 then
394 1425 39 32 he
461 1425 105 32 talked
589 1430 31 28 to
648 1426 53 32 her
717 1427 46 32 for
789 1439 84 21 some
898 1428 81 41 time,

153 1486 62 31 and
230 1485 64 32 told
310 1486 55 32 her
381 1486 53 32 she
451 1492 83 27 must
550 1487 37 32 be
605 1488 95 31 called
719 1489 159 31 Claudine.

198 1545 41 32 M.
267 1545 36 33 de
329 1547 166 42 Moranges
523 1560 62 21 was
611 1548 151 41 fifty-five,
790 1562 56 19 nor
871 1550 52 32 did
945 1550 37 33 he
