1090 1740
395 106 65 22 THE
485 107 163 21 DOWAGER.

874 103 55 25 263

370 183 146 43 certainly
635 196 63 20 was
721 185 52 32 the
796 197 135 29 answer;

144 242 56 32 but
226 243 39 32 he
291 243 132 33 lavishes
450 245 103 42 proofs
580 246 33 32 of
633 246 83 32 what
740 247 109 42 people
877 247 54 31 call

113 303 141 34 affection
270 316 82 29 upon
367 305 64 40 her,
449 306 72 32 does
536 307 39 32 he

295 366 67 31 that
375 367 15 30 I
403 367 78 31 have
498 379 71 20 seen
569 387 44 4 —
614 380 33 19 as
762 369 169 42 responded

114 427 98 32 Henri
224 442 7 27 ;
359 429 133 32 lavishes
510 431 103 41 proofs
637 431 34 31 of
690 431 139 32 affection
850 442 81 31 upon

113 487 130 42 himself,
262 488 137 33 whereof
410 490 54 31 she
479 490 26 31 is
520 490 53 31 the
588 502 83 20 mere

189 550 62 31 But
273 550 73 32 he'll
369 551 37 31 be
430 551 108 31 ruined
554 552 31 30 in
601 563 18 20 a
635 552 107 42 couple
764 552 35 32 of

112 610 168 41 suggested
295 611 53 32 the
364 612 161 39 Dowager.

188 671 78 32 He's
290 684 84 20 more
397 672 93 42 likely
505 677 31 27 to
556 673 39 32 be
615 673 105 32 insane
735 673 31 31 in
781 673 67 32 half
866 673 65 32 that

189 793 112 31 Insane
315 794 6 32 !
377 793 54 32 she
448 793 114 32 echoed
575 806 5 20 :
636 794 82 32 what
740 795 108 31 should
863 795 68 41 give

113 866 64 30 you
208 854 74 32 such
314 866 18 20 a
361 859 215 37 preposterous
605 855 106 32 notion
726 857 14 31 ?
798 856 133 31 Maurice

113 916 117 38 insane,
247 915 111 32 indeed
370 916 6 32 !

190 977 49 31 Do
266 988 62 30 you
356 988 140 30 suppose,
525 977 143 33 Madame
694 977 30 33 la

114 1037 144 42 rejoined,
283 1037 167 42 ironically,
476 1037 103 32 Count
602 1038 133 42 Dupont,
792 1038 66 32 that
880 1038 51 33 the

113 1099 63 31 fact
192 1098 34 32 of
243 1098 94 42 being
352 1098 52 32 the
421 1098 65 32 heir
502 1098 34 32 of
552 1099 39 31 all
606 1099 50 32 the
672 1100 163 41 Moranges
851 1100 80 32 since

112 1159 108 34 Clovis
236 1159 25 32 is
277 1171 60 30 any
354 1164 165 37 guarantee
542 1159 120 42 against
682 1160 75 32 such
778 1172 39 20 an
837 1160 94 32 inflic-

111 1221 66 32 tion
187 1222 15 31 ?
232 1220 99 33 What
347 1221 87 42 gives
449 1232 50 21 me
514 1220 61 33 this
590 1226 212 38 preposterous
818 1222 111 40 notion,

110 1294 36 20 as
169 1293 61 32 you
254 1281 78 43 style
353 1281 31 41 it,
407 1281 25 32 is
454 1281 187 43 experience,
658 1282 60 32 and
733 1294 83 20 some
840 1282 91 43 slight

111 1343 183 41 knowledge
311 1343 34 32 of

185 1405 191 42 Physiology
387 1406 6 31 !
426 1404 67 32 Pah
504 1405 6 32 !
558 1404 127 32 sneered
700 1404 51 32 the
768 1406 160 42 Dowager,

110 1468 125 39 turning
250 1479 42 28 up
309 1467 54 31 her
377 1477 83 21 nose.

154 1528 98 32 Henri
269 1528 129 40 Dupont
413 1526 117 32 bowed.
