1090 1740
341 431 204 32 CHAPTER
575 432 87 31 VIII.

380 528 64 20 THE
468 528 155 20 HUSBAND.

135 602 29 31 A
184 613 69 21 feav
272 603 76 41 days
369 603 78 32 after
465 603 52 32 the
539 603 210 32 conversation
765 614 46 20 we
832 602 78 32 have

92 664 147 32 recorded
263 664 140 33 between
425 664 53 32 the
499 664 156 43 Marquise
674 664 60 33 and
754 664 55 32 her
831 664 80 32 son's

92 725 249 41 mother-in-law,
368 726 115 32 Olivier
506 738 64 20 was
594 726 105 32 seated
720 726 30 31 in
773 725 47 32 his
843 737 69 20 own

92 792 182 37 apartment,
307 799 39 20 on
377 799 18 19 a
424 799 75 30 very
529 787 60 31 low
616 787 83 32 chair
727 786 104 32 before
861 787 50 31 the

92 849 64 39 fire,
182 860 57 20 one
262 848 63 32 foot
348 860 39 19 on
409 848 53 31 the
483 848 112 40 fender,
618 848 53 31 the
693 847 88 32 other
802 859 39 20 on
859 847 53 32 the

93 909 116 31 marble
241 908 121 32 column
387 908 99 32 Avhich
517 908 166 43 supported
710 919 56 21 one
793 908 62 32 side
883 908 33 32 of

92 970 54 31 the
168 970 216 32 mantel-shelf.
431 971 86 30 More
540 970 116 31 distant
680 969 78 32 from
782 969 52 32 the
858 969 54 32 fire

93 1031 128 31 another
246 1042 72 20 man
345 1042 63 20 was
438 1031 104 31 seated
568 1043 38 19 on
633 1043 19 19 a
678 1030 231 42 rocking-chair.

92 1091 30 31 It
149 1103 63 19 was
242 1091 52 31 the
324 1092 102 31 Count
456 1091 127 42 Dupont
613 1091 37 31 de
681 1091 134 42 Laporte
816 1111 43 3 —
859 1091 53 31 the

92 1152 99 32 Henri
219 1152 100 31 whom
346 1164 44 20 we
418 1152 80 32 have
524 1152 125 42 already
676 1164 71 20 seen
773 1152 30 31 in
832 1164 81 20 com-

92 1226 83 30 pany
190 1214 74 31 with
285 1213 116 33 Olivier
419 1218 31 27 at
469 1214 54 31 the
540 1214 139 32 Chateau
696 1213 36 32 de
749 1213 162 40 Clavreuil,

92 1274 90 32 when
218 1274 170 32 Madeleine
423 1274 122 41 Raynal
573 1273 113 42 passed
717 1278 54 26 out
796 1274 41 41 by
860 1274 52 31 the

92 1335 184 42 stableyard,
296 1335 61 32 and
375 1347 64 19 was
461 1334 97 32 called
578 1334 75 42 ugly
671 1335 40 41 by
732 1345 56 20 one
810 1334 34 31 of
859 1334 53 32 the

91 1397 123 40 friends,
240 1397 59 31 and
326 1396 153 41 curiously
503 1395 148 32 beautiful
677 1395 41 42 by
740 1395 52 32 the
815 1396 94 33 other.

91 1459 30 33 It
148 1458 102 33 would
276 1458 38 32 be
341 1463 51 26 too
419 1456 92 32 much
538 1461 32 27 to
597 1468 55 30 say
677 1456 68 32 that
771 1456 52 32 the
849 1462 61 27 two

91 1520 115 33 friends
228 1531 80 21 were
331 1531 70 20 now
421 1519 120 40 talking
562 1517 149 42 together,
735 1518 75 42 they
832 1531 78 21 were
