1090 1740
176 91 34 24 44

410 97 82 20 LOVE
515 96 64 21 THE
602 93 161 23 AVENGER.

221 175 66 33 The
304 187 105 21 owner
425 175 61 33 and
502 174 172 32 inhabitant
690 170 35 33 of
735 169 62 34 this
816 165 189 35 last-named

177 236 138 42 chateau,
333 248 64 21 was
413 247 18 22 a
447 247 75 31 very
537 234 74 41 rich,
629 245 75 30 very
722 230 111 40 selfish,
851 240 76 30 very
943 226 62 33 dis-

178 298 98 32 solute
293 298 49 32 old
363 310 79 20 man.
490 297 59 33 His
576 295 180 44 hospitality
772 303 64 22 was
853 288 151 45 splendid,

177 359 47 32 his
237 359 76 32 cook
329 372 19 20 a
359 359 117 43 genius,
491 358 48 33 his
551 358 97 33 stable
662 354 171 43 admirably
845 350 158 41 mounted,

178 421 60 32 and
254 421 51 33 the
320 422 159 42 pleasures
496 420 48 32 his
561 419 148 33 welcome
726 415 115 34 offered
856 425 82 21 were
955 424 50 21 ac-

178 483 109 41 cepted
304 494 38 21 on
358 483 40 32 all
414 482 98 32 hands
540 480 130 33 without
696 482 121 39 respect
838 488 34 21 or
888 480 117 28 esteem

178 544 93 42 being
287 556 72 20 ever
374 544 93 42 given
495 543 31 33 in
551 541 130 43 requital
708 540 42 43 by
765 539 48 32 his
829 542 117 38 guests,
972 548 34 20 or

179 606 130 32 claimed
325 606 40 42 by
381 606 72 32 him.
502 605 29 32 A
556 605 59 31 few
631 603 76 42 days
724 613 69 32 ago,
812 601 23 32 it
851 612 64 20 was
939 599 67 32 said

178 667 68 32 that
261 667 51 33 the
327 667 88 42 noisy
431 667 121 32 visitors
569 666 70 31 who
663 664 61 32 had
740 663 84 32 filled
839 662 55 33 the
911 662 95 32 house

180 728 46 33 for
253 728 116 33 several
393 728 104 33 weeks
525 728 61 32 had
616 727 41 32 all
683 725 156 43 departed,
867 723 62 33 and
954 723 52 32 the

180 789 95 32 baron
291 789 125 32 himself
426 800 63 21 was
506 788 154 43 supposed
676 792 32 28 to
721 787 80 32 have
817 785 56 33 left
890 785 116 33 Sauve-

180 854 80 26 terre
276 849 47 31 for
337 849 95 31 Paris.

224 911 74 32 Just
314 922 34 21 as
359 910 173 33 Madeleine
549 910 122 43 Raynal
687 910 61 32 laid
758 910 55 32 her
829 909 81 33 head
925 908 80 33 back

182 973 120 41 against
316 972 54 32 the
387 972 176 43 shop-door,
578 972 60 32 and
655 971 146 43 avoiding
812 977 31 27 to
853 971 71 32 look
934 982 74 21 over

181 1034 52 32 the
249 1046 69 30 way
333 1038 32 27 at
380 1033 51 32 the
448 1033 78 43 light
537 1034 31 31 in
579 1033 122 32 Mother
715 1034 132 31 Perrot's
865 1033 141 40 window,

182 1096 112 31 behind
326 1095 99 32 which
457 1095 100 42 might
583 1095 38 32 be
652 1095 174 42 glowering
855 1095 54 32 the
940 1095 68 32 sick

183 1156 209 32 sabot-maker
407 1156 30 31 in
454 1168 98 30 angry
567 1156 101 40 mood,
686 1167 65 20 saw
768 1156 71 42 only
849 1156 53 32 the
913 1156 94 32 dense

183 1218 147 31 darkness
347 1217 34 31 of
391 1217 52 32 the
458 1217 122 32 terrible
591 1217 99 32 future
703 1230 6 28 ;
729 1217 66 42 just
811 1230 34 19 as
862 1218 51 32 the
926 1222 84 28 utter

182 1279 205 42 helplessness
397 1278 34 32 of
438 1278 55 33 her
503 1279 131 41 position
651 1279 122 32 seemed
784 1284 32 28 to
828 1280 39 32 be
877 1280 133 43 literally

183 1341 147 41 crushing
353 1341 64 40 her,
434 1340 52 33 the
510 1340 110 32 hoarse
646 1346 89 27 tones
761 1341 34 32 of
813 1341 54 33 the
884 1342 126 43 wheezy

185 1401 49 33 old
261 1401 115 32 church
403 1401 85 33 clock
516 1401 103 33 struck
644 1401 56 41 six,
729 1402 61 33 and
817 1414 59 21 one
899 1404 111 32 second

185 1462 77 32 after
274 1462 97 42 might
387 1462 38 33 be
441 1462 95 33 heard
552 1462 32 33 in
596 1462 53 33 the
663 1463 138 34 distance
817 1464 53 33 the
887 1465 123 43 ringing

186 1523 33 32 of
231 1535 18 20 a
264 1523 68 32 bell.
