1090 1740
325 89 60 21 OUT
408 90 35 20 IN
466 90 63 20 THE
552 90 66 20 SUN.

848 87 30 25 77

108 166 73 33 Mrs.
201 166 140 33 Griffiths
362 166 61 32 had
444 166 116 33 formed
581 167 125 32 Claire's
721 168 85 31 mind
821 169 60 30 and

65 227 110 33 edified
197 228 55 32 her
276 228 156 32 character
449 239 38 21 on
503 228 83 42 large
603 229 59 31 and
686 229 75 31 solid
781 229 97 41 bases,

65 288 60 32 and
141 288 83 33 Mile,
237 289 37 32 de
290 289 152 32 Clavreuil
455 300 62 21 was
530 294 54 27 not
594 290 79 42 only,
686 294 30 27 at
729 290 149 42 eighteen,

66 361 39 20 an
122 349 230 43 accomplished,
370 349 108 43 highly
499 350 150 32 educated
663 351 67 41 girl,
749 351 52 31 she
817 362 64 20 was

66 422 18 20 a
101 411 268 41 straightforward,
387 411 98 41 noble,
504 411 195 42 duty-loving
715 412 79 41 lady,
811 412 69 32 who

64 471 90 32 knew
177 471 122 32 Truth's
329 472 98 40 value,
452 472 60 31 and
541 484 72 29 was,
638 472 83 32 what
742 473 87 32 those
853 473 32 32 of

65 531 55 33 her
136 544 54 20 sex
206 537 51 27 too
273 533 100 40 rarely
385 545 63 28 are,
467 533 70 32 safe.

109 595 62 30 But
185 594 83 31 what
284 594 60 32 had
358 595 89 31 made
465 595 100 32 Claire
580 606 19 20 a
614 607 119 20 woman
749 607 62 20 was
826 596 53 32 the

66 660 121 27 contact
207 655 34 31 of
259 655 54 32 her
336 660 81 36 aunt,
441 655 59 31 and
522 655 53 32 the
596 656 118 32 intense
738 656 142 42 curiosity

65 716 54 31 her
135 716 100 31 aunt's
260 715 118 42 history
399 715 134 42 inspired
558 716 31 30 in
616 715 61 33 her.
724 716 80 31 How
827 716 53 32 she

65 776 90 31 knew
180 775 149 43 anything
354 780 31 27 at
412 775 39 32 all
476 775 93 32 about
590 775 26 32 it
630 787 63 20 was
716 787 18 20 a
755 777 125 40 marvel,

66 837 48 31 for
141 836 55 32 her
226 836 120 32 mother
368 836 162 42 naturally,
563 848 76 20 even
672 836 30 32 in
729 836 54 32 her
813 849 67 19 OAvn

66 897 157 42 thoughts,
248 908 94 21 never
366 897 132 32 referred
521 901 31 28 to
575 897 25 32 it
612 911 6 26 ;
642 898 72 31 Mrs.
743 897 137 32 Griffiths

67 970 63 19 was
146 963 50 26 too
220 957 218 32 conscientious
460 962 31 27 to
512 957 67 32 hint
597 962 30 27 at
644 969 17 20 a
680 958 115 42 subject
815 958 65 31 that

66 1019 55 31 her
147 1018 110 42 pupil's
282 1023 124 37 parents
421 1018 116 32 wished
563 1018 158 42 unspoken
746 1018 48 41 of;
822 1019 58 31 and

67 1080 101 32 Claire
192 1080 61 31 had
277 1091 102 29 never,
397 1080 31 31 in
448 1079 55 32 her
517 1079 99 32 whole
643 1079 58 41 life,
727 1080 77 31 been
829 1084 51 27 ten

65 1141 132 32 minutes
213 1141 88 31 alone
318 1140 73 32 with
412 1140 55 32 her
489 1151 67 21 own
572 1151 33 21 or
627 1140 54 32 the
705 1140 175 32 Countess's

65 1202 91 32 maid.
202 1203 62 31 Yet
280 1202 60 31 still
355 1202 53 31 she
423 1202 98 40 kneAV,
539 1201 60 31 and
621 1201 87 31 knew
723 1201 156 41 correctly,

64 1264 54 32 the
144 1263 97 31 whole
274 1263 111 32 outline
411 1263 34 31 of
468 1263 53 31 the
547 1262 71 40 tale,
644 1261 61 32 had
728 1261 152 42 pondered

66 1337 74 20 over
155 1325 25 32 it
195 1324 181 41 constantly,
394 1324 61 31 and
476 1323 122 42 eagerly
614 1322 113 42 longed
744 1326 32 28 to
791 1322 89 31 know

64 1387 40 29 its
120 1385 139 31 intimate
276 1384 116 32 details.

108 1448 101 32 When
236 1446 143 32 Madame
406 1445 37 32 de
470 1445 163 40 Clavreuil,
660 1444 32 32 in
719 1444 161 32 obedience

63 1515 30 28 to
110 1510 84 32 what
210 1509 53 32 she
285 1508 127 32 deemed
434 1507 55 32 her
505 1507 84 39 duty,
605 1506 61 32 had
691 1518 32 20 so
742 1518 138 28 peremp-
