1090 1740
179 86 34 25 42

414 93 82 20 LOVE
520 92 63 21 THE
607 90 160 23 AVENGER.

181 170 134 32 towards
336 170 52 33 the
412 171 105 32 notion
542 170 34 32 of
597 169 56 32 her
675 179 69 21 own
770 163 141 35 outward
927 173 80 22 sem-

179 231 115 34 blance.
341 233 68 32 Her
432 232 50 33 life
507 232 61 33 had
592 231 78 33 been
697 235 52 27 too
776 226 79 34 hard
876 225 61 34 and
952 229 54 28 too

178 293 173 33 unsociable
366 293 47 33 for
427 294 77 32 that.
551 293 62 32 But
638 292 53 32 the
717 289 86 33 truth
826 288 54 32 she
897 298 109 30 recog-

178 354 88 32 nised
283 367 33 20 as
331 355 140 42 palpable
488 367 72 29 was,
578 354 53 32 the
647 353 77 40 cold,
738 351 53 33 the
804 350 130 42 hunger,
952 347 54 33 the

178 417 121 42 misery,
314 417 52 32 the
382 422 138 38 poverty,
533 417 67 32 that
616 414 111 34 denied
748 419 32 27 to
797 413 55 32 her
863 412 55 32 the
934 422 72 31 pos-

179 478 112 41 sibility
308 479 34 32 of
352 491 71 21 ever
437 480 95 39 being
548 477 162 34 otherwise
727 475 76 33 than
819 473 170 42 unsightly.

334 552 75 28 poor
425 552 51 20 are
492 540 116 40 always

221 601 172 33 Madeleine
409 601 133 42 thought
553 601 68 32 that
637 599 138 34 sounded
787 598 60 32 like
864 609 19 20 a
899 596 106 33 death-

178 660 90 41 knell,
286 661 55 32 but
365 661 53 33 she
434 661 55 32 felt
513 662 24 30 it
562 660 136 32 sounded
723 664 68 27 true
804 672 6 27 ;
839 657 55 33 she
910 657 95 33 hated

178 721 62 32 him
263 722 69 32 who
355 722 62 32 had
438 722 73 32 thus
526 721 111 43 passed
662 725 145 28 sentence
830 730 84 31 upon
938 718 64 40 her,

179 783 60 31 and
263 783 53 32 she
338 783 181 41 recognised
535 783 68 32 that
627 782 54 32 she
697 793 65 21 was
785 780 116 42 utterly
916 779 89 43 help-

179 843 60 32 less
255 844 61 31 and
332 844 149 39 hopeless.

222 905 45 32 As
294 905 55 32 she
374 905 123 32 crossed
511 905 53 32 the
581 905 107 42 bridge
705 905 54 32 she
775 904 97 32 heard
896 916 19 19 a
939 903 62 32 dull

178 966 126 42 beating
319 966 94 41 noise,
431 966 61 33 and
514 978 71 29 saw,
611 966 42 42 by
668 966 52 33 the
745 966 79 42 light
844 966 33 31 of
896 977 18 21 a
937 966 66 31 lan-

178 1032 67 27 tern
262 1039 38 21 on
316 1027 52 33 the
385 1027 77 43 edge
480 1028 34 32 of
524 1028 52 32 the
596 1028 91 43 pond,
706 1039 18 21 a
741 1028 126 42 solitary
883 1039 121 21 woman

177 1089 144 42 finishing
339 1089 55 31 her
410 1089 149 42 washing.
607 1089 141 32 Another
770 1089 78 32 hard
874 1089 130 40 worker,

178 1150 185 42 completing
376 1150 53 32 her
441 1151 69 30 task
532 1155 53 27 out
597 1150 31 32 in
643 1150 62 32 this
725 1151 110 41 dreary
851 1151 133 41 evening
995 1152 6 31 !

178 1211 69 32 well
258 1213 7 31 !
288 1211 28 31 if
333 1211 52 32 the
402 1211 85 32 work
513 1223 79 30 gave
609 1211 55 33 her
680 1211 180 32 wherewith
884 1217 31 27 to
932 1212 71 41 live,

179 1273 53 32 she
255 1284 64 20 was
343 1272 105 43 happy
462 1286 6 28 ;
495 1273 56 31 but
575 1273 183 41 Madeleine,
783 1273 68 32 who
879 1274 61 32 had
963 1286 41 20 no

179 1335 85 31 work
275 1336 14 30 ?
311 1334 84 32 what
410 1346 64 20 was
490 1338 32 28 to
538 1335 126 31 become
680 1335 35 31 of
726 1335 57 31 her
792 1336 15 30 ?

222 1396 81 32 That
318 1408 63 20 was
407 1396 52 32 the
484 1396 140 42 question
652 1396 54 34 she
723 1397 95 33 asked
840 1397 118 33 herself
969 1410 35 20 as

181 1457 53 33 she
248 1458 76 32 sank
334 1457 90 33 down
435 1469 83 31 upon
531 1458 51 32 the
597 1463 87 28 stone
697 1464 83 38 steps
791 1460 34 32 of
832 1460 53 32 the
896 1472 108 21 corner

181 1518 74 43 shop
272 1518 102 33 where
391 1519 53 32 she
460 1519 61 33 had
537 1520 82 32 lived
637 1520 71 33 with
724 1521 56 32 her
796 1522 130 40 mother,
945 1523 59 32 and
