1090 1740
157 122 53 26 214

386 130 85 20 LOVE
496 129 64 21 THE
584 127 161 22 AVENGER.

199 207 44 32 As
259 212 32 27 to
313 207 51 32 the
389 207 119 41 charity
525 206 34 32 of
578 206 52 31 the
656 205 93 31 lower
773 202 114 41 orders,
905 201 81 33 from

154 268 22 32 it
201 269 131 42 nothing
359 280 57 21 can
443 268 128 40 detract,
598 267 62 32 and
680 267 25 32 it
730 266 123 43 springs
872 264 77 32 from
966 275 18 21 a

153 330 145 33 kindness
315 330 33 32 of
367 330 97 41 heart,
482 330 78 31 from
577 341 19 20 a
611 329 95 43 ready
723 327 167 44 sympathy
907 326 75 32 Avith

154 392 145 41 suffering
326 392 33 32 of
378 391 100 33 which
503 404 46 20 we
576 391 92 32 know
694 396 52 27 too
772 390 76 32 little
872 389 30 32 in
927 400 60 21 our

152 454 109 40 island,
279 466 34 20 so
329 466 74 20 near
418 454 30 31 in
464 453 89 32 miles
568 453 61 32 and
653 465 33 20 so
709 452 116 32 distant
847 451 32 32 in
895 450 87 33 mind

151 516 78 32 from
246 527 55 21 our
317 516 121 32 French
454 515 181 41 neighbour.

194 577 147 42 Perhaps,
367 577 52 32 the
449 577 239 32 lukewarmness
719 576 35 32 of
780 576 54 32 the
865 575 115 32 middle

151 639 112 32 classes
281 639 37 43 (if
337 639 85 31 there
438 638 38 32 be
498 637 86 43 such)
602 638 31 31 in
656 642 128 28 matters
808 637 34 33 of
861 637 118 41 charity

150 713 71 29 may
237 701 39 31 be
291 700 153 32 traceable
468 704 32 27 to
523 711 18 20 a
564 704 265 27 commencement
855 699 34 32 of
909 698 73 33 self-

151 763 149 31 assertion
327 767 54 26 not
407 773 34 20 so
464 761 140 42 frequent
619 761 76 32 with
720 761 204 32 continentals
945 773 34 20 as

151 824 72 31 with
240 823 157 32 ourselves
408 836 6 28 ;
440 823 131 42 perhaps
596 823 22 31 it
642 834 72 30 may
733 823 38 31 be
795 823 52 31 the
870 823 109 41 begin-

151 885 74 41 ning
249 885 34 31 of
302 897 18 19 a
344 897 67 19 new
433 885 93 31 social
550 889 80 27 state
651 884 33 32 of
703 884 105 42 things
830 885 31 31 in
878 885 101 32 Avhich

150 947 60 32 less
234 947 73 41 help
334 946 60 31 will
420 947 38 31 be
483 946 136 32 afforded
645 946 60 32 and
729 958 86 20 more
835 947 143 42 self-help

151 1007 154 33 achieved.
353 1007 101 33 There
469 1007 56 33 lies
541 1020 19 20 a
575 1007 200 33 tremendous
791 1008 141 43 problem
947 1013 32 27 to

151 1069 36 31 be
205 1069 115 31 solved.

193 1131 44 31 At
253 1131 39 31 all
309 1136 116 36 events,
443 1131 33 31 in
490 1131 52 32 the
559 1131 103 32 actual
678 1132 155 32 condition
850 1132 34 32 of
896 1133 82 32 what

150 1193 26 31 is
203 1193 117 32 termed
347 1193 31 31 in
403 1194 119 30 France
548 1193 53 32 the
629 1193 105 41 Avorld,
757 1206 19 19 a
799 1206 122 21 woman
947 1195 30 32 in

149 1254 52 32 the
217 1255 132 41 position
374 1255 34 31 of
426 1255 102 32 Claire
550 1255 37 31 de
611 1255 187 32 Beauvoisin
822 1256 56 33 has
902 1269 75 30 any-

149 1315 89 41 thing
264 1315 56 32 but
344 1327 18 20 a
388 1315 146 33 sinecure.
581 1316 37 31 In
645 1316 53 32 the
725 1317 65 32 first
815 1317 97 43 place,
935 1318 43 32 let

150 1377 82 31 Avhat
263 1377 61 31 will
351 1377 37 31 be
416 1377 57 32 her
497 1383 209 27 amusements
734 1383 33 27 at
795 1378 98 43 night,
922 1379 55 32 she

149 1438 168 41 invariably
333 1443 70 36 gets
418 1450 41 31 up
476 1438 86 42 early
571 1453 6 26 ;
602 1439 69 41 and,
690 1439 41 32 let
755 1440 84 32 Avhat
855 1441 61 31 will
938 1441 39 32 be

149 1498 52 31 the
218 1504 127 26 amount
362 1499 33 31 of
407 1499 55 31 her
477 1499 130 41 fortune,
626 1500 54 32 she
693 1501 95 42 keeps
801 1501 55 32 her
868 1502 106 33 house.

149 1558 113 42 People
286 1571 51 20 are
363 1559 108 33 ruined
497 1560 31 32 in
554 1561 119 32 France
701 1573 34 20 as
761 1562 29 31 in
819 1563 155 40 England,
