1090 1740
888 106 50 26 115

411 111 64 21 THE
498 111 158 21 HUSBAND.

324 188 15 31 I
366 199 62 31 say,
665 187 143 42 repeated
831 187 107 32 Henri.

151 248 72 31 And
245 248 165 42 unluckily,
436 248 84 41 then,
545 260 77 30 your
638 248 70 31 wife
730 248 119 32 doesn't
874 259 65 21 care

123 309 45 32 for
184 310 105 31 horses
300 311 16 30 ?

199 371 49 32 No
260 373 6 31 !
290 372 59 31 and
365 372 15 31 I
396 372 83 31 don't
501 372 96 41 really
612 372 91 31 know
718 372 69 31 how
803 384 45 19 we
865 371 76 32 shall

123 437 53 37 get
206 445 38 19 on
257 434 7 31 !
356 433 41 42 (It
427 434 121 30 seemed
579 433 46 31 his
654 438 53 37 pet
744 432 196 43 expression.)

156 494 55 41 My
238 494 72 31 dear
509 494 39 32 he
579 494 176 40 exclaimed,
788 494 153 32 disconso-

124 555 102 42 lately,
275 555 51 32 life
342 555 25 32 is
384 567 32 21 so
432 555 143 33 tiresome
587 556 5 32 !
616 555 53 32 the
686 556 58 42 day
760 555 25 33 is
811 567 32 20 so
867 555 76 32 hard

123 620 32 27 to
179 621 54 36 get
256 616 135 42 through
402 617 6 32 !
471 617 146 41 Suppose,
649 627 77 29 now,
755 616 65 33 that
843 616 99 33 Claire

125 677 108 31 should
248 681 54 28 not
322 682 53 36 get
398 688 40 21 on
453 677 75 32 with
549 689 54 29 my
617 677 119 32 mother
749 678 7 31 !
803 677 138 41 Suppose

124 749 46 21 we
187 737 109 33 should
322 738 38 32 be
387 737 115 42 having
517 749 114 29 scenes,
649 749 60 30 you
728 738 89 31 know
828 738 7 32 !
860 737 80 32 what

125 798 102 32 would
241 798 125 32 become
383 798 33 32 of
430 809 49 20 me
492 799 13 31 ?
527 798 27 31 if
571 798 61 32 this
647 809 80 21 were
742 798 100 31 added
857 803 31 27 to
905 798 39 31 all

125 859 53 32 the
208 859 144 32 boredom
382 859 35 31 of
442 858 57 41 life,
528 859 24 31 it
581 859 94 41 really
703 859 101 31 would
825 859 38 31 be
893 863 51 27 too

126 920 91 32 much
229 933 6 27 ;
261 920 59 31 and
345 920 15 30 I
388 919 118 31 confess
532 919 69 31 that
625 931 56 19 one
708 931 33 19 or
765 924 60 26 two
852 919 92 41 slight

126 980 104 42 things
254 980 16 32 I
292 980 79 32 have
394 980 160 31 remarked
579 980 96 31 alarm
701 991 57 21 me.
804 980 55 41 My
875 980 69 31 dear

126 1041 99 32 Henri
239 1042 5 31 !
303 1041 60 31 this
394 1041 75 31 took
503 1040 52 31 the
587 1045 107 27 accent
717 1040 34 31 of
778 1052 18 19 a
829 1040 115 32 fervent

125 1102 118 44 appeal,
300 1102 38 32 do
360 1102 127 31 become
510 1113 18 19 a
549 1101 98 32 friend
670 1101 34 32 of
724 1102 127 32 Claire's
861 1114 7 27 ;
896 1106 48 37 try

123 1168 32 28 to
171 1163 90 32 make
282 1162 55 33 her
353 1167 51 27 out
419 1175 8 27 ;
450 1174 61 30 you
527 1162 91 31 know
632 1174 60 29 you
708 1174 50 20 are
775 1174 33 20 so
824 1162 102 32 clever
937 1162 7 31 !

125 1224 60 32 and
205 1224 90 31 make
322 1223 54 32 her
400 1223 59 31 feel
482 1222 68 31 that
576 1234 53 30 my
644 1223 119 31 mother
788 1228 81 26 must
893 1231 51 23 not

124 1286 38 31 be

199 1346 30 31 A
251 1345 140 42 pleasant
417 1345 79 40 task,
524 1345 81 42 truly
618 1345 7 32 !
687 1345 135 31 retorted
845 1345 97 31 Henri

123 1408 128 41 Dupont
265 1420 6 27 ;
402 1407 131 32 mediate
563 1406 140 31 between
726 1410 62 27 two
813 1417 128 29 women,

123 1481 58 20 one
206 1468 33 32 of
257 1467 103 32 whom
375 1467 24 32 is
421 1479 77 30 your
520 1467 118 32 mother
649 1468 7 31 !
701 1467 15 32 I
731 1467 61 31 will
814 1472 56 38 put
891 1479 51 31 my

122 1531 50 31 life
189 1530 30 31 in
236 1529 114 41 danger
366 1528 45 33 for
434 1540 59 30 you
509 1540 61 30 any
586 1528 67 42 day,
671 1540 52 30 my
738 1528 79 42 good
831 1528 109 41 fellow,

824 1595 9 15 i
848 1591 12 20 2
