1090 1740
158 92 35 26 38

395 99 82 22 LOVE
500 100 64 21 THE
587 99 160 22 AVENGER.

158 177 61 32 had
244 177 115 33 striven
383 177 69 33 half
474 177 54 33 her
553 189 68 31 way
646 176 79 33 back
751 175 54 32 she
832 184 66 21 was
925 176 63 28 wet

158 238 142 43 through,
318 239 60 32 and
403 239 52 33 the
482 239 155 32 wretched
662 241 158 40 garments
846 235 55 32 she
924 233 63 33 had

158 312 39 20 on
220 301 93 41 clung
336 305 32 28 to
391 300 55 33 her
467 301 99 32 limbs.
615 300 66 32 Her
697 298 98 33 shawl
811 309 65 21 was
893 296 92 42 dirty,

157 361 59 42 old,
244 366 67 28 torn
336 362 30 32 in
392 374 84 20 some
506 362 113 42 places,
652 360 134 44 patched
813 360 30 32 in
870 358 114 40 others,

156 424 61 31 and
241 436 34 20 as
300 424 39 32 its
363 425 158 41 unsightly
547 425 79 31 folds
657 422 139 34 fastened
826 420 159 42 clammily

156 497 82 31 upon
261 485 56 33 her
339 486 96 33 cheek
460 486 59 32 and
543 486 94 40 brow,
654 486 75 42 they
745 484 82 32 fixed
842 483 53 33 the
910 483 75 42 long

156 551 111 28 tresses
294 547 34 32 of
346 547 75 41 hair,
440 547 155 43 deranged
619 547 42 43 by
683 547 53 33 the
761 546 91 41 wind,
870 546 32 31 in
927 545 58 32 her

155 608 116 40 mouth,
289 620 33 20 or
336 609 32 31 in
384 609 55 32 her
455 620 82 32 eyes,
555 608 60 33 and
637 608 54 32 she
707 620 63 20 was
786 607 105 33 forced
907 607 75 32 with

156 681 56 20 one
236 669 82 32 hand
344 674 33 28 to
402 670 75 32 dash
499 670 85 32 them
607 682 96 30 away,
720 669 93 32 while
830 668 76 33 with
927 668 56 33 the

155 731 86 31 other
267 731 54 32 she
345 736 83 27 must
454 732 78 41 keep
559 743 19 20 a
604 731 79 42 tight
708 731 72 31 hold
811 742 84 31 upon
926 729 57 33 her

154 792 124 41 clothes,
296 804 34 20 so
356 804 34 20 as
414 797 55 27 not
488 797 32 27 to
545 792 80 32 have
646 792 86 32 them
749 797 69 27 torn
835 804 87 30 away
938 792 43 42 by

152 852 53 31 the
231 857 87 37 gusts
344 852 99 32 which
469 865 80 19 were
576 853 161 41 gradually
753 853 175 42 increasing
948 853 32 31 in

154 914 148 41 strength.
364 914 67 32 Her
461 914 90 32 shoes
588 926 82 21 were
700 926 95 29 worn,
828 915 60 31 and
918 915 62 32 had

152 975 85 32 holes
262 975 32 31 in
320 975 91 40 them,
437 976 60 32 and
521 976 52 32 the
600 981 97 27 water
720 981 55 37 got
799 977 65 32 into
883 977 96 41 them,

152 1036 61 31 and
238 1040 31 27 at
291 1036 75 32 each
388 1041 76 37 step,
482 1036 54 33 she
560 1037 95 32 heard
675 1038 56 32 her
746 1038 62 33 feet
824 1050 39 30 go
880 1039 99 43 plash,

151 1097 96 40 plash.

194 1158 73 32 This
294 1163 122 28 outcast
440 1159 59 41 girl
524 1160 51 31 did
602 1165 54 27 not
677 1160 39 32 do
736 1160 83 33 what
842 1162 136 42 perhaps

151 1231 61 30 you
239 1231 33 20 or
295 1219 16 31 I
333 1220 101 41 might
461 1220 49 40 do,
538 1220 55 32 but
618 1220 83 33 what
721 1220 31 33 in
768 1221 55 33 her
843 1223 134 41 position

151 1292 39 20 no
216 1292 56 21 one
298 1292 71 21 ever
394 1281 73 32 does
478 1294 6 27 ;
510 1281 53 32 she
581 1281 51 33 did
654 1287 55 27 not
725 1282 126 43 indulge
867 1284 32 32 in
915 1297 62 30 any

151 1342 133 32 abstract
324 1353 34 21 or
393 1342 219 42 philosophical
649 1343 182 43 reflections,
864 1357 34 20 or
936 1358 42 30 go

150 1402 78 33 from
253 1402 52 33 the
341 1403 113 32 known
491 1408 31 28 to
562 1403 53 33 the
652 1405 166 38 unknown,
851 1408 127 35 cursing-

151 1463 113 43 society
289 1464 61 32 and
376 1464 52 32 the
453 1464 167 43 high-born
646 1478 33 20 or
702 1468 135 43 wealthy
861 1480 33 21 as
921 1470 56 32 the

151 1535 105 21 causes
282 1524 34 32 of
333 1524 55 33 her
416 1525 152 43 suffering.
616 1526 61 33 She
703 1528 112 40 simply
842 1529 54 33 felt
921 1530 56 33 the
