1090 1740
143 98 33 24 60

379 102 81 21 LOVE
484 102 63 21 THE
570 100 159 22 AVENGER.

141 184 51 28 too
208 180 93 33 much
325 184 94 28 stress
444 191 39 20 on
506 178 87 32 these
619 176 116 33 details.
783 174 16 32 I
815 178 84 27 trace
915 171 56 33 the

142 241 148 33 influence
307 242 34 32 of
358 242 84 32 Elise
468 241 37 31 de
522 238 145 34 Freteval
694 238 32 32 in
747 236 41 34 all
810 235 61 33 this
885 248 7 28 ;
915 234 56 31 but

142 304 84 32 Elise
250 304 55 32 has
330 304 78 32 been
434 303 136 41 brought
596 314 42 29 up
662 305 32 28 to
711 299 90 33 think
824 302 52 28 too
898 307 73 21 con-

142 365 111 43 stantly
270 365 34 33 of
322 365 55 33 her
393 365 233 33 establishment
642 363 31 31 in
697 361 59 33 life.
806 359 63 34 She
886 359 25 32 is
930 368 40 21 no

142 427 93 41 guide
251 426 45 33 for
311 439 61 29 you
374 447 44 4 —

219 488 57 42 Oh,
308 489 121 32 mother
443 490 6 32 !
519 487 193 43 interrupted
750 485 113 40 Claire,
896 483 75 32 Avith

142 550 116 32 sudden
290 563 114 29 energy
417 564 6 28 ;
477 550 26 31 if
522 550 15 31 I
567 562 51 19 am
648 553 32 28 to
711 559 113 31 marry,
853 547 42 32 let
921 557 50 21 me

142 612 105 42 forego
276 612 88 33 these
395 613 102 31 rubies
526 612 61 32 and
610 611 158 33 diamonds
781 624 6 19 :
820 610 43 32 let
887 619 84 22 some

142 674 81 40 good
238 674 38 33 be
292 674 79 33 done
388 674 74 32 Avith
478 674 51 32 the

217 736 55 42 My
300 747 68 21 own
394 735 72 33 dear
495 735 141 43 precious
802 732 171 34 exclaimed

142 796 54 33 the
219 796 130 41 mother,
372 796 139 42 drawing
536 796 55 32 her
618 796 181 42 daughter's
821 795 81 32 head
926 799 47 27 to-

143 857 101 32 wards
259 857 63 41 her,
340 857 60 32 and
416 857 129 42 warmly
560 857 119 42 kissing
698 856 64 41 her,
780 856 92 33 Avhile
888 861 85 28 tears

143 918 148 42 gathered
307 919 31 31 in
354 919 54 32 her
424 931 81 29 eyes.

187 980 62 32 But
264 980 143 32 Madame
424 981 38 32 de
479 981 156 32 Clavreuil
651 980 62 32 had
728 985 56 28 not
804 980 96 33 heard
921 979 53 33 the

143 1042 66 32 first
233 1042 100 32 words
346 1055 5 19 :
407 1042 33 32 If
457 1043 16 31 I
489 1055 50 20 am
565 1047 33 27 to
786 1043 61 31 and
872 1042 102 33 Claire

143 1103 131 32 inferred
298 1103 78 32 from
403 1103 55 32 her
489 1104 180 32 tenderness
700 1115 85 21 more
812 1104 76 32 than
910 1116 64 20 Avas

143 1169 113 27 meant.

220 1226 60 32 AVe
303 1237 57 22 can
383 1226 65 32 talk
472 1226 23 32 it
518 1237 75 22 over
608 1226 75 33 with
705 1226 54 33 the
782 1226 91 33 Abbe
889 1226 87 33 Gen-

270 1287 164 33 continued
457 1287 53 33 the
533 1288 162 42 Countess,
752 1289 61 31 and
840 1289 137 42 perhaps

145 1361 83 21 some
244 1350 119 42 portion
379 1350 34 32 of
430 1350 51 32 the
498 1363 68 19 sum
582 1363 73 30 may
670 1364 41 29 go
732 1356 32 28 to
779 1352 96 32 found
892 1364 85 21 some

147 1411 178 32 institution.
372 1411 88 32 With
484 1411 52 32 the
552 1412 114 32 Avealth
690 1425 62 30 you
768 1413 64 32 will
848 1414 81 32 have
944 1418 32 28 to

147 1472 121 41 dispose
284 1472 38 41 of,
340 1484 34 20 so
390 1473 92 31 much
498 1473 81 40 good
595 1485 56 20 can
666 1474 39 32 be

191 1533 100 33 Claire
308 1546 64 20 Avas
390 1535 97 32 silent.
535 1535 62 32 She
617 1535 71 42 had,
705 1535 167 42 evidently,
890 1548 86 21 more
