1090 1740
377 108 69 22 TWO
469 109 135 23 POWERS.

850 104 51 26 287

121 180 66 33 The
211 182 86 32 word
319 186 133 40 escaped
475 186 52 32 the
550 187 161 42 DoAA-ager,
730 188 60 31 and
811 187 91 32 much

75 241 143 34 offended
243 244 234 35 Mademoiselle
505 248 142 43 Mourjon
674 248 78 44 (who
776 248 51 33 did
849 254 53 27 not

76 304 88 32 show
179 304 44 41 it).

155 366 56 43 My
250 380 113 30 wages,
396 370 147 33 Madame
573 372 30 31 la
851 372 53 32 she

79 428 118 41 replied
219 429 77 32 with
319 431 124 32 terrible
467 431 152 43 humility,
749 433 45 31 six
816 433 88 32 thou-

80 489 77 31 sand
172 488 101 33 francs
290 502 18 19 a

123 550 66 32 The
214 551 160 41 Marquise
391 563 64 21 was
478 563 18 22 a
527 552 47 33 far
596 553 60 32 less
681 553 223 43 accomplished

80 615 115 28 actress
212 612 76 32 than
304 613 142 42 Aspasie,
459 613 48 33 for
521 614 52 32 the
590 614 108 43 simple
714 626 108 20 reason
838 615 66 31 that

78 673 56 32 she
159 673 62 32 had
245 685 95 20 never
363 674 121 32 needed
499 679 31 28 to
557 675 72 43 play
645 687 18 20 a
689 680 77 38 part,
788 675 116 42 having

80 734 117 42 always
225 734 61 32 had
309 734 54 33 her
387 746 69 21 own
479 747 70 31 Avay
568 736 134 42 through
725 736 58 32 life.
829 736 75 32 This

79 796 50 32 led
145 796 56 32 her
217 801 112 37 astray.

157 857 54 33 Six
252 857 154 32 thousand
446 858 99 32 francs
557 859 6 32 !
626 858 52 32 she
718 859 167 32 exclaimed
896 872 7 28 ;

225 919 68 31 that
308 919 25 31 is
589 919 67 43 (one
678 920 94 41 rapid,
789 931 114 20 unseen

81 981 110 42 glance
222 981 69 31 shot
316 981 78 31 from
420 981 134 32 beneath
584 982 156 41 Aspasie's
768 981 134 41 eyelids),

114 1054 164 21 enormous
280 1061 43 4 —
324 1047 55 27 not
404 1047 50 27 too
479 1042 92 32 much
595 1042 46 33 for
667 1055 76 30 your

83 1103 99 32 added
199 1103 63 40 she,
280 1103 40 32 all
336 1108 32 27 at
389 1115 75 20 once
488 1103 171 42 correcting
675 1103 118 40 herself,
839 1103 64 40 but,

81 1165 17 31 I
113 1176 99 29 mean,
230 1176 19 20 a
264 1169 89 36 great
370 1165 68 31 deal
453 1165 31 31 in
500 1164 86 32 itself
593 1164 45 32 for
654 1165 52 31 the

156 1226 63 32 Yes
233 1226 6 33 !
282 1226 143 42 rejoined,
438 1226 131 42 meekly,
581 1226 85 32 Mile.
677 1226 150 41 Mourjon,
873 1230 31 28 to

81 1287 39 33 be
137 1299 141 21 overseer
292 1292 34 28 to
343 1299 19 21 a
376 1299 112 31 person
504 1287 60 32 like
584 1286 145 33 Madame
745 1286 158 40 Claudine,

82 1349 61 32 and
166 1361 40 30 go
229 1349 64 32 into
317 1349 103 42 public
443 1348 103 43 places
562 1347 75 33 with
652 1347 72 33 her!
772 1347 60 33 and
852 1347 52 33 she

82 1411 147 41 indulged
244 1411 31 31 in
291 1423 18 19 a
325 1410 94 42 slight
436 1409 141 32 shudder.

158 1473 82 31 That
278 1472 25 32 is
341 1472 83 31 what
455 1471 16 31 I
653 1469 171 43 responded
853 1469 51 34 the

80 1535 177 40 Dowager;
404 1531 120 33 besides
547 1531 75 42 that,
649 1542 56 21 one
729 1536 82 28 must
837 1532 69 34 take
