1090 1740
121 88 32 26 72

351 94 83 21 LOVE
456 95 64 20 THE
543 94 162 21 AVENGER.

119 170 221 43 extinguished,
367 172 122 32 seemed
518 171 90 42 again
632 175 32 28 to
694 180 71 32 pass
793 178 74 21 over
889 166 54 32 her

118 232 139 33 features.

161 294 65 32 The
248 294 117 42 vulgar,
384 294 68 32 who
475 294 118 32 believe
617 294 31 32 in
671 304 57 21 one
750 296 48 28 set
819 290 78 32 form
914 288 33 33 of

118 355 171 42 mourning,
307 367 93 20 never
428 367 92 31 guess
544 360 31 27 at
598 355 52 32 the
670 354 73 42 holy
759 352 138 33 illusions
914 349 33 33 of

118 416 227 43 insupportable
362 416 94 42 grief;
481 428 94 21 never
594 415 187 33 understand
802 414 69 32 that
889 424 54 20 ex-

119 488 65 20 cess
215 476 33 32 of
274 477 67 32 love
343 497 42 3 —
387 477 60 31 and
476 489 75 31 pure
582 477 68 31 love
652 496 42 3 —
696 475 110 33 admits
838 474 34 32 of
902 485 40 20 no

119 538 179 42 separation,
335 540 60 30 and
427 539 95 42 really
555 539 72 32 does
658 537 152 43 vanquish
838 536 102 33 death.

118 599 115 32 Where
248 600 69 31 love
341 600 75 31 rises
440 612 32 19 so
494 600 83 41 high,
595 599 60 32 and
676 599 101 31 where
798 597 54 33 the
870 608 72 21 one-

118 672 70 20 ness
214 661 25 31 it
263 666 117 27 creates
411 661 26 31 is
468 673 32 19 so
532 661 149 39 absolute,
710 659 82 32 what
820 658 38 32 do
881 669 62 31 you

118 723 90 30 know
240 722 33 31 of
299 722 36 31 its
367 726 113 27 secrets
511 733 34 20 or
575 721 35 32 of
642 721 39 31 its
712 719 231 33 consolations?

118 784 87 31 Look
226 796 38 20 on
287 796 61 30 yon
373 785 117 39 Avidow,
508 784 62 31 and
591 788 49 37 try
659 788 32 26 to
713 786 160 38 penetrate
889 782 53 32 the

119 856 89 21 cause
225 845 35 32 of
279 845 55 32 her
353 845 74 41 long
445 845 60 32 and
522 845 99 41 placid
643 845 172 31 endurance
840 843 34 32 of
892 843 50 31 life

118 925 41 4 —
162 906 34 32 of
222 906 52 32 the
307 906 142 42 ordinary
472 906 49 32 life
552 906 35 32 of
612 906 88 32 those
732 905 118 32 around
876 904 64 32 her.

119 967 63 32 The
210 978 90 22 cause
323 967 55 33 lies
396 967 128 40 therein,
542 967 68 32 that
625 967 86 32 there
732 967 56 31 has
807 967 79 31 been
902 977 39 20 no

119 1040 162 20 severance
303 1028 34 32 of
352 1028 52 33 the
424 1033 62 28 two
503 1028 140 33 Infinites
657 1041 6 20 :
688 1028 88 33 Love
792 1028 56 32 has
864 1028 77 32 been

119 1089 51 32 the
187 1089 96 32 victor
299 1101 73 20 over
388 1089 101 32 Death
504 1103 6 18 :
527 1090 52 31 the
595 1090 131 31 beloved
742 1101 58 20 one
816 1101 71 31 may
903 1089 38 32 be

119 1150 77 32 dead
196 1170 44 3 —
240 1162 54 30 yes
306 1164 6 27 ;
336 1150 55 32 but
406 1162 79 30 gone
501 1151 78 31 from
594 1151 55 32 her
650 1171 43 3 —
694 1163 49 20 no.

163 1211 71 32 And
261 1211 70 32 thus
356 1211 191 32 Clementine
572 1212 82 32 lived
678 1224 49 29 on,
745 1212 61 32 and
827 1224 40 20 no
885 1224 57 20 one

120 1285 72 20 ever
207 1285 84 30 grew
311 1278 32 26 to
365 1273 38 32 be
424 1285 107 20 nearer
546 1278 31 27 to
594 1274 62 32 her.
704 1275 153 41 Probably
872 1275 71 32 hers

120 1346 63 19 was
206 1334 67 32 that
303 1334 130 32 solitude
463 1335 103 31 where
597 1347 57 20 one
684 1336 26 31 is
733 1336 79 32 least
835 1336 89 32 alone
936 1349 6 26 ;

120 1394 23 32 it
163 1395 27 31 is
206 1396 113 31 certain
343 1396 75 40 that,
437 1396 147 41 although
605 1396 54 32 she
680 1397 102 32 mixed
798 1397 75 32 with
889 1397 55 33 her

121 1456 136 41 kindred,
276 1457 53 31 she
351 1469 93 20 never
470 1469 84 20 more
581 1458 129 41 partook
728 1458 35 32 of
781 1458 80 33 their
882 1459 60 40 life,

123 1528 32 20 or
180 1517 120 32 divided
327 1518 69 32 hers
428 1519 72 31 with
531 1519 93 32 them.
672 1519 154 33 Fourteen
853 1532 91 29 years
