1090 1740
141 93 33 25 66

373 98 81 21 LOVE
477 98 63 20 THE
564 95 159 23 AVENGER.

141 187 17 20 a
184 180 121 37 strange
329 173 138 33 husband
498 173 46 32 for
568 185 18 20 a
610 172 58 43 girl
696 183 33 21 so
756 169 94 42 nobly
877 168 86 32 born.

142 237 62 33 She
229 236 132 33 married
385 249 19 19 a
428 235 114 32 certain
568 235 42 32 M.
630 232 190 40 Beaudouin,
839 243 18 20 a
882 229 82 43 ship-

141 310 102 21 owner
269 298 34 33 of
329 298 171 40 Bordeaux,
533 297 95 41 thirty
652 307 91 31 years
775 294 83 32 older
888 292 76 31 than

140 360 119 40 herself,
292 371 75 30 very
399 358 73 42 ugly
500 358 61 31 and
594 355 241 42 mean-looking,
876 366 88 20 enor-

141 421 119 43 mously
282 421 74 40 rich,
385 421 60 32 and
470 421 51 31 the
548 420 71 32 best
649 418 127 33 hearted
799 417 61 32 and
883 420 81 28 most

141 483 109 30 honest
267 482 33 31 of
311 494 78 19 men.

183 543 142 32 Madame
341 542 179 33 Beaudouin
544 542 163 40 esteemed,
725 540 167 41 honoured,
919 551 46 19 re-

140 605 101 40 vered,
267 604 56 32 her
352 604 127 42 humbly
502 603 76 32 born
609 607 125 38 partner
757 603 31 30 in
812 602 58 40 life,
903 600 62 32 and

141 667 88 31 AAdien
245 666 39 32 he
307 666 94 42 spoke
418 666 34 31 of
470 665 63 41 her,
552 664 102 33 Avhich
670 676 63 20 was
749 675 77 29 rare,
843 664 47 31 for
913 663 53 32 the

141 729 118 41 subject
297 727 122 33 seemed
456 732 50 27 too
544 727 74 42 holy
648 730 32 28 to
718 726 38 32 be
792 725 175 42 commonly

141 790 141 40 handled,
299 789 47 31 his
370 789 109 41 vulgar
502 788 65 31 face
592 800 63 19 Avas
682 787 158 32 illumined
863 787 41 41 by
930 798 37 20 an

140 851 131 32 internal
286 850 77 40 light
378 850 68 32 that
462 849 149 32 ennobled
627 849 32 32 it.

185 912 80 32 Poor
280 912 43 32 M.
335 912 178 32 Beaudouin
522 912 6 31 !
544 911 48 31 his
608 923 63 19 was
687 911 95 42 really
793 923 39 19 an
842 911 125 41 ignoble

142 973 181 32 semblance.
380 973 50 31 He
461 984 61 20 was
554 972 93 40 short,
677 973 60 31 and
767 972 39 32 he
837 972 130 32 shuffled

142 1034 92 41 along
260 1045 33 20 as
314 1034 38 31 he
377 1033 128 32 walked.
564 1034 57 31 His
647 1034 132 31 features
806 1045 81 20 were
912 1045 55 20 un-

142 1095 113 42 gainly,
272 1095 46 32 his
344 1095 191 42 complexion
552 1095 34 32 of
605 1106 19 21 a
647 1095 90 32 fierce
763 1095 62 41 red,
842 1095 62 32 and
920 1095 47 32 his

142 1157 75 38 hair,
235 1156 99 32 which
358 1157 89 32 stood
472 1156 64 33 bolt
562 1156 133 43 upright,
718 1156 60 33 and
803 1156 100 33 which
928 1169 39 20 no

142 1217 95 33 brush
261 1217 89 33 could
373 1218 115 40 flatten,
514 1229 62 20 Avas
599 1229 32 20 so
659 1229 115 31 snowy,
791 1217 77 42 that,
894 1222 32 28 at
951 1230 16 20 a

144 1278 76 32 little
248 1278 144 41 distance,
416 1278 40 32 all
482 1290 61 30 you
568 1278 159 32 discerned
753 1278 34 32 of
805 1278 63 32 this
895 1291 72 19 man

144 1350 64 21 was
233 1351 18 20 a
277 1339 93 42 patch
394 1339 34 32 of
447 1339 91 32 white
559 1340 60 31 and
644 1351 18 20 a
682 1339 93 43 patch
799 1340 34 31 of
850 1340 117 32 scarlet.

144 1400 28 32 It
187 1412 63 20 was
266 1400 134 42 ugliness
416 1401 193 41 unqualified,
627 1402 186 40 aggressive.

187 1461 61 32 But
270 1462 52 31 the
346 1462 66 31 soul
434 1462 106 31 within
565 1475 62 19 Avas
651 1476 19 19 a
692 1464 103 41 gentle
820 1476 66 29 one,
909 1465 61 31 and

146 1522 67 31 that
235 1521 47 32 his
306 1523 67 32 wife
396 1523 186 41 thoroughly
609 1524 100 40 kneAV,
734 1537 34 20 or
791 1525 54 33 she
868 1526 102 33 would
