1090 1740
154 93 34 25 58

387 99 82 20 LOVE
492 98 64 21 THE
578 96 161 22 AVENGER.

154 176 52 32 the
216 176 102 32 leaves
331 175 35 33 of
373 187 18 21 a
402 175 90 40 book,
505 178 105 28 Avhose
622 185 105 31 pages,
741 172 22 33 it
774 183 64 21 Avas
849 169 133 40 evident,

153 237 65 32 said
233 237 132 41 nothing
378 242 31 27 to
426 237 61 33 her.

199 300 67 32 One
297 299 92 44 lively
415 299 50 33 old
496 299 71 42 lady
593 299 89 32 alone
714 294 166 42 remained,
913 294 71 38 and,

152 361 78 32 from
246 360 97 33 under
366 360 54 33 the
447 360 65 33 lace
533 360 108 32 ruches
658 360 33 32 of
709 359 55 32 her
784 358 117 32 bonnet
923 355 61 32 and

153 422 53 32 the
223 422 105 43 dainty
344 422 80 32 curls
440 422 35 32 of
485 422 54 32 her
554 421 165 44 powdered
735 432 76 31 grey
827 419 75 40 hair,
920 429 64 31 you

153 483 94 32 heard
256 483 73 33 here
339 484 60 31 and
409 484 86 32 there
506 484 100 31 words
619 494 111 31 escape
741 481 100 33 which
855 479 128 34 showed

152 545 70 32 how
238 546 77 42 deep
331 557 39 20 an
386 546 127 31 interest
534 545 54 32 she
603 545 75 32 took
693 544 32 31 in
741 543 53 32 the
811 542 124 33 welfare
951 540 34 33 of

150 606 52 32 the
218 619 104 29 young
338 607 92 32 bride.

358 668 54 32 she
427 668 186 40 murmured,
631 679 34 20 as
682 667 54 32 she
753 667 76 32 took
845 666 89 32 leave
951 665 34 32 of

151 729 142 32 Madame
317 729 37 32 de
381 729 162 39 Clavreuil,
645 740 50 20 am
725 728 73 42 glad
824 732 33 28 to
889 726 92 33 think

152 791 83 31 there
251 791 26 31 is
294 802 33 20 so
343 791 91 31 much
449 791 178 31 inclination
644 790 30 31 in
696 790 52 32 the
765 801 78 21 case.
891 789 90 42 They

150 863 52 20 are
218 851 74 33 both
309 863 32 20 so
357 851 177 41 handsome,
553 863 33 21 so
607 863 112 31 young,
735 851 26 32 it
776 851 104 32 would
897 862 84 21 seem

150 924 19 21 a
184 912 65 43 pity
265 912 26 32 if
309 912 86 33 there
411 924 81 21 were
514 918 55 27 not
586 912 66 43 just
669 924 17 21 a
702 912 77 33 little
795 912 45 33 bit
857 912 34 32 of
910 912 71 33 love

150 973 140 33 betAveen
448 973 73 33 And
536 973 53 33 the
607 973 51 33 old
673 973 72 43 lady
760 973 86 44 (such
862 985 18 21 a
895 973 86 44 plea-

150 1040 78 36 sant,
245 1040 104 36 pretty
365 1035 50 32 old
431 1035 71 41 lady
518 1047 34 20 as
568 1035 56 32 she
640 1035 76 41 was)
730 1040 82 28 went
827 1035 57 33 her
899 1047 79 29 way.

193 1096 66 32 The
274 1096 120 32 mother
419 1097 60 31 and
501 1096 153 42 daughter
669 1109 81 20 were
774 1097 98 33 alone.
921 1097 59 32 Be-

150 1157 63 32 fore
240 1158 156 41 resuming
422 1157 54 32 her
505 1158 136 32 habitual
669 1163 67 27 seat
763 1159 42 42 by
831 1159 53 32 the
914 1160 64 40 fire,

150 1217 143 33 Madame
321 1218 38 32 de
383 1218 156 33 Clavreuil
563 1224 81 27 went
670 1232 42 30 up
739 1224 32 28 to
795 1221 52 32 the
874 1232 106 31 young

149 1279 67 42 girl,
233 1279 70 32 who
319 1291 64 20 was
399 1280 61 32 still
478 1281 146 41 standing
644 1286 32 27 at
691 1281 54 33 the
761 1282 91 41 table,
871 1282 74 33 with
962 1295 18 20 a

150 1345 111 27 vacant
277 1352 75 29 gaze
368 1340 82 32 fixed
465 1352 83 31 upon
564 1353 37 20 an
620 1354 79 30 open
716 1343 90 32 book.

225 1401 55 41 My
296 1401 119 42 darling
428 1403 7 32 !
487 1402 66 32 said
575 1415 18 20 a
609 1403 60 33 soft
685 1404 96 42 voice,
799 1405 62 32 and
884 1417 19 21 a
919 1406 60 32 soft

150 1463 149 31 maternal
326 1463 63 32 kiss
415 1475 63 21 was
503 1464 165 42 imprinted
696 1477 39 20 on
766 1465 52 33 the
844 1467 135 43 glowing

150 1522 95 32 cheek
262 1524 34 31 of
309 1524 109 32 Claire.
