1090 1740
140 92 33 25 56

372 99 82 20 LOVE
477 98 64 21 THE
564 95 161 23 AVENGER.

140 188 56 20 one
213 176 103 33 leaves
332 176 39 32 all
387 180 31 28 to
444 176 83 32 one's
550 173 121 33 mother
695 183 34 21 as
753 171 75 42 long
849 181 34 21 as
908 180 59 21 one

138 237 25 33 is
191 238 71 43 only
287 249 19 22 a
331 237 78 44 girl;
433 237 65 41 but,
524 237 132 32 Heaven
679 235 38 31 be
742 232 140 44 praised!
908 243 59 21 one

139 299 72 32 does
226 304 54 28 not
295 299 86 33 leave
396 298 55 33 her
467 299 85 32 one's
576 297 159 33 diamonds
751 295 91 32 when
867 305 58 21 one
941 293 26 33 is

138 362 131 31 married
282 363 7 31 !
334 361 95 42 Why,
447 360 40 33 all
511 359 88 33 Paris
621 359 27 33 is
671 359 119 41 talking
807 357 35 33 of
859 356 87 32 them
958 356 8 32 !

138 424 88 41 They
250 435 54 30 say
326 423 52 32 the
402 422 147 32 necklace
577 421 97 41 alone,
699 420 75 32 with
798 419 52 33 the
877 418 90 32 three

137 496 79 21 rows
233 485 34 31 of
276 484 158 40 brilliants,
453 484 26 32 is
494 483 99 32 worth
610 484 139 40 400,000
765 481 103 33 francs
881 481 7 33 !

213 547 115 32 Indeed
341 547 6 33 !
405 546 157 33 answered
579 545 112 41 Claire,
709 544 75 32 with
800 543 53 33 the
878 553 85 22 same

138 608 85 31 smile
240 619 33 20 as
288 608 112 31 before.

209 669 88 41 Now,
312 668 38 33 do
363 673 54 28 not
428 674 56 37 put
496 679 38 22 on
544 668 69 32 that
625 668 44 32 air
679 668 35 32 of
725 667 195 32 indifference
930 667 6 32 !

136 730 97 42 urged
256 729 55 33 her
334 729 108 41 friend,
460 729 201 43 impatiently,
712 740 34 20 or
770 729 16 31 I
803 728 80 32 shall
910 728 56 31 be-

136 790 78 33 lieve
236 802 61 31 you
320 795 32 28 to
377 790 38 33 be
443 801 18 21 a
486 790 169 42 hypocrite.
702 790 50 31 No
769 801 121 20 woman
908 800 57 21 can

135 852 137 42 possibly
292 852 38 32 be
356 851 172 33 indifferent
552 856 32 28 to
612 851 75 33 such
706 851 108 43 jewels
828 866 7 27 ;
859 851 61 33 and
943 851 26 33 if

135 924 60 31 you
212 913 41 32 let
268 913 84 32 them
369 913 67 43 slip,
454 913 23 32 it
493 913 61 32 will
582 913 71 42 only
669 913 38 32 be
735 913 66 32 said
823 913 69 32 that
912 925 53 31 my

136 974 106 32 cousin
270 974 114 33 Olivier
414 974 136 42 thought
576 974 54 33 the
652 974 85 43 price
758 979 53 28 too
835 975 77 41 high
925 976 7 32 !

139 1036 113 41 (Claire
284 1035 139 42 winced.)
504 1036 94 32 Don't
636 1036 89 31 allow
755 1036 70 32 that
854 1041 33 27 to
927 1037 39 32 be

135 1097 107 31 hinted
258 1100 39 35 at,
314 1097 98 32 above
429 1097 41 31 all
485 1097 105 41 things
604 1098 6 31 !
657 1097 60 32 Let
740 1109 78 30 your
842 1098 124 32 mother

135 1169 130 30 manage
295 1157 152 43 anything
479 1158 62 32 else
572 1170 61 29 you
657 1158 121 41 choose,
802 1159 57 32 but
890 1160 74 32 take

135 1230 69 20 care
221 1218 34 32 of
272 1218 52 32 the
350 1219 160 32 diamonds
533 1219 154 42 yourself;
710 1220 68 32 that
802 1220 26 32 is
849 1221 45 32 far
910 1226 53 28 too

135 1280 165 42 important
326 1292 18 20 a
370 1282 129 31 matter!
556 1281 88 42 They
672 1293 63 31 say,
766 1293 63 32 you
859 1282 104 43 know,

135 1341 69 32 that
220 1341 115 33 Olivier
350 1342 26 31 is
393 1342 30 31 in
439 1342 68 32 love
523 1342 75 33 with
614 1354 62 31 you
687 1356 7 28 ;
720 1355 34 21 so
778 1343 81 34 seize
883 1357 81 30 your

135 1403 199 42 opportunity
334 1422 43 3 —
378 1403 53 33 tell
446 1403 63 32 him
525 1415 61 31 you
602 1409 84 27 want
708 1404 52 33 the
782 1405 161 34 diamonds
954 1420 10 28 ;

134 1464 93 40 you'll
253 1470 53 35 get
329 1464 86 33 them
440 1476 79 30 now,
537 1477 52 31 my
605 1466 82 42 dear,
704 1467 61 33 and
792 1480 61 31 you
870 1470 92 32 won't

135 1529 52 34 get
202 1525 82 32 them
