1090 1740
375 116 140 22 MADAME
538 117 168 21 CLAUDINE.

892 111 51 27 149

127 194 99 32 which
243 194 53 34 she
312 195 80 33 lived
403 209 6 27 ;
426 196 61 31 and
502 196 128 41 though,
653 196 31 32 in
706 196 55 32 her
776 196 166 33 innermost

127 255 187 40 conscience,
332 256 53 31 she
403 256 50 31 did
469 261 54 26 not
534 256 89 31 think
640 256 52 32 she
709 268 71 21 ever
795 256 146 33 achieved

127 328 34 19 as
177 317 91 32 much
285 317 85 32 show
385 328 32 21 as
434 317 53 32 she
510 317 100 32 would
633 317 78 33 have
735 318 90 41 liked,
842 323 50 37 yet
908 330 33 20 so

127 378 154 41 thorough
296 390 63 20 was
374 378 55 32 her
444 378 153 41 gratitude
613 384 32 27 to
657 378 41 33 M.
714 379 37 32 de
766 380 173 41 Moranges,

127 438 69 32 Avho
220 439 72 32 took
317 439 171 42 possession
517 439 33 31 of
573 439 62 40 her,
663 451 33 20 so
721 439 136 33 absolute
887 440 54 32 her

128 500 181 32 submission
330 505 32 27 to
385 500 47 32 his
452 500 135 32 smallest
609 500 86 40 wish,
712 500 66 32 that
795 501 52 31 she
862 501 79 31 tried

127 567 55 26 not
196 567 32 27 to
250 562 73 41 long
338 562 46 31 for
406 561 52 32 the
482 561 103 42 gaudy
605 561 124 42 apparel
753 562 59 31 and
835 561 107 32 villan-

128 623 85 42 ously
242 623 157 31 unartistic
430 626 241 28 accoutrements
701 621 31 32 in
758 622 99 32 which
889 622 51 32 she

127 689 63 27 met
204 684 88 31 those
309 684 35 31 of
362 683 55 32 her
433 695 68 20 own
517 683 114 40 species
647 682 31 32 in
693 682 101 41 public
809 683 111 40 places.

171 746 45 31 As
240 745 26 31 is
291 756 33 19 so
346 744 82 31 often
443 744 52 31 the
512 755 68 20 case
598 743 36 42 (if
651 748 55 27 not
721 755 78 20 even
815 743 124 42 always)

127 807 61 31 this
204 806 60 41 girl
278 817 64 19 was
360 805 109 41 chiefly
485 804 117 32 riveted
617 809 31 26 to
664 803 54 32 her
735 803 46 32 sin
796 804 41 42 by
857 804 82 32 what

128 879 63 19 was
206 867 69 31 best
289 866 31 31 in
335 866 62 31 her.
445 865 72 31 And
538 864 38 32 do
600 869 54 26 not
668 864 99 41 forget
789 864 77 39 that,
888 875 51 30 my

128 928 105 40 friend,
251 927 88 31 when
356 938 62 31 you
433 937 50 21 are
494 925 104 42 trying
613 930 32 27 to
659 930 89 37 upset
764 936 81 21 some
862 925 58 32 evil
933 938 6 20 :

127 990 72 31 look
226 994 52 26 out
301 989 47 31 for
376 988 52 31 the
458 987 80 42 good
568 987 132 31 element
723 986 66 32 that
809 986 55 32 has
889 991 50 38 got

127 1050 121 32 mislaid
265 1053 140 37 amongst
420 1049 32 39 it,
469 1048 60 31 and
543 1047 25 32 is
583 1047 121 42 feeding
724 1047 53 32 the
793 1047 58 32 eAul
867 1047 72 32 with

127 1112 40 32 its
194 1117 106 35 strong
323 1123 53 29 sap
386 1123 6 28 ;
417 1110 24 31 it
456 1109 60 31 will
537 1109 70 41 give
629 1120 61 30 you
716 1120 83 20 more
823 1108 116 32 trouble

127 1174 73 32 than
216 1173 41 32 all
272 1172 52 32 the
340 1176 63 26 rest
414 1184 5 28 ;
436 1170 53 31 the
504 1181 84 20 more
604 1181 42 29 so,
663 1181 34 20 as
719 1169 24 32 it
762 1169 86 32 hurts
862 1181 77 31 your

127 1233 215 34 conventional
357 1232 85 31 ideas
458 1236 31 27 to
504 1230 157 41 recognise
677 1231 31 31 it.

171 1296 38 32 In
222 1293 197 33 Madeleine's
443 1291 206 42 ill-regulated
670 1290 92 40 mind,
787 1291 151 41 gratitude

126 1362 33 27 to
175 1356 42 32 M.
236 1355 35 33 de
288 1355 165 39 Moranges
475 1351 228 44 predominated
719 1363 72 20 over
806 1351 39 32 all
867 1351 69 32 else.

127 1418 62 33 She
204 1415 137 34 thanked
356 1414 63 31 him
435 1413 45 31 for
496 1413 56 36 life,
570 1412 59 32 and
639 1411 46 33 for
699 1411 52 33 the
767 1411 171 42 enjoyment

126 1480 34 32 of
178 1478 99 41 living
288 1491 6 27 ;
319 1477 45 31 for
380 1475 78 40 food,
477 1474 143 41 clothing,
642 1472 62 32 and
727 1484 18 20 a
767 1472 88 32 home
863 1486 7 28 ;
893 1472 45 32 for

126 1542 52 32 the
195 1550 87 22 sense
299 1537 67 33 that
382 1536 54 32 she
452 1547 64 20 was
532 1534 142 41 admired,
693 1534 58 32 and
767 1534 116 32 treated
897 1534 41 42 by
