1090 1740
138 110 51 26 280

367 116 82 20 LOVE
472 115 64 21 THE
560 113 162 23 AVENGER.

137 205 74 20 soon
227 197 55 37 got
298 197 32 28 to
356 193 56 31 ask
433 191 119 33 herself
570 190 72 43 why
665 189 25 32 it
707 200 63 20 Avas
795 199 34 20 so
852 184 114 44 utterly

137 255 176 43 impossible
340 255 69 32 that
432 255 63 39 she,
514 254 52 32 the
582 254 155 40 Dowager
753 249 158 43 Marquise
928 248 38 32 de

138 317 183 32 Beauvoisin
344 329 55 20 nee
415 316 176 41 Moranges,
610 313 119 41 should,
748 313 47 31 for
816 324 18 20 a
858 316 108 39 potent

136 380 133 37 interest,
293 378 73 32 hold
392 389 146 21 converse
565 377 73 32 with
663 376 83 32 Mile.
772 373 133 44 Aspasie
928 373 38 32 de

136 440 213 42 Mourjonville
360 441 14 30 ?
412 438 244 42 Extraordinary
668 437 105 41 things
790 448 80 20 Avere
886 435 80 32 done

134 514 92 30 every
242 502 68 41 day,
327 501 61 32 and
389 521 43 3 —
433 500 90 32 when
545 500 74 42 they
635 498 169 33 succeeded
806 518 43 2 —
850 509 39 20 no
906 509 59 21 one

134 563 137 42 objected
294 568 32 27 to
342 563 83 32 them
437 576 6 27 ;
468 562 129 40 besides,
617 561 102 42 surely
736 572 122 31 secresy
874 559 90 33 could

133 624 37 32 be
187 624 134 40 secured,
335 624 103 42 surely
448 624 65 40 she,
531 623 53 32 the
596 623 163 41 DoAvager,
777 621 61 32 had
855 632 106 21 means

133 688 32 26 at
180 683 54 32 her
256 683 133 42 disposal
413 683 35 31 of
465 682 128 42 binding
616 694 74 20 over
713 681 53 33 the
790 681 172 41 intelligent

133 745 130 41 Aspasie
288 749 31 27 to
343 744 55 31 her
423 744 115 31 service
551 757 6 27 ;
583 743 102 42 surely
701 742 54 32 she
778 742 90 32 could
888 747 32 27 at
943 754 18 20 a

133 805 155 32 moderate
316 810 66 26 cost
409 816 109 20 ensure
539 804 52 32 the
615 803 210 43 co-operation
842 803 35 32 of
899 803 62 32 this

133 871 80 27 most
228 866 98 32 useful
342 867 61 40 ally
416 867 6 32 !

173 929 43 30 At
232 928 58 31 last
305 928 53 31 the
374 928 155 41 Dowager
546 939 63 20 was
633 927 137 32 satisfied
787 927 67 31 that
871 927 85 32 Mile.

133 989 36 31 de
207 989 213 41 Mourjonville
452 1001 63 19 was
555 988 202 42 individually
785 1001 19 19 a
843 988 117 32 fellow-

134 1055 137 26 creature
297 1049 68 33 who
390 1050 100 40 might
517 1050 90 41 enjoy
634 1050 51 32 the
717 1050 119 31 honour
867 1050 34 31 of
922 1061 38 20 an

133 1110 160 32 intervieAv
324 1111 73 31 with
428 1111 120 39 herself,
577 1111 61 32 and
663 1111 55 32 she
746 1122 75 21 soon
850 1111 110 33 settled

133 1171 52 32 the
211 1171 90 33 mode
326 1172 31 31 in
384 1172 101 32 which
509 1172 54 33 the
587 1172 162 33 intervieAv
772 1185 64 20 was
863 1178 32 28 to
921 1174 39 32 be

133 1233 133 39 brought
282 1233 102 32 about.

175 1293 148 32 Claudine
350 1293 61 33 had
437 1294 53 33 the
515 1306 83 21 same
624 1295 194 33 dressmaker
842 1309 34 19 as
906 1297 53 33 the

133 1355 158 42 DoAvager,
324 1355 77 32 with
431 1356 61 32 this
524 1357 171 41 difference,
722 1358 67 32 that
821 1359 138 32 whereas

133 1416 149 32 Claudine
298 1417 114 31 caused
427 1430 94 29 every
537 1424 155 27 \restment
714 1420 54 32 she
785 1432 75 20 ever
875 1433 84 21 wore

133 1482 30 25 to
190 1477 37 32 be
253 1477 156 32 fashioned
436 1478 41 42 by
503 1479 54 32 the
582 1480 175 32 celebrated
778 1483 179 41 couturiere,

133 1537 51 32 the
199 1538 152 41 DoAvager
371 1539 73 40 duly
461 1541 127 31 ordered
615 1542 77 31 from
718 1542 55 32 her
798 1554 19 21 a
842 1545 116 31 certain
