1090 1740
115 125 54 24 294

345 131 82 20 LOVE
451 131 64 20 THE
538 129 163 22 AVENGER.

114 220 117 30 ranges,
245 208 53 32 she
311 208 111 42 passed
433 207 133 41 through
579 206 52 32 the
642 217 133 31 passage
784 205 44 33 St.
840 204 100 41 Roch,

113 281 18 21 a
147 281 74 31 very
237 269 223 43 unfrequented
475 269 88 42 alley,
581 268 61 32 and
659 280 64 20 was
739 266 145 34 accosted
900 266 40 43 by

112 330 168 41 Theophile
293 331 192 32 Mardonnet.

288 392 15 32 I
319 404 51 21 am
383 393 7 32 !
447 392 39 32 he
511 392 75 40 said,
611 391 109 42 taking
742 391 44 32 off
806 391 48 32 his
876 390 64 38 hat,

145 453 142 33 obedient
311 458 32 28 to
373 465 77 31 your
480 464 158 21 summons
650 467 7 27 ;
689 453 25 32 it
740 453 25 32 is
791 452 149 43 precisely

112 514 109 31 twelve
238 514 145 31 o'clock."

186 576 55 42 My
264 576 81 42 good
526 576 55 32 she
603 576 123 42 replied,
757 576 180 42 slackening

111 638 53 31 her
179 649 84 30 pace,
282 638 60 31 and
358 637 124 42 looking
498 637 55 32 her
568 638 183 41 companion
767 637 54 33 full
836 638 32 31 in
884 637 52 32 the

111 700 66 30 iiice
187 712 8 28 ;
292 711 50 20 am
365 704 54 27 not
433 699 97 41 going
552 704 32 26 to
602 699 80 31 walk
707 699 30 31 in
754 699 54 32 the
833 699 104 42 public

110 764 110 28 streets
243 760 34 31 of
299 760 89 32 Paris
402 760 75 32 with
499 772 61 30 you
583 760 42 42 by
640 772 53 30 my
710 760 64 32 side
787 773 8 28 ;
826 764 34 28 at
883 760 54 32 the

110 826 143 28 entrance
269 822 35 31 of
314 822 52 31 the
382 822 67 32 Rue
467 822 42 32 St.
528 822 127 32 Honore
673 834 47 19 we
735 826 70 38 part
817 835 6 27 ;
849 822 56 32 but
921 823 15 30 I

111 883 77 32 have
204 883 173 41 something
399 888 33 27 to
456 894 54 31 say
525 888 32 27 to
572 894 72 31 you,
661 883 61 32 and
743 883 24 32 it
782 883 26 32 is
825 883 110 43 simply

108 944 61 33 this
184 957 5 20 :
222 944 14 32 I
261 944 61 32 will
349 944 38 33 be
414 950 55 37 put
495 944 31 33 in
554 944 174 43 possession
754 945 34 32 of
814 945 40 32 all
881 944 56 33 the

109 1005 108 32 details
234 1005 33 32 of
278 1005 83 32 what
376 1005 112 43 passed
499 1017 94 21 seven
605 1018 90 30 years
712 1017 58 31 ago
773 1026 43 2 —
816 1006 15 32 I
844 1018 91 20 mean

109 1066 144 42 touching
269 1066 128 33 Camille
420 1067 60 32 and
497 1066 116 33 Olivier
614 1087 42 3 —
659 1068 13 31 I
696 1067 62 32 will
773 1068 92 31 know
881 1068 53 32 the

182 1189 62 31 But
259 1188 25 32 if
305 1188 85 32 there
406 1188 25 32 is
447 1189 131 42 nothing
600 1195 31 27 to
647 1190 91 32 know
750 1193 14 31 ?
818 1192 117 42 replied

108 1249 190 41 Mardonnet,
316 1250 103 40 trying
434 1256 32 26 to
482 1251 71 32 look
569 1252 180 33 indifferent.

151 1311 82 32 Mile.
251 1311 143 42 Mourjon
411 1323 85 20 came
508 1317 30 27 to
555 1324 19 20 a
589 1313 55 32 full
661 1319 78 37 stop.

108 1370 52 33 she
184 1371 157 32 ansAvered
365 1384 74 30 very
456 1373 125 42 quietly,
641 1374 26 31 if
688 1375 69 33 that
777 1375 38 33 be
840 1377 95 42 really

107 1431 50 32 the
174 1443 69 20 case
245 1452 42 2 —
288 1433 26 30 if
325 1434 14 30 I
357 1433 38 31 do
418 1434 92 31 know
526 1435 50 40 all,
602 1435 61 32 and
686 1435 68 34 that
769 1449 62 31 you
853 1438 82 33 have

107 1491 128 43 nothing
261 1505 84 20 more
372 1498 32 27 to
427 1495 55 31 tell
611 1497 194 40 (Mardonnet
832 1499 103 41 began

106 1559 30 25 to
168 1553 70 32 look
261 1554 146 40 hopeful),
468 1555 75 32 then
571 1568 34 20 so
631 1558 92 32 much
751 1559 52 31 the
834 1572 99 21 worse
