1090 1740
309 97 249 23 MADEMOISELLE
580 100 135 20 ASPASIE.

864 93 51 27 245

176 170 51 31 No
243 171 141 43 boyards,
401 185 40 20 no
455 175 6 31 !
511 174 113 32 echoed
635 174 52 32 the
703 174 45 32 fat
763 186 70 19 man
846 174 71 31 with

102 241 18 20 a
135 236 94 36 grunt
242 245 7 27 ;
307 233 55 33 but
378 233 54 33 she
447 239 69 38 gets
531 235 52 32 the
597 235 195 41 Boulevards,
810 234 60 32 and
886 246 31 20 so

102 292 38 31 do
155 292 16 31 I
184 293 6 30 !

177 354 41 32 So
248 354 115 33 there's
394 356 170 42 patriotism
588 357 31 31 in
649 369 76 30 your
751 361 112 35 return,
895 356 25 31 is

258 415 149 33 observed
416 417 228 32 Mademoiselle
654 418 149 41 Mourjon,
821 418 100 31 other-

102 476 72 33 wise
198 477 37 32 de
259 477 224 43 Mourjonville,
500 478 75 31 with
598 490 18 19 a
643 490 95 20 sneer.
820 479 79 31 Well
913 480 6 31 !

103 537 34 33 of
148 550 19 20 a
183 539 150 42 certainty
348 539 68 32 that
432 540 25 31 is
474 540 93 31 about
581 540 52 31 the
650 551 74 30 very
739 540 59 31 last
809 540 111 41 luxury

103 598 32 32 in
151 599 99 32 which
270 600 15 31 I
302 600 109 31 should
433 600 78 31 have
533 600 132 41 thought
688 600 95 31 either
807 600 34 31 of
861 612 60 29 you

103 665 62 26 tAvo
180 660 103 32 would
297 661 79 31 have
392 661 146 41 indulged
604 661 60 31 and
680 661 51 32 the
755 674 87 19 sneer
857 674 63 19 was

103 722 98 40 biting
217 722 31 31 in
263 722 76 31 both
354 722 52 32 the
422 723 72 31 look
510 723 60 31 and
584 722 53 32 the
653 727 78 28 tone.

180 782 52 31 Ah
245 783 6 31 !
279 783 57 31 but
358 794 61 30 you
443 783 84 31 don't
549 783 90 31 know
654 783 83 31 what
759 783 23 31 it
804 783 25 31 is
851 788 32 26 to
904 794 18 20 a

105 844 137 31 Parisian
258 848 32 27 to
306 844 89 31 think
415 844 68 31 that
503 844 65 31 he's
591 844 94 40 going
707 848 31 27 to
761 844 90 31 make
875 844 46 31 his

104 905 100 40 home,
226 905 47 31 his
296 905 97 41 living
417 905 60 31 and
500 905 93 41 dying
615 905 95 41 place,
729 904 33 31 of
784 916 19 20 a
816 905 107 31 barba-

105 976 71 20 rous
207 969 130 37 country
361 964 102 32 where
488 964 72 42 they
593 964 71 42 only
694 964 93 42 speak
818 964 104 31 make-

105 1026 118 31 believe
254 1025 130 40 French,
417 1025 59 31 and
510 1025 100 31 where
648 1024 109 32 there's
794 1024 129 42 nothing

107 1087 83 30 one's
204 1097 71 20 ever
287 1086 78 31 been
377 1085 75 31 used
464 1089 30 27 to
505 1098 7 27 ;
536 1084 117 32 neither
668 1084 96 32 minor
778 1085 143 40 theatres,

106 1159 56 19 nor
185 1158 204 30 newspapers,
413 1157 56 20 nor
491 1145 65 32 talk
568 1146 6 31 !
596 1145 117 32 neither
733 1157 18 20 a
772 1146 64 31 real
857 1146 64 31 cafe

109 1208 73 42 (like
212 1207 88 31 these
323 1206 96 43 here),
444 1218 56 20 nor
526 1206 52 32 the
605 1206 197 40 Boulevards,
827 1218 55 20 nor
907 1218 17 20 a

357 1267 61 32 and
444 1265 170 43 Theophile
640 1265 180 33 Mardonnet
845 1266 79 42 posi-

107 1328 96 42 tively
220 1328 51 31 did
285 1327 72 32 look
372 1339 34 20 as
421 1326 117 42 though
555 1326 38 32 he
609 1326 61 31 had
689 1326 77 32 been
782 1326 142 42 suffering

107 1388 199 43 martyrdom,
334 1399 33 20 as
391 1387 118 41 though
533 1387 44 32 St.
595 1387 91 31 Peter
709 1387 61 31 had
792 1387 132 41 emptied

107 1451 55 31 the
178 1449 98 43 phials
293 1448 35 33 of
350 1448 47 32 his
412 1452 117 27 utmost
544 1448 97 31 wrath
665 1459 83 30 upon
764 1448 47 31 his
835 1448 87 41 head,

108 1511 47 32 for
184 1515 54 27 not
268 1509 115 41 having
406 1520 84 21 more
518 1508 146 42 seriously
686 1508 93 32 taken
808 1520 41 30 up
878 1509 46 33 his
