1090 1740
841 82 33 27 79

316 86 60 21 OUT
399 87 34 20 IN
457 87 63 21 THE
544 87 65 21 SUN.

59 161 84 32 walls
159 173 80 21 were
256 161 34 33 of
301 162 110 32 carved
427 163 96 40 Avood,
540 162 101 41 white,
660 174 33 20 or
707 163 69 42 pale
791 175 83 29 grey,

58 235 83 30 upon
168 235 18 20 a
216 235 77 30 grey
321 224 34 31 of
377 235 18 19 a
420 223 111 42 deeper
555 224 103 41 shade,
681 225 141 42 disposed
846 225 31 31 in

58 284 107 42 panels
179 298 7 27 ;
209 284 52 32 the
277 285 77 41 style
370 296 63 19 was
455 285 68 31 that
538 286 34 31 of
590 286 94 32 Louis
706 287 99 39 XVI.,
822 287 55 31 but

59 345 54 31 the
129 345 130 41 genuine
275 346 93 30 Louis
395 346 88 32 XVI.
502 347 34 30 of
561 348 91 39 1780,
670 352 55 27 not
746 347 85 32 what
852 347 25 32 is

62 405 123 42 palmed
201 405 44 32 off
255 417 82 30 upon
353 406 52 31 the
422 406 141 41 ignorant
579 408 96 31 under
694 408 69 31 that
777 420 98 20 name.

61 467 66 31 The
169 467 151 41 draperies
360 468 60 30 and
457 467 151 42 hangings
645 480 81 20 were
764 469 33 31 of
829 469 50 31 old

63 528 151 31 Beauvais
230 532 146 37 tapestry,
394 528 148 32 bordered
560 529 41 41 by
623 529 94 31 broad
732 529 96 31 bands
850 529 33 31 of

61 588 68 31 that
144 588 76 42 deep
243 588 174 32 brown-red
440 589 95 31 called
557 590 266 40 garnet-coloured
848 590 32 30 in

63 649 127 32 France.
236 649 170 31 Wherever
426 650 51 31 the
503 662 55 29 eye
579 651 109 39 rested,
705 650 89 32 there
817 662 62 19 was

63 710 175 41 something
260 710 148 31 beautiful
432 723 32 18 or
486 723 67 19 rare
581 715 31 27 to
640 711 70 31 look
740 723 96 29 upon:
838 730 43 3 —

65 771 108 40 China,
201 771 138 40 bronzes,
371 771 142 40 enamels,
545 771 198 41 marqueterie
773 772 105 39 tables,

65 844 98 28 vases,
179 832 118 31 flowers
299 850 42 4 —
342 832 55 30 but
417 831 40 31 all
478 831 30 30 in
527 831 80 31 their
629 843 108 29 proper
753 832 85 40 place
840 850 41 4 —

66 897 55 26 not
144 904 57 19 one
223 892 86 31 there
325 891 102 32 where
450 891 50 31 the
524 891 86 31 other
632 891 96 42 ought
750 896 31 27 to
804 891 77 31 have

68 954 86 31 been.
202 953 53 31 All
271 964 62 20 was
349 953 110 41 fitting,
477 953 129 41 nothing
622 952 73 41 stiff;
720 952 39 31 all
775 951 62 32 told
853 951 32 32 of

68 1014 184 32 homeliness
268 1014 60 31 and
352 1014 166 41 every-day
533 1013 58 41 life,
610 1013 127 31 without
759 1025 19 19 a
800 1018 82 26 trace

67 1077 35 30 of
113 1076 178 31 untidiness.

111 1137 73 31 And
199 1137 69 31 how
284 1136 55 32 fair
350 1148 64 20 was
430 1137 53 31 she
500 1136 60 32 still
572 1137 68 31 who
656 1136 140 42 presided
811 1148 72 19 over

66 1198 54 32 the
148 1198 94 42 place.
299 1198 42 30 At
367 1197 188 41 forty-seven
585 1209 60 29 you
675 1197 101 31 would
806 1197 77 31 have

67 1259 95 41 given
177 1259 55 31 her
247 1259 103 31 fifteen
367 1270 32 19 or
419 1262 118 38 twenty
552 1270 87 29 years
662 1258 58 31 less
740 1258 74 31 than
830 1257 53 31 her

69 1331 66 29 age.
185 1319 61 33 She
262 1319 62 31 had
339 1319 52 31 the
407 1319 59 31 fine
480 1319 130 31 outlines
621 1318 33 31 of
664 1318 52 31 the
732 1317 151 32 Clavreuil

68 1381 76 40 face,
163 1380 100 32 famed
279 1380 45 32 for
340 1380 38 31 its
395 1380 105 31 classic
511 1380 112 41 beauty
634 1392 6 27 ;
658 1379 53 31 but
727 1378 51 31 the
791 1378 92 31 lustre

69 1443 35 31 of
124 1442 54 32 the
201 1454 64 31 eye,
283 1441 53 32 the
361 1441 78 41 light
466 1441 34 31 of
521 1441 51 31 the
592 1441 95 40 smile,
712 1440 52 31 the
787 1444 96 27 trans-

68 1515 135 31 parency
232 1502 34 33 of
288 1502 51 33 the
373 1502 132 39 delicate,
533 1501 118 32 smooth
683 1501 198 42 complexion,
