1090 1740
388 99 64 21 THE
474 99 130 21 APPEAL.

872 95 33 26 19

83 174 127 32 father's
241 174 77 43 lazy,
351 174 174 43 dependent
553 175 157 32 character
747 187 62 20 was
846 176 58 32 fast

84 235 125 42 coming
225 240 52 28 out
299 235 31 33 in
353 235 53 33 the
423 236 66 42 girl.
536 237 80 31 Poor
637 237 141 32 Madame
795 238 109 33 Perrot

86 296 67 32 said
182 296 137 43 nothing,
347 297 121 32 uttered
492 309 41 20 no
563 298 155 42 reproach,
751 304 82 26 went
864 311 39 20 on

85 358 139 43 dividing
238 358 55 32 her
308 359 125 32 humble
452 359 91 32 cheer
558 360 74 31 with
652 360 55 32 her
728 365 97 36 guest,
843 361 61 32 and

85 420 113 41 sought
225 420 103 41 vainly
356 425 32 27 to
419 420 64 31 find
513 433 82 19 some
626 422 207 41 employment
861 422 43 42 by

85 480 101 31 which
215 480 171 33 Madeleine
416 481 99 41 might
545 494 72 19 earn
648 482 55 32 her
729 482 171 33 livelihood.

85 541 63 32 She
164 541 92 32 found
272 541 138 41 nothing.

128 603 63 30 But
205 602 87 32 there
307 614 63 20 was
386 603 31 30 in
432 602 51 32 the
500 604 235 32 sabot-maker's
759 605 142 41 dwelling

84 674 85 20 some
187 674 55 21 one
259 663 69 31 who
343 663 111 32 looked
465 663 188 42 grudgingly
665 676 39 19 on
713 664 54 32 the
782 665 119 42 portion

84 724 36 31 of
141 724 153 32 existence
322 723 100 32 which
452 735 63 20 was
542 725 172 31 subtracted
744 725 78 32 from
851 726 50 31 the

83 787 76 31 little
175 785 168 32 household
358 786 42 41 by
412 786 181 40 Madeleine,
612 787 60 31 and
687 787 64 31 this
768 798 65 20 was
849 787 52 32 the

84 845 210 32 sabot-maker
318 845 129 32 himself.
504 846 95 31 Denis
627 846 107 31 Perrot
761 858 63 20 was
850 852 51 26 ten

86 919 88 30 years
198 907 83 31 older
303 906 76 32 than
398 907 170 31 Madeleine
580 920 6 27 ;
611 907 60 31 and
691 907 62 31 had
772 919 74 20 once
869 919 32 20 or

84 970 97 40 twice,
199 981 34 21 as
248 981 20 21 a
277 969 69 43 boy,
360 969 92 33 taken
463 970 100 32 notice
576 969 35 32 of
621 969 56 33 her
688 982 6 20 :
710 981 70 31 nay,
792 970 109 32 almost

83 1031 94 32 taken
203 1030 54 33 her
282 1036 69 36 part
377 1030 122 43 against
524 1030 110 40 others,
653 1030 60 32 and
728 1030 52 33 the
796 1042 105 21 conse-

82 1103 118 31 quence
225 1091 61 32 had
317 1091 77 33 been
424 1102 19 21 a
472 1091 128 32 kindlier
630 1091 111 42 feelhig
763 1091 138 33 between

82 1154 88 31 these
193 1158 62 27 two
281 1152 75 33 than
381 1151 62 33 had
465 1151 132 43 perhaps
624 1151 116 33 existed
762 1152 139 33 between

82 1226 121 30 anyone
220 1214 65 32 else
301 1213 60 32 and
385 1212 52 33 the
463 1212 223 42 uninteresting
702 1212 81 32 child
799 1212 34 32 of
850 1213 51 32 the

82 1275 136 41 unlucky
233 1273 144 43 Raynals.
425 1273 62 32 But
503 1273 97 32 Denis
616 1273 60 31 had
691 1278 65 26 met
772 1273 75 32 writh
863 1285 37 20 an

82 1335 141 32 accident
237 1340 31 27 to
292 1335 47 32 his
366 1334 61 43 hip,
456 1334 31 32 in
512 1334 51 32 the
591 1334 84 40 early
690 1338 129 27 autumn
830 1347 7 27 ;
861 1345 39 21 an

81 1396 125 32 abscess
222 1394 61 33 had
299 1395 123 39 ensued,
445 1394 38 32 he
507 1394 61 31 had
583 1393 61 31 had
665 1398 31 26 to
717 1394 72 31 take
804 1399 31 27 to
852 1394 47 32 his

81 1458 69 40 bed,
170 1457 68 40 and,
255 1456 46 32 for
317 1456 54 32 the
386 1456 60 32 last
461 1455 85 32 three
562 1455 111 39 weeks,
690 1454 60 32 had
761 1455 77 32 been
853 1455 47 32 in-

81 1519 127 42 capable
225 1517 34 33 of
270 1529 61 31 any
347 1517 84 32 work
447 1521 32 28 at
495 1516 48 32 all.
580 1516 138 41 Nothing
733 1516 31 32 in
779 1516 51 33 the
846 1516 54 33 do-

778 1583 10 15 o
801 1578 11 20 2
