1090 1740
866 99 34 27 17

359 102 105 21 ALONE
487 103 35 20 IN
545 102 78 21 LIFE.

83 178 114 32 church
213 189 104 21 across
327 178 52 32 the
389 178 97 42 road),
500 178 54 33 she
566 178 114 43 caught
692 184 29 27 at
736 179 53 32 the
804 180 96 42 figure

84 239 34 32 of
130 250 18 21 a
163 251 121 21 woman
300 239 70 33 who
385 251 62 21 was
473 240 136 42 bending
630 251 71 21 over
717 252 18 20 a
750 246 54 37 pot
820 253 80 30 upon

81 300 54 33 the
146 300 65 42 fire,
223 300 68 42 and,
301 300 121 43 joining
432 300 55 33 her
498 301 107 40 hands,
617 301 179 42 exclaimed,
842 302 57 41 Oh,

81 361 142 33 Madame
240 362 127 33 Perrot!
417 362 60 32 and
492 362 86 32 burst
593 363 63 32 into
680 374 18 20 a
723 363 36 31 fit
776 363 33 31 of
828 375 71 20 con-

81 423 120 32 vulsive
219 424 139 40 sobbing.

124 484 67 32 The
216 485 237 32 sabot-maker's
477 485 132 39 mother,
644 497 19 20 a
694 485 109 32 widow
826 486 71 38 also,

81 546 61 32 and
169 546 64 32 also
257 557 76 31 very
353 558 83 30 poor,
453 546 74 32 took
549 547 52 31 the
625 546 195 32 unfortunate
843 547 59 41 girl

81 613 32 26 to
132 607 54 33 her
201 607 95 40 heart,
315 607 135 32 warmed
466 607 62 40 her,
542 607 50 32 fed
607 607 64 40 her,
686 607 126 32 soothed
827 607 54 31 her
892 620 7 27 ;

82 670 70 40 and,
169 669 76 32 with
261 680 18 21 a
295 668 118 42 charity
422 668 102 32 which
539 668 100 42 rarely
654 668 66 32 fails
736 680 118 20 women
871 668 33 32 of

79 730 53 33 the
149 741 109 32 poorer
274 730 115 32 classes
413 730 31 31 in
468 730 126 39 France,
612 729 168 42 prevented
795 729 107 32 Made-

81 792 79 32 leine
182 791 120 43 Raynal
317 791 78 31 from
411 791 96 41 being
524 791 130 31 crushed
670 795 53 27 out
738 790 34 32 of
793 801 108 21 reason

82 865 33 20 or
131 852 50 33 life
197 852 42 43 by
253 852 53 33 the
324 852 242 41 overwhelming
577 863 86 21 sense
682 852 34 32 of
726 856 82 27 utter
819 851 83 32 lone-

80 914 102 31 liness.

133 1588 52 16 VOL.
199 1588 14 15 I.

800 1584 12 15 c
