1090 1740
361 90 64 20 THE
448 90 206 20 DEPUTATION.

867 84 52 26 271

175 163 50 33 No
239 178 6 27 ;
270 164 63 32 he's
348 166 109 32 better.
496 167 70 31 You
582 166 59 31 will
657 178 50 20 see
724 166 82 32 what
822 167 99 31 Duro-

100 224 95 33 chard
211 226 104 32 Avrites

156 287 6 13 '
176 286 94 43 Why,
287 288 83 32 what
392 300 59 30 age
474 301 62 20 was
561 289 38 31 he
611 290 14 31 ?
684 289 161 32 continued
867 289 55 32 the

100 347 148 43 Marquis,
276 349 155 42 following
463 355 52 26 out
545 362 39 19 an
614 350 68 31 idea
712 350 34 31 of
763 350 49 32 his
843 362 77 28 own,

100 408 131 33 without
255 410 127 41 reading
404 411 52 31 the
481 411 99 31 letter.
659 412 15 30 I
698 411 83 32 don't
804 412 118 31 believe

99 470 39 32 he
155 483 63 19 was
234 472 92 31 much
342 477 69 35 past

176 532 49 31 He
263 544 63 20 was
371 533 96 31 under
655 533 170 41 responded
869 533 52 32 the

99 593 154 41 DoAvager
265 606 7 28 ;
340 594 55 32 but
416 594 69 32 that
508 594 116 32 doesn't
837 594 84 42 (Per-

98 654 77 42 haps
191 654 43 32 M.
254 655 36 31 de
305 655 165 40 Moranges
486 655 132 41 thought
634 655 23 31 it
676 655 71 40 did).
826 654 96 33 What

99 715 72 32 does
196 721 113 27 matter
332 716 35 40 is,
385 716 67 32 that
477 716 61 32 this
563 716 25 32 is
610 728 18 20 a
642 715 140 42 warning
782 736 44 2 —
826 716 48 32 fits
892 716 32 32 of

97 777 63 32 this
190 777 75 32 kind
296 777 114 42 always
441 789 51 20 are
497 796 39 3 —
538 776 59 33 and
623 776 67 32 that
714 776 206 42 Carpentier's

98 837 76 42 days
191 849 51 20 are
265 837 155 42 evidently
435 837 168 31 numbered
614 850 6 27 ;
646 837 67 39 and,
738 836 68 32 that
828 837 95 41 being

96 898 53 32 the
166 910 79 28 case,
263 910 46 20 we
326 903 84 27 must
425 898 37 32 be

141 960 67 31 The
227 960 138 40 Marquis
382 959 114 32 smiled.

171 1022 71 31 You
269 1021 115 42 always
408 1032 50 20 are
484 1032 41 28 so,
547 1031 53 30 my
616 1019 71 32 dear
857 1018 61 31 said

94 1083 48 32 he.
261 1094 93 20 never
374 1082 90 31 knew
486 1093 61 31 you
569 1080 192 43 unprepared
776 1080 46 32 for
845 1091 73 30 any-

94 1146 89 40 thing
221 1149 60 37 yet.
344 1144 44 32 Of
421 1155 107 20 course
565 1154 60 31 you
663 1141 99 33 allude
797 1146 32 27 to
867 1140 51 33 the

94 1207 190 40 Deputation
296 1207 14 31 ?

381 1279 62 20 Avas
464 1267 54 32 the
540 1265 103 43 reply;
772 1263 68 32 that
856 1275 60 20 was

94 1331 71 42 why
182 1331 15 31 I
216 1342 64 20 was
304 1329 33 32 in
363 1328 75 33 such
465 1339 18 21 a
508 1328 94 40 hurry
617 1331 31 26 to
673 1337 50 20 see
745 1337 68 30 you.
859 1324 57 32 We

93 1393 81 31 have
189 1396 55 27 not
267 1403 40 20 an
331 1390 78 32 hour
431 1394 32 27 to
479 1389 73 31 lose.
599 1387 15 31 I
631 1390 83 28 want
729 1390 32 27 to
777 1385 86 32 write
886 1389 30 28 to

94 1453 182 33 Durochard
298 1453 42 41 by
365 1451 204 32 to-morrow's
596 1452 78 38 post,
700 1447 53 41 for,
776 1446 102 32 unless
902 1446 14 31 I

94 1527 57 20 can
177 1513 162 43 positively
363 1511 67 43 rely
453 1521 83 32 upon
559 1521 76 30 your
659 1508 94 32 entire
780 1511 135 39 support,
