1090 1740
407 443 205 31 CHAPTER
635 442 86 32 XVI.

366 542 165 21 MONSIEUR
554 540 207 22 MARDONNET.

195 619 157 31 Educate
369 630 18 19 a
401 630 73 19 man
489 629 34 20 as
538 629 61 30 you
616 617 62 31 will
698 617 32 30 in
750 616 129 41 France,
897 615 80 43 keep

152 680 63 31 him
245 686 31 26 to
316 681 46 32 his
401 681 105 40 books,
538 681 92 32 make
660 680 177 42 inquisitors
868 680 35 32 of
929 680 48 32 his

152 742 147 41 teachers,
332 742 68 32 lock
424 754 42 31 up
490 742 47 32 his
567 742 88 32 heart
682 742 61 32 and
768 741 74 41 soul,
870 741 62 33 and
955 742 26 32 if

152 815 61 31 you
239 803 39 32 do
304 809 54 26 not
384 804 64 31 find
472 815 106 20 means
601 808 32 27 to
656 803 70 32 lock
749 815 42 31 up
813 803 47 32 his
884 803 91 43 body,

152 865 38 32 he
214 865 60 31 Avill
297 866 90 31 make
412 869 124 38 strange
560 865 244 42 acquaintances.
853 864 72 32 And
945 876 33 20 so

152 927 24 32 it
198 927 61 32 had
281 928 79 31 been
383 928 74 32 Avith
479 927 53 32 the
555 927 138 42 Marquis
710 928 37 31 de
770 927 185 32 Beauvoisin
969 940 7 27 ;

152 989 60 32 and
228 989 30 31 in
276 989 61 31 this
354 1001 68 29 way
438 989 38 31 he
491 988 61 32 had
571 1000 86 20 come
677 993 33 27 to
726 989 93 31 know
834 989 41 32 M.
894 988 82 33 Mar-

152 1049 120 31 donnet.

194 1111 43 31 At
262 1111 51 31 the
337 1111 88 31 small
449 1116 83 26 tOAvn
555 1110 35 32 of
609 1111 160 42 Malleray,
787 1111 101 32 Avhich
911 1123 64 21 Avas

151 1171 52 32 the
229 1176 167 37 post-town
422 1171 33 32 of
474 1172 53 31 the
552 1171 139 32 Chateau
716 1172 38 32 de
779 1172 195 41 Beauvoisin,

151 1237 42 31 M.
233 1237 191 40 Mardonnet,
464 1237 52 31 the
554 1237 107 40 father,
694 1237 63 31 had
787 1238 79 31 been
890 1243 85 37 post-

152 1302 113 27 master
291 1297 46 32 for
363 1298 105 41 nearly
489 1297 95 42 thirty
607 1310 98 29 years,
723 1298 62 32 and
808 1310 65 21 Avas
901 1311 74 21 once

151 1370 18 20 a
195 1359 107 41 highly
326 1359 128 42 popular
481 1359 60 32 and
567 1371 76 31 very
667 1360 99 32 useful
796 1372 81 21 man.
925 1361 50 32 He

151 1419 61 30 had
235 1420 77 31 been
340 1420 164 42 appointed
527 1425 33 27 to
584 1420 48 32 his
656 1426 70 37 post
754 1422 96 31 under
881 1422 94 32 Louis

152 1480 149 41 Philippe,
329 1481 63 32 had
422 1482 164 41 preserved
616 1482 24 32 it
670 1482 136 42 through
833 1483 54 32 the
915 1485 60 31 Re-

152 1540 109 40 public,
285 1542 60 30 and
373 1542 144 42 occupied
543 1542 23 32 it
597 1542 69 41 still,
693 1547 32 28 at
756 1543 53 32 the
842 1546 133 40 opening
