1090 1740
191 105 51 27 272

420 112 84 21 LOVE
527 112 64 21 THE
614 111 163 22 AVENGER.

189 190 51 32 the
268 194 119 28 contest
403 190 102 32 would
528 190 38 31 be
595 194 53 27 too
677 188 128 32 difficult
820 201 6 27 ;
859 198 72 30 may
949 186 15 31 I
981 186 37 32 do

206 263 12 4 A.
231 253 15 14 O
257 252 17 13 'J

187 263 33 20 so
233 256 13 27 i

263 314 15 30 I
308 312 76 32 wish
415 317 31 27 to
486 312 153 42 goodness
680 323 62 31 you
775 323 79 21 Avere
887 322 18 21 a
935 322 81 29 man,

186 376 99 32 Adele
299 377 6 31 !
360 375 168 32 exclaimed
551 375 53 31 the
627 374 139 42 Marquis
781 388 6 27 ;
914 372 102 33 would

186 437 38 32 be
241 449 18 20 a
274 437 139 42 pleasure
429 441 31 27 to
484 436 72 42 help
572 448 61 29 you
636 455 43 3 —
680 447 62 30 you
759 435 104 31 would
882 434 92 32 make
997 446 19 20 a

186 499 112 42 capital
322 499 134 42 Deputy,
485 498 70 40 and,
575 498 108 31 what's
706 509 94 29 more,
826 509 61 30 you
912 496 103 32 would

185 560 155 32 somehow
364 572 34 20 or
421 560 87 32 other
523 560 38 32 be
578 571 70 20 sure
672 559 34 32 of
725 560 94 41 being
834 559 180 32 nominated

185 633 67 27 one,
270 621 136 32 whereas
424 620 115 33 Olivier

262 681 114 33 Olivier
392 682 58 31 Avill
467 681 37 32 be
522 681 82 42 quite
622 681 113 33 certain
751 681 25 32 if
794 693 61 31 you
872 681 71 33 take
960 681 52 33 the

185 743 90 41 thing
290 755 41 29 up

263 805 144 42 Actively
423 807 13 29 ?
505 805 115 31 echoed
659 805 41 32 M.
742 804 38 32 de
818 805 168 42 Moranges
1004 818 6 28 ;

215 865 93 32 that's
324 878 84 19 more
425 865 97 42 easily
538 866 65 31 said
625 865 76 32 than
726 866 87 31 done.
862 867 63 30 But
941 866 69 32 who

183 926 38 32 do
244 938 61 30 you
330 938 131 30 suppose
480 926 61 31 Avill
565 931 120 27 contest
708 926 52 32 the
785 927 131 32 election
936 928 74 31 with

320 987 141 41 inquired
477 988 52 31 the
546 988 147 40 Marquis.

412 1048 53 32 she
495 1049 171 40 remarked,
721 1048 85 33 there
837 1050 27 31 is
887 1051 43 31 M.
971 1051 37 32 de

182 1109 191 41 Laprunaye,
399 1110 30 30 in
464 1121 55 19 our
543 1110 127 40 district,
699 1110 39 32 he
763 1110 24 31 is
815 1110 42 42 by
884 1123 70 30 way
980 1112 32 31 of

181 1170 93 41 being
290 1181 17 20 a
330 1170 100 31 clever
445 1182 72 19 man
532 1171 61 31 and
608 1170 168 41 moderate,
793 1172 62 31 and
878 1184 75 30 goes
977 1173 30 31 in

180 1231 47 32 for
242 1231 193 41 agriculture.
485 1233 14 30 I
516 1232 89 31 think
622 1244 46 20 Ave
693 1244 58 21 can
775 1245 132 31 manage
925 1233 63 33 him
1000 1248 7 27 ;

180 1293 73 31 then
284 1293 110 32 there's
424 1294 120 32 Achille
576 1294 143 41 Bouvier,
752 1295 52 32 the
838 1296 170 42 attorney's

180 1366 55 20 son
259 1359 31 27 at
306 1355 196 40 Combeville,
521 1355 38 32 he
587 1356 24 31 is
636 1368 19 20 a
678 1356 116 32 serious
820 1358 185 41 antagonist,

180 1427 57 19 one
268 1415 34 31 of
334 1415 87 32 those
456 1415 86 32 rabid
577 1416 209 44 demagogues
820 1419 103 32 whom
953 1420 53 32 the

179 1481 200 35 government
401 1476 132 42 delights
565 1477 30 32 in
627 1478 144 43 bringing
803 1493 73 20 over
907 1487 32 27 to
968 1482 39 33 its

180 1537 125 39 service,
345 1548 39 20 an
421 1537 118 40 atheist,
572 1539 61 31 and
663 1540 75 31 with
769 1541 40 31 all
839 1542 53 33 the
927 1543 79 33 free-
