1090 1740
159 88 53 24 224

390 94 83 21 LOVE
496 94 65 20 THE
584 92 163 21 AA7ENGER.

320 171 80 41 jour,
424 169 137 33 Olivier!
586 167 154 43 bonjour,
940 176 52 19 ex-

158 231 129 33 claimed
313 232 53 32 the
391 231 160 32 Duchesse
567 230 38 32 de
630 228 168 42 Varignan,
818 226 174 44 sprinkling

158 293 55 33 her
237 293 101 33 words
363 304 74 21 over
457 293 86 32 them
567 291 62 32 like
655 290 126 33 scented
805 293 106 37 water,
930 288 62 33 and

158 355 68 32 half
238 354 190 42 smothering
443 354 85 32 them
549 354 30 31 in
594 353 55 33 the
665 353 82 42 huge
763 352 80 43 puffs
865 351 35 32 of
918 352 73 31 blue

159 417 58 31 silk
234 416 60 32 and
316 427 163 21 enormous
495 416 86 32 bows
603 415 35 33 of
659 415 71 32 blue
749 414 120 40 ribbon,
887 413 103 32 which

158 478 124 32 SAvelled
312 478 61 31 and
402 477 143 32 fluttered
576 488 83 32 upon
686 477 41 31 all
760 476 82 32 sides
873 475 35 33 of
933 475 58 32 her

158 539 166 42 looped-up
351 539 86 32 dress
450 553 7 27 ;
483 539 60 32 and
564 539 54 31 she
643 538 112 42 passed
787 549 39 20 on
857 536 132 33 Avithout

158 601 136 41 noticing
319 601 51 32 the
389 601 62 32 fact
473 600 34 32 of
524 601 55 31 her
600 600 166 32 salutation
787 599 118 42 having
923 603 65 27 met

157 663 73 31 Avith
246 674 39 20 no
302 668 114 26 return.

345 735 63 21 Avas
438 724 67 32 that
682 724 94 32 asked
804 723 52 33 the
881 735 106 31 young

158 786 164 41 Marquise.

231 847 96 32 What
368 859 71 20 man
451 849 14 30 ?
504 847 69 32 Avho
586 849 14 30 ?
655 848 187 32 stammered
872 849 43 31 M.
949 848 37 31 de

157 909 194 31 Beauvoisin.

323 982 72 20 man
420 970 69 32 aat1io
514 970 95 42 spoke
633 975 30 27 to
686 982 61 31 you
773 971 67 42 just

158 1032 98 32 added
279 1033 111 31 Claire.

232 1093 48 32 Oh
294 1094 7 31 !
325 1093 68 32 that
417 1105 72 20 man
490 1112 43 4 —
533 1093 71 32 well
605 1113 43 3 —
649 1105 18 20 a
691 1105 73 20 man
789 1094 15 31 I
824 1105 76 21 once
924 1094 61 32 had

158 1166 84 21 some
266 1155 137 41 dealings
425 1155 74 31 Avith
500 1175 43 2 —
588 1155 61 31 and
680 1155 118 32 Olivier
820 1155 163 33 hesitated.

188 1216 91 32 Some
301 1215 138 42 dealings
455 1215 76 32 with
547 1215 93 32 about
786 1216 40 32 he
843 1216 64 32 said
923 1217 62 32 this

158 1276 161 43 hurriedly,
344 1276 60 32 and
426 1276 185 43 apparently
627 1276 74 42 glad
723 1282 32 27 to
774 1277 80 32 have
871 1279 114 41 caught

158 1337 72 33 hold
246 1337 34 33 of
291 1349 18 21 a
325 1337 96 42 reply.

202 1399 99 32 Claire
318 1399 53 32 felt
392 1399 69 32 that
481 1399 62 32 this
564 1411 64 21 was
649 1405 55 27 not
727 1405 76 37 true,
821 1401 56 33 but
895 1403 89 32 could

158 1472 112 30 pursue
301 1460 55 32 her
386 1460 144 42 inquiries
561 1473 39 20 no
631 1461 126 33 further.
821 1463 62 32 She
922 1475 62 21 was

158 1521 148 42 annoyed,
343 1522 61 31 and
437 1522 169 41 prevented
642 1522 78 33 from
751 1526 233 41 concentrating
