1090 1740
842 100 33 25 13

335 102 105 22 ALONE
464 103 35 21 IN
522 104 77 20 LIFE.

53 175 92 32 down
161 177 102 32 before
280 177 53 32 the
348 179 155 41 grandeur
528 179 34 33 of
581 179 52 33 the
656 180 66 33 zinc
738 185 134 29 counter.

54 236 90 41 That,
163 237 53 32 she
231 237 99 41 knew,
346 239 54 32 she
417 240 89 31 could
522 244 54 28 not
591 240 98 33 resist.

98 298 29 32 A
150 299 108 32 month
280 300 103 32 before
407 312 55 21 our
484 301 62 33 tale
570 313 104 31 opens,
692 301 52 33 the
767 301 107 33 widow

53 359 121 41 Raynal
190 360 61 32 had
267 361 76 32 died.

98 421 48 42 By
162 421 53 33 the
239 422 65 33 side
331 422 35 32 of
385 422 53 33 the
462 434 128 29 woman,
615 423 103 32 whose
741 424 49 31 life
814 424 59 31 had

54 481 77 33 been
148 494 57 21 one
221 483 75 42 long
312 484 144 41 sacrifice,
475 485 90 31 stood
588 496 18 20 a
628 484 59 42 girl
710 484 35 32 of
766 497 107 20 seven-

55 548 81 36 teen,
164 545 114 43 utterly
301 545 189 43 unknowing
516 546 85 31 what
624 545 53 33 the
700 545 173 33 immediate

53 604 101 33 future
171 605 35 32 of
216 606 51 32 life
283 607 102 31 would
400 608 38 30 be
454 612 32 26 to
503 607 63 31 her.

97 666 170 33 Madeleine
293 669 119 41 Raynal
439 681 64 20 was
527 668 130 33 familiar
680 669 75 31 with
781 669 91 32 hard-

54 727 77 43 ship.
168 729 94 32 From
277 730 52 32 the
345 731 73 31 time
435 730 55 32 she
506 730 90 32 could
611 730 120 32 receive
746 731 127 41 impres-

53 789 75 38 sion,
144 789 53 32 the
210 790 147 42 difficulty
374 792 33 31 of
422 792 95 41 living
532 792 61 31 had
609 792 167 41 impressed
792 791 84 32 itself

55 863 82 29 upon
148 851 64 32 her.
257 852 51 31 All
324 852 51 32 the
392 852 136 32 children
538 853 76 31 born
627 852 101 32 before
744 852 55 32 her
810 852 62 32 had

54 911 72 32 died
137 925 7 27 ;
169 912 54 31 she
249 913 86 31 alone
360 912 157 33 remained
529 925 7 27 ;
561 912 125 42 healthy
710 924 34 20 as
770 913 45 31 far
838 924 33 21 as

54 985 82 20 mere
153 974 103 32 health
272 979 90 35 went,
380 978 54 28 not
449 974 107 40 active,
568 974 61 31 and
640 979 54 26 not
710 974 161 42 possessed

53 1035 35 31 of
115 1046 60 31 any
208 1035 166 33 attraction
390 1055 41 2 —
448 1047 18 20 a
488 1035 63 40 tall,
576 1035 68 42 pale
666 1035 67 42 girl,
757 1035 75 33 with
854 1048 18 20 a

52 1096 116 42 muddy
191 1096 77 41 skin,
294 1107 39 21 on
357 1096 99 32 which
479 1096 53 31 the
555 1095 55 32 fair
633 1095 66 32 hair
721 1096 89 32 made
830 1107 41 22 no

51 1162 146 36 contrast,
221 1157 62 33 and
306 1157 84 33 what
418 1157 52 32 the
495 1157 87 33 other
604 1156 135 33 mothers
763 1156 34 33 of
816 1157 53 32 the

49 1221 87 42 place
168 1220 99 33 called
301 1232 39 20 an
373 1220 182 42 unpleasant
588 1219 71 32 look
690 1219 94 31 about
816 1219 52 31 the

48 1294 83 28 eyes.
179 1282 66 31 Her
261 1293 69 19 own
346 1280 123 32 mother
484 1279 90 32 loved
589 1279 55 32 her
661 1278 111 43 dearly.

93 1343 65 31 Not
192 1347 32 27 at
257 1343 75 40 first,
357 1342 152 40 however,
534 1340 55 41 for,
614 1339 89 33 when
727 1339 54 33 she
804 1351 62 21 was

48 1405 86 40 born,
151 1403 120 33 trouble
295 1403 123 42 already
435 1407 48 27 sat
506 1406 33 27 at
564 1401 53 32 the
633 1400 109 33 hearth
766 1401 33 32 of
816 1400 50 33 the

48 1465 146 43 Raynals,
212 1463 62 33 and
288 1463 52 32 the
357 1463 96 32 wife's
470 1462 139 42 energies
622 1473 80 21 were
717 1462 149 32 absorbed

47 1527 32 32 in
103 1526 108 41 taking
234 1525 112 41 charge
372 1525 34 31 of
431 1525 54 31 her
517 1524 148 33 husband.
727 1525 52 31 He
803 1537 63 20 was
