1090 1740
394 93 64 21 THE
481 94 131 21 APPEAL.

877 93 34 25 29

89 177 59 21 me.
188 166 16 31 I
221 177 56 22 can
290 166 38 33 do
344 178 85 21 more
445 167 75 32 than
535 180 61 30 you
611 169 97 41 think,
723 171 61 31 and
799 171 15 31 I
829 177 82 27 must

89 232 100 27 starve
205 227 26 32 if
241 240 61 30 you
318 228 39 32 do
372 233 54 27 not
441 229 72 32 take

133 289 145 32 Madame
295 289 37 32 de
349 290 155 32 Clavreuil
520 291 89 32 made
626 304 38 19 an
680 292 228 44 imperceptible

91 349 67 42 sign
175 355 31 26 to
222 350 55 32 her
293 350 161 41 daughter,
473 351 69 32 who
558 352 54 32 left
626 352 53 33 the
694 364 93 22 room.

395 412 65 32 said
490 412 62 41 she,
576 413 104 41 rising,
706 414 59 31 and
791 414 121 42 coming

90 473 81 31 close
186 477 33 27 to
234 472 54 32 the
310 473 171 42 petitioner,
528 486 77 30 your
626 475 210 41 inexperience
853 475 59 32 and

89 533 175 42 incapacity
276 545 51 20 are
343 539 55 27 not
412 534 52 32 the
480 535 63 31 real
554 547 125 20 reasons
691 535 45 31 for
751 547 53 30 my
818 536 93 41 being

89 594 110 32 unable
221 599 32 27 to
279 594 70 42 give
372 607 61 30 you
457 607 18 19 a
500 596 144 31 situation
674 596 30 31 in
729 607 54 31 my
806 596 103 32 house.

89 656 66 31 The
193 656 65 31 real
287 668 109 20 reason
427 656 26 31 is
454 675 43 3 —
548 657 54 31 she
633 656 150 32 hesitated
786 676 40 3 —
860 656 52 33 the

89 716 63 31 real
176 728 108 20 reason
307 717 35 40 is,
359 716 67 32 that
450 717 23 31 it
490 717 102 31 would
616 717 38 31 be
679 716 107 42 giving
810 729 19 19 a
852 717 60 32 bad

133 839 66 32 The
216 839 58 41 girl
289 838 81 32 fixed
382 838 55 32 her
453 850 71 30 eyes
536 850 83 30 upon
630 838 55 31 her
695 838 31 30 in
739 837 172 42 speechless

90 900 241 32 bewilderment.

246 973 76 31 poor
494 961 164 31 continued
694 960 143 32 Madame
873 961 37 31 de

91 1022 163 41 Clavreuil,
271 1022 76 32 with
363 1021 63 33 real
442 1021 200 42 compassion,
660 1021 59 32 and
734 1021 110 42 taking
858 1021 53 32 the

91 1086 85 41 girl's
199 1084 83 32 hand
298 1084 30 31 in
344 1083 79 40 hers,
472 1094 62 31 you
549 1082 60 33 and
624 1094 77 31 your
715 1082 195 32 unfortunate

89 1146 120 32 mother
231 1146 79 31 have
334 1156 94 20 never
444 1148 47 28 set
509 1155 18 21 a
547 1143 80 42 good
650 1143 146 42 example.
841 1143 15 31 I
873 1143 38 32 do

88 1213 56 27 not
158 1220 111 20 accuse
293 1219 61 30 you
370 1206 34 32 of
422 1205 174 32 unbelief—
600 1204 70 33 God
694 1204 98 32 forbid
804 1204 7 33 !
812 1223 44 3 —
856 1204 55 31 but

89 1281 61 31 you
172 1280 94 20 never
289 1267 125 32 showed
443 1278 61 31 any
526 1265 85 43 piety
624 1278 6 27 ;
663 1275 61 31 you
746 1264 79 32 have
855 1269 56 26 not

89 1331 80 31 been
199 1329 177 32 well-noted
410 1329 32 30 in
483 1339 77 31 your
598 1326 120 40 classes,
753 1336 53 31 my
835 1336 75 31 poor

90 1391 183 33 Madeleine.
320 1391 16 30 I
360 1390 38 31 do
423 1394 53 27 not
502 1388 94 43 speak
621 1386 34 33 of
676 1386 139 40 laziness,
836 1386 73 41 dog-

89 1453 143 43 gedness,
271 1451 148 32 hardness
450 1450 32 32 of
509 1448 178 43 disposition
701 1460 6 28 ;
745 1447 87 33 those
858 1458 51 22 are

89 1515 116 31 human
221 1512 116 33 defects
338 1530 42 4 —
381 1511 55 31 but
460 1522 60 29 you
543 1509 78 32 have
647 1507 105 34 shown
778 1519 38 21 no
841 1507 68 33 love
