1090 1740
158 97 34 25 34

392 102 81 20 L0VE
496 101 65 21 THE
584 99 158 23 AVENGER.

158 179 150 41 however,
326 179 38 32 he
380 184 54 38 put
456 179 47 32 his
526 177 84 33 hand
626 177 64 32 into
713 176 47 33 his
783 174 122 44 pocket,
924 172 60 33 and

158 242 126 42 holding
314 246 51 27 out
399 253 19 20 a
446 240 163 32 five-franc
640 239 94 42 piece,
800 237 74 33 take
904 235 79 40 that,

285 303 38 32 he
346 303 108 40 added,
659 301 15 31 I
699 299 120 33 confess
847 298 15 32 I
889 309 95 21 never

158 364 120 42 exactly
288 364 91 32 know
395 364 83 31 what
493 363 108 43 people
617 374 91 20 mean
724 360 90 33 when
829 360 75 42 they
916 358 67 33 talk

158 425 33 33 of
203 426 136 39 starving
340 445 43 3 —
383 425 123 40 nobody
522 436 73 20 ever
611 424 131 41 actually

231 487 63 31 Yes
310 486 75 43 they
400 486 38 32 do
452 488 6 31 !
502 485 135 33 retorted
658 485 183 40 Madeleine,
860 484 69 40 and,
947 495 33 20 as

157 547 53 32 she
226 559 85 20 came
327 559 116 29 nearer,
461 547 51 32 the
529 546 79 43 light
624 546 34 33 of
669 546 53 33 the
738 546 83 42 lamp
838 557 74 20 over
927 545 53 32 the

157 609 184 32 stable-door
355 609 51 31 fell
421 621 81 29 upon
518 609 54 31 her
584 608 75 32 face.

200 669 61 32 She
291 669 53 33 left
368 669 51 32 the
445 669 77 43 yard
546 669 116 42 slowly,
692 668 193 42 lingeringly,
919 668 59 32 and

156 730 101 33 before
280 731 54 32 she
357 731 61 31 had
434 731 77 31 done
528 742 42 26 so,
588 730 53 32 she
658 730 168 32 overheard
847 730 53 32 the
923 730 55 32 fol-

155 791 112 41 lowing
283 792 139 40 dialogue
438 792 140 31 between
593 791 53 32 the
663 796 62 27 two
742 803 106 29 young
862 803 81 21 men.

228 853 89 31 Good
334 853 70 31 God
415 854 6 31 !
439 853 83 32 what
537 865 19 19 a
571 857 126 36 strange
827 853 66 31 said
909 864 66 21 one.

227 914 163 40 Strangely
531 914 64 31 said
611 914 53 32 the
680 913 87 33 other.

230 975 172 41 Strangely,
418 976 154 40 curiously
584 975 151 32 beautiful
747 977 6 31 !
798 975 115 41 replied
925 975 52 32 the

153 1036 72 29 first.

227 1096 105 31 That's
349 1096 82 32 what
446 1108 104 20 comes
567 1097 33 31 of
611 1097 94 41 being
720 1109 18 20 a
923 1097 52 32 ob-

153 1158 108 32 served
277 1158 47 31 his
340 1158 104 32 friend.
509 1158 70 32 You
595 1159 136 40 painters
748 1170 51 21 see
815 1159 85 32 what
915 1170 60 32 you

153 1219 57 31 call
226 1219 111 40 beauty
353 1219 32 30 in
401 1218 83 32 what
499 1219 24 31 is
543 1219 162 40 positively

267 1291 50 20 see
340 1280 113 42 beauty
468 1280 89 32 when
580 1280 24 32 it
626 1280 26 32 is
677 1280 72 43 only
913 1293 63 21 was

153 1341 51 33 the
219 1341 159 43 rejoinder.
447 1342 88 32 Look
551 1347 32 27 at
598 1342 53 32 the
667 1342 79 33 form
763 1343 34 32 of
808 1343 68 33 that
892 1345 85 41 girl's

153 1402 105 32 mouth
274 1402 61 32 and
351 1414 72 21 nose
445 1403 60 32 and
525 1403 86 32 brow
622 1417 6 28 ;
652 1403 71 33 look
746 1409 31 27 at
799 1405 55 32 the
870 1405 60 33 line
947 1406 34 32 of

152 1463 51 32 the
227 1464 157 41 eyebrows
395 1478 6 27 ;
427 1464 21 32 it
471 1464 134 32 reminds
622 1476 57 21 one
700 1465 36 32 of
753 1466 55 32 the
824 1467 131 33 Medusa
969 1481 7 29 ;

152 1523 69 33 how
244 1524 14 32 I
282 1524 108 33 should
413 1525 60 33 like
495 1531 31 27 to
550 1526 91 42 study
657 1527 68 33 that
748 1528 78 33 head
841 1529 5 33 !
894 1529 80 40 You,
