1090 1740
382 118 120 20 EASTER
525 119 134 19 SUNDAY.

882 112 54 26 219

157 193 102 32 When
285 195 102 32 Claire
412 196 36 32 de
472 196 182 32 Beauvoisin
678 195 180 32 summoned
881 195 55 31 her

113 253 142 33 husband
285 261 33 26 to
354 257 114 31 church
500 269 38 20 on
567 257 110 32 Easter
709 257 133 41 Sunday,
881 256 55 31 she

113 316 125 31 seemed
261 329 34 19 as
318 318 116 41 perfect
458 330 18 20 a
500 318 152 42 specimen
675 318 34 32 of
731 317 202 39 womankind,

113 378 193 31 surrounded
321 378 42 42 by
378 379 39 31 its
441 384 143 27 sweetest
600 379 171 40 attributes,
789 390 34 20 as
839 378 24 32 it
879 389 57 20 can

113 437 39 32 be
170 438 92 39 given
279 451 36 19 us
330 444 32 26 to
378 440 119 31 behold.

156 500 67 31 The
251 500 115 32 church
389 512 63 20 was
476 512 82 28 near,
584 501 59 32 and
668 500 114 33 Olivier
805 500 60 32 and
887 500 48 31 his

113 560 67 31 Avife
204 566 81 26 went
307 566 33 26 to
363 561 24 32 it
411 573 39 20 on
472 561 70 33 foot.
591 562 40 32 So
655 562 51 31 did
728 566 81 27 most
831 561 33 31 of
882 561 54 31 the

113 622 226 42 neighbouring
355 622 136 33 families.
539 623 28 32 It
583 635 63 20 was
662 634 18 21 a
700 622 112 42 bright,
834 622 103 41 balmy

111 683 151 42 morning,
280 683 62 32 and
357 684 89 32 while
462 684 53 32 the
536 684 77 32 bells
630 696 79 20 Avere
725 684 122 41 ringing
863 683 72 31 loud

111 743 47 32 for
187 744 77 41 high
291 756 93 28 mass,
418 757 62 29 you
510 745 105 41 might,
647 757 81 30 upon
759 745 52 31 the
836 755 98 30 sunny

112 810 166 36 pavement
296 805 33 31 of
347 805 53 32 the
417 806 138 41 adjacent
572 811 117 35 streets,
704 806 77 31 have
796 810 63 27 met
881 804 54 32 the

112 866 146 43 proudest
275 867 116 42 society
406 867 33 31 of
450 867 50 31 the
518 867 103 39 world,
639 866 138 42 grouped
793 866 141 42 together

112 927 32 32 in
160 927 91 32 small
267 928 102 40 knots,
394 928 194 41 exchanging
605 927 154 42 greetings
779 939 32 20 as
828 938 39 20 on
881 927 52 31 the

111 994 107 26 return
235 988 91 32 home
342 988 77 32 from
436 1001 18 19 a
470 989 132 41 journey
620 989 92 42 (Lent
734 988 25 31 is
781 1000 18 19 a
819 992 63 27 sort
903 987 34 32 of

113 1049 198 42 expedition),
338 1049 61 31 and
421 1049 118 42 talking
562 1061 33 19 so
618 1049 161 41 familiarly
804 1048 33 32 of
863 1048 71 32 sub-

107 1111 81 41 jects
219 1111 148 40 intimate,
395 1111 67 31 that
485 1123 19 19 a
534 1111 103 31 casual
660 1115 151 37 spectator
835 1109 100 32 would

112 1172 57 32 ask
191 1172 126 31 himself
335 1172 27 30 if
387 1172 38 31 he
449 1184 79 19 were
552 1172 31 30 in
606 1172 50 31 the
678 1171 92 31 midst
793 1170 34 32 of
849 1182 83 20 some

111 1233 169 42 provincial
303 1238 90 26 town.
441 1234 65 30 The
525 1233 64 31 talk
610 1244 62 20 Avas
695 1232 113 41 mostly
832 1232 32 30 of
881 1231 51 31 the

111 1293 118 41 rigours
246 1292 33 31 of
298 1293 88 39 Lent,
404 1292 60 31 and
481 1292 34 31 of
530 1292 53 31 the
601 1303 68 30 way
685 1291 30 31 in
738 1290 99 32 which
858 1290 74 32 each

112 1354 63 31 had
199 1353 167 42 supported
389 1353 94 40 them,
500 1353 61 31 and
577 1353 50 31 the
648 1352 54 42 joy
719 1351 59 33 and
793 1362 93 31 peace
903 1351 33 32 of

110 1416 113 31 Easter
239 1419 47 26 sat
298 1426 82 28 upon
396 1414 105 40 nearly
518 1425 90 29 every
626 1413 73 32 face.

153 1476 73 32 And
250 1475 101 32 Claire
374 1474 61 32 and
459 1474 122 32 Olivier.
627 1473 88 32 Look
738 1478 32 27 at
788 1472 85 33 them
897 1484 36 21 as

108 1538 75 41 they
224 1536 165 43 approach,
431 1547 63 20 arm
537 1536 29 30 in
598 1546 64 20 arm
681 1549 6 26 ;
718 1546 63 21 was
813 1547 69 19 ever
912 1547 19 19 a
