1090 1740
377 92 120 21 EASTER
521 92 127 21 SUNDAY,

878 88 51 25 221

110 165 124 42 Olivier,
266 166 47 33 for
349 167 146 34 instance.
553 168 97 32 What
681 181 19 20 a
735 168 122 32 mother
894 169 38 31 he

265 290 105 31 cousin
394 291 158 32 Clavreuil
575 292 25 31 is
623 304 18 19 a
796 291 137 42 objected

110 349 53 33 the
180 351 201 32 Vicomtesse.

291 413 136 31 retorted
437 412 54 32 her
501 413 111 40 friend;
717 413 51 31 the
781 414 153 41 Dowager

111 472 37 32 de
169 473 186 31 Beauvoisin
371 474 26 31 is
414 486 17 19 a
447 486 121 19 woman
584 474 75 31 with
676 486 18 19 a
705 474 79 32 head
785 494 42 3 —
830 474 74 32 such
916 486 18 19 a

110 533 82 31 head
202 535 7 31 !
254 534 145 32 Madame
424 535 37 31 de
483 535 155 32 Clavreuil
653 536 34 39 is,
705 547 34 20 as
759 547 61 30 you
836 547 63 30 say,
916 547 18 20 a

111 594 80 32 saint
204 608 7 27 ;
235 595 56 32 but
308 607 32 20 so
357 596 25 31 is
404 596 54 31 the
474 596 161 41 Dowager.
683 596 88 31 Look
795 596 98 41 again,
918 597 15 29 I

111 667 64 30 say,
194 660 32 27 at
248 656 123 32 Olivier.
419 657 97 31 What
543 669 38 19 an
607 656 161 32 education
781 658 6 30 !
833 657 100 31 There

110 716 39 32 he
165 716 35 41 is,
232 723 32 25 at
287 718 104 40 nearly
423 717 263 41 six-and-twenty,
712 717 61 31 and
803 728 33 20 as
864 717 70 31 sub-

111 778 126 31 missive
268 779 61 31 and
349 779 165 41 respectful
540 790 33 20 as
599 790 18 19 a
642 790 105 29 young
772 778 66 40 girl.
883 778 51 31 He

112 838 57 31 has
198 850 95 19 never
320 838 178 32 committed
520 850 19 19 a
562 838 74 41 folly
659 843 53 36 yet
725 851 7 27 ;
755 838 63 40 but,
840 841 32 27 to
895 837 39 32 be

112 912 78 27 sure,
209 899 83 31 what
308 911 17 19 a
342 899 119 31 mother
476 899 39 31 he
530 899 55 31 has
596 900 7 30 !

188 960 89 41 They
294 972 49 19 are
369 972 18 19 a
411 960 148 31 beautiful
690 958 176 32 murmured
882 958 52 32 the

114 1021 76 32 little
208 1021 50 31 old
273 1021 80 41 lady,
371 1021 156 40 reverting
541 1024 33 28 to
589 1020 54 31 her
658 1020 65 31 first
739 1020 68 31 idea
818 1033 6 27 ;
875 1020 59 31 and

112 1083 75 42 they
204 1082 83 42 quite
304 1082 164 32 distracted
483 1094 52 29 my
552 1081 149 32 attention
717 1081 61 31 this
793 1081 141 41 morning

112 1149 34 28 at
172 1143 85 43 early
280 1155 92 29 mass,
389 1143 89 32 when
505 1143 17 31 I
549 1155 63 19 saw
638 1143 85 31 them
748 1143 122 41 coming
887 1148 47 26 to-

112 1205 111 42 gether
237 1204 79 32 from
331 1204 52 32 the
400 1204 78 31 altar
478 1223 43 3 —
523 1215 18 20 a
557 1208 93 27 sweet

156 1268 74 39 Yes,
248 1266 23 32 it
287 1277 64 21 was
366 1270 76 28 true.
482 1265 50 32 No
549 1277 57 20 one
621 1276 63 21 was
700 1276 83 21 more
800 1270 88 27 exact
903 1265 30 31 in

111 1330 54 31 the
191 1328 211 43 performance
427 1326 35 32 of
485 1326 47 32 his
557 1326 160 32 devotions
747 1326 186 41 throughout

110 1391 53 33 the
194 1401 74 31 year
293 1388 76 32 than
398 1387 124 40 Olivier,
544 1387 60 33 and
629 1387 66 32 that
724 1387 141 42 morning
894 1387 39 32 he

111 1452 70 40 had,
214 1463 34 20 as
277 1450 26 32 is
333 1461 75 30 very
439 1453 181 37 customary,
645 1448 93 32 taken
768 1448 52 32 the
851 1460 82 20 com-

110 1513 129 32 munion
270 1518 33 26 at
325 1511 52 32 the
402 1522 83 20 same
515 1514 136 27 moment
681 1509 72 32 with
783 1509 47 32 his
853 1509 78 32 wife.
