1090 1740
396 109 63 19 THE
482 108 164 20 DOWAGER.

877 102 52 25 265

112 181 151 43 Mourjon,
311 183 98 32 called
453 183 228 32 Mademoiselle
723 182 130 43 Aspasie
895 182 38 32 de

112 243 226 43 Mourjonville,
370 246 26 31 is
432 245 170 41 altogether
639 244 127 32 another
802 248 63 27 sort
903 243 30 32 of

111 314 121 31 person.
297 306 61 32 She
396 306 172 42 patronizes
596 318 50 19 me
675 305 120 42 hugely,
828 305 59 32 and
916 305 16 31 I

115 366 175 32 sometimes
314 372 80 27 stare
417 368 30 30 in
471 367 219 31 astonishment
705 372 31 26 at
753 367 53 31 the
828 366 104 31 native

113 425 195 43 intelligence
325 428 34 31 of
370 428 52 31 the
438 440 129 19 woman.
613 427 32 31 If
660 428 42 31 M.
715 427 36 32 de
767 428 165 40 Moranges

113 487 61 31 had
204 493 55 36 put
289 488 54 31 her
374 488 31 31 in
436 488 174 32 Claudine's
647 488 95 41 place,
774 489 15 30 I
823 488 109 31 should

112 549 129 31 tremble
243 568 43 4 —
286 549 130 31 tremble
443 549 46 31 for
515 561 76 29 your
617 554 98 36 party,
738 549 143 31 Madame
901 549 31 31 la

112 610 165 41 Marquise,
303 609 54 41 for,
381 610 16 30 I
420 609 127 38 believe,
563 609 39 31 he
618 609 102 31 would
742 609 38 31 be
804 621 18 19 a
844 614 88 36 great

111 675 170 27 statesman
293 675 60 36 yet,
369 670 60 31 and
445 682 115 29 govern
573 670 115 31 France
689 689 44 3 —
733 669 67 32 that
812 681 119 19 woman

111 731 26 30 is

186 791 73 31 And
275 795 131 36 corrupt,
425 790 33 32 of
469 802 105 20 course
586 792 14 30 ?

188 852 80 31 That
299 852 134 41 depends
465 863 39 19 on
535 851 51 31 the
618 862 87 20 sense
732 850 63 32 lent
821 855 31 27 to
878 850 51 32 the

110 913 85 31 Avord
208 927 5 18 :
246 913 29 30 in
307 912 52 32 the
392 912 142 41 ordinary
559 923 87 20 sense
677 923 48 28 no,
753 910 46 32 for
825 910 53 33 she
905 911 24 31 is

110 975 115 41 wholly
254 974 186 41 passionless
441 993 43 2 —
485 973 55 31 but
571 972 54 32 she
655 972 25 32 is
710 971 55 32 full
795 972 34 32 of
861 984 68 30 per-

109 1036 115 40 versity

183 1098 73 31 And
272 1097 102 31 Avould
390 1097 38 31 do
444 1095 152 42 anything
614 1094 46 31 for
837 1094 91 32 inter-

107 1158 111 41 rupted
234 1158 52 32 the
303 1158 163 40 Marquise.

326 1219 60 31 and
413 1218 38 31 he
478 1216 168 41 hesitated;
759 1216 91 42 fancy
876 1216 51 32 she

107 1280 100 33 would
238 1280 39 32 do
309 1280 111 31 almost
451 1278 150 42 anything
637 1278 46 30 for
719 1289 111 30 money
831 1297 42 3 —
873 1277 54 32 but

105 1354 85 20 more
214 1341 46 32 for
284 1341 147 32 ambition
443 1352 6 28 ;
475 1339 80 31 she's
576 1350 18 19 a
613 1338 118 31 curious
748 1338 179 41 compound,

105 1404 61 31 and
182 1414 122 21 amuses
325 1413 50 21 me
397 1401 180 42 immensely
589 1414 6 26 ;
619 1400 55 31 but
690 1400 72 31 take
777 1411 52 30 my
844 1401 83 30 word

104 1465 48 32 for
166 1465 33 39 it,
218 1464 54 32 she
288 1463 26 32 is
329 1475 41 20 no
386 1473 93 31 every
495 1462 60 41 day

181 1526 51 31 Ah
246 1527 6 30 !
322 1525 53 31 the
406 1523 155 41 Marquise
593 1523 49 31 did
673 1523 50 41 lay
753 1523 89 31 down
872 1523 53 32 her
