1090 1740
164 112 51 28 150

400 120 82 21 LOVE
506 119 64 22 THE
594 116 161 23 AVENGER.

163 196 88 34 those
267 197 68 33 who
352 196 194 43 approached
562 195 55 32 her
633 192 78 34 with
726 194 131 39 respect.
899 189 96 31 From

163 260 53 33 the
243 261 73 32 time
343 261 53 31 she
422 259 107 32 awoke
555 258 47 33 till
629 257 53 33 the
709 257 78 31 hour
814 253 94 33 when
939 252 55 33 she

164 322 102 33 closed
282 323 55 31 her
352 333 81 30 eyes,
451 321 87 32 there
555 331 64 20 was
635 331 41 20 no
688 321 140 29 moment
844 316 31 32 in
893 315 101 32 which

164 384 54 32 she
235 384 51 32 did
301 389 55 27 not
371 383 60 32 feel
454 382 68 32 that
545 381 54 32 she
616 392 64 20 was
696 379 135 43 grateful
846 383 32 28 to
894 379 43 32 M.
957 378 37 32 de

163 445 165 42 Moranges
340 458 5 19 :
370 444 174 41 materially
560 441 133 43 grateful
710 441 47 32 for
773 440 77 33 hard
865 444 128 28 matters

163 505 34 33 of
223 506 61 32 fact
284 525 44 3 —
328 505 55 41 for,
417 510 30 27 to
478 505 56 31 her
564 503 95 40 mind,
687 502 56 31 her
768 501 132 43 position
928 512 65 21 was

163 567 138 42 splendid
313 580 6 19 :
358 567 53 31 the
442 565 133 43 position
603 564 35 31 of
671 563 52 32 the
755 563 176 32 conclusion
963 563 34 31 of

163 627 76 44 fairy
264 628 87 41 tales,
378 640 18 20 a
424 639 100 30 vague
552 626 183 43 impression
765 625 139 32 Avhereof
925 625 66 41 lies,

163 701 83 20 more
272 701 34 20 or
329 690 70 40 less,
432 694 32 27 at
494 688 54 33 the
572 688 121 32 bottom
722 688 34 32 of
774 687 54 33 the
852 686 85 33 mind
962 686 35 32 of

163 763 92 28 every
271 751 80 31 child
367 751 34 31 of
419 762 40 20 no
475 754 113 28 matter
603 749 84 32 Avhat
704 749 120 42 degree.

206 812 171 32 Madeleine
405 812 132 31 devoted
561 811 119 32 herself
699 823 33 20 as
760 815 32 28 to
818 822 18 21 a
861 811 75 42 duty
961 815 29 27 to

163 873 52 32 the
240 874 70 31 task
335 874 35 31 of
388 873 153 42 thanking
562 874 42 31 M.
628 873 37 31 de
688 874 177 40 Moranges,
885 872 60 32 and
961 877 29 26 to

163 934 61 32 this
248 934 70 32 task
344 934 134 41 brought
505 934 40 31 all
571 933 54 32 the
649 945 160 20 resources
831 933 54 32 she
902 932 88 33 could

164 995 120 42 dispose
310 995 37 32 of.
402 995 65 31 The
496 994 83 32 chief
599 994 34 32 of
652 994 40 31 all
719 1006 63 20 was
814 994 175 32 obedience.

166 1057 62 33 She
244 1069 62 19 was
323 1057 181 31 submissive
521 1068 34 20 as
571 1068 17 20 a
605 1057 126 40 spaniel.

207 1118 66 32 The
297 1118 139 42 Marquis
461 1118 70 40 had,
555 1118 32 31 in
610 1118 55 32 the
687 1118 181 42 beginning,
893 1119 96 32 asked

164 1179 54 33 her
234 1180 25 31 if
279 1180 52 32 she
354 1180 61 32 had
439 1191 39 21 no
495 1180 88 32 other
606 1191 91 21 name
714 1180 74 32 than
805 1180 184 42 Madeleine,

165 1241 60 32 and
250 1241 54 32 she
327 1241 61 32 had
411 1241 116 42 replied
544 1241 63 32 Yes
619 1255 7 28 ;
651 1241 54 32 she
722 1253 64 20 Avas
809 1241 66 33 also
892 1242 97 33 called

166 1302 148 32 Claudine
331 1301 76 33 after
422 1302 55 32 her
493 1302 106 32 father.

240 1363 88 32 Then
344 1375 45 21 we
406 1364 61 31 will
483 1364 59 32 call
566 1376 61 30 you
643 1364 150 34 Claudine
810 1367 31 31 in

165 1423 61 33 had
254 1425 64 31 said
339 1425 41 33 M.
410 1425 37 32 de
471 1426 164 42 Moranges
648 1440 6 28 ;
709 1428 24 31 it
754 1428 25 32 is
798 1428 100 33 better
914 1429 74 32 than

384 1548 94 31 asked
494 1548 51 32 the
560 1549 66 40 girl.
