1090 1740
307 109 125 23 CHORDS
455 112 86 21 THAT
565 113 146 20 VIBRATE.

864 110 54 25 299

92 187 91 38 party
202 184 170 42 adjourned
389 192 33 27 to
449 188 52 32 the
526 189 162 32 miniature
710 189 117 32 theatre
850 189 68 32 that

93 244 42 31 M.
162 244 38 31 de
226 245 168 43 Moranges
420 248 62 32 had
509 250 142 32 obtained
676 250 85 32 leave
781 255 33 29 to
839 250 78 32 have

94 307 196 32 constructed
306 308 46 32 for
367 320 20 20 a
410 309 96 33 dozen
528 311 93 32 hours
637 312 32 31 in
691 312 52 32 the
759 316 104 27 centre
887 311 33 31 of

94 379 58 21 one
168 368 33 31 of
212 368 53 32 the
281 369 152 41 clearings
449 371 34 31 of
494 371 53 32 the
563 372 102 33 forest,

136 429 66 33 The
229 430 121 33 theatre
375 443 64 20 was
466 444 18 19 a
508 433 159 32 band-box
693 434 160 41 naturally,
856 453 42 4 —
900 445 16 20 a

93 491 153 42 thorough
268 491 176 42 miniature,
462 493 30 31 in
516 493 52 32 the
593 495 133 31 Trianon
749 495 88 40 style,
863 506 52 20 ex-

92 553 143 43 quisitely
252 558 112 38 pretty,
380 558 56 27 not
459 559 51 27 too
526 555 153 42 glaringly
694 556 118 41 lighted
823 569 6 27 ;
860 556 55 31 but

92 615 31 31 in
152 614 32 42 it,
216 626 34 21 as
281 615 42 32 M.
356 615 38 32 de
424 616 166 41 Moranges
623 616 125 32 himself
771 616 73 40 said,
877 629 37 19 on

92 676 141 42 entering
256 676 33 41 it,
318 689 58 20 one
402 676 90 42 thing
522 677 61 31 had
610 677 77 32 been
719 677 127 32 omitted
859 690 6 20 :
897 690 19 19 a

93 738 110 42 public,
215 738 132 42 namely,
360 738 35 32 of
406 738 170 32 wax-work
587 743 176 37 spectators.
798 739 42 31 At
851 739 61 31 this

93 799 152 40 omission,
269 799 54 32 the
346 799 96 32 donor
466 799 33 31 of
518 799 52 32 the
593 799 62 32 fete
677 811 64 20 was
764 799 150 32 inconsol-

92 860 76 32 able.
217 861 17 18 4'
245 861 15 31 I
276 860 98 42 ought
394 865 32 26 to
442 860 80 31 have
538 860 133 41 thought
687 860 34 32 of
737 860 67 32 that
817 861 6 31 !
875 860 39 32 he

92 922 176 40 exclaimed,
286 933 33 21 as
343 922 39 32 he
405 926 66 27 cast
494 933 19 20 a
536 921 87 42 rapid
646 921 108 42 glance
776 933 71 20 over
862 922 52 31 the

91 982 184 43 necessarily
291 982 192 42 unoccupied
499 982 142 40 benches,
659 982 109 39 which,
784 982 59 32 few
855 982 59 31 and

91 1043 244 33 well-contrived
359 1055 35 21 as
419 1043 75 42 they
519 1054 89 28 were,
634 1043 59 32 and
719 1043 128 32 masked
872 1043 42 42 by

91 1105 114 31 bushes
221 1105 34 31 of
272 1105 129 31 flowers,
425 1104 90 32 could
531 1109 54 27 not
599 1104 38 32 be
661 1104 160 32 otherwise
837 1104 75 31 than

92 1172 112 36 empty.

135 1228 36 31 In
195 1228 52 31 the
272 1232 103 27 centre
400 1227 61 31 box
485 1231 48 27 sat
555 1226 40 32 M.
614 1225 37 33 de
673 1225 164 41 Moranges
854 1225 58 31 and

94 1290 43 31 bis
163 1289 184 42 Hungarian
374 1288 104 40 friend,
505 1287 61 32 and
589 1292 61 27 two
678 1286 88 32 other
789 1297 71 20 men
885 1286 32 31 of

91 1351 76 32 such
182 1351 78 32 rank
276 1350 60 32 and
351 1350 81 31 fame
448 1349 67 31 that
531 1348 76 42 they
623 1347 88 33 stood
734 1352 86 37 apart
836 1347 76 31 from

91 1413 40 32 all
148 1412 113 33 others.
307 1412 38 31 In
360 1411 52 32 the
422 1410 194 42 proscenium
632 1408 60 33 box
707 1413 31 27 to
751 1407 52 32 the
819 1407 91 41 right,

90 1478 49 28 sat
160 1473 53 32 the
231 1473 119 41 Sphinx
362 1485 7 27 ;
400 1472 32 30 in
448 1471 68 31 that
538 1475 32 27 to
586 1470 52 32 the
661 1469 61 40 left,
748 1480 55 20 our
817 1468 97 32 friend

91 1534 142 41 Aspasie,
251 1534 78 39 who,
349 1545 39 19 on
406 1533 68 31 that
499 1531 139 41 evening,
656 1530 63 32 free
742 1529 76 32 from
842 1540 71 21 con-
