1090 1740
125 110 53 25 292

355 113 84 22 LOVE
462 112 64 22 THE
549 111 162 22 AVENGER.

127 191 75 33 Avith
226 203 82 21 some
446 188 138 43 objected
608 187 84 32 Mile.
712 184 152 43 Mourjon,
915 183 39 32 he

127 253 97 41 might
241 253 59 31 still
315 264 41 29 go
372 263 40 20 on

200 315 65 31 Not
280 314 38 31 he
332 315 6 31 !
390 311 168 34 exclaimed
580 310 52 33 the
654 310 163 41 Dowager.
894 307 61 32 His

127 376 106 41 vanity
256 374 102 33 would
384 374 38 32 be
447 385 33 20 so
505 372 73 32 hurt
602 372 70 31 that
698 371 39 32 he
756 370 104 33 would
883 369 72 32 shut

127 450 42 31 up
191 438 47 32 his
265 437 104 40 house,
392 435 59 33 and
475 435 91 32 retire
591 434 64 32 into
676 433 53 32 the
751 432 161 43 provinces
914 450 41 4 —

129 501 14 31 I
182 500 92 31 know
309 510 53 32 my
400 497 124 33 brother
525 516 43 4 —
569 497 60 32 and
672 497 15 31 I
725 496 92 32 know
852 495 103 31 Avhere

127 562 54 32 the
212 561 115 41 danger
357 559 55 32 lies
414 578 42 4 —
456 558 69 33 that
558 569 121 22 woman
710 562 85 28 must
828 557 39 33 be
900 561 55 38 got

129 622 45 32 rid

203 684 62 31 But
280 681 142 32 Madame
439 681 30 32 la
483 681 166 41 Marquise,
666 680 39 33 he
720 692 73 30 may
803 691 103 31 marry
920 680 7 32 !

205 744 126 32 Never-!
362 742 69 32 that
455 742 25 32 is
507 742 52 32 the
585 754 57 20 one
673 742 83 42 price
788 741 168 41 Moranges

132 805 60 32 will
207 809 54 27 not
276 816 61 30 pay
353 803 46 32 for
414 803 52 32 the
482 803 83 42 right
582 804 35 31 of
627 804 157 41 receiving
799 803 110 42 people
925 807 33 27 at

130 867 48 33 his
204 866 95 32 house
301 884 42 4 —
344 865 38 32 he
408 865 61 31 will
496 876 61 31 pay
581 865 75 32 with
683 865 46 32 his
756 877 122 30 money,
904 868 54 28 not

132 929 73 31 with
221 928 48 32 his

175 989 102 33 When
307 989 81 32 Mile,
428 988 37 32 de
496 989 213 42 Mourjonville
740 989 110 42 parted
879 989 79 32 from

132 1052 53 32 the
209 1050 165 42 Marquise,
402 1049 53 33 she
480 1050 113 41 agreed
617 1055 32 27 to
676 1050 89 32 think
791 1050 70 33 Avell
885 1062 74 21 over

132 1113 53 33 the
208 1111 141 44 proposal
375 1110 90 33 made
490 1116 33 27 to
548 1111 63 40 her,
638 1116 31 27 to
695 1111 92 43 study
812 1111 70 32 well
909 1111 52 32 the

134 1179 78 27 state
243 1173 34 31 of
305 1172 101 32 affairs
436 1177 33 27 at
497 1171 54 33 the
585 1173 97 31 Hotel
713 1172 38 32 de
781 1173 177 42 Moranges,

135 1235 60 33 and
222 1246 50 20 see
297 1232 137 33 whether
456 1232 53 33 the
532 1233 106 32 notion
663 1233 34 32 of
717 1234 122 42 getting
861 1233 47 32 rid
932 1233 33 32 of

136 1296 148 34 Claudine
311 1306 64 20 was
405 1305 18 21 a
450 1293 126 33 feasible
608 1307 57 19 one
692 1307 34 20 or
750 1300 64 37 not,
844 1295 61 32 and
928 1300 34 27 to

136 1363 102 39 report
258 1368 143 32 progress
421 1363 33 26 to
469 1356 56 33 her
541 1362 188 38 protectress
745 1358 108 32 within
869 1370 19 20 a
903 1358 59 32 few

138 1419 83 42 days.

211 1480 98 31 What
332 1490 19 19 a
374 1478 66 42 pity
453 1479 7 32 !
519 1480 187 32 vouchsafed
732 1480 52 32 the
806 1480 158 43 Marquise

138 1554 33 20 as
195 1541 53 33 she
273 1539 79 33 bade
373 1540 90 33 adieu
489 1545 32 29 to
542 1541 131 43 Aspasie
685 1556 6 27 ;
749 1542 84 32 what
856 1553 19 21 a
899 1542 65 42 pity
