<?xml version="1.0" encoding="UTF-8"?>
<alto xmlns:xsi="http://www.w3.org/2001/XMLSchema-instance" xsi:noNamespaceSchemaLocation="http://www.bl.uk/schemas/alto/alto-1-4.xsd" xmlns:xlink="http://www.w3.org/1999/xlink">
	<Description>
		<MeasurementUnit>mm10</MeasurementUnit>
		<sourceImageInformation>
			<fileName>//head1/IN/2007-46/A0010888503.1/009613.jp2</fileName>
		</sourceImageInformation>
		<OCRProcessing ID="OCRPROCESSING_1">
			<preProcessingStep>
				<processingSoftware>
					<softwareCreator>CCS Content Conversion Specialists GmbH, Germany</softwareCreator>
					<softwareName>CCS docWORKS</softwareName>
					<softwareVersion>6.1-0.61</softwareVersion>
				</processingSoftware>
			</preProcessingStep>
			<ocrProcessingStep>
				<processingSoftware>
					<softwareCreator>ABBYY (BIT Software), Russia</softwareCreator>
					<softwareName>Finereader</softwareName>
				</processingSoftware>
			</ocrProcessingStep>
		</OCRProcessing>
	</Description>
	<Styles>
		<TextStyle ID="TXT_0" FONTSIZE="10" FONTFAMILY="Courier New"/>
		<TextStyle ID="TXT_1" FONTSIZE="9" FONTFAMILY="Courier New"/>
		<ParagraphStyle ID="PAR_CENTER" ALIGN="Center"/>
		<ParagraphStyle ID="PAR_LEFT" ALIGN="Left"/>
		<ParagraphStyle ID="PAR_RIGHT" ALIGN="Right"/>
	</Styles>
	<Layout>
		<Page ID="P77" PHYSICAL_IMG_NR="77" HEIGHT="1740" WIDTH="1090" POSITION="Right" ACCURACY="73.47">
			<TopMargin ID="P77_TM00001" HPOS="0" VPOS="0" WIDTH="1089" HEIGHT="425"/>
			<LeftMargin ID="P77_LM00001" HPOS="0" VPOS="425" WIDTH="108" HEIGHT="1171"/>
			<RightMargin ID="P77_RM00001" HPOS="928" VPOS="425" WIDTH="161" HEIGHT="1171"/>
			<BottomMargin ID="P77_BM00001" HPOS="0" VPOS="1596" WIDTH="1089" HEIGHT="143"/>
			<PrintSpace ID="P77_PS00001" HPOS="108" VPOS="425" WIDTH="820" HEIGHT="1171">
				<TextBlock ID="P77_TB00001" HPOS="379" VPOS="425" WIDTH="276" HEIGHT="32" STYLEREFS="TXT_0 PAR_CENTER">
					<TextLine ID="P77_TL00001" HPOS="380" VPOS="426" WIDTH="275" HEIGHT="31">
						<String ID="P77_ST00001" HPOS="380" VPOS="426" WIDTH="201" HEIGHT="31" CONTENT="CHAPTER" WC="0.49" CC="2587047"/>
						<SP ID="P77_SP00001" HPOS="581" VPOS="457" WIDTH="39"/>
						<String ID="P77_ST00002" HPOS="620" VPOS="426" WIDTH="35" HEIGHT="31" CONTENT="V." WC="0.61" CC="60"/>
					</TextLine>
				</TextBlock>
				<TextBlock ID="P77_TB00002" HPOS="380" VPOS="523" WIDTH="275" HEIGHT="21" STYLEREFS="TXT_0 PAR_CENTER">
					<TextLine ID="P77_TL00002" HPOS="380" VPOS="523" WIDTH="275" HEIGHT="21">
						<String ID="P77_ST00003" HPOS="380" VPOS="524" WIDTH="19" HEIGHT="19" CONTENT="A" WC="1.00" CC="0"/>
						<SP ID="P77_SP00002" HPOS="399" VPOS="543" WIDTH="25"/>
						<String ID="P77_ST00004" HPOS="424" VPOS="523" WIDTH="83" HEIGHT="21" CONTENT="REAL" WC="0.87" CC="0005"/>
						<SP ID="P77_SP00003" HPOS="507" VPOS="544" WIDTH="22"/>
						<String ID="P77_ST00005" HPOS="529" VPOS="523" WIDTH="126" HEIGHT="21" CONTENT="WOMAN." WC="0.88" CC="007000"/>
					</TextLine>
				</TextBlock>
				<TextBlock ID="P77_TB00003" HPOS="108" VPOS="596" WIDTH="816" HEIGHT="165" STYLEREFS="TXT_0 PAR_LEFT">
					<TextLine ID="P77_TL00003" HPOS="154" VPOS="597" WIDTH="770" HEIGHT="33">
						<String ID="P77_ST00006" HPOS="154" VPOS="597" WIDTH="34" HEIGHT="32" CONTENT="It" WC="0.83" CC="30"/>
						<SP ID="P77_SP00004" HPOS="188" VPOS="629" WIDTH="23"/>
						<String ID="P77_ST00007" HPOS="211" VPOS="597" WIDTH="56" HEIGHT="32" CONTENT="has" WC="0.95" CC="001"/>
						<SP ID="P77_SP00005" HPOS="267" VPOS="629" WIDTH="22"/>
						<String ID="P77_ST00008" HPOS="289" VPOS="597" WIDTH="76" HEIGHT="33" CONTENT="been" WC="0.61" CC="7016"/>
						<SP ID="P77_SP00006" HPOS="365" VPOS="630" WIDTH="24"/>
						<String ID="P77_ST00009" HPOS="389" VPOS="598" WIDTH="175" HEIGHT="32" CONTENT="mentioned" WC="0.79" CC="004061600"/>
						<SP ID="P77_SP00007" HPOS="564" VPOS="630" WIDTH="15"/>
						<String ID="P77_ST00010" HPOS="579" VPOS="597" WIDTH="68" HEIGHT="33" CONTENT="that" WC="0.61" CC="7700"/>
						<SP ID="P77_SP00008" HPOS="647" VPOS="630" WIDTH="15"/>
						<String ID="P77_ST00011" HPOS="662" VPOS="598" WIDTH="42" HEIGHT="32" CONTENT="M." WC="0.61" CC="34"/>
						<SP ID="P77_SP00009" HPOS="704" VPOS="630" WIDTH="18"/>
						<String ID="P77_ST00012" HPOS="722" VPOS="598" WIDTH="37" HEIGHT="32" CONTENT="de" WC="1.00" CC="00"/>
						<SP ID="P77_SP00010" HPOS="759" VPOS="630" WIDTH="16"/>
						<String ID="P77_ST00013" HPOS="775" VPOS="598" WIDTH="149" HEIGHT="32" CONTENT="Clavreuil" WC="0.70" CC="540350600"/>
					</TextLine>
					<TextLine ID="P77_TL00004" HPOS="109" VPOS="658" WIDTH="815" HEIGHT="43">
						<String ID="P77_ST00014" HPOS="109" VPOS="658" WIDTH="61" HEIGHT="33" CONTENT="had" WC="0.75" CC="700"/>
						<SP ID="P77_SP00011" HPOS="170" VPOS="691" WIDTH="15"/>
						<String ID="P77_ST00015" HPOS="185" VPOS="670" WIDTH="19" HEIGHT="21" CONTENT="a" WC="1.00" CC="0"/>
						<SP ID="P77_SP00012" HPOS="204" VPOS="691" WIDTH="22"/>
						<String ID="P77_ST00016" HPOS="226" VPOS="659" WIDTH="96" HEIGHT="32" CONTENT="sister." WC="0.78" CC="5400050"/>
						<SP ID="P77_SP00013" HPOS="322" VPOS="691" WIDTH="48"/>
						<String ID="P77_ST00017" HPOS="370" VPOS="659" WIDTH="66" HEIGHT="32" CONTENT="Her" WC="0.78" CC="600"/>
						<SP ID="P77_SP00014" HPOS="436" VPOS="691" WIDTH="16"/>
						<String ID="P77_ST00018" HPOS="452" VPOS="658" WIDTH="117" HEIGHT="43" CONTENT="history" WC="0.69" CC="7140160"/>
						<SP ID="P77_SP00015" HPOS="569" VPOS="701" WIDTH="16"/>
						<String ID="P77_ST00019" HPOS="585" VPOS="671" WIDTH="62" HEIGHT="20" CONTENT="was" WC="0.78" CC="015"/>
						<SP ID="P77_SP00016" HPOS="647" VPOS="701" WIDTH="26"/>
						<String ID="P77_ST00020" HPOS="673" VPOS="671" WIDTH="56" HEIGHT="20" CONTENT="one" WC="0.84" CC="040"/>
						<SP ID="P77_SP00017" HPOS="729" VPOS="701" WIDTH="16"/>
						<String ID="P77_ST00021" HPOS="745" VPOS="664" WIDTH="55" HEIGHT="27" CONTENT="not" WC="0.65" CC="703"/>
						<SP ID="P77_SP00018" HPOS="800" VPOS="701" WIDTH="15"/>
						<String ID="P77_ST00022" HPOS="815" VPOS="659" WIDTH="109" HEIGHT="42" CONTENT="wholly" WC="0.80" CC="070400"/>
					</TextLine>
					<TextLine ID="P77_TL00005" HPOS="110" VPOS="719" WIDTH="800" HEIGHT="42">
						<String ID="P77_ST00023" HPOS="110" VPOS="719" WIDTH="128" HEIGHT="33" CONTENT="without" WC="0.83" CC="0007030"/>
						<SP ID="P77_SP00019" HPOS="238" VPOS="752" WIDTH="16"/>
						<String ID="P77_ST00024" HPOS="254" VPOS="732" WIDTH="18" HEIGHT="20" CONTENT="a" WC="1.00" CC="0"/>
						<SP ID="P77_SP00020" HPOS="272" VPOS="752" WIDTH="15"/>
						<String ID="P77_ST00025" HPOS="287" VPOS="719" WIDTH="136" HEIGHT="42" CONTENT="parallel," WC="0.85" CC="003041011"/>
						<SP ID="P77_SP00021" HPOS="423" VPOS="761" WIDTH="17"/>
						<String ID="P77_ST00026" HPOS="440" VPOS="720" WIDTH="56" HEIGHT="32" CONTENT="but" WC="0.74" CC="061"/>
						<SP ID="P77_SP00022" HPOS="496" VPOS="761" WIDTH="14"/>
						<String ID="P77_ST00027" HPOS="510" VPOS="724" WIDTH="54" HEIGHT="28" CONTENT="not" WC="0.83" CC="500"/>
						<SP ID="P77_SP00023" HPOS="564" VPOS="761" WIDTH="16"/>
						<String ID="P77_ST00028" HPOS="580" VPOS="732" WIDTH="140" HEIGHT="20" CONTENT="common" WC="0.72" CC="015026"/>
						<SP ID="P77_SP00024" HPOS="720" VPOS="761" WIDTH="16"/>
						<String ID="P77_ST00029" HPOS="736" VPOS="720" WIDTH="31" HEIGHT="32" CONTENT="in" WC="0.44" CC="37"/>
						<SP ID="P77_SP00025" HPOS="767" VPOS="761" WIDTH="16"/>
						<String ID="P77_ST00030" HPOS="783" VPOS="721" WIDTH="127" HEIGHT="31" CONTENT="France." WC="0.76" CC="3606000"/>
					</TextLine>
				</TextBlock>
				<TextBlock ID="P77_TB00004" HPOS="110" VPOS="781" WIDTH="816" HEIGHT="409" STYLEREFS="TXT_1 PAR_LEFT">
					<TextLine ID="P77_TL00006" HPOS="154" VPOS="781" WIDTH="772" HEIGHT="42">
						<String ID="P77_ST00031" HPOS="154" VPOS="781" WIDTH="188" HEIGHT="32" CONTENT="Clementine" WC="0.53" CC="6580065670" STYLEREFS="TXT_0"/>
						<SP ID="P77_SP00026" HPOS="342" VPOS="813" WIDTH="16"/>
						<String ID="P77_ST00032" HPOS="358" VPOS="781" WIDTH="37" HEIGHT="31" CONTENT="de" WC="1.00" CC="00" STYLEREFS="TXT_0"/>
						<SP ID="P77_SP00027" HPOS="395" VPOS="813" WIDTH="11"/>
						<String ID="P77_ST00033" HPOS="406" VPOS="781" WIDTH="153" HEIGHT="32" CONTENT="Clavreuil" WC="0.69" CC="440000664" STYLEREFS="TXT_0"/>
						<SP ID="P77_SP00028" HPOS="559" VPOS="813" WIDTH="15"/>
						<String ID="P77_ST00034" HPOS="574" VPOS="781" WIDTH="61" HEIGHT="31" CONTENT="had" WC="0.75" CC="700" STYLEREFS="TXT_0"/>
						<SP ID="P77_SP00029" HPOS="635" VPOS="813" WIDTH="16"/>
						<String ID="P77_ST00035" HPOS="651" VPOS="793" WIDTH="39" HEIGHT="19" CONTENT="no" WC="0.68" CC="60" STYLEREFS="TXT_0"/>
						<SP ID="P77_SP00030" HPOS="690" VPOS="813" WIDTH="16"/>
						<String ID="P77_ST00036" HPOS="706" VPOS="782" WIDTH="111" HEIGHT="41" CONTENT="dowry." WC="0.91" CC="000301" STYLEREFS="TXT_0"/>
						<SP ID="P77_SP00031" HPOS="817" VPOS="823" WIDTH="49"/>
						<String ID="P77_ST00037" HPOS="866" VPOS="781" WIDTH="60" HEIGHT="33" CONTENT="She" WC="0.54" CC="670" STYLEREFS="TXT_0"/>
					</TextLine>
					<TextLine ID="P77_TL00007" HPOS="110" VPOS="841" WIDTH="816" HEIGHT="41">
						<String ID="P77_ST00038" HPOS="110" VPOS="853" WIDTH="64" HEIGHT="20" CONTENT="was" WC="0.98" CC="000" STYLEREFS="TXT_0"/>
						<SP ID="P77_SP00032" HPOS="174" VPOS="873" WIDTH="30"/>
						<String ID="P77_ST00039" HPOS="204" VPOS="841" WIDTH="147" HEIGHT="32" CONTENT="beautiful" WC="0.83" CC="600403000" STYLEREFS="TXT_0"/>
						<String ID="P77_ST00040" HPOS="364" VPOS="855" WIDTH="6" HEIGHT="27" CONTENT=";" WC="1.00" CC="0" STYLEREFS="TXT_0"/>
						<SP ID="P77_SP00033" HPOS="370" VPOS="882" WIDTH="33"/>
						<String ID="P77_ST00041" HPOS="403" VPOS="842" WIDTH="55" HEIGHT="31" CONTENT="but" WC="0.77" CC="060" STYLEREFS="TXT_0"/>
						<SP ID="P77_SP00034" HPOS="458" VPOS="882" WIDTH="22"/>
						<String ID="P77_ST00042" HPOS="480" VPOS="842" WIDTH="53" HEIGHT="31" CONTENT="the" WC="0.60" CC="470" STYLEREFS="TXT_0"/>
						<SP ID="P77_SP00035" HPOS="533" VPOS="882" WIDTH="31"/>
						<String ID="P77_ST00043" HPOS="564" VPOS="842" WIDTH="228" HEIGHT="31" CONTENT="consciousness" WC="0.74" CC="1072050625010" STYLEREFS="TXT_0"/>
						<SP ID="P77_SP00036" HPOS="792" VPOS="882" WIDTH="31"/>
						<String ID="P77_ST00044" HPOS="823" VPOS="842" WIDTH="32" HEIGHT="31" CONTENT="of" WC="0.63" CC="33" STYLEREFS="TXT_0"/>
						<SP ID="P77_SP00037" HPOS="855" VPOS="882" WIDTH="18"/>
						<String ID="P77_ST00045" HPOS="873" VPOS="842" WIDTH="53" HEIGHT="31" CONTENT="her" WC="0.36" CC="746" STYLEREFS="TXT_0"/>
					</TextLine>
					<TextLine ID="P77_TL00008" HPOS="111" VPOS="902" WIDTH="815" HEIGHT="43">
						<String ID="P77_ST00046" HPOS="111" VPOS="902" WIDTH="182" HEIGHT="43" CONTENT="superiority" WC="0.79" CC="26002203500"/>
						<SP ID="P77_SP00038" HPOS="293" VPOS="945" WIDTH="26"/>
						<String ID="P77_ST00047" HPOS="319" VPOS="902" WIDTH="33" HEIGHT="32" CONTENT="of" WC="0.93" CC="01"/>
						<SP ID="P77_SP00039" HPOS="352" VPOS="945" WIDTH="18"/>
						<String ID="P77_ST00048" HPOS="370" VPOS="902" WIDTH="82" HEIGHT="32" CONTENT="birth" WC="0.69" CC="05207"/>
						<SP ID="P77_SP00040" HPOS="452" VPOS="945" WIDTH="25"/>
						<String ID="P77_ST00049" HPOS="477" VPOS="903" WIDTH="60" HEIGHT="31" CONTENT="and" WC="0.80" CC="050"/>
						<SP ID="P77_SP00041" HPOS="537" VPOS="945" WIDTH="24"/>
						<String ID="P77_ST00050" HPOS="561" VPOS="903" WIDTH="166" HEIGHT="42" CONTENT="inferiority" WC="0.71" CC="16907006000"/>
						<SP ID="P77_SP00042" HPOS="727" VPOS="945" WIDTH="25"/>
						<String ID="P77_ST00051" HPOS="752" VPOS="903" WIDTH="34" HEIGHT="31" CONTENT="of" WC="0.78" CC="40"/>
						<SP ID="P77_SP00043" HPOS="786" VPOS="945" WIDTH="23"/>
						<String ID="P77_ST00052" HPOS="809" VPOS="903" WIDTH="117" HEIGHT="31" CONTENT="fortune" WC="0.65" CC="0051664"/>
					</TextLine>
					<TextLine ID="P77_TL00009" HPOS="111" VPOS="964" WIDTH="813" HEIGHT="42">
						<String ID="P77_ST00053" HPOS="111" VPOS="964" WIDTH="61" HEIGHT="32" CONTENT="had" WC="0.51" CC="707"/>
						<SP ID="P77_SP00044" HPOS="172" VPOS="996" WIDTH="23"/>
						<String ID="P77_ST00054" HPOS="195" VPOS="964" WIDTH="93" HEIGHT="42" CONTENT="given" WC="0.45" CC="95605"/>
						<SP ID="P77_SP00045" HPOS="288" VPOS="1006" WIDTH="16"/>
						<String ID="P77_ST00055" HPOS="304" VPOS="969" WIDTH="32" HEIGHT="27" CONTENT="to" WC="0.92" CC="10"/>
						<SP ID="P77_SP00046" HPOS="336" VPOS="1006" WIDTH="16"/>
						<String ID="P77_ST00056" HPOS="352" VPOS="964" WIDTH="54" HEIGHT="32" CONTENT="her" WC="0.53" CC="705"/>
						<SP ID="P77_SP00047" HPOS="406" VPOS="1006" WIDTH="20"/>
						<String ID="P77_ST00057" HPOS="426" VPOS="965" WIDTH="112" HEIGHT="41" CONTENT="beauty" WC="0.90" CC="000500"/>
						<SP ID="P77_SP00048" HPOS="538" VPOS="1006" WIDTH="16"/>
						<String ID="P77_ST00058" HPOS="554" VPOS="976" WIDTH="18" HEIGHT="20" CONTENT="a" WC="1.00" CC="0"/>
						<SP ID="P77_SP00049" HPOS="572" VPOS="1006" WIDTH="23"/>
						<String ID="P77_ST00059" HPOS="595" VPOS="965" WIDTH="113" HEIGHT="31" CONTENT="certain" WC="0.70" CC="0063037"/>
						<SP ID="P77_SP00050" HPOS="708" VPOS="1006" WIDTH="23"/>
						<String ID="P77_ST00060" HPOS="731" VPOS="969" WIDTH="119" HEIGHT="27" CONTENT="austere" WC="0.75" CC="0450060"/>
						<SP ID="P77_SP00051" HPOS="850" VPOS="1006" WIDTH="22"/>
						<String ID="P77_ST00061" HPOS="872" VPOS="965" WIDTH="52" HEIGHT="40" CONTENT="air," WC="0.75" CC="0370"/>
					</TextLine>
					<TextLine ID="P77_TL00010" HPOS="111" VPOS="1025" WIDTH="813" HEIGHT="42">
						<String ID="P77_ST00062" HPOS="111" VPOS="1025" WIDTH="61" HEIGHT="32" CONTENT="and" WC="0.77" CC="060"/>
						<SP ID="P77_SP00052" HPOS="172" VPOS="1057" WIDTH="22"/>
						<String ID="P77_ST00063" HPOS="194" VPOS="1030" WIDTH="32" HEIGHT="27" CONTENT="to" WC="0.97" CC="00"/>
						<SP ID="P77_SP00053" HPOS="226" VPOS="1057" WIDTH="16"/>
						<String ID="P77_ST00064" HPOS="242" VPOS="1026" WIDTH="55" HEIGHT="31" CONTENT="her" WC="0.75" CC="700"/>
						<SP ID="P77_SP00054" HPOS="297" VPOS="1057" WIDTH="15"/>
						<String ID="P77_ST00065" HPOS="312" VPOS="1026" WIDTH="97" HEIGHT="31" CONTENT="whole" WC="0.84" CC="07000"/>
						<SP ID="P77_SP00055" HPOS="409" VPOS="1057" WIDTH="16"/>
						<String ID="P77_ST00066" HPOS="425" VPOS="1026" WIDTH="127" HEIGHT="40" CONTENT="bearing" WC="0.74" CC="6000370"/>
						<SP ID="P77_SP00056" HPOS="552" VPOS="1066" WIDTH="20"/>
						<String ID="P77_ST00067" HPOS="572" VPOS="1037" WIDTH="38" HEIGHT="20" CONTENT="an" WC="0.95" CC="01"/>
						<SP ID="P77_SP00057" HPOS="610" VPOS="1066" WIDTH="19"/>
						<String ID="P77_ST00068" HPOS="629" VPOS="1037" WIDTH="105" HEIGHT="20" CONTENT="excess" WC="0.79" CC="050015"/>
						<SP ID="P77_SP00058" HPOS="734" VPOS="1066" WIDTH="16"/>
						<String ID="P77_ST00069" HPOS="750" VPOS="1026" WIDTH="34" HEIGHT="31" CONTENT="of" WC="0.74" CC="50"/>
						<SP ID="P77_SP00059" HPOS="784" VPOS="1066" WIDTH="14"/>
						<String ID="P77_ST00070" HPOS="798" VPOS="1026" WIDTH="126" HEIGHT="41" CONTENT="dignity," WC="0.75" CC="00872100"/>
					</TextLine>
					<TextLine ID="P77_TL00011" HPOS="110" VPOS="1086" WIDTH="816" HEIGHT="42">
						<String ID="P77_ST00071" HPOS="110" VPOS="1087" WIDTH="99" HEIGHT="32" CONTENT="which" WC="0.61" CC="07407"/>
						<SP ID="P77_SP00060" HPOS="209" VPOS="1119" WIDTH="16"/>
						<String ID="P77_ST00072" HPOS="225" VPOS="1086" WIDTH="26" HEIGHT="32" CONTENT="is" WC="0.67" CC="50"/>
						<SP ID="P77_SP00061" HPOS="251" VPOS="1119" WIDTH="16"/>
						<String ID="P77_ST00073" HPOS="267" VPOS="1087" WIDTH="90" HEIGHT="39" CONTENT="often," WC="0.76" CC="006070"/>
						<SP ID="P77_SP00062" HPOS="357" VPOS="1126" WIDTH="18"/>
						<String ID="P77_ST00074" HPOS="375" VPOS="1099" WIDTH="111" HEIGHT="29" CONTENT="among" WC="0.85" CC="00070"/>
						<SP ID="P77_SP00063" HPOS="486" VPOS="1128" WIDTH="16"/>
						<String ID="P77_ST00075" HPOS="502" VPOS="1087" WIDTH="119" HEIGHT="31" CONTENT="French" WC="0.61" CC="530607"/>
						<SP ID="P77_SP00064" HPOS="621" VPOS="1128" WIDTH="17"/>
						<String ID="P77_ST00076" HPOS="638" VPOS="1099" WIDTH="126" HEIGHT="28" CONTENT="Avomen," WC="0.60" CC="9410371"/>
						<SP ID="P77_SP00065" HPOS="764" VPOS="1128" WIDTH="17"/>
						<String ID="P77_ST00077" HPOS="781" VPOS="1087" WIDTH="51" HEIGHT="32" CONTENT="the" WC="0.75" CC="070"/>
						<SP ID="P77_SP00066" HPOS="832" VPOS="1128" WIDTH="23"/>
						<String ID="P77_ST00078" HPOS="855" VPOS="1099" WIDTH="71" HEIGHT="20" CONTENT="con" SUBS_TYPE="HypPart1" SUBS_CONTENT="consequence" WC="0.79" CC="0070"/>
						<HYP CONTENT="-"/>
					</TextLine>
					<TextLine ID="P77_TL00012" HPOS="110" VPOS="1148" WIDTH="612" HEIGHT="42">
						<String ID="P77_ST00079" HPOS="110" VPOS="1160" WIDTH="150" HEIGHT="30" CONTENT="sequence" SUBS_TYPE="HypPart2" SUBS_CONTENT="consequence" WC="0.83" CC="00041700"/>
						<SP ID="P77_SP00067" HPOS="260" VPOS="1190" WIDTH="17"/>
						<String ID="P77_ST00080" HPOS="277" VPOS="1148" WIDTH="34" HEIGHT="32" CONTENT="of" WC="1.00" CC="00"/>
						<SP ID="P77_SP00068" HPOS="311" VPOS="1190" WIDTH="11"/>
						<String ID="P77_ST00081" HPOS="322" VPOS="1160" WIDTH="18" HEIGHT="20" CONTENT="a" WC="1.00" CC="0"/>
						<SP ID="P77_SP00069" HPOS="340" VPOS="1190" WIDTH="15"/>
						<String ID="P77_ST00082" HPOS="355" VPOS="1148" WIDTH="130" HEIGHT="42" CONTENT="position" WC="0.68" CC="07023505"/>
						<SP ID="P77_SP00070" HPOS="485" VPOS="1190" WIDTH="17"/>
						<String ID="P77_ST00083" HPOS="502" VPOS="1148" WIDTH="75" HEIGHT="32" CONTENT="such" WC="0.55" CC="5507"/>
						<SP ID="P77_SP00071" HPOS="577" VPOS="1190" WIDTH="17"/>
						<String ID="P77_ST00084" HPOS="594" VPOS="1160" WIDTH="34" HEIGHT="20" CONTENT="as" WC="0.98" CC="00"/>
						<SP ID="P77_SP00072" HPOS="628" VPOS="1190" WIDTH="15"/>
						<String ID="P77_ST00085" HPOS="643" VPOS="1148" WIDTH="79" HEIGHT="33" CONTENT="hers." WC="0.66" CC="70530"/>
					</TextLine>
				</TextBlock>
				<TextBlock ID="P77_TB00005" HPOS="108" VPOS="1209" WIDTH="820" HEIGHT="347" STYLEREFS="TXT_1 PAR_LEFT">
					<TextLine ID="P77_TL00013" HPOS="153" VPOS="1209" WIDTH="770" HEIGHT="41">
						<String ID="P77_ST00086" HPOS="153" VPOS="1210" WIDTH="44" HEIGHT="32" CONTENT="At" WC="0.42" CC="73"/>
						<SP ID="P77_SP00073" HPOS="197" VPOS="1242" WIDTH="15"/>
						<String ID="P77_ST00087" HPOS="212" VPOS="1210" WIDTH="297" HEIGHT="40" CONTENT="seven-and-twenty" WC="0.82" CC="0090600500400020"/>
						<SP ID="P77_SP00074" HPOS="509" VPOS="1250" WIDTH="12"/>
						<String ID="P77_ST00088" HPOS="521" VPOS="1209" WIDTH="53" HEIGHT="31" CONTENT="she" WC="0.60" CC="460"/>
						<SP ID="P77_SP00075" HPOS="574" VPOS="1250" WIDTH="13"/>
						<String ID="P77_ST00089" HPOS="587" VPOS="1221" WIDTH="63" HEIGHT="19" CONTENT="Avas" WC="0.51" CC="9900"/>
						<SP ID="P77_SP00076" HPOS="650" VPOS="1250" WIDTH="17"/>
						<String ID="P77_ST00090" HPOS="667" VPOS="1210" WIDTH="60" HEIGHT="30" CONTENT="still" WC="0.52" CC="63355"/>
						<SP ID="P77_SP00077" HPOS="727" VPOS="1250" WIDTH="16"/>
						<String ID="P77_ST00091" HPOS="743" VPOS="1210" WIDTH="180" HEIGHT="39" CONTENT="unmarried," WC="0.71" CC="7600253002"/>
					</TextLine>
					<TextLine ID="P77_TL00014" HPOS="110" VPOS="1269" WIDTH="815" HEIGHT="40">
						<String ID="P77_ST00092" HPOS="110" VPOS="1282" WIDTH="33" HEIGHT="21" CONTENT="as" WC="0.99" CC="00"/>
						<SP ID="P77_SP00078" HPOS="143" VPOS="1303" WIDTH="16"/>
						<String ID="P77_ST00093" HPOS="159" VPOS="1282" WIDTH="63" HEIGHT="21" CONTENT="was" WC="1.00" CC="000"/>
						<SP ID="P77_SP00079" HPOS="222" VPOS="1303" WIDTH="16"/>
						<String ID="P77_ST00094" HPOS="238" VPOS="1271" WIDTH="65" HEIGHT="31" CONTENT="also" WC="0.83" CC="0023"/>
						<SP ID="P77_SP00080" HPOS="303" VPOS="1303" WIDTH="15"/>
						<String ID="P77_ST00095" HPOS="318" VPOS="1270" WIDTH="55" HEIGHT="32" CONTENT="her" WC="0.57" CC="705"/>
						<SP ID="P77_SP00081" HPOS="373" VPOS="1303" WIDTH="15"/>
						<String ID="P77_ST00096" HPOS="388" VPOS="1270" WIDTH="133" HEIGHT="39" CONTENT="brother," WC="0.66" CC="45307031"/>
						<SP ID="P77_SP00082" HPOS="521" VPOS="1309" WIDTH="18"/>
						<String ID="P77_ST00097" HPOS="539" VPOS="1269" WIDTH="68" HEIGHT="31" CONTENT="who" WC="0.75" CC="070"/>
						<SP ID="P77_SP00083" HPOS="607" VPOS="1309" WIDTH="16"/>
						<String ID="P77_ST00098" HPOS="623" VPOS="1281" WIDTH="63" HEIGHT="20" CONTENT="was" WC="0.98" CC="000"/>
						<SP ID="P77_SP00084" HPOS="686" VPOS="1309" WIDTH="23"/>
						<String ID="P77_ST00099" HPOS="709" VPOS="1269" WIDTH="56" HEIGHT="31" CONTENT="her" WC="0.45" CC="735"/>
						<SP ID="P77_SP00085" HPOS="765" VPOS="1309" WIDTH="15"/>
						<String ID="P77_ST00100" HPOS="780" VPOS="1269" WIDTH="82" HEIGHT="31" CONTENT="elder" WC="0.81" CC="02006"/>
						<SP ID="P77_SP00086" HPOS="862" VPOS="1309" WIDTH="21"/>
						<String ID="P77_ST00101" HPOS="883" VPOS="1269" WIDTH="42" HEIGHT="40" CONTENT="by" WC="0.63" CC="70"/>
					</TextLine>
					<TextLine ID="P77_TL00015" HPOS="110" VPOS="1329" WIDTH="815" HEIGHT="43">
						<String ID="P77_ST00102" HPOS="110" VPOS="1337" WIDTH="62" HEIGHT="27" CONTENT="two" WC="1.00" CC="000"/>
						<SP ID="P77_SP00087" HPOS="172" VPOS="1364" WIDTH="24"/>
						<String ID="P77_ST00103" HPOS="196" VPOS="1342" WIDTH="33" HEIGHT="21" CONTENT="or" WC="0.47" CC="45"/>
						<SP ID="P77_SP00088" HPOS="229" VPOS="1364" WIDTH="22"/>
						<String ID="P77_ST00104" HPOS="251" VPOS="1331" WIDTH="85" HEIGHT="31" CONTENT="three" WC="0.76" CC="17200"/>
						<SP ID="P77_SP00089" HPOS="336" VPOS="1364" WIDTH="23"/>
						<String ID="P77_ST00105" HPOS="359" VPOS="1342" WIDTH="97" HEIGHT="30" CONTENT="years." WC="0.82" CC="000450"/>
						<SP ID="P77_SP00090" HPOS="456" VPOS="1372" WIDTH="47"/>
						<String ID="P77_ST00106" HPOS="503" VPOS="1330" WIDTH="189" HEIGHT="32" CONTENT="Clementine" WC="0.64" CC="5220065562"/>
						<SP ID="P77_SP00091" HPOS="692" VPOS="1372" WIDTH="21"/>
						<String ID="P77_ST00107" HPOS="713" VPOS="1340" WIDTH="85" HEIGHT="20" CONTENT="came" WC="1.00" CC="0000"/>
						<SP ID="P77_SP00092" HPOS="798" VPOS="1372" WIDTH="23"/>
						<String ID="P77_ST00108" HPOS="821" VPOS="1333" WIDTH="29" HEIGHT="27" CONTENT="to" WC="0.72" CC="23"/>
						<SP ID="P77_SP00093" HPOS="850" VPOS="1372" WIDTH="23"/>
						<String ID="P77_ST00109" HPOS="873" VPOS="1329" WIDTH="52" HEIGHT="30" CONTENT="the" WC="0.52" CC="670"/>
					</TextLine>
					<TextLine ID="P77_TL00016" HPOS="109" VPOS="1389" WIDTH="818" HEIGHT="47">
						<String ID="P77_ST00110" HPOS="109" VPOS="1392" WIDTH="180" HEIGHT="44" CONTENT="persuasion" WC="0.66" CC="6040703037"/>
						<SP ID="P77_SP00094" HPOS="289" VPOS="1436" WIDTH="36"/>
						<String ID="P77_ST00111" HPOS="325" VPOS="1391" WIDTH="67" HEIGHT="31" CONTENT="that" WC="0.56" CC="6703"/>
						<SP ID="P77_SP00095" HPOS="392" VPOS="1436" WIDTH="29"/>
						<String ID="P77_ST00112" HPOS="421" VPOS="1391" WIDTH="53" HEIGHT="31" CONTENT="she" WC="0.57" CC="570"/>
						<SP ID="P77_SP00096" HPOS="474" VPOS="1436" WIDTH="37"/>
						<String ID="P77_ST00113" HPOS="511" VPOS="1390" WIDTH="145" HEIGHT="32" CONTENT="hindered" WC="0.63" CC="75603500"/>
						<SP ID="P77_SP00097" HPOS="656" VPOS="1436" WIDTH="38"/>
						<String ID="P77_ST00114" HPOS="694" VPOS="1390" WIDTH="54" HEIGHT="31" CONTENT="her" WC="0.60" CC="704"/>
						<SP ID="P77_SP00098" HPOS="748" VPOS="1436" WIDTH="30"/>
						<String ID="P77_ST00115" HPOS="778" VPOS="1389" WIDTH="149" HEIGHT="32" CONTENT="brother's" WC="0.65" CC="264270602"/>
					</TextLine>
					<TextLine ID="P77_TL00017" HPOS="110" VPOS="1450" WIDTH="817" HEIGHT="42">
						<String ID="P77_ST00116" HPOS="110" VPOS="1453" WIDTH="241" HEIGHT="39" CONTENT="establishment," WC="0.75" CC="02007003700830"/>
						<SP ID="P77_SP00099" HPOS="351" VPOS="1492" WIDTH="29"/>
						<String ID="P77_ST00117" HPOS="380" VPOS="1452" WIDTH="59" HEIGHT="31" CONTENT="and" WC="0.96" CC="010"/>
						<SP ID="P77_SP00100" HPOS="439" VPOS="1492" WIDTH="26"/>
						<String ID="P77_ST00118" HPOS="465" VPOS="1451" WIDTH="69" HEIGHT="31" CONTENT="that" WC="0.65" CC="6700"/>
						<SP ID="P77_SP00101" HPOS="534" VPOS="1492" WIDTH="27"/>
						<String ID="P77_ST00119" HPOS="561" VPOS="1451" WIDTH="53" HEIGHT="31" CONTENT="she" WC="0.57" CC="570"/>
						<SP ID="P77_SP00102" HPOS="614" VPOS="1492" WIDTH="19"/>
						<String ID="P77_ST00120" HPOS="633" VPOS="1462" WIDTH="62" HEIGHT="20" CONTENT="wTas" WC="0.48" CC="9703"/>
						<SP ID="P77_SP00103" HPOS="695" VPOS="1492" WIDTH="26"/>
						<String ID="P77_ST00121" HPOS="721" VPOS="1450" WIDTH="146" HEIGHT="42" CONTENT="regarded" WC="1.00" CC="00000000"/>
						<SP ID="P77_SP00104" HPOS="867" VPOS="1492" WIDTH="25"/>
						<String ID="P77_ST00122" HPOS="892" VPOS="1462" WIDTH="35" HEIGHT="20" CONTENT="as" WC="0.80" CC="03"/>
					</TextLine>
					<TextLine ID="P77_TL00018" HPOS="110" VPOS="1511" WIDTH="818" HEIGHT="45">
						<String ID="P77_ST00123" HPOS="110" VPOS="1528" WIDTH="18" HEIGHT="20" CONTENT="a" WC="1.00" CC="0"/>
						<SP ID="P77_SP00105" HPOS="128" VPOS="1548" WIDTH="26"/>
						<String ID="P77_ST00124" HPOS="154" VPOS="1515" WIDTH="76" HEIGHT="41" CONTENT="drag" WC="0.84" CC="0600"/>
						<SP ID="P77_SP00106" HPOS="230" VPOS="1556" WIDTH="25"/>
						<String ID="P77_ST00125" HPOS="255" VPOS="1525" WIDTH="83" HEIGHT="31" CONTENT="upon" WC="0.36" CC="5946"/>
						<SP ID="P77_SP00107" HPOS="338" VPOS="1556" WIDTH="22"/>
						<String ID="P77_ST00126" HPOS="360" VPOS="1512" WIDTH="71" HEIGHT="33" CONTENT="him." WC="0.68" CC="7500"/>
						<SP ID="P77_SP00108" HPOS="431" VPOS="1556" WIDTH="49"/>
						<String ID="P77_ST00127" HPOS="480" VPOS="1512" WIDTH="61" HEIGHT="33" CONTENT="She" WC="0.51" CC="770"/>
						<SP ID="P77_SP00109" HPOS="541" VPOS="1556" WIDTH="23"/>
						<String ID="P77_ST00128" HPOS="564" VPOS="1512" WIDTH="146" HEIGHT="41" CONTENT="accepted" WC="1.00" CC="00000000"/>
						<SP ID="P77_SP00110" HPOS="710" VPOS="1556" WIDTH="22"/>
						<String ID="P77_ST00129" HPOS="732" VPOS="1511" WIDTH="51" HEIGHT="33" CONTENT="the" WC="0.60" CC="470"/>
						<SP ID="P77_SP00111" HPOS="783" VPOS="1556" WIDTH="17"/>
						<String ID="P77_ST00130" HPOS="800" VPOS="1511" WIDTH="79" HEIGHT="33" CONTENT="hand" WC="0.72" CC="7030"/>
						<SP ID="P77_SP00112" HPOS="879" VPOS="1556" WIDTH="17"/>
						<String ID="P77_ST00131" HPOS="896" VPOS="1512" WIDTH="32" HEIGHT="32" CONTENT="of" WC="0.73" CC="31"/>
					</TextLine>
				</TextBlock>
				<TextBlock ID="P77_TB00006" HPOS="164" VPOS="1582" WIDTH="85" HEIGHT="14" STYLEREFS="TXT_1 PAR_LEFT">
					<TextLine ID="P77_TL00019" HPOS="165" VPOS="1582" WIDTH="84" HEIGHT="14">
						<String ID="P77_ST00132" HPOS="165" VPOS="1582" WIDTH="52" HEIGHT="14" CONTENT="VOL." WC="0.44" CC="7490"/>
						<SP ID="P77_SP00113" HPOS="217" VPOS="1596" WIDTH="19"/>
						<String ID="P77_ST00133" HPOS="236" VPOS="1582" WIDTH="13" HEIGHT="14" CONTENT="I." WC="0.73" CC="50"/>
					</TextLine>
				</TextBlock>
				<TextBlock ID="P77_TB00007" HPOS="827" VPOS="1579" WIDTH="13" HEIGHT="14" STYLEREFS="TXT_0 PAR_RIGHT">
					<TextLine ID="P77_TL00020" HPOS="828" VPOS="1579" WIDTH="12" HEIGHT="14">
						<String ID="P77_ST00134" HPOS="828" VPOS="1579" WIDTH="12" HEIGHT="14" CONTENT="t" WC="0.18" CC="8"/>
					</TextLine>
				</TextBlock>
			</PrintSpace>
		</Page>
	</Layout>
</alto>
