1090 1740
143 115 53 25 120

374 120 84 21 LOVE
482 119 64 21 THE
569 116 162 23 AVENGER.

142 196 113 33 terised
286 196 100 33 Claire
418 208 32 19 as
481 194 143 43 pedantic
655 192 62 33 and
749 190 64 42 dry.
871 187 104 34 Claire

141 270 94 21 never
260 259 95 42 spoke
380 258 35 32 of
434 258 143 31 Madame
603 256 37 32 de
664 254 163 42 Varignan
859 256 33 27 at
920 249 52 33 all.

141 320 29 33 It
186 331 63 22 was
265 325 54 27 not
342 320 56 31 her
414 324 119 28 custom
557 324 32 26 to
614 316 95 44 speak
726 315 34 33 of
779 313 120 44 people,
916 312 59 31 but

141 381 100 32 rather
260 381 34 32 of
316 381 105 41 things
433 393 6 28 ;
464 392 56 20 nor
544 391 63 21 was
635 378 63 42 she,
716 377 35 32 of
769 376 57 33 her
850 379 121 35 nature,

139 443 155 32 talkative.

182 505 81 32 Hoav
288 505 16 31 I
320 504 77 32 wish
412 505 16 31 I
444 504 90 32 could
561 503 86 43 paint
675 502 101 33 Claire
804 501 38 31 de
868 500 102 32 Beau-

137 568 98 31 voisin
261 579 34 20 as
320 567 54 32 she
398 567 153 42 appeared
577 571 33 27 to
633 566 88 31 those
738 563 70 33 AAdio
826 574 63 21 saw
913 562 56 32 her

138 643 37 20 on
201 631 51 32 the
277 631 88 42 night
392 631 31 31 in
445 630 156 42 question!
650 630 51 30 No
728 627 128 33 lovelier
884 626 84 42 sight

136 705 57 19 can
218 693 38 31 be
283 692 161 42 imagined.
491 692 30 32 It
537 703 62 20 Avas
626 695 55 28 not
704 690 52 33 the
782 689 129 33 fairness
938 688 33 32 of

135 755 55 31 her
213 755 141 39 features,
371 754 52 31 the
446 754 151 41 harmony
615 752 34 32 of
667 764 95 30 every
777 751 63 32 line
864 751 31 31 in
912 750 55 32 her

134 816 106 41 figure,
258 828 33 19 or
307 816 53 31 the
387 815 168 42 perfection
576 815 34 31 of
627 814 54 32 the
704 814 169 42 colouring,
898 813 68 33 that

135 889 33 20 so
193 877 144 32 charmed
361 889 62 29 you
447 877 31 31 in
501 877 54 31 her
566 889 7 28 ;
598 877 22 31 it
638 889 73 28 was,
738 876 106 32 united
867 881 33 27 to
925 876 39 32 all

132 938 95 40 these,
259 938 175 42 something
462 939 60 31 else
554 939 204 40 undefinable,
789 938 177 41 something

131 1000 70 32 that
218 1000 122 32 seemed
356 1005 31 27 to
405 1000 87 32 shine
516 1000 134 41 through
670 1000 55 32 her
749 1000 79 32 from
847 1000 114 33 within.

132 1061 100 32 There
259 1061 59 42 lay,
335 1073 34 21 as
394 1061 24 33 it
434 1073 89 29 Avere,
542 1074 18 20 a
584 1062 103 32 bloom
713 1074 83 31 upon
813 1062 56 32 her
886 1063 74 32 soul.

131 1122 101 32 There
267 1122 113 32 floated
411 1123 117 31 around
552 1122 100 32 Claire
684 1123 76 31 such
791 1135 39 19 an
862 1128 101 28 atmo-

132 1185 108 42 sphere
257 1185 35 31 of
302 1185 113 41 purity,
427 1185 68 31 that
508 1184 90 32 Avhen
616 1185 55 32 she
688 1186 126 31 entered
830 1198 18 19 a
863 1198 96 28 room,

130 1259 61 29 you
217 1246 134 41 thought
374 1258 61 29 you
461 1247 124 31 scented
611 1247 54 31 the
689 1247 108 32 breath
820 1247 34 32 of
874 1248 87 32 field-

130 1308 127 32 flowers.
315 1308 66 32 The
407 1308 156 32 sensation
589 1308 54 32 she
666 1308 138 42 brought
833 1314 33 27 to
898 1321 61 30 you

130 1381 64 21 was
213 1381 34 21 as
263 1370 35 32 of
315 1370 83 32 fresh
416 1370 53 33 air.
517 1370 72 31 And
615 1375 61 37 yet,
693 1370 121 42 though
839 1371 40 32 all
895 1383 64 20 was

130 1430 132 42 healthy,
281 1442 84 30 pure,
383 1431 90 41 fresh,
500 1431 60 32 and
584 1431 55 32 full
656 1431 33 32 of
712 1431 107 43 youth,
837 1432 41 32 all
895 1444 64 20 was

128 1496 55 26 not
201 1492 98 41 joyful
320 1492 31 32 in
367 1492 63 33 her.
480 1492 102 33 Claire
606 1493 103 43 rarely
725 1493 134 43 laughed
871 1508 7 27 ;
902 1495 57 32 but

129 1552 54 32 her
208 1558 103 35 sweet,
329 1554 79 31 calm
433 1554 73 41 face,
526 1555 123 31 seemed
676 1555 115 41 ahATays
815 1555 96 33 about
927 1561 30 28 to
