1090 1740
132 96 32 26 70

361 103 82 20 LOVE
466 103 64 20 THE
552 102 162 21 AVENGER.

128 192 63 20 was
213 185 30 28 to
259 181 71 32 take
353 192 18 21 a
386 192 91 32 conge
494 181 35 32 of
547 192 18 21 a
587 192 75 31 year
674 192 7 28 ;
700 178 61 33 and
784 177 91 32 when
898 176 54 32 the

127 242 81 33 third
239 254 74 32 year
346 242 77 33 after
455 243 42 32 M.
534 241 207 34 Beaudouin's
773 239 94 33 death
890 239 63 32 had

127 305 132 42 expired,
292 304 191 33 Clementine
513 316 63 20 was
599 308 32 28 to
655 303 127 32 become
806 302 146 32 Madame

127 367 36 32 de
187 367 145 33 Varades.
380 367 96 31 What
499 378 62 20 was
584 366 83 41 time,
692 365 84 31 what
799 375 64 21 was
888 363 62 33 dis-

126 433 88 27 tance
237 433 28 27 to
281 428 83 32 them
376 429 16 31 ?
414 428 54 31 she
491 428 125 41 argued,
633 427 31 31 in
685 426 53 33 the
760 425 142 43 strength
919 424 36 33 of

125 489 55 32 her
193 489 112 43 purity,
317 489 60 32 and
388 489 34 32 of
432 489 55 32 her
502 489 67 31 love
580 490 6 31 !
628 489 76 32 Sure
722 488 34 32 of
767 488 54 31 her
831 487 119 31 heart's

125 551 129 39 Infinite,
274 551 53 31 she
355 551 131 31 counted
513 562 37 20 on
575 551 53 31 the
655 550 124 32 Infinite
798 550 31 31 in
852 549 76 32 time
940 562 8 27 ;

124 612 60 32 and
199 611 99 43 losing
315 611 82 43 sight
413 611 34 33 of
462 611 51 32 the
529 611 95 33 lesser
647 611 131 33 chances
795 611 35 32 of
853 611 94 32 exist-

124 685 81 29 ence,
232 673 119 32 walked
376 685 38 20 on
438 673 166 42 recklessly
630 672 31 32 in
691 673 55 32 her
766 672 178 43 passionate

122 735 82 31 faith.

164 796 65 31 The
246 807 82 20 same
344 796 136 41 god-like
505 796 111 31 ardour
638 796 122 32 seemed
778 801 33 27 to
831 796 114 42 inspire

121 857 160 42 Raymond
293 871 7 27 ;
332 857 46 31 for
411 858 112 40 during
558 857 141 41 eighteen
730 857 126 32 months
889 857 56 32 the

120 919 106 32 record
249 918 33 32 of
300 918 48 32 his
371 918 93 32 deeds
486 918 35 32 of
539 919 174 41 impossible
733 919 109 41 daring
862 919 83 31 filled

121 980 39 31 all
176 991 203 30 newspapers.
426 979 72 31 And
517 979 74 32 then
606 980 87 31 there
716 992 63 19 was
795 992 19 19 a
830 980 115 32 silence

121 1043 33 32 of
176 1055 83 20 some
283 1043 82 43 days,
383 1042 60 33 and
466 1054 18 21 a
508 1043 87 32 small
618 1043 149 42 telegram
789 1043 155 43 appeared

118 1105 31 31 in
165 1105 52 31 the
241 1105 162 40 Moniteur,
421 1104 91 32 dated
534 1104 117 41 Blidah,
668 1105 31 31 in
718 1104 100 32 which
840 1105 24 31 it
879 1116 65 20 was

120 1165 98 32 stated
242 1164 67 33 that
334 1164 53 33 the
411 1164 224 33 Commandant
655 1165 37 32 de
716 1165 140 32 Varades
879 1165 63 32 had

118 1226 77 31 been
221 1225 93 32 killed
333 1225 41 43 by
390 1237 18 20 a
431 1225 52 32 fall
508 1225 77 32 from
608 1225 45 32 his
677 1225 98 34 horse.
825 1227 30 31 It
876 1238 67 20 was

117 1299 74 30 very
208 1287 83 32 short
296 1307 35 3 —
336 1287 72 42 only
423 1291 61 27 two
500 1287 77 32 lines
590 1301 6 27 ;
613 1288 56 31 but
685 1288 25 31 it
725 1300 64 20 was
806 1289 133 41 enough,

116 1360 34 19 as
166 1348 60 32 had
241 1348 78 32 been
334 1348 52 32 the
412 1348 110 42 pebble
542 1360 73 20 over
635 1349 112 41 which,
766 1350 31 31 in
813 1350 54 31 the
883 1350 59 32 im-

115 1409 137 42 placable
276 1409 88 42 irony
389 1409 35 31 of
445 1409 69 41 fate,
541 1409 189 42 Raymond's
758 1411 90 32 horse
878 1411 63 32 had

116 1470 161 40 stumbled,
295 1482 39 19 on
354 1470 54 32 the
432 1474 85 39 steep
538 1471 75 42 path
635 1471 189 43 descending
840 1473 65 32 into
922 1484 19 21 a

115 1530 156 32 mountain
287 1531 97 31 defile.
