1090 1740
446 101 123 21 CLAIRE.

867 96 51 25 205

97 173 54 42 ing
167 175 153 42 devoutly,
339 176 322 43 uncompromisingly.
698 177 62 31 But
775 176 77 32 faith
868 177 53 31 did

98 241 55 27 not
170 248 116 32 occupy
302 236 55 33 her
371 238 118 42 totally.
537 239 91 31 Faith
650 238 147 42 underlay
814 250 107 30 every-

98 296 91 42 thing
204 297 32 31 in
252 297 108 41 Claire,
383 297 55 33 her
457 298 116 32 actions
596 299 61 31 and
678 299 55 32 her
751 298 149 43 thoughts
913 312 7 27 ;

98 357 66 41 but,
197 358 97 32 above
330 358 38 32 its
402 359 69 31 firm
501 359 186 42 foundation,
719 360 86 32 there
835 372 86 20 arose

99 431 94 31 many
210 419 60 32 and
285 431 94 30 many
395 431 39 20 an
453 420 173 42 aspiration,
644 433 93 29 many
753 433 18 19 a
786 421 135 41 longing,

100 496 94 28 many
209 496 19 20 a
242 489 110 35 regret,
370 495 93 29 many
479 496 18 20 a
512 484 113 33 dream.

146 545 83 33 Such
245 556 34 21 as
294 545 53 31 the
363 556 105 30 young
483 545 156 42 Marquise
655 557 70 20 noAv
739 557 71 29 was,
825 545 24 33 it
860 558 63 20 was

100 606 147 42 probable
263 606 54 32 she
333 606 101 31 would
450 606 114 42 always
579 607 126 32 remain.
738 607 67 32 Her
820 607 105 32 health

102 680 62 20 was
186 668 160 40 excellent,
370 667 55 33 she
449 672 57 36 ate,
531 668 106 40 drank,
661 669 61 31 and
745 669 80 42 slept
845 669 77 40 well,

103 730 61 30 and
184 729 72 31 took
280 741 17 19 a
319 729 64 31 real
407 729 129 31 interest
560 729 31 31 in
612 729 193 33 whatsoever
827 730 98 41 might

103 793 39 30 be
164 791 181 41 interesting
363 796 32 26 to
418 802 18 20 a
454 790 134 42 healthy,
606 791 98 31 active
722 791 94 32 mind.
863 792 62 30 But

103 853 56 31 her
175 852 90 31 mode
282 851 33 32 of
325 851 51 31 life
393 851 60 31 and
468 851 55 31 her
537 850 90 32 mode
647 850 34 32 of
699 850 132 42 thought
846 862 79 20 were

106 913 159 33 fashioned
291 912 42 42 by
360 911 174 41 something
560 910 68 33 that
653 911 51 41 lay
731 911 104 32 Avithin
861 911 63 39 her,

108 974 109 42 deeply
232 973 121 40 hidden,
368 972 100 31 which
483 983 40 20 no
539 983 56 20 one
611 971 101 32 would
727 983 72 21 ever
816 972 108 40 divine,

108 1036 62 31 and
184 1034 101 32 which
301 1034 54 31 she
371 1033 102 31 would
488 1044 93 20 never
596 1037 56 36 put
667 1043 96 30 away.

151 1094 232 33 Passion-week
402 1105 64 20 was
493 1092 137 42 drawing
654 1097 32 27 to
711 1104 19 21 a
754 1093 89 41 close,
866 1093 60 32 and

109 1156 101 33 Claire
237 1154 70 40 had,
336 1165 33 21 as
396 1153 25 31 is
451 1152 89 32 usual
570 1152 30 31 in
631 1152 127 40 France,
790 1158 90 36 spent
910 1164 17 19 a

108 1219 84 39 large
214 1216 123 41 portion
358 1214 35 32 of
408 1214 55 32 her
483 1213 74 42 days
579 1218 32 27 at
630 1213 122 40 church,
777 1219 53 26 not
850 1213 77 31 from

108 1276 95 40 habit,
225 1287 34 20 or
280 1274 47 32 for
347 1274 146 31 fashion's
518 1273 82 39 sake,
626 1272 55 31 but
705 1272 77 31 from
806 1272 121 32 convic-

109 1338 73 39 tion,
200 1335 61 33 and
283 1347 19 20 a
322 1340 106 36 strong
446 1334 69 32 love
537 1334 34 30 of
590 1333 74 31 Him
680 1332 69 32 who
767 1333 93 31 saved
882 1344 44 20 us.

109 1400 65 31 Not
193 1398 46 31 for
260 1397 69 32 that
351 1395 124 42 leaving
496 1407 61 30 any
577 1400 49 27 act
646 1395 34 31 of
697 1395 74 41 duty
787 1399 31 27 at
838 1394 89 32 home

109 1461 132 39 undone,
258 1459 57 31 but
330 1457 127 42 seeking
473 1456 141 41 honestly
631 1461 31 27 at
681 1456 52 31 the
749 1456 101 32 altar's
865 1456 62 32 foot

109 1523 52 33 the
171 1520 181 42 inspiration
358 1518 145 42 whereby
512 1522 33 28 to
556 1517 133 43 perform
696 1517 114 33 further
821 1517 106 33 duties.
