1090 1740
386 88 107 21 ALONE
517 89 34 20 IN
575 90 77 19 LIFE.

914 85 13 25 7

108 164 62 33 and
186 164 97 43 ought
298 170 32 27 to
346 176 105 21 secure
466 165 45 32 for
526 165 64 32 him
606 165 38 32 all
662 165 39 32 he
717 166 127 41 desired,
861 166 68 33 that

109 225 91 32 when
222 225 174 42 protection
414 226 97 32 either
532 227 90 31 could
640 238 33 20 or
696 226 102 32 would
820 231 53 27 not
892 227 38 32 do

109 286 83 33 what
214 287 39 32 he
277 288 157 42 expected,
458 288 39 32 he
520 288 150 42 regarded
692 288 125 32 himself
835 300 33 20 as
892 300 38 20 an

110 348 120 42 injured
263 360 81 21 man.
406 349 37 31 In
475 349 51 32 the
562 349 166 42 beginning
760 350 170 41 protection

109 409 93 32 acted
217 410 30 30 in
263 409 47 32 his
325 409 116 41 favour,
460 410 60 31 and
542 410 111 41 helped
677 409 63 31 him
755 414 32 27 to
802 409 47 32 his
865 410 66 31 first

111 470 47 32 lift
180 471 31 30 in
234 470 59 41 life,
316 471 41 41 by
373 471 123 41 placing
518 471 65 30 him
604 483 33 19 as
658 471 113 41 unpaid
794 471 82 32 clerk
898 472 32 30 in

109 532 55 31 the
186 532 363 42 Receveur-particuliers
587 532 85 32 office
686 545 6 28 ;
727 532 55 32 but
813 533 117 32 Claude

109 594 132 32 disliked
268 595 85 31 work
379 594 61 32 and
469 606 40 19 no
535 606 70 29 pay,
632 594 60 31 and
717 593 136 41 refusing
877 594 53 31 the

109 656 88 30 work
212 655 98 32 which
326 667 63 20 was
409 660 32 27 to
464 655 69 32 lead
555 660 29 26 to
607 667 70 29 pay,
694 655 52 31 the
761 667 60 29 pay
837 667 93 19 never

109 726 97 29 came,
224 716 61 30 and
305 715 168 41 protection
496 715 122 32 refused
639 720 33 26 to
694 715 71 41 help
781 715 63 31 him
860 715 69 31 who

109 776 54 31 did
183 781 54 27 not
253 777 111 31 choose
387 781 31 27 to
441 776 72 42 help
529 776 130 32 himself.
705 776 90 40 Well,
814 776 116 32 Claude

111 838 122 41 Raynal
262 838 78 32 tried
369 849 93 30 many
490 838 112 40 things,
634 838 115 40 always
778 837 74 32 with
877 838 53 31 the

110 910 87 21 same
220 899 99 42 object
340 899 30 31 in
390 899 89 32 view-
479 918 34 3 —
516 899 33 30 of
568 898 159 40 obtaining
749 909 83 20 more
855 898 76 31 than

112 960 38 32 he
174 959 72 43 paid
268 959 46 33 for
315 980 42 2 —
358 959 53 33 the
437 965 81 26 most
540 959 127 32 marked
689 959 116 31 feature
827 959 32 31 in
876 959 54 32 the

109 1021 182 43 dishonesty
318 1020 34 33 of
378 1032 55 21 our
462 1032 57 30 age
522 1040 41 3 —
566 1020 59 32 and
651 1031 58 21 one
740 1020 69 42 day,
841 1020 89 32 when

110 1082 40 32 he
171 1094 64 20 was
258 1081 188 33 somewhere
469 1082 93 31 about
584 1081 275 42 five-and-twenty,
883 1081 47 33 his

108 1144 102 31 father
225 1143 182 32 announced
429 1148 32 27 to
484 1143 64 32 him
568 1142 69 33 that
659 1142 38 33 he
720 1142 61 33 had
795 1142 94 33 found
910 1154 21 21 a

111 1205 70 32 wife
203 1205 47 32 for
272 1205 73 32 him.
391 1204 66 31 The
481 1204 58 41 girl
557 1215 63 20 was
640 1203 53 32 the
717 1203 71 42 only
805 1203 80 32 child
901 1203 32 32 of

109 1279 21 20 a
159 1266 170 32 well-to-do
367 1270 128 37 peasant
531 1277 74 19 near
643 1265 92 39 Blois,
767 1276 63 20 was
861 1265 70 31 well

109 1329 137 41 brought
283 1340 49 29 up,
364 1332 55 27 not
451 1331 109 37 pretty,
593 1326 60 31 and
683 1326 100 31 would
814 1331 32 26 at
875 1326 55 32 her

110 1390 128 32 father's
254 1389 92 32 death
361 1389 110 32 inherit
490 1389 114 40 sundry
621 1387 90 42 strips
727 1388 60 31 and
803 1389 126 31 morsels

109 1451 37 32 of
158 1451 72 31 land
232 1468 41 5 —
275 1451 43 30 du
334 1450 64 32 bien
407 1451 13 30 !
438 1461 33 20 as
487 1449 52 32 the
555 1448 106 42 people
679 1448 34 31 of
723 1448 66 31 that
805 1448 77 32 class
898 1448 31 31 in

109 1513 121 30 France
247 1511 58 32 call
321 1511 30 32 it.
