1090 1740
173 117 51 26 190

402 121 82 21 LOVE
508 119 64 21 THE
595 117 162 22 AVENGER.

171 211 33 20 so
231 199 23 31 it
278 198 61 32 Avill
370 198 123 40 remain,
528 195 45 33 till
596 195 52 32 the
673 198 116 38 system
813 192 26 31 is
861 189 142 44 changed

170 260 144 42 Avhereby
337 260 30 31 in
395 259 60 32 this
482 271 54 19 our
561 258 59 41 day
640 256 116 32 human
782 254 82 32 souls
889 264 51 21 are
968 263 36 21 so

170 321 140 43 foolishly
333 332 33 21 or
392 320 142 43 culpably
559 317 159 43 tampered
752 316 76 32 -with
852 315 43 42 by
920 313 81 33 their

171 383 146 31 so-called
333 383 198 31 Instructors.

214 446 80 30 Fear
309 444 93 42 being
416 443 54 33 the
485 443 124 41 leading
623 441 115 33 motive
756 440 35 32 of
806 437 194 35 nine-tenths

171 507 33 31 of
223 506 40 32 all
279 506 53 31 the
348 505 116 32 actions
480 503 178 33 committed
682 503 31 31 in
731 514 54 20 our
801 502 73 31 time
894 501 43 42 (at
959 499 40 32 all

170 572 114 36 events,
311 567 31 31 in
367 566 197 32 Continental
592 564 146 43 Europe),
767 575 62 31 you
852 575 73 29 may
952 566 47 27 set

169 629 90 30 doAvn
275 627 155 32 Avhatever
453 627 25 31 is
501 625 129 33 allowed
653 625 31 31 in
701 625 171 39 education,
890 628 33 27 to
945 622 55 32 the

170 689 96 32 desire
283 689 35 32 of
332 688 144 42 avoiding
492 687 173 41 something
680 698 107 21 Avorse.
834 685 165 41 Through-

169 756 53 26 out
244 750 40 32 all
300 749 198 33 Continental
515 748 153 32 countries
684 760 60 30 you
760 746 64 33 will
847 746 64 33 find
934 746 65 33 fear

169 811 158 41 actuating
352 811 40 31 all
417 810 161 32 educators
587 829 44 2 —
632 809 140 31 Avhether
797 808 145 38 mothers,
965 819 35 21 or

168 873 120 42 priests,
318 884 33 20 or
381 872 52 31 the
459 871 148 32 courtiers
634 870 106 32 whose
767 870 71 31 task
865 869 25 32 it
916 869 25 32 is
966 873 32 28 to

167 934 90 41 bring
287 945 40 31 up
359 934 128 41 princes.
535 932 97 32 What
663 932 74 41 they
768 936 82 27 most
881 931 64 32 fear
972 931 27 31 is

168 995 126 40 science,
313 995 121 41 namely
451 993 85 42 light.
585 993 175 40 Therefore,
779 993 117 41 having
912 1005 86 20 some

169 1068 100 30 vague
300 1056 106 32 notion
437 1056 67 31 that
533 1056 53 31 the
610 1055 141 32 faculties
775 1055 103 42 ought
901 1060 31 27 to
959 1055 39 32 be

167 1118 171 42 employed,
362 1117 75 42 they
460 1117 226 42 complacently
713 1116 92 42 guide
833 1116 86 33 them
950 1122 48 27 to-

167 1179 99 32 Avards
281 1178 53 32 the
351 1178 86 32 fields
454 1178 34 32 of
499 1183 58 35 art,
575 1178 61 32 and
652 1178 43 32 let
710 1178 86 32 them
813 1177 70 33 feed
897 1178 98 41 there,

167 1241 142 40 deeming
324 1240 69 31 that
408 1240 177 31 innocuous.

211 1302 95 31 What
321 1313 125 30 escapes
461 1300 86 32 them
570 1300 24 32 is
618 1300 52 32 the
694 1301 186 42 mysterious
905 1302 93 31 solid-

167 1363 78 42 arity
262 1363 34 32 of
315 1375 55 20 our
384 1362 102 42 being,
505 1362 60 32 and
588 1362 68 32 that
678 1363 317 43 oneness-in-variety

168 1425 33 31 of
221 1437 53 20 our
289 1429 109 27 nature
414 1424 66 32 that
496 1436 71 30 may
582 1424 135 42 produce
734 1437 39 19 an
790 1425 159 42 explosion
965 1425 37 33 of

167 1486 107 40 genius
305 1486 29 31 in
360 1486 52 32 the
443 1486 88 32 brain
555 1486 79 32 from
658 1486 54 32 the
742 1498 86 21 mere
854 1487 141 32 material

166 1546 91 32 touch
274 1558 81 30 upon
373 1558 83 21 some
484 1546 167 33 conductor
674 1558 114 30 among
803 1547 52 33 the
871 1559 123 22 nerves.
