1090 1740
425 97 72 22 TWO
519 98 135 21 POWERS.

895 93 51 26 291

247 171 26 33 is
384 173 177 32 murmured
577 174 136 41 Aspasie.

204 232 65 33 Yes
270 253 44 3 —
314 233 56 32 but
381 233 53 32 the
447 233 99 33 dress!
585 234 125 32 decided
722 234 51 32 the
785 234 162 42 Dowager,

161 294 60 32 five
249 295 148 42 counting
420 295 54 31 the
498 295 85 32 dress
584 315 43 3 —
627 295 76 41 well,
728 300 51 27 ten
806 307 88 30 years
918 302 31 25 at

128 355 61 32 five
210 355 162 41 thousand,
390 355 101 32 would
513 356 89 31 make
625 368 61 30 you
710 356 66 42 fifty
798 356 151 32 thousand

130 416 102 33 francs
244 430 6 28 ;
281 428 71 20 now
367 416 26 31 if
413 417 15 31 I
452 417 125 31 secured
591 422 33 27 to
649 429 60 30 you
734 430 56 19 one
813 418 136 31 hundred

128 477 156 32 thousand
306 478 101 31 francs
422 489 62 30 you
499 477 103 32 would
624 477 77 32 have
723 478 61 31 five
799 478 150 32 thousand

130 538 102 32 francs
248 550 109 29 a-year
372 538 41 31 all
428 550 78 29 your

301 599 165 42 Marquis's
505 599 119 32 fortune
656 599 96 41 ought
782 603 30 28 to
844 611 39 30 go
920 604 29 27 to

128 662 158 31 Monsieur
316 661 119 32 Olivier
475 661 37 31 de
543 661 190 40 Beauvoisin,
773 673 76 29 your
887 672 62 28 son,

127 723 100 41 ought
242 723 23 31 it
281 727 54 27 not
342 723 15 31 ?

205 783 163 40 Naturally
369 801 42 4 —
414 782 114 32 Olivier
543 782 26 31 is
585 782 47 31 his
649 782 63 31 sole
727 782 63 31 heir

206 845 74 32 And
302 844 109 43 people
435 855 54 30 say
503 843 43 32 M.
571 843 37 31 de
631 843 164 41 Moranges
817 843 55 31 has
888 848 60 26 two

131 919 33 20 or
179 907 86 32 three
281 906 140 31 hundred
436 904 152 32 thousand
603 904 100 31 francs

206 967 76 32 Alas
295 968 7 31 !
353 966 108 41 sighed
483 966 52 31 the
558 966 160 40 Dowager,
775 965 14 31 I
812 964 63 32 fear
897 971 52 24 not

130 1042 34 20 so
193 1028 94 33 much
316 1039 71 21 now
388 1047 43 3 —
431 1027 38 32 he
500 1027 24 31 is
556 1026 123 40 driving
715 1025 76 32 hard
820 1025 129 31 towards

127 1104 77 19 rum.

204 1153 61 31 But
281 1152 16 31 I
314 1151 84 31 don't
413 1149 89 33 think
524 1148 143 32 Madame
690 1148 147 32 Claudine
856 1147 25 32 is
895 1147 52 31 the

128 1226 94 22 cause
239 1213 34 33 of
405 1210 162 32 remarked
582 1209 130 42 Aspasie
727 1222 6 27 ;
856 1209 25 31 is
896 1213 51 27 too

127 1275 105 44 stupid
243 1280 33 27 to
292 1275 76 40 drag
384 1273 63 32 him
463 1272 64 31 into
543 1282 61 30 any

204 1336 51 33 No
269 1336 7 33 !
301 1336 57 31 but
381 1334 83 32 she's
489 1332 52 32 the
741 1330 132 32 retorted
894 1330 51 32 the

128 1398 161 41 Dowager.
342 1395 92 32 ."It's
464 1392 67 33 that
566 1391 231 33 establishment
834 1390 33 32 of
900 1390 45 32 his

127 1458 101 33 which
243 1458 27 33 is
284 1457 122 39 ruining

204 1520 63 32 But
288 1518 27 33 if
340 1518 53 32 she
417 1527 80 21 were
524 1518 31 28 to
580 1525 56 21 run
663 1524 87 30 away
772 1518 174 27 to-morroAv

820 1579 15 15 u
851 1575 11 19 2
