<?xml version="1.0" encoding="UTF-8"?>
<alto xmlns:xsi="http://www.w3.org/2001/XMLSchema-instance" xsi:noNamespaceSchemaLocation="http://www.bl.uk/schemas/alto/alto-1-4.xsd" xmlns:xlink="http://www.w3.org/1999/xlink">
	<Description>
		<MeasurementUnit>mm10</MeasurementUnit>
		<sourceImageInformation>
			<fileName>//head1/IN/2007-46/A0010888503.1/009552.jp2</fileName>
		</sourceImageInformation>
		<OCRProcessing ID="OCRPROCESSING_1">
			<preProcessingStep>
				<processingSoftware>
					<softwareCreator>CCS Content Conversion Specialists GmbH, Germany</softwareCreator>
					<softwareName>CCS docWORKS</softwareName>
					<softwareVersion>6.1-0.61</softwareVersion>
				</processingSoftware>
			</preProcessingStep>
			<ocrProcessingStep>
				<processingSoftware>
					<softwareCreator>ABBYY (BIT Software), Russia</softwareCreator>
					<softwareName>Finereader</softwareName>
				</processingSoftware>
			</ocrProcessingStep>
		</OCRProcessing>
	</Description>
	<Styles>
		<TextStyle ID="TXT_0" FONTSIZE="11" FONTFAMILY="Courier New"/>
		<TextStyle ID="TXT_1" FONTSIZE="10" FONTFAMILY="Courier New"/>
		<ParagraphStyle ID="PAR_LEFT" ALIGN="Left"/>
		<ParagraphStyle ID="PAR_CENTER" ALIGN="Center"/>
	</Styles>
	<Layout>
		<Page ID="P16" PHYSICAL_IMG_NR="16" HEIGHT="1740" WIDTH="1090" PRINTED_IMG_NR="4" POSITION="Left" ACCURACY="75.09">
			<TopMargin ID="P16_TM00001" HPOS="0" VPOS="0" WIDTH="1089" HEIGHT="149">
				<TextBlock ID="P16_TB00001" HPOS="152" VPOS="123" WIDTH="16" HEIGHT="24" STYLEREFS="TXT_0 PAR_LEFT">
					<TextLine ID="P16_TL00001" HPOS="152" VPOS="123" WIDTH="16" HEIGHT="24">
						<String ID="P16_ST00001" HPOS="152" VPOS="123" WIDTH="16" HEIGHT="24" CONTENT="4" WC="1.00" CC="0"/>
					</TextLine>
				</TextBlock>
				<TextBlock ID="P16_TB00002" HPOS="388" VPOS="120" WIDTH="351" HEIGHT="25" STYLEREFS="TXT_1 PAR_CENTER">
					<TextLine ID="P16_TL00002" HPOS="388" VPOS="121" WIDTH="351" HEIGHT="24">
						<String ID="P16_ST00002" HPOS="388" VPOS="126" WIDTH="81" HEIGHT="19" CONTENT="LOVE" WC="0.48" CC="6590"/>
						<SP ID="P16_SP00001" HPOS="469" VPOS="145" WIDTH="23"/>
						<String ID="P16_ST00003" HPOS="492" VPOS="124" WIDTH="64" HEIGHT="21" CONTENT="THE" WC="0.74" CC="061"/>
						<SP ID="P16_SP00002" HPOS="556" VPOS="145" WIDTH="23"/>
						<String ID="P16_ST00004" HPOS="579" VPOS="121" WIDTH="160" HEIGHT="23" CONTENT="AVENGER." WC="0.66" CC="07008550"/>
					</TextLine>
				</TextBlock>
			</TopMargin>
			<LeftMargin ID="P16_LM00001" HPOS="0" VPOS="149" WIDTH="148" HEIGHT="1446"/>
			<RightMargin ID="P16_RM00001" HPOS="982" VPOS="149" WIDTH="107" HEIGHT="1446"/>
			<BottomMargin ID="P16_BM00001" HPOS="0" VPOS="1595" WIDTH="1089" HEIGHT="144"/>
			<PrintSpace ID="P16_PS00001" HPOS="148" VPOS="149" WIDTH="834" HEIGHT="1446">
				<TextBlock ID="P16_TB00003" HPOS="152" VPOS="193" WIDTH="827" HEIGHT="174" STYLEREFS="TXT_1 PAR_LEFT">
					<TextLine ID="P16_TL00003" HPOS="153" VPOS="194" WIDTH="826" HEIGHT="54">
						<String ID="P16_ST00005" HPOS="153" VPOS="205" WIDTH="82" HEIGHT="43" CONTENT="dirty" WC="0.90" CC="02200"/>
						<SP ID="P16_SP00003" HPOS="235" VPOS="248" WIDTH="16"/>
						<String ID="P16_ST00006" HPOS="251" VPOS="205" WIDTH="102" HEIGHT="37" CONTENT="white," WC="0.71" CC="075004"/>
						<SP ID="P16_SP00004" HPOS="353" VPOS="248" WIDTH="17"/>
						<String ID="P16_ST00007" HPOS="370" VPOS="202" WIDTH="99" HEIGHT="32" CONTENT="which" WC="0.60" CC="07407"/>
						<SP ID="P16_SP00005" HPOS="469" VPOS="248" WIDTH="14"/>
						<String ID="P16_ST00008" HPOS="483" VPOS="199" WIDTH="153" HEIGHT="34" CONTENT="extended" WC="0.92" CC="00104000"/>
						<SP ID="P16_SP00006" HPOS="636" VPOS="248" WIDTH="15"/>
						<String ID="P16_ST00009" HPOS="651" VPOS="198" WIDTH="41" HEIGHT="33" CONTENT="all" WC="0.91" CC="011"/>
						<SP ID="P16_SP00007" HPOS="692" VPOS="248" WIDTH="15"/>
						<String ID="P16_ST00010" HPOS="707" VPOS="196" WIDTH="100" HEIGHT="34" CONTENT="round" WC="0.60" CC="60660"/>
						<SP ID="P16_SP00008" HPOS="807" VPOS="248" WIDTH="15"/>
						<String ID="P16_ST00011" HPOS="822" VPOS="195" WIDTH="54" HEIGHT="32" CONTENT="the" WC="0.72" CC="070"/>
						<SP ID="P16_SP00009" HPOS="876" VPOS="248" WIDTH="16"/>
						<String ID="P16_ST00012" HPOS="892" VPOS="194" WIDTH="87" HEIGHT="33" CONTENT="habi" SUBS_TYPE="HypPart1" SUBS_CONTENT="habitation," WC="0.59" CC="70740"/>
						<HYP CONTENT="-"/>
					</TextLine>
					<TextLine ID="P16_TL00004" HPOS="153" VPOS="256" WIDTH="826" HEIGHT="50">
						<String ID="P16_ST00013" HPOS="153" VPOS="266" WIDTH="105" HEIGHT="40" CONTENT="tation," SUBS_TYPE="HypPart2" SUBS_CONTENT="habitation," WC="0.87" CC="0000071"/>
						<SP ID="P16_SP00010" HPOS="258" VPOS="306" WIDTH="18"/>
						<String ID="P16_ST00014" HPOS="276" VPOS="277" WIDTH="63" HEIGHT="21" CONTENT="was" WC="0.45" CC="906"/>
						<SP ID="P16_SP00011" HPOS="339" VPOS="306" WIDTH="22"/>
						<String ID="P16_ST00015" HPOS="361" VPOS="263" WIDTH="152" HEIGHT="33" CONTENT="inscribed" WC="0.76" CC="300054600"/>
						<SP ID="P16_SP00012" HPOS="513" VPOS="306" WIDTH="23"/>
						<String ID="P16_ST00016" HPOS="536" VPOS="262" WIDTH="32" HEIGHT="32" CONTENT="in" WC="0.72" CC="50"/>
						<SP ID="P16_SP00013" HPOS="568" VPOS="306" WIDTH="23"/>
						<String ID="P16_ST00017" HPOS="591" VPOS="261" WIDTH="60" HEIGHT="42" CONTENT="big," WC="0.74" CC="4401"/>
						<SP ID="P16_SP00014" HPOS="651" VPOS="306" WIDTH="26"/>
						<String ID="P16_ST00018" HPOS="677" VPOS="259" WIDTH="90" HEIGHT="33" CONTENT="black" WC="0.85" CC="70000"/>
						<SP ID="P16_SP00015" HPOS="767" VPOS="306" WIDTH="24"/>
						<String ID="P16_ST00019" HPOS="791" VPOS="258" WIDTH="116" HEIGHT="40" CONTENT="letters," WC="0.87" CC="10000620"/>
						<SP ID="P16_SP00016" HPOS="907" VPOS="306" WIDTH="19"/>
						<String ID="P16_ST00020" HPOS="926" VPOS="256" WIDTH="53" HEIGHT="32" CONTENT="the" WC="0.35" CC="576"/>
					</TextLine>
					<TextLine ID="P16_TL00005" HPOS="152" VPOS="326" WIDTH="345" HEIGHT="41">
						<String ID="P16_ST00021" HPOS="152" VPOS="327" WIDTH="154" HEIGHT="40" CONTENT="following" WC="0.67" CC="016129320"/>
						<SP ID="P16_SP00017" HPOS="306" VPOS="367" WIDTH="16"/>
						<String ID="P16_ST00022" HPOS="322" VPOS="326" WIDTH="111" HEIGHT="41" CONTENT="legend" WC="0.92" CC="010020"/>
						<String ID="P16_ST00023" HPOS="445" VPOS="338" WIDTH="5" HEIGHT="19" CONTENT=":" WC="1.00" CC="0"/>
						<String ID="P16_ST00024" HPOS="454" VPOS="343" WIDTH="43" HEIGHT="5" CONTENT="—" WC="0.20" CC="8"/>
					</TextLine>
				</TextBlock>
				<TextBlock ID="P16_TB00004" HPOS="215" VPOS="410" WIDTH="701" HEIGHT="43" STYLEREFS="TXT_1 PAR_CENTER">
					<TextLine ID="P16_TL00006" HPOS="215" VPOS="411" WIDTH="701" HEIGHT="42">
						<String ID="P16_ST00025" HPOS="215" VPOS="418" WIDTH="127" HEIGHT="31" CONTENT="Widow" WC="0.42" CC="91439"/>
						<SP ID="P16_SP00018" HPOS="342" VPOS="449" WIDTH="16"/>
						<String ID="P16_ST00026" HPOS="358" VPOS="416" WIDTH="144" HEIGHT="37" CONTENT="Raynal," WC="0.72" CC="6020072"/>
						<SP ID="P16_SP00019" HPOS="502" VPOS="453" WIDTH="18"/>
						<String ID="P16_ST00027" HPOS="520" VPOS="414" WIDTH="136" HEIGHT="33" CONTENT="Grocer" WC="0.60" CC="804027"/>
						<SP ID="P16_SP00020" HPOS="656" VPOS="453" WIDTH="15"/>
						<String ID="P16_ST00028" HPOS="671" VPOS="422" WIDTH="68" HEIGHT="23" CONTENT="and" WC="0.43" CC="906"/>
						<SP ID="P16_SP00021" HPOS="739" VPOS="453" WIDTH="16"/>
						<String ID="P16_ST00029" HPOS="755" VPOS="411" WIDTH="161" HEIGHT="33" CONTENT="Vintner." WC="0.83" CC="60000060"/>
					</TextLine>
				</TextBlock>
				<TextBlock ID="P16_TB00005" HPOS="148" VPOS="504" WIDTH="834" HEIGHT="961" STYLEREFS="TXT_1 PAR_LEFT">
					<TextLine ID="P16_TL00007" HPOS="194" VPOS="505" WIDTH="783" HEIGHT="47">
						<String ID="P16_ST00030" HPOS="194" VPOS="511" WIDTH="65" HEIGHT="32" CONTENT="The" WC="0.76" CC="070"/>
						<SP ID="P16_SP00022" HPOS="259" VPOS="543" WIDTH="28"/>
						<String ID="P16_ST00031" HPOS="287" VPOS="510" WIDTH="76" HEIGHT="42" CONTENT="shop" WC="0.56" CC="6730"/>
						<SP ID="P16_SP00023" HPOS="363" VPOS="552" WIDTH="22"/>
						<String ID="P16_ST00032" HPOS="385" VPOS="509" WIDTH="117" HEIGHT="32" CONTENT="formed" WC="0.63" CC="007509"/>
						<SP ID="P16_SP00024" HPOS="502" VPOS="552" WIDTH="23"/>
						<String ID="P16_ST00033" HPOS="525" VPOS="508" WIDTH="53" HEIGHT="32" CONTENT="the" WC="0.75" CC="070"/>
						<SP ID="P16_SP00025" HPOS="578" VPOS="552" WIDTH="25"/>
						<String ID="P16_ST00034" HPOS="603" VPOS="518" WIDTH="108" HEIGHT="21" CONTENT="corner" WC="0.74" CC="004504"/>
						<SP ID="P16_SP00026" HPOS="711" VPOS="552" WIDTH="24"/>
						<String ID="P16_ST00035" HPOS="735" VPOS="505" WIDTH="35" HEIGHT="33" CONTENT="of" WC="0.90" CC="20"/>
						<SP ID="P16_SP00027" HPOS="770" VPOS="552" WIDTH="19"/>
						<String ID="P16_ST00036" HPOS="789" VPOS="505" WIDTH="56" HEIGHT="33" CONTENT="the" WC="0.62" CC="073"/>
						<SP ID="P16_SP00028" HPOS="845" VPOS="552" WIDTH="28"/>
						<String ID="P16_ST00037" HPOS="873" VPOS="509" WIDTH="104" HEIGHT="37" CONTENT="street," WC="0.83" CC="4050001"/>
					</TextLine>
					<TextLine ID="P16_TL00008" HPOS="152" VPOS="568" WIDTH="825" HEIGHT="43">
						<String ID="P16_ST00038" HPOS="152" VPOS="571" WIDTH="157" HEIGHT="33" CONTENT="inasmuch" WC="0.70" CC="06020607"/>
						<SP ID="P16_SP00029" HPOS="309" VPOS="604" WIDTH="17"/>
						<String ID="P16_ST00039" HPOS="326" VPOS="583" WIDTH="42" HEIGHT="28" CONTENT="as," WC="0.88" CC="030"/>
						<SP ID="P16_SP00030" HPOS="368" VPOS="611" WIDTH="18"/>
						<String ID="P16_ST00040" HPOS="386" VPOS="570" WIDTH="102" HEIGHT="32" CONTENT="whilst" WC="0.72" CC="075030"/>
						<SP ID="P16_SP00031" HPOS="488" VPOS="611" WIDTH="16"/>
						<String ID="P16_ST00041" HPOS="504" VPOS="581" WIDTH="57" HEIGHT="21" CONTENT="one" WC="0.77" CC="060"/>
						<SP ID="P16_SP00032" HPOS="561" VPOS="611" WIDTH="18"/>
						<String ID="P16_ST00042" HPOS="579" VPOS="569" WIDTH="63" HEIGHT="32" CONTENT="side" WC="0.73" CC="5400"/>
						<SP ID="P16_SP00033" HPOS="642" VPOS="611" WIDTH="17"/>
						<String ID="P16_ST00043" HPOS="659" VPOS="568" WIDTH="35" HEIGHT="32" CONTENT="of" WC="0.75" CC="40"/>
						<SP ID="P16_SP00034" HPOS="694" VPOS="611" WIDTH="18"/>
						<String ID="P16_ST00044" HPOS="712" VPOS="568" WIDTH="23" HEIGHT="32" CONTENT="it" WC="0.85" CC="20"/>
						<SP ID="P16_SP00035" HPOS="735" VPOS="611" WIDTH="21"/>
						<String ID="P16_ST00045" HPOS="756" VPOS="568" WIDTH="122" HEIGHT="42" CONTENT="opened" WC="0.88" CC="100500"/>
						<SP ID="P16_SP00036" HPOS="878" VPOS="611" WIDTH="16"/>
						<String ID="P16_ST00046" HPOS="894" VPOS="579" WIDTH="83" HEIGHT="31" CONTENT="upon" WC="0.82" CC="7000"/>
					</TextLine>
					<TextLine ID="P16_TL00009" HPOS="151" VPOS="629" WIDTH="827" HEIGHT="44">
						<String ID="P16_ST00047" HPOS="151" VPOS="633" WIDTH="53" HEIGHT="32" CONTENT="the" WC="0.75" CC="070"/>
						<SP ID="P16_SP00037" HPOS="204" VPOS="665" WIDTH="23"/>
						<String ID="P16_ST00048" HPOS="227" VPOS="637" WIDTH="102" HEIGHT="36" CONTENT="street," WC="0.90" CC="3030000"/>
						<SP ID="P16_SP00038" HPOS="329" VPOS="673" WIDTH="17"/>
						<String ID="P16_ST00049" HPOS="346" VPOS="632" WIDTH="52" HEIGHT="32" CONTENT="the" WC="0.77" CC="060"/>
						<SP ID="P16_SP00039" HPOS="398" VPOS="673" WIDTH="26"/>
						<String ID="P16_ST00050" HPOS="424" VPOS="631" WIDTH="87" HEIGHT="32" CONTENT="other" WC="0.85" CC="00700"/>
						<SP ID="P16_SP00040" HPOS="511" VPOS="673" WIDTH="20"/>
						<String ID="P16_ST00051" HPOS="531" VPOS="630" WIDTH="61" HEIGHT="33" CONTENT="had" WC="0.75" CC="700"/>
						<SP ID="P16_SP00041" HPOS="592" VPOS="673" WIDTH="23"/>
						<String ID="P16_ST00052" HPOS="615" VPOS="630" WIDTH="41" HEIGHT="32" CONTENT="its" WC="0.88" CC="300"/>
						<SP ID="P16_SP00042" HPOS="656" VPOS="673" WIDTH="23"/>
						<String ID="P16_ST00053" HPOS="679" VPOS="629" WIDTH="149" HEIGHT="33" CONTENT="windows" WC="0.64" CC="6360303"/>
						<SP ID="P16_SP00043" HPOS="828" VPOS="673" WIDTH="23"/>
						<String ID="P16_ST00054" HPOS="851" VPOS="641" WIDTH="85" HEIGHT="31" CONTENT="upon" WC="0.69" CC="7004"/>
						<SP ID="P16_SP00044" HPOS="936" VPOS="673" WIDTH="24"/>
						<String ID="P16_ST00055" HPOS="960" VPOS="641" WIDTH="18" HEIGHT="20" CONTENT="a" WC="1.00" CC="0"/>
					</TextLine>
					<TextLine ID="P16_TL00010" HPOS="152" VPOS="691" WIDTH="823" HEIGHT="44">
						<String ID="P16_ST00056" HPOS="152" VPOS="694" WIDTH="95" HEIGHT="40" CONTENT="small," WC="0.84" CC="400400"/>
						<SP ID="P16_SP00045" HPOS="247" VPOS="734" WIDTH="34"/>
						<String ID="P16_ST00057" HPOS="281" VPOS="705" WIDTH="77" HEIGHT="30" CONTENT="open" WC="0.74" CC="5005"/>
						<SP ID="P16_SP00046" HPOS="358" VPOS="735" WIDTH="31"/>
						<String ID="P16_ST00058" HPOS="389" VPOS="704" WIDTH="99" HEIGHT="31" CONTENT="space," WC="0.89" CC="600000"/>
						<SP ID="P16_SP00047" HPOS="488" VPOS="735" WIDTH="31"/>
						<String ID="P16_ST00059" HPOS="519" VPOS="691" WIDTH="201" HEIGHT="41" CONTENT="terminating" WC="0.76" CC="60501300350"/>
						<SP ID="P16_SP00048" HPOS="720" VPOS="735" WIDTH="24"/>
						<String ID="P16_ST00060" HPOS="744" VPOS="691" WIDTH="31" HEIGHT="32" CONTENT="in" WC="0.71" CC="50"/>
						<SP ID="P16_SP00049" HPOS="775" VPOS="735" WIDTH="28"/>
						<String ID="P16_ST00061" HPOS="803" VPOS="702" WIDTH="19" HEIGHT="21" CONTENT="a" WC="1.00" CC="0"/>
						<SP ID="P16_SP00050" HPOS="822" VPOS="735" WIDTH="23"/>
						<String ID="P16_ST00062" HPOS="845" VPOS="702" WIDTH="130" HEIGHT="29" CONTENT="narrow," WC="0.75" CC="7050400"/>
					</TextLine>
					<TextLine ID="P16_TL00011" HPOS="150" VPOS="751" WIDTH="832" HEIGHT="44">
						<String ID="P16_ST00063" HPOS="150" VPOS="754" WIDTH="115" HEIGHT="41" CONTENT="muddy" WC="0.87" CC="06000"/>
						<SP ID="P16_SP00051" HPOS="265" VPOS="795" WIDTH="24"/>
						<String ID="P16_ST00064" HPOS="289" VPOS="754" WIDTH="78" HEIGHT="40" CONTENT="lane," WC="0.71" CC="62500"/>
						<SP ID="P16_SP00052" HPOS="367" VPOS="795" WIDTH="23"/>
						<String ID="P16_ST00065" HPOS="390" VPOS="753" WIDTH="60" HEIGHT="32" CONTENT="and" WC="0.76" CC="070"/>
						<SP ID="P16_SP00053" HPOS="450" VPOS="795" WIDTH="26"/>
						<String ID="P16_ST00066" HPOS="476" VPOS="753" WIDTH="53" HEIGHT="31" CONTENT="the" WC="0.73" CC="070"/>
						<SP ID="P16_SP00054" HPOS="529" VPOS="795" WIDTH="24"/>
						<String ID="P16_ST00067" HPOS="553" VPOS="752" WIDTH="75" HEIGHT="32" CONTENT="door" WC="0.87" CC="0005"/>
						<SP ID="P16_SP00055" HPOS="628" VPOS="795" WIDTH="28"/>
						<String ID="P16_ST00068" HPOS="656" VPOS="752" WIDTH="34" HEIGHT="32" CONTENT="of" WC="1.00" CC="00"/>
						<SP ID="P16_SP00056" HPOS="690" VPOS="795" WIDTH="21"/>
						<String ID="P16_ST00069" HPOS="711" VPOS="752" WIDTH="54" HEIGHT="32" CONTENT="the" WC="0.72" CC="070"/>
						<SP ID="P16_SP00057" HPOS="765" VPOS="795" WIDTH="28"/>
						<String ID="P16_ST00070" HPOS="793" VPOS="751" WIDTH="77" HEIGHT="44" CONTENT="shop" WC="0.65" CC="6700"/>
						<SP ID="P16_SP00058" HPOS="870" VPOS="795" WIDTH="25"/>
						<String ID="P16_ST00071" HPOS="895" VPOS="751" WIDTH="87" HEIGHT="33" CONTENT="itself" WC="0.63" CC="405037"/>
					</TextLine>
					<TextLine ID="P16_TL00012" HPOS="149" VPOS="813" WIDTH="828" HEIGHT="43">
						<String ID="P16_ST00072" HPOS="149" VPOS="814" WIDTH="116" HEIGHT="33" CONTENT="formed" WC="0.92" CC="040000"/>
						<SP ID="P16_SP00059" HPOS="265" VPOS="847" WIDTH="12"/>
						<String ID="P16_ST00073" HPOS="277" VPOS="814" WIDTH="52" HEIGHT="32" CONTENT="the" WC="0.75" CC="070"/>
						<SP ID="P16_SP00060" HPOS="329" VPOS="847" WIDTH="13"/>
						<String ID="P16_ST00074" HPOS="342" VPOS="826" WIDTH="79" HEIGHT="30" CONTENT="apex" WC="1.00" CC="0000"/>
						<SP ID="P16_SP00061" HPOS="421" VPOS="856" WIDTH="13"/>
						<String ID="P16_ST00075" HPOS="434" VPOS="814" WIDTH="34" HEIGHT="31" CONTENT="of" WC="0.86" CC="20"/>
						<SP ID="P16_SP00062" HPOS="468" VPOS="856" WIDTH="10"/>
						<String ID="P16_ST00076" HPOS="478" VPOS="813" WIDTH="52" HEIGHT="32" CONTENT="the" WC="0.75" CC="070"/>
						<SP ID="P16_SP00063" HPOS="530" VPOS="856" WIDTH="16"/>
						<String ID="P16_ST00077" HPOS="546" VPOS="813" WIDTH="136" HEIGHT="32" CONTENT="uncouth" WC="0.58" CC="7700707"/>
						<SP ID="P16_SP00064" HPOS="682" VPOS="856" WIDTH="10"/>
						<String ID="P16_ST00078" HPOS="692" VPOS="813" WIDTH="142" HEIGHT="43" CONTENT="triangle," WC="0.87" CC="004060001"/>
						<SP ID="P16_SP00065" HPOS="834" VPOS="856" WIDTH="12"/>
						<String ID="P16_ST00079" HPOS="846" VPOS="813" WIDTH="131" HEIGHT="32" CONTENT="blunted" WC="0.64" CC="7565000"/>
					</TextLine>
					<TextLine ID="P16_TL00013" HPOS="149" VPOS="876" WIDTH="827" HEIGHT="42">
						<String ID="P16_ST00080" HPOS="149" VPOS="877" WIDTH="60" HEIGHT="32" CONTENT="and" WC="0.79" CC="014"/>
						<SP ID="P16_SP00066" HPOS="209" VPOS="909" WIDTH="15"/>
						<String ID="P16_ST00081" HPOS="224" VPOS="877" WIDTH="147" HEIGHT="32" CONTENT="flattened" WC="0.86" CC="110500300"/>
						<SP ID="P16_SP00067" HPOS="371" VPOS="909" WIDTH="19"/>
						<String ID="P16_ST00082" HPOS="390" VPOS="877" WIDTH="42" HEIGHT="41" CONTENT="by" WC="0.63" CC="70"/>
						<SP ID="P16_SP00068" HPOS="432" VPOS="918" WIDTH="15"/>
						<String ID="P16_ST00083" HPOS="447" VPOS="881" WIDTH="61" HEIGHT="28" CONTENT="two" WC="1.00" CC="000"/>
						<SP ID="P16_SP00069" HPOS="508" VPOS="918" WIDTH="16"/>
						<String ID="P16_ST00084" HPOS="524" VPOS="888" WIDTH="122" HEIGHT="21" CONTENT="uneven" WC="0.73" CC="610701"/>
						<SP ID="P16_SP00070" HPOS="646" VPOS="918" WIDTH="16"/>
						<String ID="P16_ST00085" HPOS="662" VPOS="876" WIDTH="176" HEIGHT="42" CONTENT="door-steps" WC="0.86" CC="0004030005"/>
						<SP ID="P16_SP00071" HPOS="838" VPOS="918" WIDTH="16"/>
						<String ID="P16_ST00086" HPOS="854" VPOS="876" WIDTH="35" HEIGHT="32" CONTENT="of" WC="1.00" CC="00"/>
						<SP ID="P16_SP00072" HPOS="889" VPOS="918" WIDTH="10"/>
						<String ID="P16_ST00087" HPOS="899" VPOS="888" WIDTH="77" HEIGHT="30" CONTENT="grey" WC="0.85" CC="0600"/>
					</TextLine>
					<TextLine ID="P16_TL00014" HPOS="149" VPOS="937" WIDTH="826" HEIGHT="43">
						<String ID="P16_ST00088" HPOS="149" VPOS="943" WIDTH="94" HEIGHT="27" CONTENT="stone." WC="0.84" CC="100700"/>
						<SP ID="P16_SP00073" HPOS="243" VPOS="970" WIDTH="48"/>
						<String ID="P16_ST00089" HPOS="291" VPOS="938" WIDTH="73" HEIGHT="32" CONTENT="Just" WC="0.65" CC="0651"/>
						<SP ID="P16_SP00074" HPOS="364" VPOS="970" WIDTH="27"/>
						<String ID="P16_ST00090" HPOS="391" VPOS="949" WIDTH="103" HEIGHT="20" CONTENT="across" WC="0.69" CC="006351"/>
						<SP ID="P16_SP00075" HPOS="494" VPOS="970" WIDTH="25"/>
						<String ID="P16_ST00091" HPOS="519" VPOS="937" WIDTH="53" HEIGHT="32" CONTENT="the" WC="0.56" CC="570"/>
						<SP ID="P16_SP00076" HPOS="572" VPOS="970" WIDTH="25"/>
						<String ID="P16_ST00092" HPOS="597" VPOS="949" WIDTH="80" HEIGHT="31" CONTENT="open" WC="0.86" CC="0005"/>
						<SP ID="P16_SP00077" HPOS="677" VPOS="980" WIDTH="31"/>
						<String ID="P16_ST00093" HPOS="708" VPOS="949" WIDTH="92" HEIGHT="31" CONTENT="space" WC="1.00" CC="00000"/>
						<SP ID="P16_SP00078" HPOS="800" VPOS="980" WIDTH="24"/>
						<String ID="P16_ST00094" HPOS="824" VPOS="950" WIDTH="48" HEIGHT="20" CONTENT="we" WC="0.93" CC="01"/>
						<SP ID="P16_SP00079" HPOS="872" VPOS="980" WIDTH="22"/>
						<String ID="P16_ST00095" HPOS="894" VPOS="938" WIDTH="81" HEIGHT="32" CONTENT="have" WC="0.81" CC="7000"/>
					</TextLine>
					<TextLine ID="P16_TL00015" HPOS="149" VPOS="999" WIDTH="823" HEIGHT="42">
						<String ID="P16_ST00096" HPOS="149" VPOS="999" WIDTH="172" HEIGHT="32" CONTENT="mentioned" WC="0.88" CC="005000500"/>
						<SP ID="P16_SP00080" HPOS="321" VPOS="1031" WIDTH="20"/>
						<String ID="P16_ST00097" HPOS="341" VPOS="1000" WIDTH="94" HEIGHT="40" CONTENT="(some" WC="0.86" CC="07000"/>
						<SP ID="P16_SP00081" HPOS="435" VPOS="1040" WIDTH="16"/>
						<String ID="P16_ST00098" HPOS="451" VPOS="1003" WIDTH="116" HEIGHT="37" CONTENT="twenty" WC="0.90" CC="000500"/>
						<SP ID="P16_SP00082" HPOS="567" VPOS="1040" WIDTH="14"/>
						<String ID="P16_ST00099" HPOS="581" VPOS="1011" WIDTH="32" HEIGHT="19" CONTENT="or" WC="0.88" CC="20"/>
						<SP ID="P16_SP00083" HPOS="613" VPOS="1040" WIDTH="16"/>
						<String ID="P16_ST00100" HPOS="629" VPOS="999" WIDTH="97" HEIGHT="42" CONTENT="thirty" WC="0.69" CC="075500"/>
						<SP ID="P16_SP00084" HPOS="726" VPOS="1041" WIDTH="16"/>
						<String ID="P16_ST00101" HPOS="742" VPOS="999" WIDTH="92" HEIGHT="42" CONTENT="yards" WC="0.75" CC="00092"/>
						<SP ID="P16_SP00085" HPOS="834" VPOS="1041" WIDTH="17"/>
						<String ID="P16_ST00102" HPOS="851" VPOS="1000" WIDTH="121" HEIGHT="41" CONTENT="square)" WC="0.67" CC="4060604"/>
					</TextLine>
					<TextLine ID="P16_TL00016" HPOS="148" VPOS="1059" WIDTH="827" HEIGHT="42">
						<String ID="P16_ST00103" HPOS="148" VPOS="1071" WIDTH="67" HEIGHT="21" CONTENT="rose" WC="0.71" CC="1450"/>
						<SP ID="P16_SP00086" HPOS="215" VPOS="1092" WIDTH="17"/>
						<String ID="P16_ST00104" HPOS="232" VPOS="1071" WIDTH="18" HEIGHT="20" CONTENT="a" WC="1.00" CC="0"/>
						<SP ID="P16_SP00087" HPOS="250" VPOS="1092" WIDTH="15"/>
						<String ID="P16_ST00105" HPOS="265" VPOS="1059" WIDTH="138" HEIGHT="41" CONTENT="building" WC="0.72" CC="56330020"/>
						<SP ID="P16_SP00088" HPOS="403" VPOS="1100" WIDTH="15"/>
						<String ID="P16_ST00106" HPOS="418" VPOS="1060" WIDTH="84" HEIGHT="31" CONTENT="three" WC="0.76" CC="07400"/>
						<SP ID="P16_SP00089" HPOS="502" VPOS="1100" WIDTH="21"/>
						<String ID="P16_ST00107" HPOS="523" VPOS="1060" WIDTH="110" HEIGHT="32" CONTENT="stories" WC="0.73" CC="4005206"/>
						<SP ID="P16_SP00090" HPOS="633" VPOS="1100" WIDTH="15"/>
						<String ID="P16_ST00108" HPOS="648" VPOS="1060" WIDTH="85" HEIGHT="41" CONTENT="high," WC="0.57" CC="76070"/>
						<SP ID="P16_SP00091" HPOS="733" VPOS="1101" WIDTH="18"/>
						<String ID="P16_ST00109" HPOS="751" VPOS="1061" WIDTH="76" HEIGHT="32" CONTENT="with" WC="0.67" CC="0507"/>
						<SP ID="P16_SP00092" HPOS="827" VPOS="1101" WIDTH="15"/>
						<String ID="P16_ST00110" HPOS="842" VPOS="1073" WIDTH="19" HEIGHT="21" CONTENT="a" WC="1.00" CC="0"/>
						<SP ID="P16_SP00093" HPOS="861" VPOS="1101" WIDTH="17"/>
						<String ID="P16_ST00111" HPOS="878" VPOS="1068" WIDTH="97" HEIGHT="26" CONTENT="smart" WC="0.78" CC="40050"/>
					</TextLine>
					<TextLine ID="P16_TL00017" HPOS="149" VPOS="1120" WIDTH="827" HEIGHT="42">
						<String ID="P16_ST00112" HPOS="149" VPOS="1120" WIDTH="128" HEIGHT="42" CONTENT="balcony" WC="0.80" CC="6000070"/>
						<SP ID="P16_SP00094" HPOS="277" VPOS="1162" WIDTH="16"/>
						<String ID="P16_ST00113" HPOS="293" VPOS="1126" WIDTH="32" HEIGHT="26" CONTENT="to" WC="0.84" CC="03"/>
						<SP ID="P16_SP00095" HPOS="325" VPOS="1162" WIDTH="16"/>
						<String ID="P16_ST00114" HPOS="341" VPOS="1121" WIDTH="39" HEIGHT="31" CONTENT="its" WC="0.80" CC="301"/>
						<SP ID="P16_SP00096" HPOS="380" VPOS="1162" WIDTH="15"/>
						<String ID="P16_ST00115" HPOS="395" VPOS="1120" WIDTH="157" HEIGHT="32" CONTENT="first-floor" WC="0.69" CC="00560122049"/>
						<String ID="P16_ST00116" HPOS="554" VPOS="1140" WIDTH="41" HEIGHT="3" CONTENT="—" WC="0.20" CC="8"/>
						<String ID="P16_ST00117" HPOS="596" VPOS="1132" WIDTH="19" HEIGHT="20" CONTENT="a" WC="1.00" CC="0"/>
						<SP ID="P16_SP00097" HPOS="615" VPOS="1162" WIDTH="15"/>
						<String ID="P16_ST00118" HPOS="630" VPOS="1121" WIDTH="93" HEIGHT="38" CONTENT="hotel," WC="0.70" CC="700063"/>
						<SP ID="P16_SP00098" HPOS="723" VPOS="1162" WIDTH="17"/>
						<String ID="P16_ST00119" HPOS="740" VPOS="1121" WIDTH="138" HEIGHT="33" CONTENT="forsooth" WC="0.74" CC="01540107"/>
						<SP ID="P16_SP00099" HPOS="878" VPOS="1162" WIDTH="12"/>
						<String ID="P16_ST00120" HPOS="890" VPOS="1124" WIDTH="7" HEIGHT="31" CONTENT="!" WC="0.71" CC="2"/>
						<SP ID="P16_SP00100" HPOS="897" VPOS="1162" WIDTH="23"/>
						<String ID="P16_ST00121" HPOS="920" VPOS="1129" WIDTH="56" HEIGHT="27" CONTENT="not" WC="0.73" CC="700"/>
					</TextLine>
					<TextLine ID="P16_TL00018" HPOS="149" VPOS="1182" WIDTH="824" HEIGHT="43">
						<String ID="P16_ST00122" HPOS="149" VPOS="1193" WIDTH="38" HEIGHT="20" CONTENT="an" WC="0.64" CC="07"/>
						<SP ID="P16_SP00101" HPOS="187" VPOS="1213" WIDTH="17"/>
						<String ID="P16_ST00123" HPOS="204" VPOS="1182" WIDTH="61" HEIGHT="39" CONTENT="inn," WC="0.71" CC="4070"/>
						<SP ID="P16_SP00102" HPOS="265" VPOS="1221" WIDTH="22"/>
						<String ID="P16_ST00124" HPOS="287" VPOS="1193" WIDTH="33" HEIGHT="20" CONTENT="or" WC="0.59" CC="43"/>
						<SP ID="P16_SP00103" HPOS="320" VPOS="1221" WIDTH="24"/>
						<String ID="P16_ST00125" HPOS="344" VPOS="1193" WIDTH="38" HEIGHT="20" CONTENT="an" WC="0.34" CC="67"/>
						<SP ID="P16_SP00104" HPOS="382" VPOS="1221" WIDTH="24"/>
						<String ID="P16_ST00126" HPOS="406" VPOS="1182" WIDTH="167" HEIGHT="40" CONTENT="ale-house," WC="0.76" CC="0600704400"/>
						<SP ID="P16_SP00105" HPOS="573" VPOS="1222" WIDTH="18"/>
						<String ID="P16_ST00127" HPOS="591" VPOS="1193" WIDTH="34" HEIGHT="21" CONTENT="or" WC="0.94" CC="10"/>
						<SP ID="P16_SP00106" HPOS="625" VPOS="1222" WIDTH="19"/>
						<String ID="P16_ST00128" HPOS="644" VPOS="1182" WIDTH="151" HEIGHT="43" CONTENT="anything" WC="0.40" CC="07907679"/>
						<SP ID="P16_SP00107" HPOS="795" VPOS="1225" WIDTH="24"/>
						<String ID="P16_ST00129" HPOS="819" VPOS="1195" WIDTH="34" HEIGHT="20" CONTENT="so" WC="0.79" CC="22"/>
						<SP ID="P16_SP00108" HPOS="853" VPOS="1225" WIDTH="24"/>
						<String ID="P16_ST00130" HPOS="877" VPOS="1186" WIDTH="96" HEIGHT="32" CONTENT="rustic" WC="0.58" CC="515407"/>
					</TextLine>
					<TextLine ID="P16_TL00019" HPOS="149" VPOS="1242" WIDTH="825" HEIGHT="42">
						<String ID="P16_ST00131" HPOS="149" VPOS="1253" WIDTH="33" HEIGHT="20" CONTENT="or" WC="0.76" CC="04"/>
						<SP ID="P16_SP00109" HPOS="182" VPOS="1273" WIDTH="23"/>
						<String ID="P16_ST00132" HPOS="205" VPOS="1242" WIDTH="207" HEIGHT="42" CONTENT="unimportant" WC="0.70" CC="56600260040"/>
						<String ID="P16_ST00133" HPOS="413" VPOS="1261" WIDTH="42" HEIGHT="4" CONTENT="—" WC="0.20" CC="8"/>
						<String ID="P16_ST00134" HPOS="456" VPOS="1242" WIDTH="57" HEIGHT="32" CONTENT="but" WC="0.56" CC="660"/>
						<SP ID="P16_SP00110" HPOS="513" VPOS="1284" WIDTH="22"/>
						<String ID="P16_ST00135" HPOS="535" VPOS="1254" WIDTH="19" HEIGHT="20" CONTENT="a" WC="1.00" CC="0"/>
						<SP ID="P16_SP00111" HPOS="554" VPOS="1284" WIDTH="21"/>
						<String ID="P16_ST00136" HPOS="575" VPOS="1242" WIDTH="84" HEIGHT="33" CONTENT="hotel" WC="0.63" CC="70406"/>
						<SP ID="P16_SP00112" HPOS="659" VPOS="1284" WIDTH="17"/>
						<String ID="P16_ST00137" HPOS="676" VPOS="1243" WIDTH="75" HEIGHT="33" CONTENT="with" WC="0.79" CC="0007"/>
						<SP ID="P16_SP00113" HPOS="751" VPOS="1284" WIDTH="17"/>
						<String ID="P16_ST00138" HPOS="768" VPOS="1256" WIDTH="19" HEIGHT="20" CONTENT="a" WC="1.00" CC="0"/>
						<SP ID="P16_SP00114" HPOS="787" VPOS="1284" WIDTH="14"/>
						<String ID="P16_ST00139" HPOS="801" VPOS="1244" WIDTH="79" HEIGHT="32" CONTENT="bran" WC="0.36" CC="7647"/>
						<SP ID="P16_SP00115" HPOS="880" VPOS="1284" WIDTH="24"/>
						<String ID="P16_ST00140" HPOS="904" VPOS="1258" WIDTH="70" HEIGHT="20" CONTENT="new" WC="0.85" CC="400"/>
					</TextLine>
					<TextLine ID="P16_TL00020" HPOS="149" VPOS="1303" WIDTH="824" HEIGHT="45">
						<String ID="P16_ST00141" HPOS="149" VPOS="1303" WIDTH="77" HEIGHT="42" CONTENT="sign," WC="0.64" CC="63061"/>
						<SP ID="P16_SP00116" HPOS="226" VPOS="1345" WIDTH="26"/>
						<String ID="P16_ST00142" HPOS="252" VPOS="1315" WIDTH="39" HEIGHT="20" CONTENT="on" WC="0.65" CC="07"/>
						<SP ID="P16_SP00117" HPOS="291" VPOS="1345" WIDTH="30"/>
						<String ID="P16_ST00143" HPOS="321" VPOS="1303" WIDTH="101" HEIGHT="32" CONTENT="which" WC="0.60" CC="07507"/>
						<SP ID="P16_SP00118" HPOS="422" VPOS="1345" WIDTH="31"/>
						<String ID="P16_ST00144" HPOS="453" VPOS="1314" WIDTH="63" HEIGHT="20" CONTENT="was" WC="0.86" CC="004"/>
						<SP ID="P16_SP00119" HPOS="516" VPOS="1345" WIDTH="30"/>
						<String ID="P16_ST00145" HPOS="546" VPOS="1303" WIDTH="149" HEIGHT="33" CONTENT="blazoned" WC="0.83" CC="50003400"/>
						<SP ID="P16_SP00120" HPOS="695" VPOS="1345" WIDTH="26"/>
						<String ID="P16_ST00146" HPOS="721" VPOS="1304" WIDTH="90" HEIGHT="40" CONTENT="forth," WC="0.80" CC="004070"/>
						<SP ID="P16_SP00121" HPOS="811" VPOS="1345" WIDTH="30"/>
						<String ID="P16_ST00147" HPOS="841" VPOS="1305" WIDTH="31" HEIGHT="32" CONTENT="in" WC="0.52" CC="54"/>
						<SP ID="P16_SP00122" HPOS="872" VPOS="1345" WIDTH="27"/>
						<String ID="P16_ST00148" HPOS="899" VPOS="1307" WIDTH="74" HEIGHT="41" CONTENT="gold" WC="1.00" CC="0000"/>
					</TextLine>
					<TextLine ID="P16_TL00021" HPOS="149" VPOS="1364" WIDTH="822" HEIGHT="46">
						<String ID="P16_ST00149" HPOS="149" VPOS="1375" WIDTH="82" HEIGHT="31" CONTENT="upon" WC="0.71" CC="6004"/>
						<SP ID="P16_SP00123" HPOS="231" VPOS="1406" WIDTH="23"/>
						<String ID="P16_ST00150" HPOS="254" VPOS="1364" WIDTH="105" HEIGHT="41" CONTENT="bright" WC="0.79" CC="013070"/>
						<SP ID="P16_SP00124" HPOS="359" VPOS="1406" WIDTH="22"/>
						<String ID="P16_ST00151" HPOS="381" VPOS="1364" WIDTH="77" HEIGHT="40" CONTENT="blue," WC="0.83" CC="02600"/>
						<SP ID="P16_SP00125" HPOS="458" VPOS="1406" WIDTH="19"/>
						<String ID="P16_ST00152" HPOS="477" VPOS="1364" WIDTH="129" HEIGHT="42" CONTENT="nothing" WC="0.53" CC="5007459"/>
						<SP ID="P16_SP00126" HPOS="606" VPOS="1406" WIDTH="16"/>
						<String ID="P16_ST00153" HPOS="622" VPOS="1365" WIDTH="62" HEIGHT="32" CONTENT="less" WC="0.76" CC="2043"/>
						<SP ID="P16_SP00127" HPOS="684" VPOS="1406" WIDTH="16"/>
						<String ID="P16_ST00154" HPOS="700" VPOS="1365" WIDTH="74" HEIGHT="33" CONTENT="than" WC="0.67" CC="0705"/>
						<SP ID="P16_SP00128" HPOS="774" VPOS="1406" WIDTH="15"/>
						<String ID="P16_ST00155" HPOS="789" VPOS="1367" WIDTH="54" HEIGHT="32" CONTENT="the" WC="0.68" CC="071"/>
						<SP ID="P16_SP00129" HPOS="843" VPOS="1406" WIDTH="17"/>
						<String ID="P16_ST00156" HPOS="860" VPOS="1369" WIDTH="111" HEIGHT="41" CONTENT="words," WC="0.82" CC="005050"/>
					</TextLine>
					<TextLine ID="P16_TL00022" HPOS="149" VPOS="1424" WIDTH="384" HEIGHT="41">
						<String ID="P16_ST00157" HPOS="149" VPOS="1425" WIDTH="30" HEIGHT="30" CONTENT="A" WC="1.00" CC="0"/>
						<SP ID="P16_SP00130" HPOS="179" VPOS="1455" WIDTH="16"/>
						<String ID="P16_ST00158" HPOS="195" VPOS="1424" WIDTH="117" HEIGHT="32" CONTENT="l'Hotel" WC="0.63" CC="4269002"/>
						<SP ID="P16_SP00131" HPOS="312" VPOS="1456" WIDTH="15"/>
						<String ID="P16_ST00159" HPOS="327" VPOS="1425" WIDTH="37" HEIGHT="32" CONTENT="de" WC="1.00" CC="00"/>
						<SP ID="P16_SP00132" HPOS="364" VPOS="1457" WIDTH="16"/>
						<String ID="P16_ST00160" HPOS="380" VPOS="1425" WIDTH="153" HEIGHT="40" CONTENT="l'Europe." WC="0.64" CC="205550903"/>
					</TextLine>
				</TextBlock>
				<TextBlock ID="P16_TB00006" HPOS="149" VPOS="1484" WIDTH="822" HEIGHT="111" STYLEREFS="TXT_1 PAR_LEFT">
					<TextLine ID="P16_TL00023" HPOS="192" VPOS="1485" WIDTH="779" HEIGHT="45">
						<String ID="P16_ST00161" HPOS="192" VPOS="1485" WIDTH="123" HEIGHT="41" CONTENT="Europe" WC="0.70" CC="145006"/>
						<String ID="P16_ST00162" HPOS="328" VPOS="1486" WIDTH="6" HEIGHT="32" CONTENT="!" WC="1.00" CC="0"/>
						<SP ID="P16_SP00133" HPOS="334" VPOS="1526" WIDTH="25"/>
						<String ID="P16_ST00163" HPOS="359" VPOS="1486" WIDTH="140" HEIGHT="43" CONTENT="Nothing" WC="0.71" CC="7007040"/>
						<SP ID="P16_SP00134" HPOS="499" VPOS="1529" WIDTH="10"/>
						<String ID="P16_ST00164" HPOS="509" VPOS="1487" WIDTH="69" HEIGHT="42" CONTENT="less," WC="0.72" CC="50340"/>
						<SP ID="P16_SP00135" HPOS="578" VPOS="1529" WIDTH="18"/>
						<String ID="P16_ST00165" HPOS="596" VPOS="1487" WIDTH="25" HEIGHT="32" CONTENT="it" WC="0.79" CC="40"/>
						<SP ID="P16_SP00136" HPOS="621" VPOS="1529" WIDTH="17"/>
						<String ID="P16_ST00166" HPOS="638" VPOS="1489" WIDTH="131" HEIGHT="41" CONTENT="seemed," WC="0.94" CC="4000000"/>
						<SP ID="P16_SP00137" HPOS="769" VPOS="1530" WIDTH="19"/>
						<String ID="P16_ST00167" HPOS="788" VPOS="1491" WIDTH="103" HEIGHT="33" CONTENT="would" WC="0.84" CC="00610"/>
						<SP ID="P16_SP00138" HPOS="891" VPOS="1530" WIDTH="17"/>
						<String ID="P16_ST00168" HPOS="908" VPOS="1493" WIDTH="63" HEIGHT="31" CONTENT="suit" WC="0.72" CC="5500"/>
					</TextLine>
					<TextLine ID="P16_TL00024" HPOS="149" VPOS="1546" WIDTH="822" HEIGHT="49">
						<String ID="P16_ST00169" HPOS="149" VPOS="1546" WIDTH="51" HEIGHT="32" CONTENT="the" WC="0.76" CC="070"/>
						<SP ID="P16_SP00139" HPOS="200" VPOS="1578" WIDTH="16"/>
						<String ID="P16_ST00170" HPOS="216" VPOS="1546" WIDTH="251" HEIGHT="43" CONTENT="magniloquence" WC="0.82" CC="2000020055600"/>
						<SP ID="P16_SP00140" HPOS="467" VPOS="1589" WIDTH="11"/>
						<String ID="P16_ST00171" HPOS="478" VPOS="1548" WIDTH="34" HEIGHT="32" CONTENT="of" WC="1.00" CC="00"/>
						<SP ID="P16_SP00141" HPOS="512" VPOS="1589" WIDTH="11"/>
						<String ID="P16_ST00172" HPOS="523" VPOS="1549" WIDTH="61" HEIGHT="32" CONTENT="this" WC="0.61" CC="0752"/>
						<SP ID="P16_SP00142" HPOS="584" VPOS="1589" WIDTH="16"/>
						<String ID="P16_ST00173" HPOS="600" VPOS="1549" WIDTH="112" HEIGHT="43" CONTENT="village" WC="0.63" CC="7404090"/>
						<SP ID="P16_SP00143" HPOS="712" VPOS="1592" WIDTH="17"/>
						<String ID="P16_ST00174" HPOS="729" VPOS="1551" WIDTH="147" HEIGHT="44" CONTENT="hostelry," WC="0.75" CC="703034300"/>
						<SP ID="P16_SP00144" HPOS="876" VPOS="1595" WIDTH="19"/>
						<String ID="P16_ST00175" HPOS="895" VPOS="1565" WIDTH="76" HEIGHT="30" CONTENT="very" WC="0.73" CC="4060"/>
					</TextLine>
				</TextBlock>
			</PrintSpace>
		</Page>
	</Layout>
</alto>
