1090 1740
296 86 250 24 MADEMOISELLE
569 89 136 21 ASPASIE.

857 84 51 25 249

87 159 113 42 pulses.
427 163 39 33 he
489 164 106 41 added,
726 165 136 42 Marquis
884 165 24 31 is

87 220 50 33 his
154 233 71 20 own
240 228 116 27 master
371 236 78 26 now,
467 225 59 32 and

131 283 60 31 His
208 285 182 40 companion
406 291 51 27 cut
473 286 64 32 him
554 287 92 32 short.

163 344 78 32 He's
256 356 76 31 very
346 345 78 33 little
446 358 84 21 more
553 347 47 32 his
623 360 70 19 own
707 352 114 28 master
836 348 74 32 than

87 405 38 32 he
153 417 72 20 ever
363 407 55 32 she
443 408 157 32 observed.
761 410 93 31 wife's
878 414 32 27 at

87 467 52 31 the
155 467 80 32 head
251 467 34 32 of
302 467 49 33 his
366 467 106 42 house,
490 469 61 31 and
572 469 47 31 his
641 470 147 31 mother's
805 475 30 26 at
857 470 53 32 the

87 528 79 32 head
183 528 34 32 of
236 528 71 33 him.
354 529 51 32 He
429 530 83 32 don't
534 542 70 20 care
620 531 46 31 for
680 531 94 41 being
796 536 114 26 master

88 600 73 21 over
178 589 159 41 anything,
355 595 55 27 not
425 602 78 20 even
518 591 48 31 his

252 663 78 20 even
354 651 48 32 his
580 653 139 41 inquired
741 652 166 42 Theophile

87 712 193 39 Mardonnet,
298 713 76 31 with
391 725 17 19 a
424 713 94 32 smile.

132 773 138 32 "Hasn't
282 778 55 37 got
451 774 135 41 rejoined
597 774 51 31 the
659 774 79 41 lady.
809 774 99 31 Heart

87 834 110 31 indeed
208 836 6 30 !
240 834 79 41 well,
345 839 32 27 to
404 835 38 31 be
470 846 78 29 sure,
573 846 18 20 a
616 839 103 36 pretty
738 834 89 41 thing
849 846 59 29 you

87 895 78 32 have
188 896 47 31 hit
254 907 84 30 upon
348 897 7 31 !
402 896 99 31 Heart
511 898 14 29 ?
569 896 93 40 Why,
680 895 101 32 where
794 895 38 31 do
848 907 60 29 you

87 969 133 29 suppose
236 957 68 31 that
320 957 109 31 should
445 968 85 20 come

160 1019 90 40 Well,
267 1019 25 31 it
311 1019 27 31 is
361 1030 18 20 a
400 1018 62 31 fact
484 1018 67 31 that
574 1029 61 29 you
659 1017 171 31 sometimes
845 1017 63 31 find

86 1080 23 32 it
124 1080 31 31 in
170 1080 54 32 the
239 1091 75 30 very
330 1084 94 27 worst
551 1078 110 41 opined
672 1078 42 32 M.
731 1079 174 41 Theophile,

87 1153 34 21 as
137 1141 120 41 though
273 1146 33 26 to
322 1152 112 20 excuse
458 1139 48 32 his
523 1144 83 27 want
628 1139 34 32 of
680 1140 179 41 knoAvledge
878 1140 33 31 of

86 1203 117 30 human
218 1207 117 26 nature.

160 1263 37 31 In
213 1262 52 32 the
281 1273 76 30 very
534 1260 114 31 echoed
662 1260 82 31 Mile.
759 1260 128 41 Aspasie
899 1273 5 28 ;

117 1325 16 31 I
159 1323 110 32 should
295 1322 89 31 think
409 1333 42 20 so.
499 1321 60 31 But
584 1321 43 31 M.
655 1321 27 30 le
707 1320 136 41 Marquis
869 1321 35 31 de

87 1384 187 34 Beauvoisin
301 1383 25 31 is
354 1394 32 20 as
411 1382 46 31 far
479 1381 78 32 from
582 1381 53 32 the
660 1393 74 29 very
757 1386 92 27 worst
872 1393 32 20 as

87 1448 78 31 from
188 1446 53 31 the
264 1456 75 30 very
362 1444 76 31 best.
485 1443 75 31 He's
589 1443 110 41 simply
722 1443 129 41 nothing
873 1447 31 27 at

87 1509 40 32 all
144 1506 158 41 decidedly
313 1519 6 28 ;
337 1505 135 42 scarcely
487 1516 77 20 even
579 1504 66 31 half
657 1504 59 31 and
732 1504 68 32 half.
843 1504 61 32 But
