1090 1740
341 105 141 22 MADAME
505 106 168 21 CLAUDINE.

864 104 52 24 139

95 178 51 32 the
171 180 140 41 penitent
342 182 99 40 sinful,
471 193 33 21 as
531 182 25 32 is
582 182 54 32 the
663 187 83 28 wont
768 182 35 33 of
825 189 93 26 sweet

95 240 161 42 preachers
269 254 5 20 :
278 262 43 3 —
322 243 83 32 what
417 243 26 32 is
455 243 141 42 required
605 243 25 32 is
643 255 83 21 some
737 243 180 42 knowledge

96 302 33 32 of
140 303 51 32 the
208 304 179 33 incitement
402 309 31 27 to
450 305 55 40 sin,
516 316 83 21 some
616 305 66 32 clue
698 310 32 27 to
747 305 83 32 what
845 317 73 31 may

95 364 67 32 lead
178 369 30 27 to
232 364 52 33 the
307 365 181 42 prevention
511 365 34 32 of
567 366 31 32 it.
645 366 43 31 At
711 366 62 31 this
795 366 123 42 Society

96 425 108 43 shrugs
227 426 38 32 its
291 426 166 41 shoulders,
484 431 102 27 averts
610 427 39 31 its
674 427 87 40 head,
789 439 78 30 says,
891 427 25 32 it

95 487 147 43 probably
258 489 84 30 can't
357 488 37 31 be
411 488 119 42 helped,
545 487 114 43 opines,
673 488 97 31 above
786 488 48 40 all,
848 488 68 31 that

95 547 51 33 the
162 548 61 32 less
239 549 65 31 said
321 549 34 31 of
372 549 24 32 it
412 549 53 32 the
480 549 107 41 better,
612 549 69 41 and,
699 553 93 27 worst
808 549 35 31 of
865 549 48 40 all,

94 609 126 42 implies,
234 610 41 41 by
291 610 40 31 all
347 610 37 31 its
400 615 66 26 acts
482 610 61 31 and
559 610 39 31 all
618 610 40 31 its
673 614 185 37 arguments,
876 610 39 31 its

94 670 140 32 intimate
250 671 172 31 conviction
438 671 34 32 of
490 671 53 32 the
565 671 176 32 irresistible
758 670 104 32 charm
885 671 33 31 of

94 731 80 32 Evil.

136 791 59 32 We
213 803 50 20 are
280 792 139 42 learning
436 804 92 30 every
545 792 68 42 day,
630 792 56 31 but
702 804 55 19 our
777 791 137 42 learning

92 852 26 31 is
142 852 81 31 lame
249 853 61 30 and
334 853 74 40 halt,
441 853 59 31 and
533 865 54 19 our
613 853 177 41 acquisitive
816 853 100 31 forces

92 913 87 32 don't
201 914 65 41 pull
290 914 128 41 steadily
433 914 150 41 together.
629 914 58 31 We
711 913 80 32 have
813 918 102 37 pretty

91 975 69 31 well
191 975 152 31 mastered
374 975 53 31 the
459 975 62 31 fact
550 975 69 31 that
649 975 116 31 disease
794 975 25 31 is
850 979 63 36 not,

85 1049 62 30 per
165 1049 39 28 se,
228 1037 55 31 but
306 1048 106 20 means
433 1036 52 31 the
509 1036 171 42 incapacity
696 1037 35 31 of
749 1036 164 32 resistance

90 1097 35 31 of
135 1097 53 31 the
205 1097 146 31 diseased.
399 1096 100 32 There
514 1108 46 20 we
576 1097 89 31 stand
681 1097 70 31 still.

133 1158 71 32 Evil
228 1158 56 32 has
307 1170 40 19 no
372 1157 114 41 charm,
505 1170 63 30 per
587 1170 39 28 se,
649 1158 55 31 but
725 1158 83 31 feeds
834 1157 82 32 itself

89 1220 63 31 into
169 1231 105 30 power
289 1231 83 30 upon
392 1219 52 32 the
460 1219 172 42 incapacity
648 1219 34 31 of
692 1219 89 41 good.
828 1219 84 37 Vice,

90 1280 103 32 which
216 1292 46 19 we
288 1280 143 30 moderns
456 1291 51 20 are
528 1279 82 41 daily
632 1291 84 19 more
744 1279 59 30 and
827 1290 84 20 more

91 1341 126 41 bowing
242 1341 88 31 doAAm
357 1345 32 26 to
416 1352 33 19 as
473 1352 171 29 necessary,
670 1340 24 31 is
722 1351 17 19 a
757 1339 154 41 negation.

89 1402 46 34 Of
146 1401 87 33 itself
243 1401 24 31 it
282 1401 25 31 is
322 1405 65 27 not.
435 1400 187 41 Strengthen
632 1400 104 41 Right,
751 1400 60 31 and
825 1400 86 32 there

87 1463 103 33 would
213 1463 39 32 be
268 1474 40 20 no
323 1473 117 29 wrong.
487 1461 100 32 These
612 1473 51 19 are
678 1461 52 32 the
747 1461 101 33 truths
864 1474 50 20 we

87 1537 85 20 seem
188 1529 30 28 to
233 1523 100 33 avoid.
