1090 1740
398 439 205 31 CHAPTER
627 440 54 30 IX.

426 536 42 20 LA
491 536 165 20 TRAVIATA.

174 612 36 32 It
232 623 63 21 was
319 623 39 21 an
381 611 229 42 extraordinary
625 612 240 42 representation
883 613 68 31 that

130 673 73 32 took
218 673 87 43 place
317 673 68 32 that
399 673 89 42 night
503 677 31 28 at
548 673 52 32 the
614 685 91 30 opera
718 687 6 27 ;
750 685 56 20 one
819 674 35 31 of
864 674 86 31 those

130 735 252 31 entertainments
398 734 46 32 for
459 733 101 33 which
581 735 109 42 people
706 735 71 31 take
792 735 110 32 tickets
919 747 32 20 as

129 795 75 42 they
229 795 38 31 do
293 795 32 31 in
349 807 38 19 an
422 795 162 31 excursion
607 795 87 40 train,
721 795 146 42 whizzing
891 796 60 31 and

130 856 143 37 Avhirlins;
288 855 134 38 through
437 855 53 32 the
508 855 120 32 domain
645 855 32 32 of
696 860 48 27 art
767 868 33 19 as
817 857 133 36 through

130 929 94 30 many
243 916 95 38 lands,
364 916 121 42 getting
511 928 18 20 a
552 920 67 28 vast
645 916 67 32 deal
734 921 51 27 too
810 917 90 31 much
922 917 33 31 of

130 978 83 32 what
227 978 26 31 is
268 978 172 31 indifferent
454 983 32 26 to
502 978 92 40 them,
609 978 59 31 and
684 978 74 31 little
774 990 34 20 or
823 979 128 41 nothing

131 1039 34 31 of
191 1039 85 31 wrhat
297 1038 73 42 they
396 1050 72 30 may
491 1039 94 41 really
612 1050 67 20 care
701 1038 54 41 for,
787 1039 41 31 all
850 1039 100 31 which

130 1099 237 32 considerations
386 1099 61 31 will
477 1111 94 19 never
600 1104 129 37 present
756 1099 54 32 the
840 1099 110 32 tickets

128 1161 78 31 from
232 1159 94 43 being
348 1159 103 41 taken,
469 1160 60 31 and
552 1160 52 31 the
625 1160 101 42 places
746 1160 90 32 filled.
884 1161 52 32 Un

129 1221 95 31 heard
241 1220 34 32 of
289 1220 180 32 attractions
485 1221 61 31 had
561 1221 76 31 been
653 1221 138 42 grouped
806 1221 145 41 together

130 1294 38 19 on
191 1282 61 31 this
279 1282 96 41 night,
397 1282 60 31 and
481 1281 77 36 after
574 1281 151 41 Joachim,
751 1281 60 31 and
834 1281 114 41 Vivier,

129 1343 61 31 and
205 1342 151 32 Bottesini
359 1362 41 3 —
404 1343 34 41 (it
455 1342 62 32 had
532 1354 77 20 even
629 1342 78 32 been
729 1342 65 31 said
817 1342 66 31 that
899 1342 51 32 the

129 1404 90 31 Abbe
235 1403 85 31 Liszt
337 1403 99 31 would
452 1408 32 26 at
508 1415 18 19 a
549 1402 113 32 certain
685 1408 138 26 moment
838 1414 113 31 appear

127 1467 32 31 in
182 1465 54 32 the
264 1464 263 41 orchestra-stalls,
550 1465 30 30 in
605 1464 46 31 his
667 1464 87 32 white
771 1464 179 32 Dominican

127 1528 90 32 robes
229 1528 6 32 !
243 1545 38 5 —
282 1538 19 20 a
323 1525 143 33 manifest
490 1525 157 32 invention
661 1525 18 40 !)
682 1544 41 4 —
726 1525 75 32 after
824 1526 39 31 all
878 1526 70 39 this,
