1090 1740
159 109 51 26 134

393 116 82 20 LOVE
498 116 64 20 THE
586 114 163 22 AVENGER.

156 205 62 21 was
235 205 33 21 so
284 194 69 42 pale
369 193 68 33 that
451 193 53 34 the
520 204 118 21 masses
657 191 35 32 of
708 190 56 32 fair
781 188 67 33 hair
865 188 51 33 did
931 193 56 27 not

154 254 152 34 confound
330 255 79 33 their
424 255 75 33 tints
522 255 73 32 Avith
619 254 52 33 the
687 254 61 31 hue
773 252 35 32 of
826 251 54 32 the
904 251 82 40 skin,

154 316 57 32 but
227 317 123 32 seemed
365 322 30 27 to
407 316 150 33 surround
569 316 52 32 the
635 315 153 33 alabaster
804 313 90 33 mask
907 313 76 32 with

153 390 18 20 a
195 379 162 41 mounting
382 378 35 32 of
439 378 88 42 shiny
554 377 81 43 gold.
691 376 66 33 The
785 376 118 40 mouth,
930 375 56 33 the

152 439 81 42 chin,
257 440 59 32 and
332 440 78 31 form
433 440 34 32 of
484 439 53 33 the
554 439 72 42 jaw,
643 439 41 32 all
708 438 62 32 this
787 449 73 30 was,
886 437 26 32 if
930 442 55 28 not

152 501 98 42 faulty
275 514 33 19 as
334 506 32 28 to
390 502 124 40 outline,
540 501 179 42 suggestive
743 499 35 32 of
797 499 186 43 unpleasant

150 563 83 33 ideas
246 577 5 27 ;
284 564 53 32 the
367 575 73 21 nose
467 575 65 21 was
562 564 82 41 long,
676 563 76 40 thin,
786 561 61 33 and
877 562 106 32 rather

148 624 137 43 pointed;
296 624 52 33 the
359 637 81 30 eyes,
452 625 85 40 dark,
546 624 61 33 and
618 624 77 43 deep
706 628 57 36 set,
773 635 33 21 as
818 628 79 28 stars
908 635 73 21 seen

148 691 32 27 at
196 686 51 32 the
263 686 118 32 bottom
398 686 35 32 of
444 698 17 20 a
472 686 77 41 well,
562 686 70 41 and,
646 686 107 32 drawn
766 685 130 44 sharply
906 698 74 20 over

146 746 95 42 them,
263 747 52 32 the
340 751 94 37 stern,
460 747 132 42 straight
615 747 70 39 line,
702 751 54 28 not
778 746 54 33 the
849 747 83 42 arch,
950 747 36 32 of

147 819 39 21 an
202 809 182 42 implacable
406 809 166 42 eye-brow.
618 809 105 32 When
738 821 62 30 you
824 809 62 32 had
902 822 76 20 once

147 870 128 32 alloAved
291 882 77 30 your
384 883 77 29 gaze
478 875 33 28 to
527 875 64 29 rest
606 883 40 20 on
661 871 62 33 this
740 873 152 31 woman's
910 872 67 32 face

145 931 23 32 it
185 944 62 20 was
262 937 55 27 not
334 944 72 30 easy
422 937 33 28 to
472 932 111 33 detach
606 933 32 40 it,
665 933 146 43 curiosity
827 934 72 32 held
914 945 62 31 you

145 994 128 41 captive,
292 1005 34 21 as
342 999 32 27 at
386 994 53 33 the
456 994 154 43 approach
624 994 34 33 of
665 994 194 33 whatsoever
875 1007 104 20 seems

144 1055 190 40 mysterious.

317 1116 68 33 Avell
406 1116 66 33 that
494 1117 123 33 diadem
639 1117 34 32 of
692 1118 103 33 rubies
820 1118 62 32 and
908 1119 67 32 dia-

143 1177 108 31 monds
268 1177 76 32 suits
461 1178 66 32 said
544 1178 122 32 Olivier.

345 1239 177 31 murmured
552 1239 53 32 the
638 1240 151 41 Duchess,
821 1242 153 41 pursuing

142 1298 54 31 her
227 1298 49 32 old
307 1298 87 42 idea;
539 1299 81 32 have
648 1312 73 20 seen
748 1301 69 32 that
848 1302 122 33 diadem

141 1359 103 32 before
267 1371 78 29 now,
369 1372 53 31 my
438 1360 73 32 dear
511 1381 43 3 —
555 1361 134 32 handled
711 1362 25 32 it
737 1382 43 4 —
781 1364 61 32 and
864 1364 27 32 if
908 1376 63 31 you

141 1419 61 33 had
218 1420 122 42 chosen,
357 1422 24 32 it
393 1422 101 32 would
509 1422 79 34 have
605 1423 78 33 been
699 1436 19 21 a
732 1425 239 33 marchioness's

306 1483 60 31 and
382 1483 54 33 she
446 1496 80 30 gave
539 1485 144 33 Olivier's
696 1498 66 21 arm
775 1498 18 21 a
809 1487 162 33 malicious

140 1541 77 32 little
233 1547 52 36 tap
302 1544 75 32 with
392 1545 55 32 her
462 1546 61 32 fan.
