1090 1740
271 114 171 22 IMITATION
465 115 274 22 RESPECTABILITY.

861 111 51 26 155

90 188 73 32 look
178 201 147 31 younger.
373 191 50 32 He
439 191 61 32 had
514 191 78 32 been
609 204 57 19 one
692 192 34 31 of
744 192 53 31 the
817 192 97 31 hand-

91 256 117 27 somest
234 263 71 20 men
333 251 34 32 of
384 251 47 32 his
457 252 84 40 time,
568 253 60 31 and
643 253 102 31 would
767 252 149 43 probably

91 311 144 32 continue
251 317 31 27 to
298 312 73 32 bear
387 312 124 32 Avitness
527 317 32 28 to
576 313 68 32 that
659 313 62 32 fact
736 318 31 27 to
791 314 46 31 his
857 313 60 32 last

92 372 86 41 hour,
197 372 45 33 for
255 373 48 32 his
320 385 62 20 was
399 373 52 32 the
469 374 184 43 superiority
669 375 34 31 of
723 375 117 31 feature
857 375 60 32 and

93 433 35 33 of
145 434 53 32 air.
245 435 51 31 He
321 435 162 42 possessed
505 435 52 32 the
582 440 45 27 art
628 455 43 3 —
672 436 130 32 without
817 436 98 31 which

91 507 79 20 even
186 496 53 31 the
255 501 136 37 greatest
406 508 70 20 man
494 497 103 31 Avould
619 498 136 40 scarcely
775 498 38 31 be
830 504 86 35 great

90 577 44 3 —
134 558 67 32 that
228 558 34 32 of
281 558 153 42 imposing
460 558 48 32 his
532 558 213 41 individuality
769 570 82 30 upon
869 558 47 32 his

91 619 102 32 fellow
207 631 80 21 men.
334 620 170 31 Whatever
519 619 38 32 he
574 619 51 31 did
648 619 68 32 that
732 631 63 20 was
810 631 107 29 wrong

94 681 76 42 (and
184 681 39 31 he
240 681 52 31 did
307 679 103 42 much)
429 692 64 20 was
510 680 132 32 excused
664 681 130 31 because
810 680 39 32 he
866 680 51 31 did

92 742 33 40 it,
144 742 60 32 and
228 742 130 41 nothing
384 741 67 32 that
477 742 39 31 he
543 741 52 31 did
619 742 111 40 passed
745 741 170 32 unnoticed.

95 803 123 41 Society
240 803 62 31 had
327 802 133 42 adopted
486 802 64 31 him
574 802 45 31 for
643 814 58 20 one
718 802 34 31 of
770 803 39 30 its
825 803 92 41 spoilt

90 864 150 38 children,
258 863 61 31 and
343 863 39 30 he
407 863 119 31 treated
552 863 123 40 Society
700 862 73 32 Avith
798 874 19 19 a
842 862 75 41 high

92 924 94 32 hand.
227 923 185 33 Unmarried
427 923 61 31 and
501 923 194 40 enormously
708 922 62 32 rich
790 922 127 42 (though

90 985 41 33 he
156 985 62 32 had
242 984 214 41 considerably
472 984 151 40 damaged
646 983 47 31 his
718 982 142 43 fortune),
879 983 38 32 he

93 1046 61 31 still
181 1044 156 33 remained
367 1056 39 19 an
438 1044 60 31 aim
524 1043 133 31 towards
680 1042 100 32 which
806 1043 111 31 tended

93 1107 52 32 the
163 1106 88 42 spirit
267 1105 36 32 of
320 1105 73 41 gain
417 1105 61 31 and
501 1104 175 41 enterprise,
695 1104 59 31 and
769 1108 33 27 to
822 1104 95 31 attain

92 1167 103 33 which
222 1167 40 32 all
289 1166 136 32 mothers
456 1165 33 31 of
508 1164 127 32 families
662 1176 79 20 were
765 1164 94 42 ready
885 1169 32 27 to

92 1228 77 33 send
194 1228 82 31 forth
303 1226 192 42 Argonautic
521 1225 198 42 expeditions.
775 1225 62 31 But
866 1224 51 32 the

94 1288 64 32 real
184 1286 182 43 superiority
389 1286 34 31 of
440 1286 42 32 M.
501 1285 37 32 de
562 1285 163 41 Moranges
748 1285 51 41 lay
813 1284 33 32 in
867 1284 50 33 the

92 1349 97 33 belief
206 1348 52 31 the
276 1347 95 32 world
395 1346 62 31 had
479 1346 69 31 that
571 1345 38 32 he
627 1345 89 32 could
732 1345 37 31 do
786 1344 131 33 without

93 1411 35 40 it,
145 1409 138 32 whereas
299 1408 39 31 he
355 1407 51 32 did
421 1412 55 26 not
498 1406 116 32 believe
636 1406 52 32 the
713 1406 95 32 Avorld
830 1407 87 31 could

94 1471 38 31 do
149 1471 130 31 without
294 1469 72 32 him.

139 1532 67 33 The
233 1531 138 41 Marquis
401 1529 61 32 had
492 1528 78 32 tried
599 1539 93 31 many
722 1528 114 43 things,
863 1529 54 32 but
