1090 1740
167 108 52 26 130

401 113 82 20 LOVE
506 112 64 21 THE
594 109 161 23 AVENGER.

241 191 160 30 Nonsense
415 191 6 30 !
479 200 63 20 was
573 187 52 33 the
658 188 105 30 retort.
846 182 67 33 One
940 191 58 21 can

168 252 73 32 hear

213 313 99 32 Claire
329 310 132 33 lowered
476 309 54 33 her
546 309 92 42 glass,
653 307 69 40 and,
740 305 80 33 after
837 315 19 20 a
870 302 129 44 passing

169 375 109 41 glance
294 377 31 27 at
340 372 54 32 the
409 371 152 40 Duchess,
573 375 66 27 cast
655 380 39 21 an
718 367 197 40 involuntary
927 364 72 32 look

170 440 32 27 at
218 435 116 32 Victor.
381 434 51 31 He
448 432 111 32 looked
574 442 94 30 grave
685 430 61 33 and
762 441 65 19 was
844 428 100 32 silent.

246 496 14 32 I
277 495 61 33 will
368 495 54 32 tell
452 506 61 30 you
544 493 84 32 Avhat
659 493 24 31 is
715 491 140 41 wanting
886 490 30 31 in
947 488 52 32 the

171 558 151 32 Nilsson's
353 557 99 31 Dame
478 568 64 19 aux
799 550 201 35 volunteered

173 619 99 32 Henri
307 619 145 42 Dupont;
572 617 25 32 is
624 616 53 32 the
710 615 55 32 red
795 626 108 20 mouse
933 613 67 32 that

174 693 124 30 escapes
321 680 78 32 from
423 679 184 33 Gretchen's
623 679 59 42 lips
706 690 39 20 on
766 677 54 32 the
837 676 142 32 Brocken
992 688 8 29 ;

174 743 131 40 Goethe,
323 742 68 32 who
412 742 91 31 knew
519 741 40 32 all
577 741 54 32 the
652 740 106 42 things
777 740 31 31 in
824 739 100 32 man's
940 738 59 41 life,

174 804 95 29 didn't
285 803 72 30 omit

427 865 25 31 is
476 877 40 19 no
539 864 147 32 Traviata
699 865 5 32 !
754 863 176 42 interposed
948 862 52 32 the

176 926 175 32 fair-haired
367 926 106 40 youth,
490 925 69 32 Avho
576 926 123 32 seemed
715 925 69 32 well
800 925 82 32 read.

253 988 77 31 Isn't
347 988 63 39 she,
428 999 52 30 my
614 988 95 31 asked
721 987 41 33 M.
776 987 37 31 de
824 987 176 41 Moranges.

209 1049 59 31 We
296 1049 60 30 Avill
380 1049 116 31 discuss
517 1049 68 31 that
605 1049 143 41 together
772 1053 119 37 twenty
914 1060 89 30 years

178 1109 104 33 hence.
329 1110 61 31 For
412 1109 52 33 the
488 1115 136 27 moment
647 1110 15 31 I
683 1109 113 33 adhere
813 1115 31 27 to
861 1109 84 33 what
961 1109 42 33 M.

178 1170 127 42 Dupont
320 1170 55 32 has
399 1182 32 20 so
455 1170 190 43 ingeniously
666 1171 185 42 expressed-;
875 1170 53 33 the
951 1170 53 33 red

179 1243 105 21 mouse
308 1231 66 33 fails
399 1231 52 33 the
482 1232 126 32 Nilsson
623 1246 6 27 ;
662 1232 90 32 listen
780 1237 32 27 to
842 1232 53 32 the
926 1233 78 41 cold,

180 1292 175 43 crystalline
371 1292 102 42 purity
490 1292 34 32 of
535 1292 55 32 her
605 1292 133 43 virginal
753 1294 88 32 voice
852 1294 6 32 !
876 1293 88 33 there
980 1294 24 31 is

180 1366 40 19 no
236 1354 54 31 red
306 1365 105 20 mouse

352 1416 76 31 after
455 1416 49 41 all,
533 1416 79 32 what
639 1416 25 32 is
687 1417 52 32 the
764 1418 55 31 red

182 1475 170 32 demanded
393 1477 52 32 the
480 1477 149 41 Duchess,
661 1478 198 43 imperiously
870 1493 6 27 ;
947 1479 60 33 and

183 1537 80 31 can't
279 1549 56 19 one
351 1537 38 32 do
406 1538 128 31 without
