1090 1740
173 77 34 27 32

409 85 81 21 LOVE
514 85 64 21 THE
601 84 161 22 AVENGER.

174 161 56 33 her
253 162 87 33 heart
362 167 32 28 to
418 163 112 32 wound
554 174 129 32 anyone,
700 162 57 32 but
781 160 55 34 she
860 161 61 32 had
944 160 60 32 had

173 235 121 21 narrow
314 229 143 38 precepts
484 225 83 42 early
598 224 134 33 instilled
759 223 64 33 into
850 222 65 42 her,
944 222 60 33 and

173 286 53 33 she
242 286 141 33 followed
398 287 85 32 them
498 287 161 42 narrowly.
707 286 104 32 When
828 285 176 32 Madeleine

171 347 60 32 had
255 348 53 32 left
330 348 55 32 her
409 348 54 32 she
479 348 113 43 simply
608 353 48 28 sat
672 349 90 31 down
778 348 62 32 and
856 352 84 38 wept
955 348 49 31 for

170 409 75 42 pity,
263 410 60 31 and
338 410 64 32 said
424 415 33 27 to
473 410 130 33 herself:
661 410 48 33 Oh
721 410 6 33 !
752 410 71 32 how
841 410 78 33 hard
935 410 24 32 it
975 410 26 32 is

170 476 33 27 to
226 471 38 33 do
288 471 81 43 right
383 472 6 32 !
446 472 61 32 and
529 472 51 32 the
605 484 108 20 reason
737 472 73 43 why
825 471 173 33 Madeleine

170 533 50 32 did
236 538 54 27 not
305 545 87 20 curse
412 533 56 32 her
490 534 31 31 in
545 534 55 31 her
623 534 88 31 heart
733 546 73 29 was,
824 534 69 32 that
914 546 83 30 upon

169 606 77 20 even
269 594 55 32 her
347 595 63 31 dull
431 606 97 30 sense,
554 595 24 31 it
599 607 63 20 was
686 595 96 32 borne
804 595 31 31 in
852 595 69 32 that
943 596 53 32 the

169 657 152 32 Countess
345 656 129 33 suffered
499 657 104 32 whilst
630 658 94 41 doing
750 658 83 32 what
861 658 54 32 she
941 659 56 31 be-

166 717 99 32 lieved
280 717 56 32 her
352 717 84 41 duty.

209 779 37 31 In
262 790 18 20 a
295 791 130 30 passage
441 779 126 41 leading
582 780 132 32 towards
731 780 52 32 the
795 780 82 41 door,
890 780 102 33 which

165 840 119 41 opened
301 852 39 19 on
355 840 52 31 the
424 844 84 38 steps
524 841 188 42 descending
728 841 64 32 into
808 841 53 33 the
878 842 114 32 stable-

164 901 83 41 yard,
273 913 18 20 a
313 901 64 40 tall,
402 901 94 42 slight
518 902 98 41 figure
637 902 135 33 brushed
793 902 51 43 by,
869 914 19 21 a
910 903 82 43 light

162 962 93 31 touch
286 973 63 21 was
379 962 61 32 laid
470 974 39 21 on
539 963 201 32 Madeleine's
772 976 74 29 arm,
880 965 61 32 and
971 977 19 21 a

163 1022 111 41 silvery
295 1023 85 32 voice
402 1023 65 32 said
481 1036 5 20 :
490 1043 42 3 —

236 1083 55 41 My
321 1095 84 30 poor,
434 1095 84 30 poor,
547 1084 59 42 girl
607 1104 43 3 —
651 1085 72 32 take
878 1088 62 31 and
971 1100 17 20 a

161 1143 86 32 small
264 1144 93 31 silver
368 1145 101 31 medal
485 1156 64 21 was
565 1150 57 37 put
638 1145 65 33 into
719 1146 55 32 her
789 1147 92 32 hand.

205 1204 61 33 She
290 1205 109 32 looked
421 1216 51 32 up,
492 1206 61 32 and
575 1211 65 27 met
661 1207 53 32 the
739 1213 104 36 sweet,
862 1221 125 32 sympa-

159 1266 125 42 thising,
301 1278 75 30 pure
392 1266 108 42 glance
518 1267 33 32 of
562 1268 101 32 Claire
680 1269 37 32 de
735 1270 164 35 Clavreuil.

279 1327 78 33 have
387 1328 131 42 nothing
670 1329 66 32 said
761 1330 112 43 Claire,

159 1387 132 43 promise
313 1399 50 22 me
385 1393 33 28 to
440 1400 82 21 wear
536 1389 63 32 this
619 1390 123 43 always,
767 1393 62 31 and
851 1399 32 27 to
907 1406 78 32 pray

158 1449 150 43 fervently
324 1454 32 28 to
373 1450 52 32 the
442 1451 127 33 Blessed
586 1452 119 42 Virgin.
754 1454 61 33 She
832 1455 62 32 will
910 1456 74 44 help
