1090 1740
195 117 53 26 286

426 124 82 21 LOVE
531 124 63 21 THE
618 124 160 21 AVENGER.

196 202 99 32 'Twas
311 202 108 43 pitiful,
439 202 87 32 'twas
542 201 162 32 wondrous
720 199 102 43 pitiful
834 213 6 27 ;
865 199 56 32 but
938 199 84 32 what

194 263 89 33 could
306 263 62 41 she,
386 263 131 43 Aspasie
541 262 38 32 de
603 261 225 42 Mourjonville,
847 261 38 31 do
898 262 14 31 ?
959 260 62 33 She

192 325 61 31 had
269 325 55 32 her
339 324 94 32 bread
454 329 30 27 to
509 335 82 29 earn,
609 323 60 32 and
691 323 54 32 the
766 322 139 42 Marquis
921 334 63 20 was
1001 334 18 21 a

190 399 152 29 generous
366 386 164 42 employer,
543 386 77 42 just,
646 389 60 37 too,
724 384 61 33 and
810 384 54 32 full
892 384 36 32 of
945 396 73 21 con-

191 449 164 32 sideration
380 448 46 32 for
445 448 89 32 those
550 447 70 32 who
644 447 108 32 served
774 446 63 32 him
861 446 153 42 honestly.

189 511 52 31 All
257 511 67 31 that
340 511 53 32 she
410 511 88 31 could
515 511 38 31 do
569 522 63 20 Avas
655 515 32 27 to
703 510 79 41 keep
798 509 117 32 herself
934 510 82 32 clear

190 572 35 32 of
235 572 95 32 moral
347 572 249 40 contamination,
615 583 33 20 as
672 572 24 31 it
719 572 127 31 befitted
863 572 52 31 the
933 572 80 32 child

189 633 33 32 of
233 645 74 30 poor
322 633 56 32 but
399 633 187 42 respectable
607 638 123 37 parents
742 646 6 28 ;
774 632 57 33 and
855 632 54 33 she
924 645 88 20 men-

186 694 102 32 tioned
311 694 55 32 her
389 694 159 32 estimable
571 694 114 43 family,
703 706 33 20 as
752 706 64 20 was
839 694 55 32 her
917 700 91 36 wont,

186 755 74 32 with
277 756 146 40 touching
439 756 127 40 dignity.

260 815 140 42 Though,
426 815 29 32 in
471 815 116 42 reality,
606 815 144 33 Madame
774 815 30 32 la

186 875 64 32 said
266 875 62 40 she,
378 886 53 31 my
443 875 77 32 view
536 875 34 31 of
580 886 77 31 your
672 875 150 32 brother's
835 876 133 32 conduct
984 876 24 32 is

184 936 52 33 the
253 948 82 21 same
352 948 34 21 as
401 948 99 31 yours,
519 937 15 31 I
556 942 112 27 cannot
691 937 97 32 afford
811 942 31 27 to
867 938 141 33 abandon

183 1010 53 30 my
261 998 152 32 situation.
462 999 15 31 I
504 1003 83 27 must
609 999 70 41 live,
708 1004 54 26 not
789 999 45 32 for
861 1012 52 30 my
939 1013 67 19 own

182 1059 72 32 sake

256 1120 44 32 Of
342 1132 114 30 course,
497 1121 34 32 of
742 1124 173 41 responded
953 1124 51 33 the

181 1181 151 42 Dowager
344 1195 6 28 ;
405 1182 61 31 and
489 1182 24 32 it
529 1182 102 33 would
653 1183 38 32 be
716 1196 54 19 our
786 1185 76 41 duty
877 1190 32 27 to
933 1185 71 33 take

179 1253 71 20 care
266 1242 34 31 of
310 1254 77 30 your
403 1243 99 32 future
515 1256 7 28 ;
542 1244 56 32 but
614 1245 102 41 surely
728 1245 26 31 if
765 1245 68 33 that

181 1302 34 43 (it
237 1315 63 20 Avas
321 1304 31 31 in
377 1304 85 32 these
486 1309 94 28 terms
604 1305 68 33 that
697 1306 149 33 Claudine
871 1319 63 21 was
958 1309 45 31 in-

179 1364 138 42 variably
340 1365 120 33 alluded
484 1366 53 42 to),
588 1367 26 31 if
631 1367 67 32 that
714 1380 121 20 Avoman
852 1370 91 32 could
965 1371 38 32 be

178 1430 55 36 got
257 1426 46 31 rid
327 1426 39 41 of,
393 1427 60 32 and
477 1427 130 44 thereby
621 1440 54 31 my
701 1429 154 34 brother's
882 1431 119 35 fortune

178 1487 101 40 saved,
311 1499 45 21 we
393 1488 100 42 might
531 1490 139 32 combine
709 1495 29 28 to
777 1504 109 22 ensure
924 1506 78 31 your

178 1546 160 35 existence.
384 1549 96 33 What
495 1561 51 21 are
562 1562 78 30 your
655 1564 103 28 Avages
769 1554 14 32 ?
