1090 1740
905 92 51 26 199

488 95 123 20 CLAIRE.

133 169 105 41 climb,
270 170 56 32 but
356 171 109 32 soared
494 171 115 32 herself
639 171 61 32 and
730 171 57 32 lost
817 171 83 42 sight
931 172 28 32 of

136 230 73 32 him.

181 293 102 33 Claire
310 293 37 33 de
371 294 187 32 Beauvoisin
581 294 63 32 laid
665 299 53 27 out
741 294 45 32 for
808 293 115 33 herself
941 306 18 19 a

139 353 78 33 dead
240 354 84 43 duty,
350 355 60 31 and
432 366 62 20 was
517 355 46 31 for
587 367 71 20 ever
680 356 78 42 busy
780 355 32 31 in
835 354 124 42 offering

137 426 42 32 up
204 415 118 32 funeral
348 416 150 31 sacrifices
524 420 32 27 at
582 416 39 31 its
647 416 109 32 shrine.
802 416 73 31 And
898 415 61 32 this

137 489 63 19 Avas
225 477 130 40 natural,
382 477 45 31 for
452 477 133 42 perhaps
608 477 50 32 the
681 477 96 42 living
801 478 80 41 duty,
906 477 53 32 the

137 538 84 42 plain
248 538 107 42 simple
383 538 76 42 duty
487 538 33 31 of
542 550 19 19 a
587 538 60 31 less
675 538 138 31 elevated
839 550 119 19 Avoman

136 600 102 31 Avould
253 599 79 32 have
347 599 79 32 been
441 604 51 26 too
508 599 77 32 hard
600 599 46 32 for
660 599 55 32 her
730 604 33 27 to
779 600 141 40 perform.

179 661 133 32 Therein
327 662 55 31 lies
398 661 52 32 the
466 661 84 32 chief
562 662 46 31 sin
625 661 33 32 of
669 661 85 33 those
767 662 68 31 who
848 662 109 32 under-

135 723 72 32 take
223 728 32 26 to
272 723 121 42 dispose
415 723 34 31 of
465 723 50 32 the
537 723 144 32 destinies
702 723 34 32 of
752 723 101 33 others
869 723 88 33 with-

138 787 53 27 out
212 783 110 41 taking
344 783 53 31 the
421 783 155 31 affections
600 783 64 31 into
687 789 137 27 account,
872 784 85 42 They

136 843 89 42 place
251 843 54 32 the
330 855 76 30 poor
432 844 88 31 weak
550 848 153 27 creatures
733 845 68 31 that
830 856 47 21 we
907 856 50 22 are

137 903 141 32 between
305 903 52 32 the
384 904 181 31 alternative
592 904 34 31 of
653 904 247 33 self-abasement
923 917 34 20 or

139 965 76 42 duty
243 965 181 41 discharged
450 965 32 31 in
509 965 195 32 abhorrence.
759 966 85 31 Love
871 966 86 32 alone

137 1026 107 31 makes
261 1026 76 41 duty
353 1025 79 41 light
445 1039 6 27 ;
476 1026 68 40 and,
567 1026 25 31 if
609 1038 60 30 you
689 1026 107 32 banish
813 1027 51 31 the
879 1027 77 40 love,

136 1099 58 20 our
223 1086 231 43 imperfectness
486 1091 82 27 must
597 1087 63 31 find
691 1099 82 20 some
804 1088 92 42 shape
926 1088 31 32 in

137 1148 101 30 which
253 1153 33 25 to
302 1152 98 26 assert
416 1147 88 31 itself.

181 1208 74 32 Had
283 1208 100 33 Claire
407 1208 80 32 been
511 1208 124 42 perfect,
664 1208 54 32 she
750 1209 99 31 would
879 1209 77 32 have

137 1269 79 31 done
239 1269 41 31 all
303 1269 56 31 her
382 1268 99 32 duties
504 1280 33 19 as
559 1268 141 32 Olivier's
721 1269 127 31 wedded
868 1270 69 31 wife
949 1283 7 26 ;

134 1330 57 32 she
207 1342 64 20 was
292 1330 168 42 imperfect,
483 1329 59 32 like
565 1330 39 31 all
625 1330 113 31 human
758 1330 117 41 beings,
898 1331 58 32 and

136 1391 53 32 did
204 1395 54 28 not
274 1391 38 31 do
328 1391 31 31 it.
409 1390 62 33 She
487 1390 71 42 paid
578 1390 81 32 what
681 1390 54 32 she
755 1391 132 41 thought
902 1391 54 32 her

135 1452 56 32 full
221 1451 113 32 tribute
366 1451 30 30 in
426 1451 146 40 material,
602 1450 122 42 smiling
754 1451 180 32 submission
946 1465 7 27 ;

134 1513 57 32 but
206 1512 136 33 hoarded
358 1524 41 28 up
415 1512 39 31 all
471 1511 55 32 her
543 1511 62 32 real
625 1516 151 27 treasures
792 1512 58 31 and
868 1517 88 35 spent
