1090 1740
304 92 105 21 ALONE
433 93 35 20 IN
490 94 64 20 THE
577 94 118 21 WORLD.

879 89 32 26 55

134 168 82 33 Visit
233 168 168 33 succeeded
423 168 72 33 visit
517 174 33 27 at
571 169 53 32 the
647 170 96 32 Hotel
762 170 37 32 de
815 170 97 32 Beau-

92 230 99 32 voisin
213 231 61 32 and
296 235 33 27 at
350 230 51 32 the
424 230 97 32 Hotel
545 231 36 32 de
598 231 163 41 Clavreuil,
779 232 60 31 and
861 232 51 32 the

92 296 62 27 two
193 292 136 31 mothers
358 303 80 20 were
478 293 155 31 esteemed
669 293 102 41 happy
801 304 111 30 among

92 364 129 29 women,
246 352 61 32 and
329 352 93 32 much
444 352 131 43 homage
591 365 63 20 was
677 353 77 33 done
781 357 32 28 at
835 353 77 32 their

92 415 171 42 respective
280 414 127 40 shrines,
431 414 55 41 for,
505 415 132 42 socially,
661 415 93 32 much
774 427 63 20 was
860 427 52 20 ex-

92 476 108 42 pected
227 475 33 32 of
279 475 93 32 them.
419 475 135 41 Besides,
580 476 75 42 they
677 487 82 21 were
782 476 72 32 held
881 480 31 28 to

92 536 80 32 have
207 540 45 27 set
290 547 18 20 a
345 535 80 42 good
463 536 148 41 example,
643 536 61 31 and
732 536 74 41 they
832 548 80 20 were

92 596 177 32 successful.

169 659 63 30 Are
252 669 62 30 you
336 657 96 42 really
446 662 32 27 to
497 657 80 33 have
600 658 66 32 that
682 657 168 32 wonderful
866 661 46 27 set

93 720 35 33 of
155 720 158 32 diamonds
344 720 60 32 and
434 720 110 40 rubies,
573 720 99 33 Claire
684 721 14 31 ?
759 719 94 32 asked
883 718 32 32 of

94 781 83 33 Mile.
205 781 162 39 Clavreuil,
394 792 18 20 a
437 792 105 30 young
565 781 58 41 girl
649 781 68 31 who
741 780 60 32 had
827 791 85 20 come

95 842 75 33 with
192 842 56 33 her
270 842 121 32 mother
413 846 32 27 to
467 841 155 32 felicitate.
669 841 61 32 She
753 840 161 42 happened

94 908 33 28 to
143 904 38 32 be
197 903 53 33 the
274 903 71 42 only
360 903 175 31 unmarried
558 914 119 20 woman
698 903 29 31 in
750 902 52 32 the
818 913 94 29 room,

94 964 101 32 which
226 975 64 21 was
330 963 54 32 full
416 963 34 32 of
485 963 224 42 busy-looking,
740 962 175 42 inquisitive

92 1031 147 35 matrons,
254 1036 33 21 so
304 1024 53 33 she
367 1024 209 42 monopolised
589 1024 110 32 Claire.
775 1024 63 31 Are
853 1035 61 30 you

92 1086 97 42 really
204 1085 95 43 going
313 1089 33 27 to
368 1084 80 32 have
464 1084 85 32 them
561 1085 14 31 ?
620 1084 53 32 she
689 1084 145 42 repeated
849 1084 32 31 in
897 1095 18 20 a

92 1148 141 40 whisper.

263 1211 83 28 must
362 1206 55 33 ask
631 1206 116 42 replied
770 1206 81 31 Mile,
876 1206 38 31 de

93 1268 165 40 Clavreuil,
282 1267 76 32 with
382 1278 19 21 a
425 1267 95 40 smile,
546 1267 60 32 and
625 1278 39 21 an
687 1266 227 42 imperceptible

92 1329 94 33 shake
203 1328 34 32 of
248 1328 53 32 the
317 1328 87 32 head.
481 1328 15 31 I
511 1328 92 31 know
618 1328 56 30 but
690 1326 77 32 little
783 1326 35 31 of
828 1325 86 33 these

92 1393 234 37 arrangements
338 1401 7 26 ;
368 1388 16 31 I
400 1388 85 31 leave
501 1388 40 31 all
556 1392 33 27 to

170 1451 104 31 Leave
291 1449 38 32 all
345 1453 32 27 to
389 1448 62 40 her,
463 1460 53 30 my
528 1448 73 32 dear
617 1447 100 33 Claire
728 1448 7 31 !
780 1448 132 32 retorted

92 1513 54 33 the
164 1511 105 40 other;
432 1509 40 31 all
495 1514 32 26 to
549 1508 73 33 her!
667 1508 72 41 Yes,
757 1508 34 32 of
807 1521 105 20 course
