1090 1740
201 78 33 26 78

434 83 82 21 LOVE
539 83 64 21 THE
626 82 162 22 AVENGER.

199 163 92 42 torily
307 162 129 43 stopped
452 162 41 32 all
515 162 155 43 approach
690 166 32 27 to
744 172 19 20 a
786 157 241 44 compromising

199 225 176 32 confidence
400 236 38 20 on
463 224 56 33 her
543 224 180 42 daughter's
748 227 79 38 part,
855 220 101 33 Claire
980 219 47 32 in-

199 287 114 41 stantly
328 286 90 32 made
433 298 42 30 up
491 285 55 32 her
560 285 86 32 mind
661 290 32 27 to
710 284 110 44 appeal
836 288 32 28 to
881 282 145 32 Madame

200 347 184 32 Beaudouin.

242 409 162 32 Breakfast
434 421 64 19 was
537 421 39 19 no
617 420 110 20 sooner
762 419 72 20 over
865 406 53 33 the
950 410 74 27 next

198 471 149 41 morning,
374 471 74 32 than
475 471 99 32 Claire
605 471 107 31 sallied
738 470 82 32 forth
848 468 75 32 Avith
948 468 75 32 Mrs.

199 532 147 40 Griffiths,
364 533 61 31 and
440 544 62 21 was
518 533 53 32 left
592 533 41 42 by
648 533 53 32 the
722 533 91 31 latter
829 536 32 27 at
880 531 53 32 the
950 531 74 31 door

198 595 34 31 of
253 595 54 32 her
332 596 99 31 aunt's
458 596 134 31 boudoir.
639 595 101 32 These
767 594 87 32 visits
877 599 32 27 to
935 594 89 32 Aunt

198 656 190 32 Clementine
409 668 79 20 Avere
512 657 35 31 of
566 656 76 32 such
664 656 142 42 frequent
830 666 192 29 occurrence,

197 716 68 32 that
286 729 39 19 no
352 722 72 27 note
451 729 64 19 Avas
541 718 93 31 taken
655 718 34 31 of
707 718 96 40 them,
828 718 61 31 and
912 717 24 32 it
959 728 64 20 was

197 778 87 31 usual
300 778 46 31 for
361 778 54 32 the
436 790 166 30 governess
622 783 32 27 to
670 779 89 31 leave
778 779 56 31 her
849 779 86 42 pupil
947 778 76 32 Avith

197 838 142 32 Madame
377 839 189 41 Beaudouin,
599 840 91 31 while
721 840 54 31 she
808 840 116 32 herself
951 840 72 31 thus

197 899 143 32 obtained
366 900 52 31 the
441 900 135 32 freedom
604 901 33 31 of
657 901 55 33 her
738 913 69 20 own
830 908 193 27 movements

195 961 46 31 for
257 973 18 19 a
290 962 106 41 couple
413 962 35 31 of
458 962 92 32 hours
566 974 34 20 or
616 974 42 22 so.

239 1023 88 31 Aunt
365 1023 192 32 Clementine
592 1035 64 22 was
696 1025 102 32 seated
836 1031 32 26 at
906 1038 18 19 a
962 1027 59 30 Ioav

194 1084 80 31 table
305 1084 131 41 Avriting,
468 1084 89 33 when
588 1085 54 32 her
679 1086 85 32 niece
802 1088 127 31 entered
967 1088 54 33 the

195 1157 93 19 room.

238 1206 192 43 Everything
445 1207 31 32 in
491 1207 68 32 that
576 1220 85 20 room
682 1209 74 33 bore
773 1211 124 32 Avitness
919 1216 32 27 to
967 1212 53 33 the

195 1267 115 32 refined
326 1272 93 28 tastes
437 1268 33 32 of
481 1268 39 32 its
539 1269 181 34 inhabitant.
769 1272 101 32 There
887 1284 64 21 was
966 1278 55 28 not

196 1340 58 20 one
270 1333 82 27 atom
368 1329 34 32 of
413 1329 117 43 gilding
545 1330 31 32 in
593 1332 32 40 it,
649 1338 107 37 except
771 1333 84 33 what
870 1334 52 43 lay
939 1348 82 29 upon

195 1389 53 33 the
263 1389 110 33 frames
390 1391 34 31 of
434 1392 105 32 choice
554 1394 132 41 pictures
700 1408 8 27 ;
732 1407 55 20 nor
803 1408 19 19 a
837 1397 98 42 single
953 1404 68 36 spot

196 1451 35 31 of
242 1452 102 41 gaudy
368 1453 167 43 colouring,
559 1455 242 44 incapacitating
823 1458 53 32 the
900 1471 56 31 eye
974 1460 47 33 for

197 1512 115 42 seizing
327 1513 53 33 the
402 1515 58 32 soft
483 1515 174 34 harmonies
681 1518 33 32 of
732 1519 53 32 the
801 1520 108 34 whole.
956 1523 65 31 The
