1090 1740
167 101 32 26 96

399 107 82 20 LOVE
504 107 63 20 THE
591 105 159 22 AVENGER.

166 186 81 39 time,
265 185 147 42 carefully
427 185 73 43 kept
516 189 53 28 out
585 185 35 32 of
631 184 53 33 the
700 195 70 31 Avay
786 183 35 32 of
832 181 53 33 the
902 180 89 44 gains

165 247 35 33 of
218 259 56 21 our
296 259 58 31 age
368 261 6 27 ;
398 246 61 34 and
481 246 139 43 morally,
646 246 54 33 she
724 251 55 38 put
802 245 64 32 him
888 244 51 42 by,
958 255 33 20 as

164 309 24 32 it
210 321 89 29 were,
319 321 33 19 so
372 308 68 32 that
463 308 53 32 the
534 308 83 33 fresh
640 307 44 33 air
701 307 35 33 of
754 307 53 33 the
832 307 95 32 soul's
940 305 51 32 life

164 383 93 20 never
294 371 130 32 reached
454 370 72 32 him.
584 370 104 32 When
719 369 39 32 he
789 368 137 33 attained
958 372 33 27 to

163 433 98 31 man's
297 437 97 27 estate
432 432 38 32 he
508 444 63 20 was
607 432 149 42 mentally
786 435 106 38 musty
893 451 43 2 —
937 430 53 32 the

163 494 114 32 imvard
300 506 71 20 man
395 505 62 20 was
481 493 143 33 Avizened.
672 493 182 42 Outwardly
869 493 40 32 he
925 504 65 20 was

163 556 191 41 remarkably
380 555 177 40 handsome,
584 560 139 36 stronger
746 555 61 32 and
838 554 153 32 healthier

161 618 75 31 than
259 617 52 32 the
339 617 140 42 ordinary
503 628 56 20 run
591 616 34 32 of
643 628 71 21 men
746 616 34 33 of
799 616 48 32 his
874 628 58 30 age
958 616 31 31 in

162 680 126 39 France,
306 679 101 31 better
420 677 176 41 mannered,
614 677 61 32 and
690 677 117 43 politer.
856 677 51 33 He
924 689 64 21 was

161 752 18 19 a
203 740 145 31 tolerable
374 739 77 39 shot,
485 738 72 32 rode
584 738 77 41 Avell,
695 739 96 42 spoke
818 738 76 33 little
926 739 61 32 and

160 801 98 42 lazily,
287 800 73 32 took
387 811 39 21 no
453 799 133 42 genuine
608 799 141 42 pleasure
777 800 31 32 in
825 801 161 42 anything,

160 862 60 32 and
253 861 132 32 adhered
421 861 213 42 scrupulously
657 866 31 27 to
710 862 39 31 all
767 862 53 32 the
848 864 138 30 external

160 923 93 31 forms
277 923 34 31 of
328 922 138 40 religion.

203 984 142 32 Madame
376 984 37 31 de
439 985 184 31 Beauvoisin
644 997 63 21 was
730 986 121 43 usually
873 988 111 42 quoted

160 1057 34 20 as
217 1058 18 19 a
257 1046 120 31 mother
402 1045 68 32 who
498 1046 61 32 had
580 1047 172 42 performed
782 1049 140 32 wonders
953 1050 31 31 in

159 1107 52 32 the
235 1107 159 32 education
411 1106 34 32 of
465 1106 54 33 her
543 1119 63 22 son.
653 1109 29 32 It
707 1121 63 20 Avas
789 1111 157 32 esteemed
967 1124 17 20 a

160 1169 100 31 model
284 1169 170 31 education.

203 1229 66 33 One
291 1229 34 32 of
341 1230 61 32 this
423 1230 98 43 lady's
538 1230 138 42 qualities
692 1243 64 20 was
778 1233 85 42 early
877 1234 106 43 rising.

160 1290 62 33 She
237 1296 54 37 got
308 1303 40 31 up
368 1296 31 27 at
414 1292 60 31 five
496 1292 113 32 o'clock
630 1293 109 32 winter
755 1295 61 32 and
838 1307 144 32 summer,

159 1352 61 32 and
254 1365 93 19 never
387 1353 108 42 stayed
532 1354 61 32 late
631 1355 172 42 anyAvhere,
841 1356 144 45 ignoring

158 1413 140 41 theatres,
324 1414 59 32 and
407 1414 175 43 eschewing
604 1416 87 43 balls,
724 1419 101 33 Avhich
854 1422 129 32 enabled

158 1474 55 31 her
234 1478 31 27 to
287 1479 52 37 get
363 1475 134 42 through
522 1489 38 20 an
583 1478 189 33 unheard-of
792 1481 144 43 quantity
953 1483 34 32 of

159 1535 146 31 business.
