1090 1740
129 110 53 26 118

360 115 81 21 LOVE
464 115 64 21 THE
551 113 156 23 AVENGER,

128 193 60 33 and
208 205 19 21 a
250 198 86 38 great
353 194 67 32 deal
444 205 93 27 more,
553 193 53 32 the
622 190 100 33 Avhole
739 200 65 22 was
827 193 33 28 to
876 187 82 32 Avind

127 266 40 32 up
192 254 72 34 with
291 255 51 33 the
374 255 156 41 Traviata,
554 266 79 30 sung
657 253 47 33 for
727 252 63 33 this
815 262 75 21 once
918 250 40 42 by

128 317 153 31 Christine
298 317 135 31 Nilsson.

167 379 66 33 The
260 379 59 33 few
341 380 139 31 hundred
504 378 184 32 individuals
711 377 71 32 who
810 385 145 31 compose

125 441 83 32 what
238 442 25 32 is
295 441 96 33 called
423 441 38 32 all
484 440 98 42 Paris,
600 451 81 21 were
710 438 30 33 in
768 450 19 21 a
814 440 141 39 compact

124 502 81 42 body
236 507 32 28 at
302 503 51 32 the
385 515 92 30 opera
509 514 39 20 on
578 501 61 32 this
678 499 151 33 occasion.
888 498 67 32 The

123 568 113 27 merest
259 563 69 32 stall
360 568 64 27 cost
454 563 81 41 forty
558 562 110 32 francs.
722 561 83 31 Hoav
836 570 64 22 was
932 559 22 32 it

121 624 133 41 possible
279 624 45 32 for
352 636 60 30 any
429 636 56 20 one
512 623 138 43 aspiring
673 626 32 28 to
732 633 18 20 a
777 620 177 44 reputation

124 685 46 32 for
185 685 118 32 fashion
319 690 33 28 to
367 686 91 32 avoid
473 686 94 40 being
583 697 73 20 seen
672 684 88 32 there
769 685 13 30 ?

165 746 65 32 The
247 746 59 32 box
321 747 93 31 taken
430 746 41 41 by
486 746 53 32 the
556 744 139 43 Marquis
712 744 37 32 de
766 743 186 33 Beauvoisin

122 818 64 20 was
214 819 38 20 on
280 808 51 31 the
358 808 67 31 first
455 807 67 40 tier,
549 807 140 32 between
716 806 54 32 the
801 805 149 32 columns.

122 868 65 32 The
212 873 61 27 two
298 868 81 32 front
404 872 80 28 seats
501 879 80 21 Avere
607 867 148 43 occupied
779 867 42 42 by
838 867 112 40 Claire,

122 929 60 32 and
207 940 38 21 an
273 929 222 43 acquaintance
519 929 35 32 of
573 929 79 40 hers,
670 929 103 32 Avhom
799 940 48 21 we
871 929 81 32 have

124 1002 71 21 seen
219 1002 74 21 once
317 991 112 41 before,
447 991 83 32 Mile.
552 991 85 32 Elise
657 990 37 33 de
711 990 155 41 Freteval,
884 1002 68 21 now

120 1052 159 33 Duchesse
303 1053 37 32 de
356 1053 167 42 Varignan.
572 1053 67 31 Her
661 1052 153 41 husband,
838 1064 18 20 a
879 1064 73 20 man

122 1113 34 32 of
174 1118 69 37 past
259 1114 90 41 sixty,
368 1126 64 19 Avas
455 1126 18 19 a
496 1126 75 19 near
593 1114 129 31 relation
739 1114 35 31 of
788 1113 142 33 Olivier's
944 1128 7 27 ;

120 1174 68 41 had,
206 1174 45 32 for
274 1179 63 28 t\vo
361 1175 123 31 months
509 1175 83 31 filled
614 1175 52 31 the
690 1179 70 38 post
777 1175 34 32 of
829 1175 123 32 ambas-

122 1236 89 32 sador
241 1236 78 33 from
351 1237 119 32 France
500 1241 30 27 to
563 1248 57 20 one
652 1236 35 32 of
710 1237 51 32 the
793 1237 157 32 Northern

120 1298 134 40 PoAvers,
274 1298 67 42 just
355 1298 103 32 before
481 1299 53 31 the
551 1299 53 31 fall
621 1298 34 32 of
675 1298 130 33 Charles
822 1299 51 41 X.,
891 1299 61 33 and

120 1371 64 21 was
199 1360 110 33 looked
333 1371 41 32 up
398 1364 32 28 to
455 1360 32 32 in
511 1360 47 33 his
584 1371 70 22 OAvn
670 1365 47 28 set
733 1372 33 21 as
783 1372 19 21 a
816 1360 135 44 political

119 1420 160 43 luminary.
326 1421 51 33 He
393 1433 64 20 was
473 1433 70 20 now
560 1433 18 21 a
598 1426 119 39 martyr
740 1426 33 28 to
801 1422 146 32 rheuma-

119 1481 81 41 tism,
218 1482 60 32 and
294 1494 95 20 never
405 1483 220 42 accompanied
648 1483 48 33 his
712 1484 69 32 wife
797 1496 83 30 upon
897 1485 52 32 the

120 1544 130 42 evening
276 1545 198 41 expeditions,
493 1545 139 33 whereof
651 1546 55 32 she
732 1546 174 32 undertook
932 1559 18 21 a
