1090 1740
272 89 172 22 IMITATION
467 90 277 22 RESPECTABILITY.

863 87 53 26 157

94 173 19 20 a
128 162 227 34 make-believe
371 164 68 32 that
456 165 100 32 which
570 166 52 32 the
642 166 62 33 real
727 166 88 43 thing
831 167 85 32 alone

95 223 55 32 has
166 223 33 32 in
214 224 39 31 its
269 225 63 39 gift.

138 285 61 31 For
223 297 19 19 a
269 298 74 29 year
367 286 147 33 Claudine
542 299 63 21 was
630 289 119 32 trained
773 289 61 32 and
862 295 56 37 put

96 345 64 32 into
192 346 53 32 the
279 346 98 33 hands
410 348 35 32 of
467 348 53 33 the
554 349 66 32 first
649 350 207 32 dressmakers
887 351 30 30 in

96 407 94 32 Paris.
238 408 61 32 She
315 420 65 20 was
398 409 110 41 taught
525 415 33 27 to
574 410 105 41 dance,
697 411 60 31 and
773 416 31 27 to
828 411 88 39 walk,

96 466 62 31 and
173 472 32 26 to
221 467 72 32 hold
314 468 119 40 herself,
452 470 61 31 and
534 475 31 26 to
585 475 50 27 eat
654 470 152 42 properly,
823 471 60 32 and
902 483 17 20 a

97 528 122 42 writing
239 535 115 26 master
374 530 79 32 tried
469 535 33 27 to
523 531 90 31 make
631 531 55 32 her
701 531 87 32 write
803 531 114 42 neatly,

95 590 61 31 and
179 602 18 19 a
219 591 153 41 professor
403 591 33 32 of
462 591 155 32 literature
648 591 89 32 made
759 591 56 32 her
836 592 81 38 read,

97 652 60 31 and
181 652 213 32 endeavoured
416 657 32 27 to
475 652 128 32 awaken
632 652 31 32 in
686 652 54 33 her
762 652 53 33 the
838 664 81 20 com-

98 713 184 41 prehension
308 713 33 32 of
359 713 83 32 Avhat
466 713 54 32 she
543 713 81 32 read.
671 713 47 32 As
740 713 55 33 she
817 713 61 32 had
901 725 18 20 a

99 774 144 32 beautiful
259 786 250 30 mezzo-soprano
522 774 96 40 voice,
633 786 18 20 a
667 774 123 42 singing
806 779 113 27 master

99 848 63 19 was
179 836 122 42 applied
317 841 41 34 to,
381 835 61 32 and
458 847 92 30 every
566 835 59 42 day
647 840 63 27 two
732 835 92 32 hours
839 848 80 19 were

99 901 90 38 spent
204 897 41 41 by
263 896 157 40 Claudine,
439 907 56 21 one
511 896 31 31 in
564 896 137 42 learning
722 901 31 27 to
774 897 76 41 sing,
868 897 51 31 the

100 959 87 31 other
202 958 31 31 in
249 957 140 40 learning
404 961 32 28 to
452 957 80 40 play.

144 1019 92 40 Well,
254 1019 23 31 it
292 1030 62 20 was
375 1018 104 32 rather
494 1030 19 20 a
533 1018 74 32 slowr
624 1029 123 31 process
759 1031 6 28 ;
790 1017 46 33 for
856 1029 33 21 as
905 1018 15 32 I

101 1079 74 40 said,
193 1079 50 31 the
269 1078 58 43 girl
353 1090 63 20 was
439 1078 41 42 by
496 1083 104 27 nature
622 1078 69 41 dull,
709 1078 55 32 but
780 1078 54 32 she
856 1090 64 20 was

101 1140 149 42 perfectly
273 1139 151 41 obedient,
449 1140 62 31 and
541 1139 32 32 in
596 1139 39 32 all
658 1139 104 42 things
794 1139 50 32 did
867 1138 53 33 her

100 1213 75 28 very
191 1201 76 31 best.

144 1262 44 31 At
210 1261 53 32 the
287 1261 59 32 end
366 1261 35 32 of
419 1261 51 32 the
494 1273 81 30 year,
594 1260 147 33 Claudine
762 1259 88 32 made
867 1259 53 32 her

99 1323 68 31 first
192 1334 189 30 appearance
403 1323 32 30 in
457 1322 52 31 the
540 1322 95 31 world
657 1321 35 32 of
709 1320 126 40 fashion,
861 1320 59 31 and

100 1383 158 43 produced
285 1395 34 19 so
346 1383 125 31 decided
501 1394 18 20 a
550 1382 153 32 sensation
727 1381 67 32 that
817 1381 41 32 M.
883 1381 37 32 de

100 1446 167 40 Moranges
292 1456 64 19 was
387 1444 110 42 deeply
523 1443 152 42 gratified,
708 1443 59 32 and
796 1442 55 33 felt
873 1454 47 20 as-

100 1507 92 30 sured
229 1507 38 30 he
305 1505 61 32 had
404 1510 54 27 not
487 1505 89 31 made
607 1517 18 19 a
659 1504 137 33 mistake.
854 1504 65 32 The
