1090 1740
352 109 105 22 ALONE
480 110 35 21 IN
538 110 78 21 LIFE.

861 108 33 25 15

75 182 118 42 indeed,
219 183 54 32 she
296 184 111 33 looked
420 198 7 28 ;
457 186 61 31 and
542 186 53 32 she
618 198 65 21 was
705 198 94 21 never
821 199 75 31 any-

75 243 109 43 body's
214 249 54 38 pet
302 257 34 20 or
366 246 158 33 favourite.
577 247 66 33 The
675 248 103 33 sisters
800 260 96 21 never

75 306 106 41 petted
207 306 64 41 her,
299 319 57 20 nor
380 309 43 31 M.
441 309 27 31 le
583 309 104 41 either,
704 321 56 21 nor
782 321 60 32 any
866 311 33 31 of

76 366 53 33 the
154 367 95 32 ladies
275 367 32 32 in
330 368 55 32 the
412 369 150 32 chateaux
592 370 209 41 roundabout;
834 372 61 30 and

75 428 173 33 Madeleine
264 441 84 29 grew
363 441 41 31 up
421 441 39 21 an
475 430 175 41 unnoticed,
674 431 221 43 uninteresting

76 488 67 41 girl.

115 550 66 32 The
198 551 109 32 widow
317 552 119 41 Raynal
446 564 64 20 was
525 552 169 43 beginning
708 558 32 27 to
756 552 88 33 think
860 553 35 32 of

75 612 84 31 what
176 612 53 32 she
246 612 90 32 could
352 613 38 32 do
402 613 77 32 with
496 614 53 31 her
565 614 160 42 daughter,
739 615 88 31 when
841 615 53 32 she

74 673 69 32 died
144 693 43 2 —
189 673 69 32 died
275 674 147 42 suddenly
435 688 6 27 ;
465 674 160 32 inasmuch
651 686 35 21 as
712 675 74 42 long
800 687 90 30 years

75 734 34 33 of
119 734 56 32 toil
190 734 61 32 and
266 746 18 20 a
299 734 59 33 few
373 735 124 32 months
514 735 34 32 of
559 735 122 43 despair
696 735 62 32 had
775 736 120 31 annihi-

74 795 85 33 lated
175 796 40 32 all
231 808 104 31 power
347 796 34 32 of
391 796 177 41 resistance,
579 796 89 32 when
681 797 117 32 disease
808 809 86 20 came

73 856 31 32 in
120 857 52 31 the
188 857 79 31 form
292 857 34 31 of
347 857 110 31 bilious
483 857 93 40 fever,
605 857 54 32 she
684 869 63 20 was
763 863 31 26 at
818 870 76 20 once

74 918 105 31 struck
195 918 99 31 down.

117 980 44 31 At
176 980 55 31 her
247 980 145 31 mother's
409 979 91 32 death
511 979 169 32 Madeleine
696 979 98 32 learnt
810 980 82 31 what

72 1040 24 32 it
111 1040 26 32 is
154 1045 32 27 to
202 1041 38 31 be
258 1040 153 33 destitute.
460 1040 61 33 She
537 1040 60 32 had
614 1040 73 42 only
702 1041 114 32 known
831 1041 61 42 pri-

72 1102 104 32 vation
199 1102 142 40 hitherto,
360 1102 61 31 and
447 1101 121 41 though
595 1101 68 32 cold
689 1102 61 31 and
774 1102 118 41 hunger

72 1163 62 32 had
160 1163 193 42 approached
380 1163 55 31 her
459 1174 86 20 more
562 1162 77 32 than
663 1174 83 28 once,
764 1162 54 32 she
842 1163 50 30 did

71 1230 55 27 not
141 1225 93 31 know
249 1224 84 31 what
348 1224 25 31 it
388 1235 64 20 was
466 1228 33 27 to
516 1223 101 31 shiver
632 1223 60 31 and
707 1223 37 31 be
761 1222 131 32 without

72 1297 57 21 one
145 1286 53 35 loo:
213 1286 35 31 of
269 1286 89 32 wood
384 1297 33 20 or
447 1297 78 20 even
551 1296 97 20 warm
674 1283 89 32 ashes
778 1283 46 31 for
838 1283 54 31 the

71 1347 149 41 foot-pan,
239 1358 34 19 or
294 1351 32 27 to
352 1358 89 20 crave
457 1346 61 31 and
533 1345 38 31 be
588 1344 132 32 without
736 1355 57 20 one
809 1348 82 27 crust

70 1413 34 28 to
131 1407 62 33 still
217 1407 53 32 the
297 1407 135 41 craving.
479 1406 75 31 This
578 1406 23 31 it
627 1416 64 21 was
715 1404 100 33 which

70 1470 100 32 learnt
185 1468 90 31 when
290 1467 53 32 the
359 1467 122 31 Widow
497 1466 120 41 Raynal
634 1465 76 32 died.

115 1532 45 30 As
176 1529 53 33 the
246 1528 184 40 half-yearly
442 1532 69 28 rent
526 1526 47 32 for
588 1526 52 32 the
651 1526 75 42 shop
742 1526 60 33 had
813 1526 76 33 been
