1090 1740
184 107 53 25 240

414 113 83 20 LOArE
520 112 65 21 THE
608 109 164 23 AVENGER.

316 190 24 32 it
625 186 136 43 pursued
784 186 53 32 the
861 184 149 42 Marquis,

182 255 163 42 hurriedly,
378 254 60 32 and
475 265 71 21 noAv
573 252 68 33 that
671 252 52 32 the
755 252 45 32 ice
832 263 64 20 was
935 262 75 21 once

182 317 125 40 broken,
340 316 151 42 plunging
521 315 64 32 into
613 314 52 32 the
692 319 114 27 stream
833 325 42 31 up
902 318 33 27 to
960 312 50 33 the

182 390 75 31 very
272 378 79 32 neck
368 391 6 27 ;
431 378 27 31 is
473 378 21 31 it
511 389 32 20 so
560 389 75 30 very
651 377 129 32 difficult
791 378 15 30 ?
850 376 61 32 We
927 379 83 28 Avant

181 445 33 27 to
238 451 40 31 go
302 440 40 31 all
364 440 129 32 three—
495 440 126 39 Adrien,
650 440 61 31 and
735 439 130 40 Gaston,
900 437 61 32 and
984 438 25 41 I,

182 502 61 32 and
265 514 38 20 on
328 513 83 21 some
432 501 88 42 night
539 501 90 32 Avhen
651 501 76 42 they
742 501 72 42 give
839 501 52 31 the
911 500 99 32 Biche

182 576 64 19 aux
262 564 84 31 Bois.
392 563 134 42 Nobody
542 562 61 32 will
620 574 71 21 ever
712 562 93 32 know
819 575 6 27 ;
858 573 46 21 Ave
921 562 88 32 three

182 625 77 31 shall
282 625 78 42 keep
384 624 52 31 the
462 628 98 27 secret
563 643 41 3 —
604 635 62 31 you
690 635 72 31 may
778 628 94 27 count
894 634 39 21 on
949 634 37 21 us
1001 635 6 20 :

181 687 56 31 but
252 698 57 20 can
324 698 61 28 you
402 685 37 32 do

256 747 99 31 There
386 746 26 31 is
441 758 41 19 no
513 746 148 42 difficulty
686 746 46 31 for
868 746 65 31 said
961 746 44 32 M.

182 807 180 42 Theophile,
386 806 252 43 self-sufficiently
651 821 6 27 ;
728 807 64 41 but,
822 807 105 42 really,
955 807 53 32 the

182 869 104 32 notion
323 869 25 31 is
382 869 83 41 quite
504 880 39 20 an
581 869 209 31 adventurous
825 881 65 20 one.
949 868 58 41 Oh,

182 931 105 42 youth,
311 930 96 42 youth
420 931 7 32 !
452 942 61 30 you
541 930 94 31 knoAV
662 935 54 27 not
740 930 86 32 what
849 942 62 30 you
936 930 72 32 seek

183 992 46 30 for
242 992 6 30 !

258 1052 58 31 We
343 1055 82 28 Avant
449 1055 33 28 to
506 1063 51 20 see
577 1052 85 32 Mile.
688 1052 127 32 Camille

184 1113 163 32 continued
364 1112 124 40 Olivier,
513 1112 102 32 whom
638 1113 131 41 nothing
793 1114 123 32 seemed
939 1125 71 21 now

185 1174 126 41 capable
336 1174 33 31 of
391 1174 144 42 stopping
557 1186 39 20 on
617 1174 54 32 the
687 1175 75 42 path
786 1175 34 32 of
844 1175 166 43 sublunary

185 1235 185 40 dissipation.

258 1296 110 31 Whew
381 1296 6 32 !
419 1307 39 21 no
481 1296 60 32 less
564 1296 76 32 than
662 1296 77 42 that,
763 1309 106 31 young
892 1299 118 41 gentle-

185 1368 70 20 men
267 1357 6 31 !
320 1357 61 31 and
402 1357 42 32 M.
469 1357 170 42 Theophile
662 1358 114 41 pursed
802 1371 42 30 up
869 1359 48 32 his
941 1360 67 42 lips,

185 1417 60 31 and
260 1417 137 32 rounded
422 1417 47 32 his
494 1429 81 30 eyes,
595 1418 60 32 and
676 1418 110 33 looked
811 1420 53 32 the
891 1421 119 42 picture

187 1478 33 30 of
243 1478 229 33 astonishment.
666 1480 130 32 Camille

186 1537 38 31 he
249 1539 143 41 repeated
407 1552 6 27 ;
474 1539 56 32 but
553 1539 66 33 that
644 1545 81 27 costs
747 1553 122 29 money.
923 1544 87 34 Your
