1090 1740
165 126 54 25 264

394 132 82 20 LOVE
500 132 63 20 THE
587 130 161 22 AVENGER.

242 210 73 41 May
414 208 149 33 observed
578 208 48 40 he,
644 207 101 41 coolly
756 221 6 27 ;
815 206 56 31 but
886 204 104 44 physi-

163 270 94 42 ology
271 270 56 33 has
343 271 40 32 its
398 270 172 33 usefulness
587 269 40 32 all
643 269 53 32 the

295 332 23 32 it
342 337 68 27 true
435 331 94 33 about
552 331 53 32 the
630 330 135 32 Russian

163 393 95 32 asked
274 393 52 32 the
342 393 161 42 Dowager.

239 454 153 43 Perfectly
415 459 66 27 true
495 468 6 27 ;
536 454 38 32 he
602 454 72 43 paid
699 453 30 41 it,
760 453 59 33 five
847 453 141 32 hundred

160 519 153 33 thousand
336 519 100 33 francs
458 519 99 40 down,
575 519 60 32 and
652 519 152 32 Claudine
828 518 56 32 has
900 530 87 20 worn

160 580 24 33 it
207 585 31 28 at
260 580 105 43 nearly
386 592 92 31 every
496 580 107 32 dinner
625 580 16 32 I
663 580 80 32 have
766 580 79 35 been
869 580 118 32 invited

160 646 32 27 to
209 646 31 27 at
255 652 77 31 your
347 640 150 33 brother's
519 640 105 33 house.
673 640 62 33 She
757 640 115 43 mostly
888 652 99 20 wears

160 703 23 31 it
199 714 39 20 on
254 714 18 20 a
287 702 82 43 plain
385 702 90 32 black
492 702 103 32 velvet
619 701 94 41 dress,
737 713 34 21 or
791 713 40 21 on
852 714 18 20 a
891 702 94 32 Avhite

160 763 102 32 velvet
286 775 65 28 one,
370 762 99 33 Avdiich
486 762 26 33 is
528 762 129 32 another
674 762 34 32 of
726 762 47 32 his
790 762 117 33 whims.
955 763 31 31 It

160 824 24 32 is
210 824 145 32 mounted
381 835 33 21 so
438 836 34 20 as
496 828 33 28 to
555 824 84 32 show
662 835 40 20 no
727 823 172 42 mounting,
924 823 61 32 and

158 885 87 31 looks
270 885 60 31 like
347 897 18 19 a
381 889 62 27 star
460 884 137 43 dropped
622 884 91 32 down
738 883 77 33 from
839 883 53 33 the
917 883 66 43 sky.

158 946 79 32 Poor
473 945 99 32 added
602 946 129 42 Dupont
745 959 6 26 ;
821 945 53 32 she
902 947 84 30 can't

158 1008 188 31 understand
372 1008 66 31 that
465 1007 172 42 simplicity,
664 1008 25 31 it
713 1008 107 31 makes
846 1007 55 32 her
928 1020 57 19 un-

159 1068 206 32 comfortable.
414 1069 62 32 She
493 1069 103 31 would
616 1069 60 31 like
697 1069 55 31 her
768 1069 55 41 big
841 1069 144 32 diamond

157 1129 94 31 much
273 1129 101 31 better
395 1129 26 31 if
440 1130 23 31 it
480 1142 78 20 were
582 1142 19 19 a
622 1135 89 37 paste
735 1142 58 20 one
817 1135 47 27 set
886 1131 99 31 round

159 1190 72 31 with
258 1202 18 19 a
303 1191 84 31 thick
414 1191 72 41 gold
516 1192 56 31 rim
604 1193 59 31 and
694 1192 59 32 lots
782 1192 33 32 of
841 1193 143 32 coloured

232 1311 95 33 What
351 1313 25 31 is
399 1313 53 32 the
468 1325 122 21 woman
606 1314 70 32 who
699 1325 74 31 goes
798 1314 95 33 about
908 1315 74 33 with

289 1374 171 32 demanded
475 1375 52 32 the
544 1375 163 41 Dowager.

200 1433 104 32 Count
342 1435 127 42 Dupont
500 1436 36 32 de
569 1436 162 43 Laporte's
770 1443 212 28 countenance

155 1494 179 32 underwent
365 1507 18 19 a
414 1496 127 41 change.
636 1497 49 32 Oh
696 1499 6 30 !
741 1499 68 31 that
840 1499 26 32 is
898 1500 84 41 quite

154 1554 129 32 another
447 1557 66 31 said
537 1557 47 41 he,
612 1558 157 43 seriously.
