1090 1740
171 94 34 27 50

405 100 82 21 LOVE
510 101 64 20 THE
598 99 160 22 AVENGER.

214 176 142 33 Madame
380 177 37 32 de
449 176 165 41 Clavreuil,
640 176 105 32 Count
772 174 116 32 Rene's
920 172 82 41 wife,

170 250 72 29 was,
260 250 33 21 as
309 250 46 21 we
371 238 79 32 have
469 238 75 40 said,
562 250 19 19 a
596 249 122 20 woman
735 236 104 32 whom
863 234 41 33 all
920 234 82 42 good

171 300 171 33 Christians
367 300 128 32 blessed.
557 300 67 31 Her
656 298 84 33 chief
760 297 183 33 misfortune
970 295 31 33 in

170 362 50 32 life
236 373 63 21 was
314 361 54 33 the
391 361 116 42 having
530 361 62 32 had
615 361 47 32 for
684 372 19 21 a
727 360 100 32 father
850 359 54 33 the
927 358 75 32 bril-

169 424 106 42 liantly
290 422 105 43 gifted,
408 422 166 40 notorious,
589 422 61 32 and
665 422 152 42 anything
828 421 58 32 but
896 420 105 32 ortho-

169 486 60 31 dox
253 485 144 33 Vicomte
424 484 37 32 de
488 484 152 32 Lancour.
697 484 30 31 It
750 495 66 20 was
846 488 56 27 not
932 482 68 33 that

169 549 122 42 against
312 548 52 32 the
386 548 104 42 purity
513 547 34 32 of
564 548 43 32 M.
625 547 37 32 de
685 547 171 32 Lancour's
879 546 122 32 honour

169 620 60 31 any
243 609 108 33 breath
368 609 61 32 had
444 609 78 33 been
539 620 73 21 ever
627 608 159 40 breathed,
805 620 34 20 or
854 608 68 32 that
938 620 61 30 any

168 670 115 33 human
308 676 139 27 creature
472 670 83 33 lived
578 670 71 33 who
673 670 91 33 could
792 681 55 31 say
871 670 39 32 he
936 670 62 32 had

168 743 73 21 ever
256 732 78 32 done
357 743 40 21 an
418 732 101 32 actual
540 743 115 31 wrong.
703 731 51 33 No
767 745 5 28 ;
797 731 56 33 but
876 731 46 33 his
948 731 51 33 life

167 792 62 33 had
244 793 77 32 been
337 805 58 20 one
411 793 35 32 of
457 793 96 43 laxity
568 793 76 33 with
667 794 113 42 regard
797 798 33 28 to
854 794 145 42 religious

167 854 94 32 forms
292 855 60 31 and
391 856 196 32 ceremonies.
658 856 147 42 Thought
835 861 33 27 to
898 856 38 32 be
967 856 35 32 of

166 916 148 32 immense
338 917 133 41 promise
498 917 31 31 in
561 917 53 32 the
639 917 58 33 last
723 930 90 30 years
840 918 36 32 of
900 918 97 32 Louis

167 977 122 32 XVIII.
294 1003 7 14 ,
334 977 53 32 the
418 990 105 30 young
549 979 144 33 Vicomte
723 990 74 30 was,
830 979 75 33 with
937 991 59 21 one

167 1038 118 40 accord,
305 1038 119 32 thrown
447 1040 65 31 into
528 1040 52 32 the
606 1040 94 33 shade
723 1040 112 42 during
857 1040 53 33 the
934 1040 62 33 dis-

166 1102 121 27 astrous
310 1099 86 41 reign
413 1099 31 32 of
460 1100 128 32 Charles
605 1101 39 32 X.
690 1101 66 32 The
779 1101 124 33 natural
920 1113 75 21 con-

167 1170 149 30 sequence
340 1172 73 28 was,
437 1161 68 32 that
527 1162 38 32 he
589 1162 111 42 played
724 1174 18 21 a
764 1162 135 43 political
923 1169 71 37 part

166 1221 97 32 under
278 1221 94 33 Louis
388 1222 149 43 Philippe,
551 1223 61 32 and
623 1223 94 33 shone
734 1224 80 32 forth
825 1225 168 43 lustrously

165 1282 32 31 in
223 1282 52 33 the
305 1283 173 33 firmament
505 1284 35 32 of
563 1284 53 33 the
647 1286 169 42 monarchy
844 1287 35 32 of
905 1288 87 42 July.

165 1343 59 32 His
240 1343 68 33 wife
332 1344 152 43 belonged
506 1349 32 28 to
553 1345 54 32 the
623 1352 106 36 purest
752 1348 169 43 Faubourg
946 1349 47 33 St.

165 1404 155 42 Germain,
346 1406 60 32 and
426 1406 120 33 refused
569 1419 72 21 ever
663 1412 32 29 to
718 1409 38 33 be
778 1411 167 42 presented
960 1416 33 27 at

164 1465 52 33 the
231 1469 155 40 usurper's
395 1473 95 28 court.
537 1469 60 32 His
613 1471 154 42 daughter
778 1484 65 20 was
855 1473 138 42 brought

164 1538 41 32 up
229 1532 31 28 to
282 1528 117 35 believe
422 1530 69 34 that
512 1536 32 28 to
570 1543 77 32 pray
667 1533 47 32 for
736 1533 55 34 her
817 1534 176 42 misguided
