1090 1740
877 91 52 25 233

322 96 164 21 MONSIEUR
510 97 203 20 MARDONNET.

111 174 55 27 not
181 169 40 33 its
238 171 197 43 subscribers)
449 187 6 26 ;
480 173 62 31 and
559 173 38 32 he
614 173 138 32 confided
767 173 31 31 in
813 173 116 42 private

111 234 33 28 to
169 231 48 33 his
245 233 217 32 ecclesiastical
484 235 98 31 friend
604 234 66 32 that
692 235 39 31 he
754 235 62 31 had
839 235 90 31 cured

112 292 126 33 himself
259 295 34 30 of
315 295 164 32 toothache
505 296 41 42 by
562 308 39 20 an
624 297 184 41 application
825 296 33 32 of
879 296 50 31 the

112 359 95 27 water
224 356 34 30 of
268 357 50 29 La
336 357 112 29 Salette
458 359 12 27 !

299 417 64 31 said
379 417 47 40 he,
515 430 50 19 am
588 430 19 20 a
626 419 108 31 ruined
749 430 70 20 man
835 419 26 30 if
873 430 58 29 any

113 475 97 43 living
224 477 93 41 being
332 489 94 29 guess
449 482 32 27 at
503 477 86 32 these
605 478 76 32 facts
684 497 42 4 —
727 479 45 31 for
783 490 52 29 my
851 478 80 41 daily

111 537 94 32 bread
221 538 25 31 is
263 539 113 31 earned
398 539 31 30 in
451 539 52 31 the
527 551 89 29 camp
641 539 33 32 of
695 539 52 31 the
771 539 118 31 infidels
890 558 41 4 —

111 598 61 31 and
199 599 26 31 if
249 599 24 31 it
304 599 108 31 should
442 600 38 31 be
515 600 112 31 knoAvn
657 600 67 31 that
757 612 89 28 grace
877 599 54 32 has

111 660 133 32 touched
271 673 58 27 me,
347 661 15 31 I
388 665 83 27 must
492 661 49 31 die
563 661 34 32 of
617 661 175 39 starvation,
812 661 61 31 and
894 661 37 31 be

111 721 215 41 calumniated,
350 722 160 41 probably,
536 733 39 20 on
598 722 75 31 both
698 722 79 31 sides
793 722 63 31 into
879 722 52 31 the

155 844 44 31 M.
225 843 196 42 Theophile's
445 843 137 42 spiritual
606 843 150 40 effusions,
773 844 159 39 therefore,

113 916 81 19 Avere
222 905 109 40 signed
355 905 41 40 by
409 916 18 19 a
445 905 142 30 fictitious
612 916 90 19 name
707 923 39 4 —
747 904 100 31 which
869 916 63 20 was

114 970 143 36 contrary
288 970 32 27 to
362 965 59 31 law
436 978 6 27 ;
480 965 63 39 but,
573 976 33 20 as
644 965 51 31 the
733 965 121 31 Portier
890 965 44 32 du

113 1026 139 31 Paradis
278 1037 65 20 wras
369 1031 54 26 not
447 1026 72 31 read
546 1026 40 41 by
603 1037 18 20 a
636 1026 138 31 hundred
797 1037 134 30 persons,

112 1098 40 20 no
180 1086 96 31 alarm
303 1097 63 20 Avas
391 1086 55 31 felt
473 1097 33 19 as
526 1089 32 27 to
585 1085 189 41 prosecution
790 1098 6 27 ;
829 1085 59 31 and
911 1085 25 31 if

113 1159 61 30 any
190 1147 116 41 danger
322 1146 60 31 had
406 1146 187 40 threatened,
611 1145 52 32 the
686 1145 90 32 Abbe
792 1146 140 32 Lannion

112 1208 103 31 Avould
238 1208 79 30 have
342 1207 140 31 declared
504 1206 126 31 himself
648 1206 52 31 the
724 1206 61 31 real
813 1207 117 39 author,

112 1269 104 31 rather
245 1268 76 32 than
352 1268 90 31 allow
471 1267 48 31 his
550 1271 124 27 convert
704 1271 32 27 to
768 1267 90 31 suffer
887 1267 46 31 for

111 1330 116 40 having
254 1341 87 19 come
361 1328 80 31 back
455 1332 30 27 to
508 1328 52 31 the
582 1327 83 41 right
687 1327 82 41 path.
816 1327 29 31 It
867 1339 62 20 was

111 1390 115 43 agreed
252 1390 75 39 that,
357 1401 38 20 on
420 1389 51 32 the
498 1393 104 27 return
629 1388 34 31 of
688 1388 51 31 the
769 1388 104 42 family
899 1396 31 24 to

111 1452 88 32 Paris
221 1451 47 32 for
291 1451 52 32 the
359 1450 120 40 winter,
496 1449 52 32 the
575 1449 89 31 Abbe
682 1448 107 32 should
813 1461 53 20 use
889 1450 41 31 all

110 1514 47 32 his
188 1514 149 31 influence
367 1512 31 31 in
437 1511 51 32 the
527 1511 223 31 ultramontane
779 1523 86 28 press
895 1516 32 28 to
