<?xml version="1.0" encoding="UTF-8"?>
<alto xmlns:xsi="http://www.w3.org/2001/XMLSchema-instance" xsi:noNamespaceSchemaLocation="http://www.bl.uk/schemas/alto/alto-1-4.xsd" xmlns:xlink="http://www.w3.org/1999/xlink">
	<Description>
		<MeasurementUnit>mm10</MeasurementUnit>
		<sourceImageInformation>
			<fileName>//head1/IN/2007-46/A0010888503.1/009754.jp2</fileName>
		</sourceImageInformation>
		<OCRProcessing ID="OCRPROCESSING_1">
			<preProcessingStep>
				<processingSoftware>
					<softwareCreator>CCS Content Conversion Specialists GmbH, Germany</softwareCreator>
					<softwareName>CCS docWORKS</softwareName>
					<softwareVersion>6.1-0.61</softwareVersion>
				</processingSoftware>
			</preProcessingStep>
			<ocrProcessingStep>
				<processingSoftware>
					<softwareCreator>ABBYY (BIT Software), Russia</softwareCreator>
					<softwareName>Finereader</softwareName>
				</processingSoftware>
			</ocrProcessingStep>
		</OCRProcessing>
	</Description>
	<Styles>
		<TextStyle ID="TXT_0" FONTSIZE="11" FONTFAMILY="Courier New"/>
		<TextStyle ID="TXT_1" FONTSIZE="10" FONTFAMILY="Courier New"/>
		<ParagraphStyle ID="PAR_LEFT" ALIGN="Left"/>
		<ParagraphStyle ID="PAR_RIGHT" ALIGN="Right"/>
	</Styles>
	<Layout>
		<Page ID="P218" PHYSICAL_IMG_NR="218" HEIGHT="1740" WIDTH="1090" PRINTED_IMG_NR="206" POSITION="Left" ACCURACY="74.04">
			<TopMargin ID="P218_TM00001" HPOS="0" VPOS="0" WIDTH="1089" HEIGHT="132">
				<TextBlock ID="P218_TB00001" HPOS="168" VPOS="106" WIDTH="52" HEIGHT="25" STYLEREFS="TXT_0 PAR_LEFT">
					<TextLine ID="P218_TL00001" HPOS="168" VPOS="106" WIDTH="52" HEIGHT="25">
						<String ID="P218_ST00001" HPOS="168" VPOS="106" WIDTH="52" HEIGHT="25" CONTENT="206" WC="1.00" CC="000"/>
					</TextLine>
				</TextBlock>
				<TextBlock ID="P218_TB00002" HPOS="397" VPOS="109" WIDTH="355" HEIGHT="23" STYLEREFS="TXT_1 PAR_RIGHT">
					<TextLine ID="P218_TL00002" HPOS="397" VPOS="109" WIDTH="355" HEIGHT="23">
						<String ID="P218_ST00002" HPOS="397" VPOS="112" WIDTH="83" HEIGHT="20" CONTENT="LOVE" WC="0.63" CC="4072"/>
						<SP ID="P218_SP00001" HPOS="480" VPOS="132" WIDTH="23"/>
						<String ID="P218_ST00003" HPOS="503" VPOS="112" WIDTH="65" HEIGHT="20" CONTENT="THE" WC="0.71" CC="205"/>
						<SP ID="P218_SP00002" HPOS="568" VPOS="132" WIDTH="22"/>
						<String ID="P218_ST00004" HPOS="590" VPOS="109" WIDTH="162" HEIGHT="23" CONTENT="AVENGER." WC="0.48" CC="86597300"/>
					</TextLine>
				</TextBlock>
			</TopMargin>
			<LeftMargin ID="P218_LM00001" HPOS="0" VPOS="132" WIDTH="163" HEIGHT="1443"/>
			<RightMargin ID="P218_RM00001" HPOS="994" VPOS="132" WIDTH="95" HEIGHT="1443"/>
			<BottomMargin ID="P218_BM00001" HPOS="0" VPOS="1575" WIDTH="1089" HEIGHT="164"/>
			<PrintSpace ID="P218_PS00001" HPOS="163" VPOS="132" WIDTH="831" HEIGHT="1443">
				<TextBlock ID="P218_TB00003" HPOS="163" VPOS="185" WIDTH="831" HEIGHT="657" STYLEREFS="TXT_1 PAR_LEFT">
					<TextLine ID="P218_TL00003" HPOS="209" VPOS="185" WIDTH="785" HEIGHT="44">
						<String ID="P218_ST00005" HPOS="209" VPOS="188" WIDTH="30" HEIGHT="32" CONTENT="It" WC="0.76" CC="40"/>
						<SP ID="P218_SP00003" HPOS="239" VPOS="220" WIDTH="21"/>
						<String ID="P218_ST00006" HPOS="260" VPOS="199" WIDTH="64" HEIGHT="21" CONTENT="was" WC="0.68" CC="009"/>
						<SP ID="P218_SP00004" HPOS="324" VPOS="220" WIDTH="20"/>
						<String ID="P218_ST00007" HPOS="344" VPOS="188" WIDTH="90" HEIGHT="32" CONTENT="Good" WC="0.71" CC="7400"/>
						<SP ID="P218_SP00005" HPOS="434" VPOS="220" WIDTH="21"/>
						<String ID="P218_ST00008" HPOS="455" VPOS="187" WIDTH="124" HEIGHT="42" CONTENT="Friday," WC="0.71" CC="3543002"/>
						<SP ID="P218_SP00006" HPOS="579" VPOS="229" WIDTH="25"/>
						<String ID="P218_ST00009" HPOS="604" VPOS="186" WIDTH="60" HEIGHT="32" CONTENT="and" WC="0.73" CC="080"/>
						<SP ID="P218_SP00007" HPOS="664" VPOS="229" WIDTH="23"/>
						<String ID="P218_ST00010" HPOS="687" VPOS="185" WIDTH="55" HEIGHT="33" CONTENT="the" WC="0.67" CC="270"/>
						<SP ID="P218_SP00008" HPOS="742" VPOS="229" WIDTH="25"/>
						<String ID="P218_ST00011" HPOS="767" VPOS="196" WIDTH="121" HEIGHT="22" CONTENT="sermon" WC="0.81" CC="202006"/>
						<SP ID="P218_SP00009" HPOS="888" VPOS="229" WIDTH="24"/>
						<String ID="P218_ST00012" HPOS="912" VPOS="195" WIDTH="82" HEIGHT="31" CONTENT="upon" WC="0.64" CC="7007"/>
					</TextLine>
					<TextLine ID="P218_TL00004" HPOS="170" VPOS="245" WIDTH="824" HEIGHT="38">
						<String ID="P218_ST00013" HPOS="170" VPOS="250" WIDTH="61" HEIGHT="32" CONTENT="TJie" WC="0.37" CC="7647"/>
						<SP ID="P218_SP00010" HPOS="231" VPOS="282" WIDTH="28"/>
						<String ID="P218_ST00014" HPOS="259" VPOS="250" WIDTH="97" HEIGHT="33" CONTENT="Seven" WC="0.74" CC="50700"/>
						<SP ID="P218_SP00011" HPOS="356" VPOS="283" WIDTH="31"/>
						<String ID="P218_ST00015" HPOS="387" VPOS="249" WIDTH="109" HEIGHT="33" CONTENT="Words" WC="0.86" CC="15000"/>
						<SP ID="P218_SP00012" HPOS="496" VPOS="283" WIDTH="26"/>
						<String ID="P218_ST00016" HPOS="522" VPOS="249" WIDTH="62" HEIGHT="32" CONTENT="had" WC="0.74" CC="700"/>
						<SP ID="P218_SP00013" HPOS="584" VPOS="283" WIDTH="28"/>
						<String ID="P218_ST00017" HPOS="612" VPOS="260" WIDTH="87" HEIGHT="21" CONTENT="come" WC="1.00" CC="0000"/>
						<SP ID="P218_SP00014" HPOS="699" VPOS="283" WIDTH="27"/>
						<String ID="P218_ST00018" HPOS="726" VPOS="252" WIDTH="32" HEIGHT="28" CONTENT="to" WC="0.90" CC="01"/>
						<SP ID="P218_SP00015" HPOS="758" VPOS="283" WIDTH="27"/>
						<String ID="P218_ST00019" HPOS="785" VPOS="259" WIDTH="39" HEIGHT="20" CONTENT="an" WC="1.00" CC="00"/>
						<SP ID="P218_SP00016" HPOS="824" VPOS="283" WIDTH="28"/>
						<String ID="P218_ST00020" HPOS="852" VPOS="246" WIDTH="69" HEIGHT="33" CONTENT="end." WC="0.82" CC="0700"/>
						<SP ID="P218_SP00017" HPOS="921" VPOS="283" WIDTH="58"/>
						<String ID="P218_ST00021" HPOS="979" VPOS="245" WIDTH="15" HEIGHT="32" CONTENT="I" WC="0.54" CC="4"/>
					</TextLine>
					<TextLine ID="P218_TL00005" HPOS="166" VPOS="306" WIDTH="828" HEIGHT="45">
						<String ID="P218_ST00022" HPOS="166" VPOS="310" WIDTH="108" HEIGHT="32" CONTENT="should" WC="0.65" CC="270730"/>
						<SP ID="P218_SP00018" HPOS="274" VPOS="342" WIDTH="23"/>
						<String ID="P218_ST00023" HPOS="297" VPOS="310" WIDTH="60" HEIGHT="32" CONTENT="like" WC="0.75" CC="3500"/>
						<SP ID="P218_SP00019" HPOS="357" VPOS="342" WIDTH="23"/>
						<String ID="P218_ST00024" HPOS="380" VPOS="314" WIDTH="33" HEIGHT="27" CONTENT="to" WC="0.61" CC="34"/>
						<SP ID="P218_SP00020" HPOS="413" VPOS="342" WIDTH="22"/>
						<String ID="P218_ST00025" HPOS="435" VPOS="310" WIDTH="38" HEIGHT="31" CONTENT="be" WC="0.57" CC="71"/>
						<SP ID="P218_SP00021" HPOS="473" VPOS="342" WIDTH="23"/>
						<String ID="P218_ST00026" HPOS="496" VPOS="309" WIDTH="69" HEIGHT="32" CONTENT="able" WC="0.74" CC="0720"/>
						<SP ID="P218_SP00022" HPOS="565" VPOS="342" WIDTH="20"/>
						<String ID="P218_ST00027" HPOS="585" VPOS="313" WIDTH="32" HEIGHT="27" CONTENT="to" WC="0.43" CC="64"/>
						<SP ID="P218_SP00023" HPOS="617" VPOS="342" WIDTH="23"/>
						<String ID="P218_ST00028" HPOS="640" VPOS="320" WIDTH="56" HEIGHT="31" CONTENT="say" WC="0.75" CC="700"/>
						<SP ID="P218_SP00024" HPOS="696" VPOS="351" WIDTH="15"/>
						<String ID="P218_ST00029" HPOS="711" VPOS="308" WIDTH="71" HEIGHT="32" CONTENT="that" WC="0.72" CC="3700"/>
						<SP ID="P218_SP00025" HPOS="782" VPOS="351" WIDTH="23"/>
						<String ID="P218_ST00030" HPOS="805" VPOS="307" WIDTH="24" HEIGHT="33" CONTENT="it" WC="0.76" CC="30"/>
						<SP ID="P218_SP00026" HPOS="829" VPOS="351" WIDTH="23"/>
						<String ID="P218_ST00031" HPOS="852" VPOS="306" WIDTH="63" HEIGHT="33" CONTENT="had" WC="0.74" CC="700"/>
						<SP ID="P218_SP00027" HPOS="915" VPOS="351" WIDTH="23"/>
						<String ID="P218_ST00032" HPOS="938" VPOS="306" WIDTH="56" HEIGHT="32" CONTENT="im" SUBS_TYPE="HypPart1" SUBS_CONTENT="impressed" WC="0.89" CC="300"/>
						<HYP CONTENT="-"/>
					</TextLine>
					<TextLine ID="P218_TL00006" HPOS="165" VPOS="368" WIDTH="829" HEIGHT="47">
						<String ID="P218_ST00033" HPOS="165" VPOS="373" WIDTH="126" HEIGHT="42" CONTENT="pressed" SUBS_TYPE="HypPart2" SUBS_CONTENT="impressed" WC="0.82" CC="0505100"/>
						<SP ID="P218_SP00028" HPOS="291" VPOS="415" WIDTH="23"/>
						<String ID="P218_ST00034" HPOS="314" VPOS="372" WIDTH="110" HEIGHT="40" CONTENT="Claire," WC="0.59" CC="6455500"/>
						<SP ID="P218_SP00029" HPOS="424" VPOS="415" WIDTH="27"/>
						<String ID="P218_ST00035" HPOS="451" VPOS="372" WIDTH="55" HEIGHT="31" CONTENT="but" WC="0.58" CC="650"/>
						<SP ID="P218_SP00030" HPOS="506" VPOS="415" WIDTH="25"/>
						<String ID="P218_ST00036" HPOS="531" VPOS="371" WIDTH="69" HEIGHT="32" CONTENT="that" WC="0.40" CC="8708"/>
						<SP ID="P218_SP00031" HPOS="600" VPOS="415" WIDTH="25"/>
						<String ID="P218_ST00037" HPOS="625" VPOS="370" WIDTH="103" HEIGHT="33" CONTENT="would" WC="0.83" CC="00610"/>
						<SP ID="P218_SP00032" HPOS="728" VPOS="415" WIDTH="21"/>
						<String ID="P218_ST00038" HPOS="749" VPOS="370" WIDTH="38" HEIGHT="32" CONTENT="be" WC="0.65" CC="70"/>
						<SP ID="P218_SP00033" HPOS="787" VPOS="415" WIDTH="22"/>
						<String ID="P218_ST00039" HPOS="809" VPOS="374" WIDTH="111" HEIGHT="27" CONTENT="untrue" WC="0.58" CC="540481"/>
						<String ID="P218_ST00040" HPOS="932" VPOS="382" WIDTH="7" HEIGHT="28" CONTENT=";" WC="0.68" CC="3"/>
						<SP ID="P218_SP00034" HPOS="939" VPOS="415" WIDTH="32"/>
						<String ID="P218_ST00041" HPOS="971" VPOS="368" WIDTH="23" HEIGHT="32" CONTENT="it" WC="0.85" CC="02"/>
					</TextLine>
					<TextLine ID="P218_TL00007" HPOS="165" VPOS="430" WIDTH="829" HEIGHT="43">
						<String ID="P218_ST00042" HPOS="165" VPOS="433" WIDTH="61" HEIGHT="32" CONTENT="had" WC="0.76" CC="700"/>
						<SP ID="P218_SP00035" HPOS="226" VPOS="465" WIDTH="24"/>
						<String ID="P218_ST00043" HPOS="250" VPOS="438" WIDTH="54" HEIGHT="27" CONTENT="not" WC="0.78" CC="600"/>
						<SP ID="P218_SP00036" HPOS="304" VPOS="465" WIDTH="25"/>
						<String ID="P218_ST00044" HPOS="329" VPOS="433" WIDTH="78" HEIGHT="32" CONTENT="done" WC="0.58" CC="9060"/>
						<SP ID="P218_SP00037" HPOS="407" VPOS="465" WIDTH="23"/>
						<String ID="P218_ST00045" HPOS="430" VPOS="445" WIDTH="32" HEIGHT="20" CONTENT="so" WC="0.87" CC="02"/>
						<SP ID="P218_SP00038" HPOS="462" VPOS="465" WIDTH="21"/>
						<String ID="P218_ST00046" HPOS="483" VPOS="432" WIDTH="46" HEIGHT="32" CONTENT="for" WC="0.90" CC="002"/>
						<SP ID="P218_SP00039" HPOS="529" VPOS="465" WIDTH="25"/>
						<String ID="P218_ST00047" HPOS="554" VPOS="437" WIDTH="62" HEIGHT="27" CONTENT="two" WC="1.00" CC="000"/>
						<SP ID="P218_SP00040" HPOS="616" VPOS="465" WIDTH="24"/>
						<String ID="P218_ST00048" HPOS="640" VPOS="444" WIDTH="143" HEIGHT="20" CONTENT="reasons:" WC="0.80" CC="00030750"/>
						<SP ID="P218_SP00041" HPOS="783" VPOS="465" WIDTH="25"/>
						<String ID="P218_ST00049" HPOS="808" VPOS="431" WIDTH="108" HEIGHT="42" CONTENT="firstly," WC="0.79" CC="00650301"/>
						<SP ID="P218_SP00042" HPOS="916" VPOS="473" WIDTH="24"/>
						<String ID="P218_ST00050" HPOS="940" VPOS="430" WIDTH="54" HEIGHT="32" CONTENT="be" SUBS_TYPE="HypPart1" SUBS_CONTENT="because" WC="0.76" CC="700"/>
						<HYP CONTENT="-"/>
					</TextLine>
					<TextLine ID="P218_TL00008" HPOS="165" VPOS="493" WIDTH="827" HEIGHT="44">
						<String ID="P218_ST00051" HPOS="165" VPOS="506" WIDTH="91" HEIGHT="21" CONTENT="cause" SUBS_TYPE="HypPart2" SUBS_CONTENT="because" WC="0.66" CC="15720"/>
						<SP ID="P218_SP00043" HPOS="256" VPOS="527" WIDTH="26"/>
						<String ID="P218_ST00052" HPOS="282" VPOS="494" WIDTH="53" HEIGHT="32" CONTENT="the" WC="0.61" CC="470"/>
						<SP ID="P218_SP00044" HPOS="335" VPOS="527" WIDTH="26"/>
						<String ID="P218_ST00053" HPOS="361" VPOS="494" WIDTH="146" HEIGHT="43" CONTENT="preacher" WC="0.74" CC="06000706"/>
						<SP ID="P218_SP00045" HPOS="507" VPOS="537" WIDTH="28"/>
						<String ID="P218_ST00054" HPOS="535" VPOS="505" WIDTH="61" HEIGHT="21" CONTENT="was" WC="0.78" CC="006"/>
						<SP ID="P218_SP00046" HPOS="596" VPOS="537" WIDTH="27"/>
						<String ID="P218_ST00055" HPOS="623" VPOS="505" WIDTH="19" HEIGHT="20" CONTENT="a" WC="1.00" CC="0"/>
						<SP ID="P218_SP00047" HPOS="642" VPOS="537" WIDTH="26"/>
						<String ID="P218_ST00056" HPOS="668" VPOS="505" WIDTH="77" HEIGHT="31" CONTENT="very" WC="0.70" CC="5060"/>
						<SP ID="P218_SP00048" HPOS="745" VPOS="537" WIDTH="27"/>
						<String ID="P218_ST00057" HPOS="772" VPOS="493" WIDTH="125" HEIGHT="32" CONTENT="inferior" WC="0.73" CC="31004416"/>
						<SP ID="P218_SP00049" HPOS="897" VPOS="537" WIDTH="28"/>
						<String ID="P218_ST00058" HPOS="925" VPOS="505" WIDTH="67" HEIGHT="28" CONTENT="one," WC="0.74" CC="2402"/>
					</TextLine>
					<TextLine ID="P218_TL00009" HPOS="165" VPOS="555" WIDTH="827" HEIGHT="44">
						<String ID="P218_ST00059" HPOS="165" VPOS="557" WIDTH="96" HEIGHT="42" CONTENT="noisy," WC="0.74" CC="414400"/>
						<SP ID="P218_SP00050" HPOS="261" VPOS="599" WIDTH="25"/>
						<String ID="P218_ST00060" HPOS="286" VPOS="556" WIDTH="215" HEIGHT="43" CONTENT="exaggerated," WC="0.92" CC="000000123002"/>
						<SP ID="P218_SP00051" HPOS="501" VPOS="599" WIDTH="33"/>
						<String ID="P218_ST00061" HPOS="534" VPOS="556" WIDTH="61" HEIGHT="32" CONTENT="and" WC="0.77" CC="060"/>
						<SP ID="P218_SP00052" HPOS="595" VPOS="599" WIDTH="30"/>
						<String ID="P218_ST00062" HPOS="625" VPOS="561" WIDTH="107" HEIGHT="37" CONTENT="empty" WC="0.95" CC="00020"/>
						<SP ID="P218_SP00053" HPOS="732" VPOS="599" WIDTH="25"/>
						<String ID="P218_ST00063" HPOS="757" VPOS="556" WIDTH="35" HEIGHT="32" CONTENT="of" WC="0.86" CC="20"/>
						<SP ID="P218_SP00054" HPOS="792" VPOS="599" WIDTH="27"/>
						<String ID="P218_ST00064" HPOS="819" VPOS="555" WIDTH="53" HEIGHT="33" CONTENT="the" WC="0.66" CC="270"/>
						<SP ID="P218_SP00055" HPOS="872" VPOS="599" WIDTH="26"/>
						<String ID="P218_ST00065" HPOS="898" VPOS="555" WIDTH="94" HEIGHT="33" CONTENT="aAvful" WC="0.65" CC="004474"/>
					</TextLine>
					<TextLine ID="P218_TL00010" HPOS="165" VPOS="617" WIDTH="828" HEIGHT="43">
						<String ID="P218_ST00066" HPOS="165" VPOS="618" WIDTH="110" HEIGHT="42" CONTENT="glories" WC="0.77" CC="0045203"/>
						<SP ID="P218_SP00056" HPOS="275" VPOS="660" WIDTH="31"/>
						<String ID="P218_ST00067" HPOS="306" VPOS="618" WIDTH="35" HEIGHT="32" CONTENT="of" WC="1.00" CC="00"/>
						<SP ID="P218_SP00057" HPOS="341" VPOS="660" WIDTH="32"/>
						<String ID="P218_ST00068" HPOS="373" VPOS="618" WIDTH="46" HEIGHT="32" CONTENT="his" WC="0.33" CC="756"/>
						<SP ID="P218_SP00058" HPOS="419" VPOS="660" WIDTH="31"/>
						<String ID="P218_ST00069" HPOS="450" VPOS="623" WIDTH="65" HEIGHT="27" CONTENT="text" WC="0.99" CC="0000"/>
						<String ID="P218_ST00070" HPOS="526" VPOS="632" WIDTH="7" HEIGHT="27" CONTENT=";" WC="0.29" CC="7"/>
						<SP ID="P218_SP00059" HPOS="533" VPOS="660" WIDTH="39"/>
						<String ID="P218_ST00071" HPOS="572" VPOS="618" WIDTH="61" HEIGHT="31" CONTENT="and" WC="0.76" CC="070"/>
						<SP ID="P218_SP00060" HPOS="633" VPOS="660" WIDTH="36"/>
						<String ID="P218_ST00072" HPOS="669" VPOS="618" WIDTH="153" HEIGHT="42" CONTENT="secondly," WC="0.82" CC="500050500"/>
						<SP ID="P218_SP00061" HPOS="822" VPOS="660" WIDTH="37"/>
						<String ID="P218_ST00073" HPOS="859" VPOS="617" WIDTH="134" HEIGHT="32" CONTENT="because" WC="0.66" CC="7000447"/>
					</TextLine>
					<TextLine ID="P218_TL00011" HPOS="165" VPOS="679" WIDTH="827" HEIGHT="42">
						<String ID="P218_ST00074" HPOS="165" VPOS="679" WIDTH="100" HEIGHT="33" CONTENT="Claire" WC="0.69" CC="610460"/>
						<SP ID="P218_SP00062" HPOS="265" VPOS="712" WIDTH="16"/>
						<String ID="P218_ST00075" HPOS="281" VPOS="679" WIDTH="162" HEIGHT="42" CONTENT="happened" WC="0.82" CC="70000700"/>
						<SP ID="P218_SP00063" HPOS="443" VPOS="721" WIDTH="24"/>
						<String ID="P218_ST00076" HPOS="467" VPOS="684" WIDTH="32" HEIGHT="27" CONTENT="to" WC="0.78" CC="40"/>
						<SP ID="P218_SP00064" HPOS="499" VPOS="721" WIDTH="25"/>
						<String ID="P218_ST00077" HPOS="524" VPOS="679" WIDTH="38" HEIGHT="31" CONTENT="be" WC="0.63" CC="70"/>
						<SP ID="P218_SP00065" HPOS="562" VPOS="721" WIDTH="25"/>
						<String ID="P218_ST00078" HPOS="587" VPOS="679" WIDTH="31" HEIGHT="31" CONTENT="in" WC="0.30" CC="67"/>
						<SP ID="P218_SP00066" HPOS="618" VPOS="721" WIDTH="26"/>
						<String ID="P218_ST00079" HPOS="644" VPOS="690" WIDTH="18" HEIGHT="20" CONTENT="a" WC="1.00" CC="0"/>
						<SP ID="P218_SP00067" HPOS="662" VPOS="721" WIDTH="26"/>
						<String ID="P218_ST00080" HPOS="688" VPOS="679" WIDTH="169" HEIGHT="31" CONTENT="someAvhat" WC="0.53" CC="600099707"/>
						<SP ID="P218_SP00068" HPOS="857" VPOS="721" WIDTH="21"/>
						<String ID="P218_ST00081" HPOS="878" VPOS="683" WIDTH="114" HEIGHT="28" CONTENT="vacant" WC="0.78" CC="500052"/>
					</TextLine>
					<TextLine ID="P218_TL00012" HPOS="165" VPOS="740" WIDTH="827" HEIGHT="42">
						<String ID="P218_ST00082" HPOS="165" VPOS="741" WIDTH="100" HEIGHT="40" CONTENT="mood," WC="0.96" CC="01000"/>
						<SP ID="P218_SP00069" HPOS="265" VPOS="781" WIDTH="30"/>
						<String ID="P218_ST00083" HPOS="295" VPOS="741" WIDTH="60" HEIGHT="31" CONTENT="and" WC="0.76" CC="070"/>
						<SP ID="P218_SP00070" HPOS="355" VPOS="781" WIDTH="30"/>
						<String ID="P218_ST00084" HPOS="385" VPOS="745" WIDTH="54" HEIGHT="26" CONTENT="not" WC="0.77" CC="600"/>
						<SP ID="P218_SP00071" HPOS="439" VPOS="781" WIDTH="30"/>
						<String ID="P218_ST00085" HPOS="469" VPOS="740" WIDTH="94" HEIGHT="41" CONTENT="ready" WC="1.00" CC="00000"/>
						<SP ID="P218_SP00072" HPOS="563" VPOS="781" WIDTH="25"/>
						<String ID="P218_ST00086" HPOS="588" VPOS="744" WIDTH="32" HEIGHT="27" CONTENT="to" WC="0.86" CC="20"/>
						<SP ID="P218_SP00073" HPOS="620" VPOS="781" WIDTH="25"/>
						<String ID="P218_ST00087" HPOS="645" VPOS="740" WIDTH="94" HEIGHT="42" CONTENT="apply" WC="0.95" CC="00020"/>
						<SP ID="P218_SP00074" HPOS="739" VPOS="782" WIDTH="27"/>
						<String ID="P218_ST00088" HPOS="766" VPOS="741" WIDTH="55" HEIGHT="31" CONTENT="her" WC="0.56" CC="705"/>
						<SP ID="P218_SP00075" HPOS="821" VPOS="782" WIDTH="26"/>
						<String ID="P218_ST00089" HPOS="847" VPOS="740" WIDTH="85" HEIGHT="32" CONTENT="mind" WC="0.56" CC="0447"/>
						<SP ID="P218_SP00076" HPOS="932" VPOS="782" WIDTH="28"/>
						<String ID="P218_ST00090" HPOS="960" VPOS="744" WIDTH="32" HEIGHT="28" CONTENT="to" WC="1.00" CC="00"/>
					</TextLine>
					<TextLine ID="P218_TL00013" HPOS="165" VPOS="802" WIDTH="534" HEIGHT="40">
						<String ID="P218_ST00091" HPOS="165" VPOS="802" WIDTH="137" HEIGHT="32" CONTENT="abstract" WC="0.88" CC="00270000"/>
						<SP ID="P218_SP00077" HPOS="302" VPOS="834" WIDTH="16"/>
						<String ID="P218_ST00092" HPOS="318" VPOS="813" WIDTH="32" HEIGHT="20" CONTENT="or" WC="0.66" CC="06"/>
						<SP ID="P218_SP00078" HPOS="350" VPOS="834" WIDTH="16"/>
						<String ID="P218_ST00093" HPOS="366" VPOS="802" WIDTH="237" HEIGHT="40" CONTENT="contemplative" WC="0.87" CC="0050000000630"/>
						<SP ID="P218_SP00079" HPOS="603" VPOS="842" WIDTH="16"/>
						<String ID="P218_ST00094" HPOS="619" VPOS="813" WIDTH="80" HEIGHT="21" CONTENT="uses." WC="0.82" CC="53000"/>
					</TextLine>
				</TextBlock>
				<TextBlock ID="P218_TB00004" HPOS="164" VPOS="861" WIDTH="828" HEIGHT="714" STYLEREFS="TXT_1 PAR_LEFT">
					<TextLine ID="P218_TL00014" HPOS="208" VPOS="862" WIDTH="783" HEIGHT="42">
						<String ID="P218_ST00095" HPOS="208" VPOS="862" WIDTH="113" HEIGHT="41" CONTENT="When," WC="0.68" CC="07071"/>
						<SP ID="P218_SP00080" HPOS="321" VPOS="903" WIDTH="13"/>
						<String ID="P218_ST00096" HPOS="334" VPOS="862" WIDTH="134" HEIGHT="32" CONTENT="towards" WC="0.66" CC="7005703"/>
						<SP ID="P218_SP00081" HPOS="468" VPOS="903" WIDTH="12"/>
						<String ID="P218_ST00097" HPOS="480" VPOS="862" WIDTH="53" HEIGHT="32" CONTENT="the" WC="0.61" CC="370"/>
						<SP ID="P218_SP00082" HPOS="533" VPOS="903" WIDTH="13"/>
						<String ID="P218_ST00098" HPOS="546" VPOS="862" WIDTH="81" HEIGHT="32" CONTENT="close" WC="0.89" CC="00050"/>
						<SP ID="P218_SP00083" HPOS="627" VPOS="903" WIDTH="17"/>
						<String ID="P218_ST00099" HPOS="644" VPOS="862" WIDTH="34" HEIGHT="32" CONTENT="of" WC="0.81" CC="12"/>
						<SP ID="P218_SP00084" HPOS="678" VPOS="903" WIDTH="11"/>
						<String ID="P218_ST00100" HPOS="689" VPOS="862" WIDTH="52" HEIGHT="32" CONTENT="the" WC="0.72" CC="070"/>
						<SP ID="P218_SP00085" HPOS="741" VPOS="903" WIDTH="14"/>
						<String ID="P218_ST00101" HPOS="755" VPOS="862" WIDTH="68" HEIGHT="42" CONTENT="day," WC="0.92" CC="0003"/>
						<SP ID="P218_SP00086" HPOS="823" VPOS="904" WIDTH="13"/>
						<String ID="P218_ST00102" HPOS="836" VPOS="862" WIDTH="53" HEIGHT="32" CONTENT="the" WC="0.52" CC="670"/>
						<SP ID="P218_SP00087" HPOS="889" VPOS="904" WIDTH="12"/>
						<String ID="P218_ST00103" HPOS="901" VPOS="867" WIDTH="90" HEIGHT="28" CONTENT="tones" WC="0.54" CC="60636"/>
					</TextLine>
					<TextLine ID="P218_TL00015" HPOS="166" VPOS="923" WIDTH="826" HEIGHT="43">
						<String ID="P218_ST00104" HPOS="166" VPOS="923" WIDTH="33" HEIGHT="32" CONTENT="of" WC="0.84" CC="30"/>
						<SP ID="P218_SP00088" HPOS="199" VPOS="955" WIDTH="19"/>
						<String ID="P218_ST00105" HPOS="218" VPOS="923" WIDTH="52" HEIGHT="33" CONTENT="the" WC="0.75" CC="070"/>
						<SP ID="P218_SP00089" HPOS="270" VPOS="956" WIDTH="26"/>
						<String ID="P218_ST00106" HPOS="296" VPOS="924" WIDTH="110" HEIGHT="32" CONTENT="Stabat" WC="0.93" CC="003000"/>
						<SP ID="P218_SP00090" HPOS="406" VPOS="956" WIDTH="21"/>
						<String ID="P218_ST00107" HPOS="427" VPOS="924" WIDTH="103" HEIGHT="31" CONTENT="Mater" WC="0.91" CC="40000"/>
						<SP ID="P218_SP00091" HPOS="530" VPOS="956" WIDTH="23"/>
						<String ID="P218_ST00108" HPOS="553" VPOS="936" WIDTH="78" HEIGHT="29" CONTENT="rang" WC="0.72" CC="3070"/>
						<SP ID="P218_SP00092" HPOS="631" VPOS="965" WIDTH="23"/>
						<String ID="P218_ST00109" HPOS="654" VPOS="924" WIDTH="186" HEIGHT="42" CONTENT="mournfully" WC="0.69" CC="0174306700"/>
						<SP ID="P218_SP00093" HPOS="840" VPOS="966" WIDTH="15"/>
						<String ID="P218_ST00110" HPOS="855" VPOS="924" WIDTH="137" HEIGHT="42" CONTENT="through" WC="0.57" CC="0760707"/>
					</TextLine>
					<TextLine ID="P218_TL00016" HPOS="165" VPOS="984" WIDTH="827" HEIGHT="41">
						<String ID="P218_ST00111" HPOS="165" VPOS="984" WIDTH="53" HEIGHT="32" CONTENT="the" WC="0.59" CC="073"/>
						<SP ID="P218_SP00094" HPOS="218" VPOS="1016" WIDTH="13"/>
						<String ID="P218_ST00112" HPOS="231" VPOS="984" WIDTH="61" HEIGHT="32" CONTENT="dim" WC="0.94" CC="010"/>
						<SP ID="P218_SP00095" HPOS="292" VPOS="1016" WIDTH="13"/>
						<String ID="P218_ST00113" HPOS="305" VPOS="985" WIDTH="91" HEIGHT="32" CONTENT="aisles" WC="0.64" CC="006707"/>
						<SP ID="P218_SP00096" HPOS="396" VPOS="1017" WIDTH="17"/>
						<String ID="P218_ST00114" HPOS="413" VPOS="985" WIDTH="33" HEIGHT="32" CONTENT="of" WC="0.92" CC="01"/>
						<SP ID="P218_SP00097" HPOS="446" VPOS="1017" WIDTH="11"/>
						<String ID="P218_ST00115" HPOS="457" VPOS="985" WIDTH="53" HEIGHT="32" CONTENT="the" WC="0.65" CC="270"/>
						<SP ID="P218_SP00098" HPOS="510" VPOS="1017" WIDTH="17"/>
						<String ID="P218_ST00116" HPOS="527" VPOS="985" WIDTH="121" HEIGHT="40" CONTENT="church," WC="0.58" CC="0766071"/>
						<SP ID="P218_SP00099" HPOS="648" VPOS="1025" WIDTH="14"/>
						<String ID="P218_ST00117" HPOS="662" VPOS="986" WIDTH="79" HEIGHT="32" CONTENT="their" WC="0.58" CC="27064"/>
						<SP ID="P218_SP00100" HPOS="741" VPOS="1025" WIDTH="17"/>
						<String ID="P218_ST00118" HPOS="758" VPOS="986" WIDTH="117" HEIGHT="32" CONTENT="solemn" WC="0.70" CC="534004"/>
						<SP ID="P218_SP00101" HPOS="875" VPOS="1025" WIDTH="12"/>
						<String ID="P218_ST00119" HPOS="887" VPOS="997" WIDTH="105" HEIGHT="21" CONTENT="mean" SUBS_TYPE="HypPart1" SUBS_CONTENT="meaning" WC="0.90" CC="00040"/>
						<HYP CONTENT="-"/>
					</TextLine>
					<TextLine ID="P218_TL00017" HPOS="165" VPOS="1046" WIDTH="827" HEIGHT="44">
						<String ID="P218_ST00120" HPOS="165" VPOS="1046" WIDTH="54" HEIGHT="41" CONTENT="ing" SUBS_TYPE="HypPart2" SUBS_CONTENT="meaning" WC="0.57" CC="660"/>
						<SP ID="P218_SP00102" HPOS="219" VPOS="1087" WIDTH="15"/>
						<String ID="P218_ST00121" HPOS="234" VPOS="1058" WIDTH="85" HEIGHT="20" CONTENT="came" WC="1.00" CC="0000"/>
						<SP ID="P218_SP00103" HPOS="319" VPOS="1087" WIDTH="16"/>
						<String ID="P218_ST00122" HPOS="335" VPOS="1058" WIDTH="84" HEIGHT="20" CONTENT="more" WC="0.79" CC="0160"/>
						<SP ID="P218_SP00104" HPOS="419" VPOS="1087" WIDTH="16"/>
						<String ID="P218_ST00123" HPOS="435" VPOS="1047" WIDTH="90" HEIGHT="32" CONTENT="home" WC="0.75" CC="7101"/>
						<SP ID="P218_SP00105" HPOS="525" VPOS="1087" WIDTH="15"/>
						<String ID="P218_ST00124" HPOS="540" VPOS="1047" WIDTH="77" HEIGHT="32" CONTENT="than" WC="0.55" CC="3707"/>
						<SP ID="P218_SP00106" HPOS="617" VPOS="1087" WIDTH="16"/>
						<String ID="P218_ST00125" HPOS="633" VPOS="1059" WIDTH="60" HEIGHT="31" CONTENT="any" WC="1.00" CC="000"/>
						<SP ID="P218_SP00107" HPOS="693" VPOS="1090" WIDTH="12"/>
						<String ID="P218_ST00126" HPOS="705" VPOS="1047" WIDTH="172" HEIGHT="43" CONTENT="preacher's" WC="0.77" CC="0400070306"/>
						<SP ID="P218_SP00108" HPOS="877" VPOS="1090" WIDTH="13"/>
						<String ID="P218_ST00127" HPOS="890" VPOS="1048" WIDTH="102" HEIGHT="32" CONTENT="words" WC="0.85" CC="00501"/>
					</TextLine>
					<TextLine ID="P218_TL00018" HPOS="165" VPOS="1108" WIDTH="826" HEIGHT="34">
						<String ID="P218_ST00128" HPOS="165" VPOS="1113" WIDTH="33" HEIGHT="27" CONTENT="to" WC="0.70" CC="06"/>
						<SP ID="P218_SP00109" HPOS="198" VPOS="1140" WIDTH="27"/>
						<String ID="P218_ST00129" HPOS="225" VPOS="1108" WIDTH="124" HEIGHT="32" CONTENT="Claire's" WC="0.62" CC="54036044"/>
						<SP ID="P218_SP00110" HPOS="349" VPOS="1140" WIDTH="26"/>
						<String ID="P218_ST00130" HPOS="375" VPOS="1108" WIDTH="95" HEIGHT="32" CONTENT="heart." WC="0.75" CC="700330"/>
						<SP ID="P218_SP00111" HPOS="470" VPOS="1140" WIDTH="47"/>
						<String ID="P218_ST00131" HPOS="517" VPOS="1108" WIDTH="62" HEIGHT="33" CONTENT="She" WC="0.54" CC="670"/>
						<SP ID="P218_SP00112" HPOS="579" VPOS="1141" WIDTH="25"/>
						<String ID="P218_ST00132" HPOS="604" VPOS="1109" WIDTH="111" HEIGHT="32" CONTENT="looked" WC="0.87" CC="403000"/>
						<SP ID="P218_SP00113" HPOS="715" VPOS="1141" WIDTH="27"/>
						<String ID="P218_ST00133" HPOS="742" VPOS="1110" WIDTH="118" HEIGHT="31" CONTENT="around" WC="0.59" CC="072770"/>
						<SP ID="P218_SP00114" HPOS="860" VPOS="1141" WIDTH="23"/>
						<String ID="P218_ST00134" HPOS="883" VPOS="1114" WIDTH="33" HEIGHT="28" CONTENT="at" WC="1.00" CC="00"/>
						<SP ID="P218_SP00115" HPOS="916" VPOS="1142" WIDTH="22"/>
						<String ID="P218_ST00135" HPOS="938" VPOS="1110" WIDTH="53" HEIGHT="32" CONTENT="the" WC="0.75" CC="070"/>
					</TextLine>
					<TextLine ID="P218_TL00019" HPOS="166" VPOS="1168" WIDTH="826" HEIGHT="43">
						<String ID="P218_ST00136" HPOS="166" VPOS="1168" WIDTH="70" HEIGHT="33" CONTENT="void" WC="0.71" CC="6040"/>
						<SP ID="P218_SP00116" HPOS="236" VPOS="1201" WIDTH="20"/>
						<String ID="P218_ST00137" HPOS="256" VPOS="1168" WIDTH="61" HEIGHT="33" CONTENT="and" WC="0.79" CC="060"/>
						<SP ID="P218_SP00117" HPOS="317" VPOS="1201" WIDTH="23"/>
						<String ID="P218_ST00138" HPOS="340" VPOS="1168" WIDTH="134" HEIGHT="33" CONTENT="desolate" WC="0.89" CC="00313000"/>
						<SP ID="P218_SP00118" HPOS="474" VPOS="1201" WIDTH="23"/>
						<String ID="P218_ST00139" HPOS="497" VPOS="1169" WIDTH="202" HEIGHT="42" CONTENT="tabernacles," WC="0.73" CC="005067007040"/>
						<SP ID="P218_SP00119" HPOS="699" VPOS="1211" WIDTH="18"/>
						<String ID="P218_ST00140" HPOS="717" VPOS="1175" WIDTH="33" HEIGHT="27" CONTENT="at" WC="1.00" CC="00"/>
						<SP ID="P218_SP00120" HPOS="750" VPOS="1211" WIDTH="15"/>
						<String ID="P218_ST00141" HPOS="765" VPOS="1170" WIDTH="52" HEIGHT="32" CONTENT="the" WC="0.74" CC="070"/>
						<SP ID="P218_SP00121" HPOS="817" VPOS="1211" WIDTH="17"/>
						<String ID="P218_ST00142" HPOS="834" VPOS="1171" WIDTH="70" HEIGHT="32" CONTENT="lone" WC="0.79" CC="3040"/>
						<SP ID="P218_SP00122" HPOS="904" VPOS="1211" WIDTH="19"/>
						<String ID="P218_ST00143" HPOS="923" VPOS="1183" WIDTH="69" HEIGHT="20" CONTENT="cru" SUBS_TYPE="HypPart1" SUBS_CONTENT="crucifix" WC="0.62" CC="0572"/>
						<HYP CONTENT="-"/>
					</TextLine>
					<TextLine ID="P218_TL00020" HPOS="166" VPOS="1229" WIDTH="825" HEIGHT="44">
						<String ID="P218_ST00144" HPOS="166" VPOS="1229" WIDTH="70" HEIGHT="33" CONTENT="cifix" SUBS_TYPE="HypPart2" SUBS_CONTENT="crucifix" WC="0.89" CC="02110"/>
						<SP ID="P218_SP00123" HPOS="236" VPOS="1262" WIDTH="15"/>
						<String ID="P218_ST00145" HPOS="251" VPOS="1229" WIDTH="124" HEIGHT="33" CONTENT="whence" WC="0.88" CC="070000"/>
						<SP ID="P218_SP00124" HPOS="375" VPOS="1262" WIDTH="16"/>
						<String ID="P218_ST00146" HPOS="391" VPOS="1230" WIDTH="52" HEIGHT="32" CONTENT="the" WC="0.75" CC="070"/>
						<SP ID="P218_SP00125" HPOS="443" VPOS="1262" WIDTH="16"/>
						<String ID="P218_ST00147" HPOS="459" VPOS="1230" WIDTH="116" HEIGHT="32" CONTENT="Victim" WC="0.75" CC="630400"/>
						<SP ID="P218_SP00126" HPOS="575" VPOS="1262" WIDTH="15"/>
						<String ID="P218_ST00148" HPOS="590" VPOS="1231" WIDTH="61" HEIGHT="32" CONTENT="had" WC="0.75" CC="700"/>
						<SP ID="P218_SP00127" HPOS="651" VPOS="1263" WIDTH="16"/>
						<String ID="P218_ST00149" HPOS="667" VPOS="1231" WIDTH="78" HEIGHT="32" CONTENT="been" WC="0.72" CC="5005"/>
						<SP ID="P218_SP00128" HPOS="745" VPOS="1263" WIDTH="16"/>
						<String ID="P218_ST00150" HPOS="761" VPOS="1232" WIDTH="105" HEIGHT="41" CONTENT="borne," WC="0.63" CC="606701"/>
						<SP ID="P218_SP00129" HPOS="866" VPOS="1273" WIDTH="20"/>
						<String ID="P218_ST00151" HPOS="886" VPOS="1237" WIDTH="32" HEIGHT="28" CONTENT="at" WC="1.00" CC="00"/>
						<SP ID="P218_SP00130" HPOS="918" VPOS="1273" WIDTH="20"/>
						<String ID="P218_ST00152" HPOS="938" VPOS="1233" WIDTH="53" HEIGHT="32" CONTENT="the" WC="0.75" CC="070"/>
					</TextLine>
					<TextLine ID="P218_TL00021" HPOS="166" VPOS="1291" WIDTH="825" HEIGHT="43">
						<String ID="P218_ST00153" HPOS="166" VPOS="1296" WIDTH="68" HEIGHT="27" CONTENT="rent" WC="0.73" CC="0064"/>
						<SP ID="P218_SP00131" HPOS="234" VPOS="1323" WIDTH="15"/>
						<String ID="P218_ST00154" HPOS="249" VPOS="1291" WIDTH="76" HEIGHT="32" CONTENT="veils" WC="0.64" CC="60243"/>
						<SP ID="P218_SP00132" HPOS="325" VPOS="1323" WIDTH="17"/>
						<String ID="P218_ST00155" HPOS="342" VPOS="1291" WIDTH="99" HEIGHT="32" CONTENT="which" WC="0.53" CC="07347"/>
						<SP ID="P218_SP00133" HPOS="441" VPOS="1323" WIDTH="20"/>
						<String ID="P218_ST00156" HPOS="461" VPOS="1291" WIDTH="86" HEIGHT="43" CONTENT="hung" WC="0.54" CC="7540"/>
						<SP ID="P218_SP00134" HPOS="547" VPOS="1334" WIDTH="21"/>
						<String ID="P218_ST00157" HPOS="568" VPOS="1292" WIDTH="150" HEIGHT="42" CONTENT="drooping" WC="0.73" CC="05300560"/>
						<SP ID="P218_SP00135" HPOS="718" VPOS="1334" WIDTH="16"/>
						<String ID="P218_ST00158" HPOS="734" VPOS="1304" WIDTH="76" HEIGHT="21" CONTENT="over" WC="0.71" CC="0442"/>
						<SP ID="P218_SP00136" HPOS="810" VPOS="1334" WIDTH="15"/>
						<String ID="P218_ST00159" HPOS="825" VPOS="1293" WIDTH="54" HEIGHT="33" CONTENT="the" WC="0.72" CC="070"/>
						<SP ID="P218_SP00137" HPOS="879" VPOS="1334" WIDTH="17"/>
						<String ID="P218_ST00160" HPOS="896" VPOS="1294" WIDTH="95" HEIGHT="32" CONTENT="stains" WC="0.66" CC="540450"/>
					</TextLine>
					<TextLine ID="P218_TL00022" HPOS="166" VPOS="1352" WIDTH="826" HEIGHT="46">
						<String ID="P218_ST00161" HPOS="166" VPOS="1352" WIDTH="34" HEIGHT="32" CONTENT="of" WC="0.98" CC="00"/>
						<SP ID="P218_SP00138" HPOS="200" VPOS="1384" WIDTH="18"/>
						<String ID="P218_ST00162" HPOS="218" VPOS="1352" WIDTH="59" HEIGHT="32" CONTENT="His" WC="0.57" CC="650"/>
						<SP ID="P218_SP00139" HPOS="277" VPOS="1384" WIDTH="20"/>
						<String ID="P218_ST00163" HPOS="297" VPOS="1352" WIDTH="100" HEIGHT="42" CONTENT="blood," WC="0.83" CC="401002"/>
						<SP ID="P218_SP00140" HPOS="397" VPOS="1394" WIDTH="22"/>
						<String ID="P218_ST00164" HPOS="419" VPOS="1353" WIDTH="60" HEIGHT="31" CONTENT="and" WC="0.61" CC="056"/>
						<SP ID="P218_SP00141" HPOS="479" VPOS="1394" WIDTH="24"/>
						<String ID="P218_ST00165" HPOS="503" VPOS="1353" WIDTH="54" HEIGHT="33" CONTENT="she" WC="0.60" CC="470"/>
						<SP ID="P218_SP00142" HPOS="557" VPOS="1394" WIDTH="22"/>
						<String ID="P218_ST00166" HPOS="579" VPOS="1354" WIDTH="55" HEIGHT="32" CONTENT="felt" WC="0.81" CC="0070"/>
						<SP ID="P218_SP00143" HPOS="634" VPOS="1394" WIDTH="17"/>
						<String ID="P218_ST00167" HPOS="651" VPOS="1354" WIDTH="107" HEIGHT="32" CONTENT="within" WC="0.54" CC="046753"/>
						<SP ID="P218_SP00144" HPOS="758" VPOS="1394" WIDTH="16"/>
						<String ID="P218_ST00168" HPOS="774" VPOS="1355" WIDTH="55" HEIGHT="32" CONTENT="her" WC="0.35" CC="746"/>
						<SP ID="P218_SP00145" HPOS="829" VPOS="1394" WIDTH="16"/>
						<String ID="P218_ST00169" HPOS="845" VPOS="1355" WIDTH="53" HEIGHT="33" CONTENT="the" WC="0.71" CC="070"/>
						<SP ID="P218_SP00146" HPOS="898" VPOS="1394" WIDTH="17"/>
						<String ID="P218_ST00170" HPOS="915" VPOS="1356" WIDTH="77" HEIGHT="42" CONTENT="deep" WC="1.00" CC="0000"/>
					</TextLine>
					<TextLine ID="P218_TL00023" HPOS="165" VPOS="1413" WIDTH="826" HEIGHT="45">
						<String ID="P218_ST00171" HPOS="165" VPOS="1413" WIDTH="84" HEIGHT="33" CONTENT="truth" WC="0.76" CC="02017"/>
						<SP ID="P218_SP00147" HPOS="249" VPOS="1446" WIDTH="25"/>
						<String ID="P218_ST00172" HPOS="274" VPOS="1414" WIDTH="34" HEIGHT="32" CONTENT="of" WC="1.00" CC="00"/>
						<SP ID="P218_SP00148" HPOS="308" VPOS="1446" WIDTH="19"/>
						<String ID="P218_ST00173" HPOS="327" VPOS="1414" WIDTH="53" HEIGHT="32" CONTENT="the" WC="0.75" CC="070"/>
						<SP ID="P218_SP00149" HPOS="380" VPOS="1446" WIDTH="24"/>
						<String ID="P218_ST00174" HPOS="404" VPOS="1415" WIDTH="98" HEIGHT="41" CONTENT="tragic" WC="0.77" CC="240060"/>
						<SP ID="P218_SP00150" HPOS="502" VPOS="1456" WIDTH="27"/>
						<String ID="P218_ST00175" HPOS="529" VPOS="1420" WIDTH="148" HEIGHT="38" CONTENT="mystery," WC="0.85" CC="00400402"/>
						<SP ID="P218_SP00151" HPOS="677" VPOS="1458" WIDTH="23"/>
						<String ID="P218_ST00176" HPOS="700" VPOS="1416" WIDTH="110" HEIGHT="33" CONTENT="bowed" WC="0.86" CC="60000"/>
						<SP ID="P218_SP00152" HPOS="810" VPOS="1458" WIDTH="23"/>
						<String ID="P218_ST00177" HPOS="833" VPOS="1416" WIDTH="55" HEIGHT="33" CONTENT="her" WC="0.55" CC="705"/>
						<SP ID="P218_SP00153" HPOS="888" VPOS="1458" WIDTH="22"/>
						<String ID="P218_ST00178" HPOS="910" VPOS="1417" WIDTH="81" HEIGHT="33" CONTENT="head" WC="0.81" CC="7000"/>
					</TextLine>
					<TextLine ID="P218_TL00024" HPOS="165" VPOS="1474" WIDTH="827" HEIGHT="44">
						<String ID="P218_ST00179" HPOS="165" VPOS="1474" WIDTH="89" HEIGHT="32" CONTENT="down" WC="0.59" CC="8007"/>
						<SP ID="P218_SP00154" HPOS="254" VPOS="1506" WIDTH="25"/>
						<String ID="P218_ST00180" HPOS="279" VPOS="1474" WIDTH="68" HEIGHT="42" CONTENT="low," WC="0.96" CC="0100"/>
						<SP ID="P218_SP00155" HPOS="347" VPOS="1516" WIDTH="27"/>
						<String ID="P218_ST00181" HPOS="374" VPOS="1475" WIDTH="61" HEIGHT="32" CONTENT="and" WC="0.81" CC="050"/>
						<SP ID="P218_SP00156" HPOS="435" VPOS="1516" WIDTH="20"/>
						<String ID="P218_ST00182" HPOS="455" VPOS="1481" WIDTH="83" HEIGHT="37" CONTENT="wept" WC="0.95" CC="0001"/>
						<SP ID="P218_SP00157" HPOS="538" VPOS="1518" WIDTH="19"/>
						<String ID="P218_ST00183" HPOS="557" VPOS="1476" WIDTH="77" HEIGHT="33" CONTENT="with" WC="0.71" CC="0307"/>
						<SP ID="P218_SP00158" HPOS="634" VPOS="1518" WIDTH="25"/>
						<String ID="P218_ST00184" HPOS="659" VPOS="1477" WIDTH="63" HEIGHT="33" CONTENT="TJie" WC="0.26" CC="7659"/>
						<SP ID="P218_SP00159" HPOS="722" VPOS="1518" WIDTH="24"/>
						<String ID="P218_ST00185" HPOS="746" VPOS="1477" WIDTH="122" HEIGHT="33" CONTENT="Mother" WC="0.71" CC="052090"/>
						<SP ID="P218_SP00160" HPOS="868" VPOS="1518" WIDTH="20"/>
						<String ID="P218_ST00186" HPOS="888" VPOS="1478" WIDTH="104" HEIGHT="33" CONTENT="Avhom" WC="0.62" CC="90710"/>
					</TextLine>
					<TextLine ID="P218_TL00025" HPOS="165" VPOS="1534" WIDTH="348" HEIGHT="41">
						<String ID="P218_ST00187" HPOS="165" VPOS="1534" WIDTH="128" HEIGHT="41" CONTENT="nothing" WC="0.67" CC="6007170"/>
						<SP ID="P218_SP00161" HPOS="293" VPOS="1575" WIDTH="15"/>
						<String ID="P218_ST00188" HPOS="308" VPOS="1547" WIDTH="57" HEIGHT="20" CONTENT="can" WC="0.80" CC="006"/>
						<SP ID="P218_SP00162" HPOS="365" VPOS="1575" WIDTH="16"/>
						<String ID="P218_ST00189" HPOS="381" VPOS="1536" WIDTH="132" HEIGHT="33" CONTENT="console." WC="0.89" CC="00600002"/>
					</TextLine>
				</TextBlock>
			</PrintSpace>
		</Page>
	</Layout>
</alto>
