1090 1740
154 110 52 26 122

386 116 83 21 LOVE
492 116 64 21 THE
580 113 161 24 AVENGER.

152 192 92 34 white
272 193 88 39 satin,
385 192 145 32 trimmed
554 191 76 32 Avith
658 189 164 33 marabout
849 186 134 33 feathers

151 255 61 32 and
228 255 75 40 lace,
328 254 61 32 and
405 253 122 32 besides
547 253 120 32 flowers
692 251 61 32 and
775 250 132 43 plumes,
931 248 52 33 the

151 316 90 42 plaits
256 315 61 32 and
332 314 81 33 curls
429 314 35 32 of
474 314 56 32 her
545 314 66 32 hair
627 325 81 20 were
724 311 112 44 looped
852 322 40 31 up
910 309 73 33 with

151 377 114 41 strings
296 376 35 32 of
366 375 109 42 pearls,
500 375 101 32 Avhich
632 375 55 32 she
716 373 76 33 took
823 384 69 21 care
923 383 60 32 you

151 438 110 32 should
286 438 92 32 know
402 449 81 21 were
510 437 39 32 all
572 437 74 32 real.
704 436 108 32 Pearls
836 446 81 21 Avere
944 433 39 33 all

151 511 74 21 over
249 499 63 41 her,
332 499 69 41 and,
420 499 60 33 like
505 499 182 42 hail-drops,
705 498 103 32 rested
831 510 40 20 on
894 497 87 40 neck,

151 561 168 41 shoulders,
347 573 90 30 arms,
466 561 60 31 and
556 560 88 33 head.
697 560 95 32 From
819 559 52 33 the
898 570 84 21 mere

151 623 131 32 milliner
306 624 60 31 and
393 623 194 32 dressmaker
610 622 88 42 point
722 622 35 31 of
781 622 88 41 vieAv,
893 621 17 32 I
933 632 50 21 am

151 685 103 32 bound
286 690 31 27 to
357 697 55 30 say
438 685 69 32 that
546 684 145 32 Madame
731 683 38 32 de
796 682 186 43 Varignan's

151 747 117 32 toilette
292 758 63 21 was
387 758 18 20 a
436 749 142 38 success';
610 747 56 32 but
691 745 34 33 of
749 745 54 33 the
830 744 151 44 profound

151 813 47 27 art
228 808 61 32 and
313 808 151 41 exquisite
494 812 81 28 taste
606 807 75 32 with
711 806 103 32 which
844 805 137 33 French-

151 881 121 20 women
295 869 77 32 used
396 874 32 27 to
444 869 143 33 combine
611 869 81 32 their
717 868 140 33 external
881 868 99 40 attire,

151 930 86 31 there
254 942 63 19 was
333 935 55 26 not
404 942 18 19 a
438 935 91 26 trace.

194 992 45 32 To
262 992 55 32 the
343 992 94 42 fluffy,
455 992 94 42 fussy,
571 992 188 32 furbelowed
786 996 138 28 costume
952 991 33 33 of

151 1055 52 31 the
227 1054 150 41 Duchess,
396 1054 100 32 Claire
525 1054 138 42 opposed
689 1066 19 20 a
736 1054 162 42 simplicity
914 1053 68 32 that

151 1116 103 31 Avould
269 1115 78 32 have
363 1116 79 31 been
469 1115 157 32 excessive
651 1115 63 32 had
740 1120 53 27 not
817 1115 53 32 the
886 1116 95 32 result

151 1177 77 31 been
253 1188 33 20 so
311 1176 169 41 charming.
529 1176 50 32 On
603 1176 55 31 her
681 1176 80 31 neck
787 1177 104 31 rested
913 1177 67 41 just

151 1250 57 20 one
224 1238 98 41 string
339 1237 33 32 of
390 1238 85 41 large
498 1237 110 42 pearls,
626 1238 139 32 fastened
788 1239 41 41 by
846 1250 19 20 a
880 1239 100 41 single

151 1299 143 32 diamond
309 1299 68 32 that
392 1299 117 32 flashed
534 1299 62 32 like
613 1311 18 20 a
647 1303 74 29 star.
769 1300 38 31 In
822 1300 55 33 the
892 1300 88 33 thick

150 1360 100 43 heavy
266 1366 111 28 tresses
394 1360 33 33 of
447 1360 55 33 her
517 1360 57 32 fair
596 1360 75 42 hair,
689 1366 53 28 not
767 1373 19 21 a
804 1362 93 43 jeAvel
913 1374 33 21 or
963 1373 18 21 a

150 1421 103 32 flower
276 1433 63 21 was
370 1427 32 27 to
433 1421 38 33 be
499 1422 180 32 discovered
686 1442 44 4 —
737 1422 55 33 she
815 1435 84 21 wore
926 1424 54 32 the

151 1493 103 21 crown
284 1483 119 32 Nature
440 1495 81 31 gave
551 1484 64 41 her,
648 1485 61 31 and
741 1485 161 33 disdained
939 1487 42 31 all

151 1543 119 41 foreign
286 1550 170 28 ornament.
504 1546 67 32 Her
587 1545 94 42 dress,
700 1547 35 31 of
753 1546 94 34 white
869 1559 110 28 gauze,
