1090 1740
159 110 52 26 170

394 116 79 21 LOVE
499 115 64 22 THE
586 112 160 23 AVENGER.

162 193 34 33 of
207 194 54 32 her
284 194 152 32 attention
459 206 83 29 upon
566 193 63 40 her,
649 189 122 42 casting
794 200 19 21 a
834 187 111 42 glance
962 189 32 28 at

160 255 51 34 the
227 256 96 33 books
340 255 61 33 and
416 267 110 30 papers
544 266 38 21 on
599 254 51 32 the
667 252 77 32 little
761 250 91 33 table.

442 316 150 33 observed
616 316 64 39 she,
699 314 76 32 with
798 312 61 32 this
882 311 76 33 time
975 322 18 21 a

160 380 267 42 good-humoured
450 379 96 41 smile,
572 379 55 31 but
651 377 62 33 still
738 375 74 33 with
834 374 54 33 the
905 384 85 21 same

161 443 42 31 air
235 443 33 31 of
301 443 192 41 importance
506 455 6 27 ;
585 441 15 31 I
628 452 52 20 see
712 439 71 32 Iioav
814 438 24 31 it
870 437 26 31 is
910 437 5 31 !
950 447 42 20 no

161 504 117 33 lessons
295 505 78 32 done
384 518 7 27 ;
417 504 60 32 and
500 504 42 32 M.
561 502 162 33 Blanchon
744 511 104 21 comes
864 504 32 27 at
912 498 81 32 half-

159 570 70 37 past

293 629 25 31 is
350 640 74 30 very
655 625 139 44 objected
826 624 159 40 Claudine,

158 689 131 41 meekly.
368 690 16 31 I
401 694 111 27 cannot
528 700 132 30 manage

202 751 230 32 Mademoiselle
476 750 131 42 Aspasie
647 748 156 33 stretched
843 752 53 28 out
934 747 54 33 her

158 812 90 40 hand,
265 812 75 31 took
358 824 41 29 up
423 816 61 27 tAvo
510 811 106 37 books,
638 811 70 40 and,
727 810 122 42 seating
864 809 122 40 herself,

158 874 150 42 prepared
323 874 30 30 in
370 885 18 20 a
403 873 218 32 business-like
643 884 69 30 Avay
727 877 33 27 to
777 872 141 32 examine
935 871 53 32 the

158 935 70 31 task
244 938 46 28 set
307 935 89 31 down
412 934 47 31 for
473 934 53 32 the
544 934 209 31 dull-brained
769 934 95 41 pupil.

367 995 64 32 said
447 995 63 40 she,
528 995 127 41 holding
672 1000 53 27 out
740 995 54 32 the
811 995 124 32 smaller
958 995 34 31 of

156 1056 52 33 the
235 1061 61 28 two
323 1057 150 40 volumes,
533 1056 72 33 here
634 1056 26 32 is
686 1068 57 20 one
771 1068 61 31 you
856 1068 58 20 can
939 1056 47 40 do,

157 1118 142 32 Madame
313 1132 7 27 ;
345 1118 23 32 it
384 1118 27 32 is
427 1118 117 43 merely
561 1123 32 27 to
618 1130 79 31 copy
714 1123 54 27 out
783 1118 62 32 this
861 1130 81 31 page
958 1118 34 32 of

158 1192 104 20 verses
284 1180 77 32 from
362 1200 43 2 —
406 1180 78 31 from
515 1200 44 3 —
594 1181 62 31 and
688 1181 54 31 she
772 1181 113 31 turned
916 1192 74 20 over

157 1253 80 31 page
255 1241 76 32 after
346 1254 88 29 page.
516 1242 48 32 Oh
578 1243 5 31 !
610 1242 14 31 I
642 1254 51 20 see
707 1244 6 31 !
738 1242 79 32 from
837 1242 55 32 the
915 1242 74 42 play

158 1304 33 30 of
209 1304 211 39 Britannicus,
442 1303 141 43 Tragedy
605 1304 38 43 by
657 1304 83 32 Jean
761 1305 121 31 Racine
893 1317 10 26 ;
920 1305 68 31 that

157 1376 61 30 you
248 1376 58 20 can
339 1365 38 31 do
393 1378 7 28 ;
433 1365 52 31 the
517 1376 106 21 verses
655 1365 94 43 begin
775 1366 73 32 here
876 1371 31 27 at
934 1366 53 32 the

157 1429 52 39 top
228 1426 33 31 of
283 1426 52 31 the
490 1426 61 32 and
572 1426 53 32 she
648 1426 62 33 laid
726 1427 53 32 the
804 1428 81 31 book
909 1440 79 30 open

156 1491 34 26 at
212 1486 52 32 the
292 1498 111 31 proper
427 1487 97 42 place,
543 1488 60 32 and
629 1489 150 42 prepared
804 1489 53 32 the
881 1501 105 30 paper,

157 1547 61 31 and
233 1559 69 30 pen,
320 1548 60 32 and
397 1548 60 33 ink.
536 1549 70 32 You
622 1550 79 31 need
717 1550 73 40 only
805 1550 89 31 mark
912 1551 76 31 each
