1090 1740
887 99 33 25 21

405 104 64 20 THE
492 104 129 20 APPEAL.

101 177 66 39 last,
184 178 53 32 the
253 178 65 32 sick
333 190 82 29 man,
432 179 32 31 in
480 191 18 20 a
514 179 165 42 querulous
695 184 80 28 tone.
852 181 70 31 You

101 251 52 20 are
176 239 103 43 eating
294 252 53 30 my
362 240 147 33 mother's
531 241 162 32 substance
705 254 7 28 ;
736 253 61 30 you
813 241 109 32 should

102 312 40 30 go

179 362 49 32 Go
244 362 102 32 where
356 364 15 30 ?
419 362 134 32 retorted
568 363 179 31 Madeleine.

178 424 57 31 I'm
252 436 69 20 sure
337 424 15 31 I
369 425 84 31 can't
564 436 63 20 was
642 424 53 32 the
710 424 87 42 reply
808 437 6 27 ;
868 424 54 31 but

101 485 189 32 somewhere
291 505 44 3 —
335 485 173 42 anywhere.
541 486 71 31 You
625 486 95 41 ought
732 490 32 28 to
777 485 38 32 do
825 497 97 20 some-

175 608 49 32 Do
240 608 86 32 what
337 609 14 31 ?
405 608 95 32 asked
516 608 54 32 the
586 608 65 41 girl.

176 669 91 40 Well,
287 669 48 32 I'll
350 669 55 33 tell
423 681 61 30 you
638 669 60 31 and
714 668 95 32 Denis
824 668 101 32 raised

101 729 127 33 himself
252 741 40 21 on
321 729 47 33 his
399 729 98 33 elbow
520 729 74 33 with
616 741 19 21 a
657 729 117 33 sudden
797 729 128 42 inspira-

101 791 65 32 tion
178 804 6 28 ;
239 803 39 30 go
294 803 42 31 up
352 796 32 27 to
396 791 53 32 the
463 791 129 32 chateau
607 790 123 43 yonder.
765 790 75 32 This
852 802 74 31 very

102 852 152 42 morning,
276 852 53 32 the
352 852 160 42 gardener,
529 851 80 33 Jean
625 851 103 41 Louis,
746 863 62 20 was
836 851 90 32 down

103 913 73 32 here
193 913 94 32 about
311 913 47 32 his
379 913 113 40 sabots,
509 912 60 33 and
591 912 64 33 told
670 912 71 33 how
755 912 53 33 the
830 912 95 33 ladies

102 974 80 32 have
198 986 34 19 as
255 974 81 42 good
359 985 34 21 as
416 974 60 31 lost
498 973 81 32 their
600 973 91 41 maid,
708 973 69 32 who
793 973 55 32 has
871 978 55 38 got

102 1035 53 33 the
179 1035 114 42 typhus
309 1035 93 32 fever.
449 1034 131 43 They're
607 1034 95 43 going
725 1046 40 31 up
791 1039 32 27 to
839 1035 86 31 Paris

102 1100 75 28 next
199 1096 86 31 week
297 1109 7 27 ;
339 1107 42 31 go
404 1094 61 33 and
493 1099 55 39 get
572 1095 58 32 'em
652 1099 32 28 to
709 1095 71 32 take
803 1107 61 31 you
890 1107 34 20 as

101 1157 80 33 their
203 1156 91 33 maid.
342 1156 49 32 Go
403 1157 7 31 !
444 1156 67 32 that
537 1155 102 33 would
664 1155 38 33 be
729 1168 18 20 a
771 1167 67 21 rare
864 1156 60 32 fine

145 1280 66 31 The
243 1279 58 41 girl
331 1278 62 32 had
415 1278 80 33 risen
526 1283 32 27 to
589 1278 54 32 her
671 1278 70 40 feet,
772 1278 61 31 and
863 1289 60 21 was

100 1341 148 40 .standing
262 1340 127 41 looking
405 1340 130 41 intently
551 1340 64 31 into
630 1338 53 32 the
699 1339 63 32 fire.

176 1401 30 33 A
222 1401 227 32 chambermaid
460 1403 15 30 ?
526 1400 54 32 she
596 1399 154 43 repeated,
768 1400 152 43 gloomily.

178 1464 150 31 servant?
329 1481 43 5 —
373 1474 19 20 a
407 1462 117 40 drudge
540 1462 7 32 !

298 1523 135 41 growled
460 1522 54 33 the
538 1522 208 33 sabot-maker
759 1535 7 28 ;
833 1524 91 40 you'd
